3974 6344
645 274 668 329 1
679 275 780 332 299

1566 274 1570 279 ’
1631 275 1688 330 S.
1733 272 2516 344 PRUDENTIIIRECENSIS
2550 272 2855 330 EPlSCOPl

3653 289 3742 348 1500

713 390 916 464 fidem
937 390 990 448 in
1013 389 1252 460 Epistola
1273 388 1340 443 ad
1367 388 1560 459 Ephes.
1595 386 1736 458 (cap.
1762 387 1851 460 17)
1881 403 1895 441 :
1925 385 2206 462 [Interiora
2233 391 2284 452 Α
2310 385 2412 442 ctis
2437 427 2451 452 ,
2508 386 2822 443 interiorem
2871 389 3240 458 peccatoribus
3283 393 3452 450 doctor
3508 396 3747 470 Augustinus

615 467 819 544 autem
846 489 1006 538 terrae
1035 479 1278 536 infernus
1321 479 1608 548 accipitur,
1639 477 1706 533 ad
1740 492 1898 548 quem
1948 477 2204 534 Dominus

635 581 820 630 noster
845 569 1519 642 Salvatorque‘descendit,
1549 579 1608 625 ut
1634 578 1946 624 sanctorum
1972 567 2203 633 animas,

636 681 757 736 quae
786 665 862 720 ibi
890 663 1211 719 tenebantur
1254 661 1494 726 inclusae,
1525 674 1706 716 secum
1732 659 1802 716 ad
1831 658 2000 714 caelos
2032 656 2208 715 victor

635 755 967 821 adduceret;
998 755 1138 810 unde
1161 762 1216 808 et
1239 763 1352 824 post
1382 750 1807 807 resurrectionem
1828 749 1940 823 ejus
1978 747 2207 818 plurima

634 862 852 918 corpora
870 845 1138 915 justorum
1163 845 1218 898 in
1244 854 1426 900 sancta
1460 843 1666 900 civitate
1699 842 1811 898 visa
1849 849 1969 896 sunt
1989 839 2202 911 (Matth.

634 953 807 1006 xxvn,
843 935 955 1007 52).
999 933 1154 1004 Quod
1181 944 1360 992 autem
1394 933 1638 990 infernus
1676 933 1732 988 in
1777 930 2020 987 inferiori
2051 937 2206 1000 parte

635 1038 793 1086 terrae
821 1028 912 1094 sit,
942 1035 995 1083 et
1036 1025 1322 1086 Psalmista
1376 1034 1607 1082 testatur
1635 1023 1821 1080 dicens
1853 1043 1868 1080 :
1898 1024 2092 1094 Aperta
2129 1030 2205 1077 est

630 1131 794 1186 terra,
820 1127 869 1176 et
893 1117 1162 1191 deglutiuit
1194 1119 1408 1176 Datltan
1430 1126 1478 1172 et
1508 1117 1709 1188 aperuit
1747 1130 1904 1181 super
1930 1127 2208 1183 congrega-

629 1209 822 1263 tionem
845 1207 1044 1267 Abiron
1072 1205 1244 1280 (Psal.
1287 1222 1374 1274 cv,
1406 1205 1598 1278 17).Ιά
1635 1206 1812 1276 ipsum
1837 1203 1893 1259 in
1937 1201 2205 1258 Numeru-

631 1315 752 1355 rum
783 1298 924 1356 libro
971 1301 1184 1376 plenius
1210 1297 1533 1370 explicatur.
1571 1298 1690 1353 Alio
1740 1310 1955 1368 quoque
1983 1294 2102 1350 loco
2130 1293 2210 1348 le-

627 1389 804 1460 gimus
827 1407 841 1443 :
879 1388 1060 1446 Veniat
1085 1405 1225 1444 mors
1246 1405 1400 1458 super
1413 1404 1520 1453 eos,
1547 1397 1594 1442 et
1619 1386 1934 1442 descendant
1963 1385 2018 1438 in
2045 1382 2209 1453 infer-

627 1497 753 1534 nunt
792 1481 1014 1536 viventes
1043 1479 1232 1552 (Nunt.
1271 1495 1382 1548 xvr,
1413 1479 1476 1534 5t
1504 1479 1664 1548 seq.).
1696 1476 1716 1550 ]

693 1569 1020 1642 [Philippus
1042 1573 1096 1628 in
1117 1572 1450 1644 expositione
1477 1571 1619 1627 beati
1648 1569 1748 1624 Job
1773 1568 1843 1642 (c.
1870 1569 1962 1634 26,
1985 1569 2038 1623 in
2062 1565 2210 1638 prin-

623 1658 785 1732 cipio)
811 1673 826 1714 :
858 1658 1031 1732 [Quod
1067 1669 1246 1724 autem
1275 1660 1384 1714 ait:
1417 1659 1527 1714 Sub
1556 1660 1704 1730 aquis
1735 1658 1968 1730 gigantes
1986 1673 2208 1728 gemere,

2303 479 2536 534 aestimat
2569 493 2688 534 esse
2717 477 3102 549 deputandum.
3137 479 3284 538 Unde
3309 498 3437 540 nunc
3457 489 3622 558 gratias
3636 506 3747 564 agens

2304 569 2476 626 ﬁdelis
2512 570 2742 642 populus
2763 571 2898 628 dicit
2935 591 2950 628 :
2979 573 3209 628 animam
3231 589 3372 630 suam
3393 577 3450 632 ab
3471 580 3634 650 inferno
3661 586 3750 653 infe-

2304 662 2454 727 riori,
2482 661 2534 716 id
2565 671 2648 718 est
2673 663 2894 733 pmnali,
2918 680 3030 718 esse
3049 662 3333 720 liberatam.
3356 665 3376 739 ]

2371 754 2412 824 -ι-
2449 752 2723 812 Verumne
2751 763 2832 812 tot
2867 754 3149 822 Patribus,
3176 757 3460 815 testimonio
3481 762 3624 827 unius,
3644 765 3752 823 idest

2302 845 2607 918 Augustini,
2636 847 3092 917 praescribendum
3119 857 3293 918 putes,
3317 851 3402 919 qui
3423 852 3565 908 multo
3581 855 3697 910 aliter
3713 860 3752 916 de

2305 936 2490 993 inferis
2516 937 2572 994 in
2599 937 2914 994 duodecimo
2935 937 3073 994 libro
3099 938 3256 1010 (Aug.
3283 938 3422 996 Retr.
3444 941 3478 996 Ι.
3492 943 3542 1013 ιι)
3557 945 3609 998 de
3624 945 3752 1003 Genesi

2304 1028 2371 1083 ad
2387 1027 2621 1084 litteram
2643 1027 2960 1098 disputavit,
2975 1027 3102 1083 audi
3123 1029 3250 1098 quid
3270 1031 3420 1084 etiam
3435 1032 3532 1102 ipse
3551 1034 3646 1088 dum
3659 1052 3753 1091 eum.

2303 1118 2428 1176 dem
2460 1125 2776 1174 retractaret
2807 1119 2948 1192 (cap.
2983 1119 3075 1192 24)
3103 1121 3486 1192 deprompserit.
3529 1123 3592 1196 [in
3624 1127 3752 1183 duode

2305 1209 2431 1274 cim,
2457 1209 2706 1279 inquiens
2725 1249 2741 1274 ,
2773 1208 2840 1264 de
2873 1208 3076 1273 inferis,
3107 1211 3278 1282 magis
3304 1212 3426 1267 mihi
3447 1213 3600 1270 videor
3629 1215 3753 1272 docere

2307 1300 2558 1357 debuisse
2586 1301 2730 1370 quod
2775 1302 2875 1358 sub
2906 1302 3066 1357 terris
3105 1303 3235 1368 sint,
3266 1319 3420 1374 quam
3445 1306 3655 1362 rationem
3681 1309 3754 1363 red-

2308 1389 2437 1446 dere
2463 1405 2564 1446 cur
2588 1389 2691 1446 sub
2717 1391 2882 1447 terris
2906 1406 3029 1447 esse
3049 1393 3340 1450 credentur
3365 1395 3469 1451 sive
3494 1396 3716 1470 dicantur.]

2377 1483 2418 1552 ἰ-
2455 1482 2551 1538 His
2578 1489 2849 1538 tantorum
2872 1483 3096 1539 Patrum
3122 1485 3402 1542 veracibus
3420 1487 3753 1558 disputationibu

2309 1586 2501 1629 omnes
2530 1580 2636 1628 tua:
2659 1573 2902 1644 argutiae,
2932 1587 3231 1644 omnesque
3251 1573 3463 1630 fallaciae
3485 1577 3743 1632 inconvenien

2311 1671 2500 1738 tesque
2545 1663 2923 1721 similitudines
2946 1665 3192 1722 contrita:
3223 1680 3523 1739 pessumque
3549 1669 3656 1725 data;
3683 1682 3754 1725 sum

624 1751 698 1806 ita
739 1751 932 1822 inquit,
953 1751 1101 1814 velut
1128 1752 1412 1808 sidixisset
1431 1752 1524 1806 sub
1545 1760 1706 1816 terra,
1737 1749 1887 1804 idest
1907 1750 1962 1804 in
1987 1747 2206 1806 inferio-
2235 1757 2280 1816 B
2309 1763 2370 1810 ut
2391 1771 2614 1826 prorsus
2640 1755 2776 1811 nihil
2805 1771 2926 1813 esse
2962 1757 3292 1828 iudicentur,
3325 1759 3504 1829 quibus
3527 1761 3654 1815 etiam
3674 1775 3739 1817 con

621 1842 772 1918 ribus
810 1851 1005 1910 terrae,
1045 1843 1138 1899 ubi
1167 1842 1324 1898 inferi
1372 1858 1492 1898 esse
1538 1841 1924 1912 perhibentur;
1961 1839 2104 1895 unde
2136 1848 2192 1894 et

620 1931 722 2002 i'psi
779 1931 940 1988 inferi
974 1940 1374 2003 nuncupantur.
1422 1931 1592 2001 Aquae
1637 1945 1766 2001 ergo
1811 1929 1928 2002 ejus
1986 1938 2198 1985 naturae

621 2031 749 2078 sunt
775 2033 835 2078 ut
882 2023 1006 2080 sine
1029 2031 1175 2080 terra
1211 2039 1332 2080 esse
1359 2039 1465 2078 non
1495 2024 1705 2093 possint
1733 2041 1746 2076 :
1779 2023 1921 2078 sicut
1959 2036 2089 2093 ergo
2115 2023 2197 2078 in-

621 2111 722 2168 t‘eri
773 2113 828 2168 in
868 2113 1136 2184 profundo
1186 2121 1455 2169 terrarum
1488 2122 1636 2179 sunt,
1674 2113 1750 2168 ita
1793 2121 1954 2170 terrae
1981 2113 2035 2168 in
2072 2127 2197 2185 pro-

598 2197 603 2208 "
619 2200 789 2258 fundo
823 2218 1105 2274 aquarum.
1403 2237 1420 2246 --

688 2291 731 2362 -ί-
754 2291 898 2348 idem
938 2293 993 2354 in
1019 2294 1206 2350 eodem
1237 2293 1380 2366 (cap.
1430 2293 1520 2367 36)
1547 2313 1561 2350 :
1595 2294 1724 2368 [Ore
1761 2303 1940 2351 autem
1971 2304 2197 2366 augusto

619 2382 778 2438 inferi
804 2382 926 2442 ideo
945 2383 1301 2455 appellantur,
1327 2399 1391 2440 eo
1407 2385 1547 2456 quod
1577 2385 1813 2456 amplum
1842 2385 1912 2441 sit
1940 2384 2007 2440 ad
2051 2385 2192 2442 reci-

620 2473 904 2545 piendum,
925 2483 1214 2546 angustum
1245 2476 1312 2532 ad
1343 2477 1744 2544 dimittendum,
1769 2477 2025 2548 quoniam
2051 2491 2198 2532 mor-

617 2574 742 2628 tuos
772 2561 911 2621 intra
937 2582 998 2624 se
1023 2576 1260 2636 teneant,
1287 2577 1344 2625 et
1367 2582 1462 2625 eos
1490 2568 1556 2623 ad
1586 2571 1756 2625 vitam
1784 2586 1890 2626 non
1918 2570 2197 2640 patiantur

615 2655 785 2712 exire.
824 2657 991 2713 David
1017 2673 1232 2729 quoque
1274 2667 1494 2715 sanctus
1523 2659 1773 2716 similiter
1800 2661 1876 2716 ait
1902 2661 1971 2716 ad
2002 2661 2189 2718 Domi-

612 2761 743 2803 num
771 2765 785 2801 :
813 2745 998 2803 Libera
1023 2765 1103 2804 me
1133 2765 1200 2804 ex
1225 2749 1515 2805 odientibus
1565 2767 1678 2818 me,
1711 2761 1758 2806 et
1815 2751 1879 2808 de
1918 2751 2198 2822 profundis

615 2855 911 2909 aquarum;
954 2855 1058 2894 non
1096 2856 1179 2895 me
1204 2841 1472 2913 demergat
1512 2851 1785 2913 tempestas
1826 2857 2000 2912 aquae,
2032 2858 2194 2912 neque

613 2925 887 2989 obsorbent
929 2944 1010 2982 me
1045 2928 1388 3001 profundum,
1413 2946 1576 3000 neque
1625 2931 1885 2986 contineat
1911 2947 2068 3000 super
2111 2947 2195 2984 me

611 3027 796 3088 puteus
828 3034 882 3073 os
908 3035 1063 3072 suum
1105 3018 1278 3090 (Psat.
1312 3035 1500 3086 vant,
1532 3019 1738 3092 {5,16).
1770 3018 2003 3076 Proinde
2030 3035 2194 3076 nove-

2291 1846 2536 1920 jungitur
2561 1849 2706 1920 quod
2731 1849 2789 1904 in
2823 1850 3172 1906 conclusione
3207 1851 3506 1908 subnectis:

2837 1956 3068 1998 JOANNES
3112 1957 3336 1999 SCO'IUS.

2367 2031 2540 2104 (Cap.
2585 2033 2690 2100 17,
2732 2048 2882 2089 num.
2927 2033 3034 2101 12,
3083 2042 3221 2090 sect.
3265 2032 3364 2106 9.)
3391 2043 3430 2092 Θ
3458 2031 3674 2100 Proinde,
3707 2034 3751 2088 in-

2296 2121 2487 2192 quiens
2511 2163 2526 2188 ,
2575 2122 2622 2178 si
2677 2121 2828 2178 nulla
2873 2123 3136 2178 beatitudo
3190 2133 3268 2178 est
3335 2123 3431 2178 nisi
3471 2125 3559 2178 rita
3603 2134 3754 2184 eterna,

2295 2212 2401 2268 uita
2453 2222 2627 2268 autent
2671 2221 2866 2268 (eterna
2916 2223 2990 2269 est
3038 2215 3272 2270 ueritatis
3323 2214 3542 2285 cognitio,
3568 2213 3676 2267 nulla
3697 2215 3756 2282 igi~

2295 2314 2384 2360 tur
2432 2306 2696 2362 beatitudo
2739 2316 2813 2362 est
2865 2307 2968 2364 nisi
2995 2308 3228 2363 veritatis
3262 2309 3495 2379 cognitio.
3534 2307 3617 2363 Sed
3637 2306 3754 2359 neua

2297 2395 2529 2452 collectio
2589 2395 2735 2454 nullo
2792 2397 2949 2452 modo
3010 2398 3067 2452 in
3131 2398 3388 2453 mentibus
3439 2399 3600 2452 nostris
3643 2407 3752 2456 ruet.

2297 2486 2578 2541 audiamus
2607 2487 2774 2557 ipsam
2806 2485 2955 2540 illam
3005 2485 3292 2542 Veritatem
3317 2497 3480 2559 aperte
3506 2487 3754 2541 clamauerit:

2296 2575 2397 2642 Qui
2425 2576 2596 2647 dligit
2621 2592 2710 2633 me
2737 2576 2990 2646 diligetur
3019 2593 3051 2632 a
3080 2577 3245 2634 Patre
3275 2592 3422 2645 mw,
3443 2587 3492 2632 et
3515 2593 3594 2648 ego
3615 2576 3755 2645 diligam

2295 2680 2442 2734 eum,
2466 2674 2524 2724 et
2570 2665 2932 2724 manifestabo
2971 2667 3243 2737 meipsum
3270 2667 3346 2722 illi
3376 2667 3538 2739 (Joan.
3571 2681 3654 2728 xw,
3685 2664 3755 2730 ξι).

2294 2753 2430 2811 Item
2475 2757 2603 2812 alibi
2631 2770 2650 2809 :
2685 2755 2812 2813 Haec
2835 2766 2919 2814 est
2947 2765 3130 2812 autem
3159 2757 3274 2812 vita
3319 2766 3525 2823 aeterna,
3550 2765 3596 2810 ut
3631 2768 3758 2824 casm

2295 2853 2453 2902 scant
2481 2855 2534 2902 te
2560 2847 2733 2906 solum
2762 2863 2951 2905 verum
2979 2847 3171 2912 Deum,
3193 2855 3254 2903 et
3279 2863 3433 2918 quem
3458 2847 3618 2903 misisti
3639 2843 3756 2899 losum

2295 2934 2568 2991 Christum
2592 2936 2774 3006 (toan.
2799 2953 2930 3002 xvn,
2956 2937 3010 3006 5)
3041 2954 3053 2990 :
3087 2936 3360 3008 Quidquid
3377 2947 3536 2992 autem
3555 2937 3606 2989 de
3620 2935 3758 2989 beatitu-

2295 3025 2417 3080 dine
2445 3028 2696 3094 cretlitur,
2721 3028 2784 3082 de
2811 3029 2925 3098 ejus
2957 3027 3185 3104 defectu,
3216 3029 3272 3083 id
3313 3039 3387 3084 est
3411 3029 3608 3093 miseria,
3627 3041 3757 3080 necesse

611 3109 783 3168 rimus
805 3111 928 3180 quia
957 3109 1074 3166 loca
1099 3111 1441 3166 infernalium
1462 3110 2188 3184 ergastulorum,.secundum
2218 3125 2262 3188 ρ
2292 3125 2368 3171 est
2404 3133 2432 3172 e
2454 3119 2714 3172 contrario
2737 3119 3000 3173 credatur.
3033 3119 3143 3186 Ita,
3173 3120 3220 3175 si
3261 3121 3406 3175 nulla
3427 3121 3606 3178 miseria
3629 3115 3757 3170 εειιήεί

609 3198 772 3262 ﬁdem
813 3197 1233 3270 Scripturarnm,
1263 3202 1404 3260 inter
1449 3202 1744 3259 immensas
1791 3203 1973 3273 abyssi
2022 3217 2194 3272 aquas

609 3289 724 3351 sint
749 3290 1086 3363 constituta.]

679 3381 877 3455 fidem
903 3383 960 3440 in
985 3381 1172 3442 eodem
1194 3383 1332 3457 (cap.
1349 3383 1628 3459 5):[Quod
1662 3393 1842 3441 autem
1871 3383 2113 3440 infernus
2141 3384 2195 3440 in

609 3473 720 3536 imo
767 3483 1034 3539 terrarum
1062 3475 1166 3542 sit,
1209 3475 1372 3533 Jonas
1425 3476 1708 3548 propheta,
1740 3476 1833 3549 qui
1885 3475 2196 3547 specialiter

607 3567 837 3638 ﬁguram
867 3566 1054 3623 habuit
1085 3567 1402 3636 Salvatoris,
1430 3569 1486 3623 in
1530 3569 1775 3626 oratione
1801 3583 1899 3624 sua
1943 3583 2106 3640 quam
2135 3568 2192 3624 in

606 3669 796 3718 ventre
837 3661 1004 3734 piscis
1049 3663 1184 3724 fudit
1208 3663 1274 3718 ad
1303 3665 1473 3719 Deum
1519 3663 1803 3726 manifeste
1833 3664 2188 3728 demonstrat,

606 3768 880 3826 quemque
919 3752 1189 3810 internum
1229 3753 1411 3826 abyssi
1441 3771 1596 3826 aqua:
1641 3755 2076 3812 circumvallant.
2124 3755 2190 3811 Et
2223 3785 2230 3792 -

607 3842 794 3902 multis
827 3845 949 3902 aliis
975 3845 1110 3903 locis
1137 3845 1432 3918 Scriptura:
1469 3847 1536 3903 de
1583 3847 1844 3918 qualitate
1892 3847 2188 3913 inferorum

605 3935 951 4011 loquuntur.]

677 4027 722 4100 ει·
749 4027 1100 4085 Cassiodorus
1127 4029 1181 4090 in
1205 4029 1465 4100 psalmum
1489 4046 1696 4088 Lxxxv:
1725 4029 1860 4103 [Sed
1883 4032 2189 4094 considere-

604 4135 728 4177 mus
749 4122 896 4192 quia,
927 4139 1050 4178 cum
1077 4123 1219 4178 dicat
1240 4123 1502 4194 infernum
1527 4123 1768 4195 inferius,
1798 4123 2068 4179 infernum
2096 4123 2188 4178 de-

605 4219 873 4266 monstrat
909 4227 1029 4268 esse
1071 4213 1342 4283 superius.
1383 4213 1715 4283 Argumenta
1743 4212 1868 4270 talia
1915 4213 1969 4267 in
1996 4213 2187 4284 topicis

605 4300 861 4356 dicuntur
889 4301 1204 4373 coniugata,
1241 4317 1362 4372 quae
1387 4311 1508 4358 orta
1553 4302 1620 4357 ab
1650 4319 1756 4359 uno
1787 4302 2004 4358 nomine
2031 4301 2185 4357 varie

606 4398 1030 4456 commutantur,
1047 4401 1106 4446 ut
1126 4393 1216 4447 hic
1225 4393 1457 4461 positum
1469 4391 1828 4462 estinfernum
1842 4391 2084 4464 inferius.
2101 4389 2184 4446 ln-

2297 3226 2435 3264 mors
2456 3219 2672 3275 (eterna,
2699 3220 2898 3265 (eterna
2925 3220 3098 3267 autent
3119 3229 3264 3268 mors
3295 3211 3514 3267 ueritatis
3533 3205 3754 3280 ignorantis,

2295 3299 2442 3356 nulla
2469 3303 2631 3373 igitur
2657 3303 2868 3357 ntiseria
2909 3312 2982 3357 est
3025 3304 3127 3358 nisi
3150 3304 3383 3358 ueritatis
3417 3300 3675 3373 ignorantia.
3696 3293 3754 3348 Uti

2293 3393 2467 3464 itaque
2505 3394 2778 3464 ignoratur
2819 3395 3037 3460 veritas,
3067 3396 3140 3450 ibi
3198 3395 3351 3451 nulla
3386 3395 3482 3451 vita
3521 3391 3756 3449 :ubiautrs

2293 3481 2440 3538 nulla
2463 3484 2590 3549 vita,
2621 3484 2692 3538 ibi
2715 3501 2920 3539 necesse
2961 3494 3035 3539 est
3077 3487 3384 3540 continuant
3409 3494 3596 3539 mortem
3627 3479 3754 3533 adesse.

2296 3571 2429 3640 Qua:
2452 3575 2498 3628 si
2524 3574 2597 3628 ita
2618 3575 2741 3640 sint,
2767 3575 2884 3646 quis
2913 3575 3107 3629 audeat
3141 3576 3318 3632 dicere
3345 3576 3501 3630 Deum
3526 3587 3614 3628 esse
3631 3566 3756 3640 prurit-

2290 3665 2596 3720 stinatorem
2643 3680 2826 3735 preme,
2859 3665 2960 3720 nisi
2981 3665 3072 3736 qui
3106 3665 3267 3720 audet
3293 3681 3410 3722 eum
3437 3677 3632 3719 asserere
3647 3665 3758 3711 auto-

2291 3771 2399 3810 rem
2453 3755 2765 3826 ignorantia:
2811 3756 2942 3810 dum
2983 3757 3050 3810 ab
3083 3773 3142 3812 eo
3185 3759 3258 3812 sit
3289 3757 3450 3812 omnis
3487 3744 3758 3822 intelligentia?

2291 3844 2722 3918 Unumquemque
2742 3847 2902 3918 igitur
2921 3863 3018 3902 sua
3037 3849 3186 3920 punit
3217 3847 3554 3911 contumacia,
3569 3858 3658 3914 qua
3671 3834 3758 3892 nullo

2288 3941 2445 3996 modo
2493 3958 2528 3996 a
2552 3941 2662 3996 Deo
2691 3950 2790 4008 est,
2813 3959 2876 3997 ac
2900 3958 2992 4014 per
3034 3943 3133 3999 hoc
3158 3942 3276 4014 ejus
3316 3949 3493 3997 auctor
3519 3936 3636 3994 nullo
3663 3927 3757 3987 sttit

2291 4034 2579 4098 credendus
2607 4043 2705 4090 est.

2918 4140 3244 4183 εοιιιιεετιο.

2355 4218 2398 4290 -ι-
2431 4217 2546 4274 Nisi
2590 4225 2846 4274 czecasset
2873 4225 2925 4272 te
2951 4217 3211 4288 iniquitas
3256 4226 3372 4283 tua,
3401 4208 3663 4270 nullomodo
3691 4209 3756 4256 IIII

2289 4310 2383 4366 tibi
2413 4309 2514 4381 ipsi
2539 4310 2810 4365 contraria
2829 4309 3166 4380 protulisses.
3187 4307 3247 4363 In
3271 4314 3422 4364 sexta
3440 4303 3616 4361 decima
3631 4294 3758 4367 (ιιιίυικ

2283 4399 2536 4470 periocha
2550 4398 2731 4454 dixisti
2754 4397 2954 4454 habere
2969 4397 3198 4454 miseros
3214 4396 3481 4453 felicitatis
3495 4393 3706 4449 notionem
3714 4387 3760 4433 al-

604 4479 819 4544 t‘ernum
846 4495 974 4537 vero
999 4497 1107 4538 non
1141 4485 1585 4540 irrationabiliter
1607 4484 1830 4540 forsitan
1853 4484 2182 4544 arbitramur
2205 4476 2258 4537 D
2284 4503 2389 4560 que
2409 4487 2711 4546 scientiam.
2729 4487 2752 4563 [
2769 4485 2968 4542 Veritas
2989 4497 3087 4553 est,
3109 4487 3384 4558 inquiens,
3413 4484 3622 4556 felicitas.
3640 4471 3759 4530 Νυιιιιδ

602 4585 724 4632 esse
745 4572 843 4638 sub
877 4572 1055 4638 terris,
1071 4589 1193 4629 cum
1217 4575 1270 4630 in
1291 4575 1474 4631 Veteri
1495 4577 1840 4634 Testamento
1861 4580 1925 4635 de
1969 4581 2178 4636 Dathan

602 4667 658 4724 et
679 4658 880 4726 Abiron
895 4661 1091 4730 legitur
1118 4679 1131 4717 :
1165 4663 1377 4734 Aperuit
1400 4679 1452 4716 se
1474 4673 1634 4730 terra,
1657 4675 1703 4719 et
1727 4665 2114 4736 deglutiviteos,
2131 4676 2180 4721 et

601 4751 706 4808 civi
742 4754 1115 4820 descenderunt
1154 4753 1224 4808 ad
1273 4754 1489 4826 inferos.
1539 4754 1646 4812 Sed
1675 4772 1782 4827 quo
1821 4758 2014 4813 itinere
2053 4758 2180 4814 illuc

605 4841 802 4906 anima:
829 4843 1248 4914 transferantur,
1279 4845 1534 4914 quoniam
1562 4847 1616 4901 in
1646 4850 1967 4904 auctoritate
1994 4849 2177 4904 divina

602 4947 710 4988 non
741 4923 1237 5004 legitur,habemus
1263 4936 1549 4991 incertum.
1573 4937 1844 4994 Infernum
1879 4949 2057 4994 autent
2087 4940 2178 4996 ha-

599 5026 734 5090 bere
785 5026 1097 5084 inferiorem
1130 5038 1336 5100 partem
1367 5031 1640 5108 Evangelii
1690 5033 1840 5089 locus
1889 5034 1976 5090 ille
2022 5034 2172 5106 (Luc.

599 5132 718 5183 xvi,
745 5116 832 5189 i5)
857 5127 1087 5174 testatur
1109 5121 1201 5190 qui
1231 5120 1382 5186 dicit,
1407 5135 1533 5177 cum
1573 5122 1798 5192 impium
1841 5124 2059 5185 divitem
2090 5124 2176 5178 ul-

601 5208 710 5264 trix
749 5208 967 5278 ﬂamma
1019 5219 1316 5284 torqueret,
1348 5212 1556 5274 levasse
1602 5213 1788 5268 oculos
1838 5229 1986 5281 suos,
2016 5223 2071 5269 et
2121 5214 2173 5268 in

600 5298 720 5356 sinu
741 5298 969 5362 Abrahae
1000 5301 1198 5358 vidisse
1228 5301 1526 5368 Lazarum;
1553 5302 1696 5357 unde
1724 5313 1954 5373 apparet
1994 5310 2175 5358 utros-

599 5403 704 5459 que
739 5392 880 5466 apud
922 5392 1125 5454 inferos
1154 5393 1340 5458 fuisse,
1376 5404 1437 5450 ut
1475 5410 1533 5451 se
1565 5395 1748 5451 videre
1776 5395 2090 5461 valuissent,
2119 5404 2175 5451 et

601 5479 752 5542 illum
775 5495 844 5537 ex
873 5482 1115 5540 inferiori
1141 5484 1262 5541 loco
1289 5485 1356 5540 ad
1387 5487 1664 5555 superiora
1693 5486 1880 5543 oculos
1911 5486 2171 5543 elevasse.

603 5568 729 5639 Sed,
759 5573 883 5630 licet
907 5576 1119 5646 utrique
1143 5577 1284 5646 apud
1328 5574 1532 5632 inferos
1555 5593 1674 5633 esse
1711 5579 2042 5644 viderentur,
2076 5593 2176 5647 pro

603 5663 917 5726 meritorum
947 5675 1123 5724 tamen
1153 5667 1475 5726 discretione
1499 5670 1832 5746 superiorem
1856 5670 2031 5726 locum
2055 5685 2173 5724 san-

2287 4593 2415 4651 ergo
2451 4587 2606 4638 extra
2647 4587 2898 4640 naturam
2935 4593 3090 4638 suam
3131 4577 3409 4636 felicitatis
3429 4584 3482 4630 et
3502 4567 3760 4629 notionemei

2286 4669 2567 4725 scientiam
2595 4667 2888 4724 habiturus.
2915 4667 3002 4721 sit.
3031 4666 3089 4721 In
3117 4667 3437 4723 miserorum
3463 4665 3616 4731 itaque
3635 4660 3760 4748 ualli:a

2285 4762 2390 4816 erit
2423 4760 2644 4826 veritas,
2674 4759 2780 4814 erit
2823 4758 2986 4830 igitur
3026 4756 3280 4818 felicitas.
3323 4757 3423 4811 Ast
3462 4745 3680 4823 quomodo

2285 4862 2474 4908 natura
2503 4853 2700 4908 misera
2728 4851 2852 4917 erit,
2883 4850 2969 4906 cui
3003 4849 3235 4906 felicitas
3265 4850 3444 4911 inerit,
3465 4845 3652 4916 quaeest
3671 4843 3757 4888 νεη-

2282 4945 2400 4999 ίδεῗ
2430 4944 2496 4998 El
2515 4943 2584 4998 ad
2609 4942 2858 5002 ullimUm
2888 4941 3201 4997 conclusisti
3228 4959 3241 4996 :
3269 4939 3435 4995 Nulla
3452 4935 3613 4991 dehinc
3632 4931 3757 4980 ηαιιη

2275 5034 2522 5105 punietur
2544 5048 2564 5087 :
2591 5048 2694 5086 non
2725 5030 2906 5102 punita
2953 5046 3058 5084 non
3105 5031 3203 5084 erit
3253 5025 3486 5097 misera.)
3526 5021 3649 5077 Nunc
3677 5018 3757 5062 πετο

2279 5121 2415 5180 dicis
2440 5141 2452 5176 :
2482 5121 2564 5194 [Si
2592 5121 2737 5176 nulla
2764 5119 2982 5175 miseria
3006 5126 3090 5174 est
3108 5119 3212 5174 nisi
3241 5133 3387 5172 mors
3408 5123 3606 5172 acterna,
3624 5106 3758 5194 πιεηξξ

2279 5223 2459 5270 autem
2490 5228 2636 5268 mors
2661 5220 2744 5267 est
2769 5211 3015 5266 veritatis
3037 5209 3361 5280 ignorantia,
3393 5204 3525 5260 nulla
3551 5199 3756 5292 igiwtlni'

2279 5305 2424 5362 seria
2447 5314 2550 5371 est,
2581 5303 2683 5359 nisi
2707 5303 2954 5358 veritatis
2987 5301 3312 5372 ignorantia.
3363 5296 3463 5353 Ubi
3487 5294 3639 5360 itaque
3660 5288 3756 5377 ῐεξιίν

2280 5406 2431 5451 ratur
2475 5395 2698 5460 veritas,
2727 5393 2801 5449 ibi
2837 5393 2981 5447 nulla
3028 5393 3138 5446 vita
3165 5409 3179 5445 :
3203 5391 3290 5446 ubi
3323 5397 3496 5444 autem
3522 5378 3639 5436 nulla
3671 5377 3755 5422 illi.

2277 5485 2352 5542 ibi
2381 5501 2600 5542 necesse
2625 5493 2708 5541 est
2725 5484 3035 5541 continuam
3066 5492 3292 5538 mortem
3320 5472 3542 5544 adesse]
3580 5461 3687 5535 Quid
3704 5460 3757 5510 ⁵⁸

2279 5579 2412 5635 hoc?
2453 5593 2598 5634 nunc
2643 5579 2740 5633 das
2783 5577 2997 5632 miseris
3037 5576 3279 5633 veritatis
3325 5552 3758 5629 scicntiamﬂufm

2279 5668 2550 5732 miseriam
2577 5684 2594 5735 ί
2622 5683 2764 5723 nunc
2797 5649 2990 5723 tribuis
3028 5665 3385 5742 ignorantium
3415 5653 3754 5717 veritatistmr'
