3974 6344
281 283 410 339 1301

1120 273 1206 328 DE
1241 269 2214 334 PRAEDESTINATIONECONTRA
2255 271 2306 326 J.
2353 271 2651 328 SCO'I'UM.

3371 275 3508 332 1302

280 403 390 450 tem
419 388 900 462 atquemiseriam.
931 385 989 441 Si
1018 385 1160 441 enim
1195 401 1378 440 verum
1403 393 1486 440 est
1513 399 1606 439 eos
1636 383 1834 437 habere
1861 387 1910 444 Α
1939 385 2086 450 ritas,
2120 384 2189 438 ibi
2219 383 2364 438 nulla
2397 385 2502 438 vita
2545 383 2722 454 (Joan.
2755 401 2862 450 xiv,
2896 384 2971 455 ὃ).
3011 385 3126 442 Non
3163 388 3306 443 enini
3332 397 3506 458 potest

279 482 520 541 veritatis
557 471 853 544 scientiam,
881 476 1074 532 falsum
1103 484 1186 531 est
1209 475 1423 530 eosdem
1449 475 1649 528 habere
1689 474 1841 544 igno-

277 573 530 628 rantiam.
573 571 827 634 Rursum,
857 568 902 622 si
929 581 1113 622 verum
1153 574 1234 621 est
1253 581 1345 622 eos
1373 567 1570 620 habere
1601 565 1840 620 veritatis

276 663 652 734 ignorantiam,
684 659 874 715 falsum
916 667 1001 715 est
1046 657 1126 714 eis
1178 658 1356 713 inesse
1388 657 1630 712 veritatis
1667 658 1841 712 scien-

277 755 424 810 tiam.
453 754 585 807 Item
615 751 806 808 falsum
831 760 911 806 est
935 749 1074 819 quod
1116 748 1250 804 dicis
1277 767 1288 802 :
1315 746 1533 801 Nullam
1555 764 1664 801 esse
1687 749 1840 802 mise-

275 849 408 900 riam
437 846 536 900 nisi
566 854 780 898 mortem
826 851 1093 897 a’ternam.
1134 840 1315 897 Multis
1341 840 1483 895 enim
1507 848 1562 893 et
1589 847 1838 909 peccato-

273 952 362 992 res
391 946 446 992 et
484 934 616 1004 justi
660 936 714 989 in
749 935 849 989 hac
897 933 1008 988 vita
1054 931 1288 987 miseriis
1339 938 1394 986 et
1444 929 1841 985 calamitatibus

271 1027 582 1092 noxiantur,
605 1042 636 1080 a
664 1025 858 1096 quibus
893 1024 986 1080 Dei
1026 1023 1197 1094 gratia
1240 1021 1525 1091 aliquoties
1553 1028 1837 1086 eruuntur,

271 1118 556 1188 aliquoties
588 1115 1058 1188 ejusdemjustitia
1097 1128 1205 1168 non
1247 1113 1566 1168 liberantur.
1601 1111 1838 1178 Nam,,si

271 1208 549 1264 beatitudo
583 1207 778 1262 dicitur
804 1205 1020 1275 assequi
1056 1203 1310 1274 nulloque
1351 1217 1542 1258 carere
1581 1201 1839 1272 quidquid

274 1298 664 1354 rationabiliter
686 1297 942 1362 volueris,
969 1288 1090 1351 cum
1119 1303 1266 1350 tanto
1287 1293 1430 1349 bono
1455 1292 1709 1364 privatis,
1732 1308 1839 1348 non

271 1389 542 1444 immerito
571 1389 736 1444 miser
758 1373 983 1454 diceris;
1013 1401 1244 1457 eumque
1273 1393 1352 1441 tot
1375 1385 1608 1440 miseriis
1635 1392 1842 1454 tempo-

270 1480 470 1536 ralibus
498 1481 612 1551 pios
638 1481 809 1536 addici
836 1480 1132 1551 saepissime
1173 1479 1470 1542 videamus,
1501 1492 1838 1548 nequaquam

269 1585 362 1626 eos
401 1570 468 1624 ad
513 1577 770 1626 aeternam
805 1577 1033 1624 mortem
1077 1569 1346 1624 credimus
1387 1580 1840 1638 properareznec

268 1659 388 1714 ideo
418 1659 497 1716 eis
521 1659 762 1714 veritatis
782 1658 1141 1729 ignorantiam
1166 1657 1358 1728 ingeri,
1391 1657 1516 1727 quia
1545 1655 1842 1726 frequenti-

1943 482 2180 552 ignorari
2204 481 2289 536 vel
2324 481 2452 536 sciri
2478 480 2698 546 veritas,
2747 479 2852 536 nisi
2896 479 2965 536 ab
3003 481 3180 551 aliqua
3219 481 3350 536 vita.
3388 483 3510 541 Erit

1943 569 2106 638 igitur
2131 570 2186 624 in
2212 570 2456 641 gebenna
2479 571 2764 626 damnatus
2788 570 2898 626 vita
2920 579 2976 627 et
3011 572 3205 627 animae
3229 583 3294 636 et.
3318 587 3510 644 corpo-

1943 663 2038 729 ris,
2069 661 2314 732 quamvis
2340 661 2457 717 sine
2487 677 2613 716 vera
2633 662 2761 726 vita,
2799 677 2917 733 qua:
2937 662 3072 718 dixit
3095 681 3108 721 :
3131 661 3243 734 Ego
3263 680 3377 717 sum
3403 665 3506 729 via,

1942 756 2152 820 veritas,
2179 763 2228 808 et
2253 755 2377 808 vita.
2405 754 2540 820 Erit,
2577 754 2820 824 inquam,
2848 754 2952 810 illis
2982 755 3112 822 vita,
3144 756 3239 810 sed
3269 757 3464 812 misera
3491 777 3501 809 :

1943 846 2197 919 quoniam
2227 853 2280 902 et
2318 846 2498 901 anima
2525 861 2739 916 semper
2765 845 2929 912 vivet,
2964 856 3021 901 ut
3055 861 3270 917 semper
3298 848 3506 903 crucie-

1944 945 2054 1002 tur,
2081 944 2136 990 et
2160 950 2354 1006 corpus
2383 935 2558 1006 pinnis
2586 935 3065 1005 combustioneque
3088 937 3333 992 attritum
3371 954 3510 993 nun-

1942 1039 2106 1096 quam
2143 1024 2377 1092 deﬁciet,
2434 1039 2707 1096 nunquam
2750 1025 3069 1082 dissolvetur
3118 1026 3171 1081 in
3208 1026 3507 1098 pulverem,

1943 1130 2219 1185 nunquam
2257 1114 2333 1169 ita
2378 1123 2720 1170 consumetur
2769 1122 2828 1168 ut
2868 1115 3088 1170 omnino
3137 1131 3243 1170 non
3283 1116 3369 1180 sit,
3417 1118 3511 1172 sed

1942 1207 2160 1264 aeternis
2179 1207 2504 1263 cruciatibus
2526 1205 2769 1262 durabile
2789 1206 3146 1276 permanebit.
3171 1206 3372 1262 Harum
3395 1222 3512 1262 om-

1943 1299 2091 1356 nium
2119 1312 2401 1367 poenarum
2435 1298 2604 1352 Deum
2631 1295 2992 1367 justissimum
3019 1297 3258 1368 judicem
3291 1313 3410 1374 esse
3439 1296 3511 1352 ir-

1944 1402 2272 1464 rogatorem,
2302 1408 2365 1448 ac
2386 1407 2484 1462 per
2518 1392 2623 1447 hoc
2662 1400 2717 1447 et
2751 1399 3049 1458 auctorem,
3080 1392 3227 1447 omni
3255 1391 3510 1462 propulsa

1942 1483 2230 1541 formidine
2281 1483 2630 1550 conﬁtemur,
2675 1483 2949 1553 quoniam,
2995 1493 3132 1538 teste
3189 1482 3506 1552 Scriptura:

1945 1577 2094 1640 Mors
2133 1586 2182 1632 et
2229 1577 2332 1631 vita
2369 1593 2401 1629 a
2442 1575 2662 1630 Domino
2708 1574 2817 1630 Deo
2865 1584 2940 1630 est
2983 1574 3131 1647 (Sap.
3169 1590 3282 1640 xvt,
3315 1575 3426 1645 l5),
3457 1585 3512 1630 et

1943 1670 2267 1726 Psalmista:
2299 1669 2494 1723 Arcum
2540 1684 2693 1722 suum
2729 1667 2963 1734 tetendit,
2998 1676 3048 1724 et
3089 1667 3294 1738 paravit
3335 1666 3505 1742 illum.

267 1751 368 1806 bus
413 1751 657 1814 videmus
705 1749 1108 1807 infelicitatibus
1135 1748 1428 1818 quemlibet
1470 1747 1836 1818 temporaliter

2008 1761 2359 1818 Cassiodorus
2379 1753 2464 1832 (in'
2483 1756 2630 1815 Psal.
2653 1775 2750 1824 vn,
2768 1759 2888 1830 l3):
2921 1758 3135 1831 [Arcum
3157 1759 3336 1828 itaque
3357 1757 3507 1813 Scri-

269 1840 448 1913 aﬁligi.
496 1841 574 1897 Ac
594 1857 689 1911 per
715 1842 840 1908 hoc,
871 1841 918 1896 si
949 1841 1003 1896 id
1033 1840 1100 1895 de
1125 1839 1254 1896 solis
1284 1837 1495 1894 inferno
1520 1837 1730 1893 traditis
1755 1839 1835 1894 di-

267 1940 499 1996 ceretur,
525 1931 828 1987 nullatenus
857 1931 1173 1987 abhorreret
1211 1945 1243 1984 a
1280 1941 1432 1983 vero.
1471 1926 1607 1982 Cum
1653 1936 1834 1983 autem

265 2021 588 2090 generaliter
616 2019 758 2076 nulla
787 2035 908 2077 esse
931 2019 1168 2088 miseria,
1205 2018 1310 2075 nisi
1341 2035 1490 2075 mors
1519 2027 1720 2076 aeterna
1754 2019 1834 2075 di-

265 2115 428 2180 citur,
454 2114 802 2185 veritatisque
832 2115 1152 2186 ignorantia,
1179 2114 1295 2185 ipsa
1331 2114 1548 2170 videndi
1589 2122 1645 2169 et
1673 2129 1833 2184 expe-

265 2204 436 2258 riendi
457 2203 768 2260 assiduitate
789 2203 1132 2260 falsissimum
1153 2219 1273 2260 esse
1288 2204 1642 2262 convincitur.
1659 2203 1831 2270 Quam

263 2294 672 2362 perversitatem
699 2303 843 2349 tuam
870 2295 1062 2350 beatus
1087 2294 1189 2350 Job
1202 2294 1391 2366 jugulo
1422 2293 1518 2367 [αι.
1543 2295 1700 2363 forte,
1720 2295 1830 2366 gla-

265 2381 376 2454 dio]
409 2384 650 2438 veritatis
674 2383 970 2454 transﬁgat,
995 2384 1087 2454 qui
1120 2385 1185 2438 de
1211 2385 1444 2440 miseriis
1473 2385 1724 2440 humanis
1757 2385 1832 2440 ita

264 2471 507 2541 deplorat
534 2490 548 2525 :
575 2471 766 2540 Homo,
800 2473 1066 2543 inquiens,
1109 2483 1260 2528 natus
1310 2474 1376 2527 de
1412 2475 1649 2540 muliere,
1697 2474 1835 2528 brevi

262 2563 431 2617 vivens
461 2572 705 2633 tempore,
753 2563 980 2632 repletur
1003 2561 1180 2616 multis
1213 2563 1434 2617 miseriis
1465 2562 1584 2634 (Job
1613 2579 1725 2630 xrv,
1755 2563 1828 2634 1).

328 2653 426 2710 Cui
487 2663 707 2710 sanctus
759 2653 1049 2725 Gregorius
1103 2652 1263 2725 (Mor.
1327 2654 1419 2709 lib.
1479 2671 1557 2720 x1,
1611 2670 1660 2710 c.
1711 2654 1832 2724 ult.)

257 2744 572 2813 exponendo
613 2745 974 2810 consentiens,
1023 2759 1285 2814 quasnam
1340 2744 1639 2816 intelligere
1673 2745 1834 2802 mise-

258 2835 368 2890 rias
423 2835 710 2890 debeamus
759 2835 933 2892 edicat
970 2852 984 2888 :
1018 2833 1178 2906 [Quid
1239 2834 1291 2889 in
1343 2851 1402 2892 se
1451 2835 1672 2892 habebit
1723 2835 1834 2891 for-

259 2923 531 2990 titudinis,
580 2926 670 2996 qui
713 2933 866 2979 natus
906 2933 982 2980 est
1018 2941 1084 2980 ea:
1119 2925 1446 2994 inﬁrmitate,
1479 2925 1616 2981 brevi
1663 2926 1831 2982 vivens

255 3025 502 3086 tempore,
551 3015 773 3087 repletus
818 3015 996 3071 multis
1044 3016 1308 3071 miseriis?
1333 3016 1475 3073 Ecce
1509 3017 1682 3074 sancti
1732 3017 1831 3072 viri

1939 1861 2217 1922 pturarnm
2253 1851 2388 1907 Novi
2423 1859 2478 1905 et
2527 1849 2735 1905 Veteris
2777 1849 3107 1905 Testamenti
3147 1837 3509 1920 congruenter

1937 1939 2251 2010 accipimus,
2295 1939 2387 2008 qui
2414 1937 2622 1993 duobus
2661 1937 3054 2008 quodammodo
3093 1938 3328 1994 curvatis
3357 1936 3508 1992 ﬁexi-

1934 2031 2036 2086 bus
2080 2030 2397 2086 dcvotorum
2461 2028 2601 2085 colla
2641 2027 3011 2097 complectitur
3063 2046 3076 2082 :
3121 2012 3211 2084 hic
3261 2012 3507 2082 ﬁdelibus

1936 2135 2101 2176 suave
2125 2119 2312 2191 jugum
2341 2117 2662 2173 ostenditur.
2688 2115 3108 2172 Contumacibus
3147 2126 3326 2185 autem
3353 2132 3504 2170 arma

1938 2211 2199 2268 terribilia
2227 2210 2569 2266 declarantur
2593 2227 2606 2263 :
2628 2210 2842 2264 tetendit
2876 2210 3142 2281 adjectum
3169 2219 3272 2276 est,
3302 2225 3370 2266 ne
3390 2211 3506 2280 ejus

1935 2302 2196 2374 patientia
2234 2300 2463 2358 remissa
2491 2307 2792 2372 putaretur,
2819 2298 2885 2354 ad
2912 2308 3242 2370 postremum
3276 2302 3459 2371 posuit
3488 2320 3499 2353 :

1933 2395 2137 2463 paravit
2173 2392 2342 2458 illum,
2383 2400 2444 2447 ut
2486 2407 2604 2447 mos
2632 2392 2747 2462 ipse
2780 2391 3148 2462 sagittantium
3190 2392 3499 2463 plenissime

1937 2485 2208 2540 videretur
2245 2498 2554 2553 expressus,
2593 2483 2706 2553 qui,
2735 2489 3022 2553 postquam
3069 2483 3393 2538 tetenderint
3417 2499 3507 2536 ar-

1935 2593 2057 2634 cum
2081 2584 2270 2634 contra
2297 2577 2529 2647 signum,
2554 2590 2774 2630 manum
2815 2574 3102 2642 collocant,
3129 2575 3185 2628 in
3216 2575 3503 2645 sagittandi

1934 2684 2096 2740 opere
2119 2670 2338 2725 brachia
2359 2677 2742 2740 pmparantes.
2776 2668 2884 2724 Sed
2906 2669 3182 2725 videamus
3216 2685 3373 2726 arcus
3403 2670 3503 2722 iste

1932 2770 2268 2834 praeparatus
2299 2776 2432 2832 quas
2459 2761 2684 2832 sagittas
2721 2761 2966 2816 emiserit
2989 2779 3003 2815 :
3026 2759 3095 2815 Et
3116 2763 3170 2816 in
3206 2762 3316 2831 ipso
3345 2779 3504 2828 paruo

1933 2855 2004 2908 vit
2027 2870 2150 2909 vasa
2176 2853 2356 2908 martis
2377 2869 2396 2917 ;
2419 2852 2637 2923 sagittas
2667 2867 2790 2906 suas
2811 2851 3110 2906 ardentibus
3137 2852 3304 2922 eﬁ‘ecit
3329 2850 3500 2922 (I’sal.

1932 2960 2034 3010 vn,
2061 2942 2171 3014 14).
2207 2942 2307 2998 Hic
2348 2941 2656 2998 distributio
2694 2941 2888 2997 divinae
2926 2941 3223 3012 majestatis
3259 2941 3500 2997 ostendi-

1935 3041 2042 3100 tur,
2071 3033 2196 3103 quia
2231 3047 2327 3104 per
2350 3047 2558 3098 arcum,
2581 3031 2634 3086 id
2655 3040 2738 3088 est
2765 3045 2863 3102 per
2887 3031 3056 3087 Vetus
3089 3039 3144 3086 et
3166 3031 3372 3086 Novum
3403 3031 3502 3086 Te-

259 3107 478 3164 V°¢ibus
523 3121 683 3178 Ροεηλ
715 3107 948 3164 hominis
994 3105 1231 3164 δι’θνίιθΐ
1261 3115 1347 3162 εει
1370 3119 1659 3178 expres”;
1701 3107 1827 3179 quia
1855 3108 1900 3172 C
1931 3130 2255 3180 stamentnm
2299 3122 2442 3180 sicut
2463 3123 2578 3194 jam
2603 3122 2806 3178 dictum
2836 3129 2940 3189 est,
2964 3130 3020 3178 et
3056 3122 3279 3180 eﬂ'ectus
3311 3123 3498 3178 mortis

257 3204 311 3249 et
356 3203 671 3267 angustatur
732 3195 801 3252 ad
858 3195 1058 3263 vitam,
1109 3204 1166 3252 et
1228 3196 1482 3253 dilatatur
1539 3197 1608 3253 ad
1663 3197 1828 3254 mise-

259 3283 414 3340 riam.
474 3282 534 3340 Si
584 3284 728 3340 enim
787 3284 1053 3342 subtiliter
1105 3284 1505 3354 «insideretur,
1552 3287 1692 3358 quod
1741 3286 1830 3344 hic

258 3375 464 3446 agitur,
529 3391 689 3449 paena
749 3385 805 3432 et
861 3377 1077 3433 miseria
1131 3384 1244 3445 est;
1301 3377 1404 3450 ipsi
1461 3379 1660 3436 etenim
1709 3395 1828 3435 cor-

255 3467 484 3539 ruptioni
551 3469 731 3525 carnis
775 3469 978 3526 servire
1018 3469 1087 3526 ad
1129 3470 1432 3528 necessaria
1481 3479 1642 3541 atque
1695 3486 1826 3528 con-

253 3575 438 3626 cessa,
485 3559 699 3615 miseria
753 3568 880 3615 est:
915 3569 976 3615 ut
1024 3569 1212 3617 contra
1263 3559 1435 3634 frigus
1478 3561 1822 3627 vestimenta,

254 3662 440 3708 contra
465 3650 665 3706 famem
691 3650 964 3719 alimenta,
993 3661 1180 3708 contra
1207 3660 1396 3708 aestum
1418 3643 1618 3724 frigora
1645 3652 1823 3724 requi-

254 3751 462 3811 rantur,
485 3743 629 3814 quod
652 3742 820 3800 multa
840 3744 1048 3801 cautela
1068 3745 1366 3801 custoditur
1386 3744 1532 3800 salus
1557 3745 1820 3815 corporis,

252 3836 395 3907 quod
431 3837 593 3892 etiam
631 3837 894 3894 custodita
938 3837 1235 3902 amittitur,
1271 3837 1470 3892 amissa
1507 3851 1630 3892 cum
1670 3836 1820 3906 gravi

250 3927 436 3984 labore
461 3934 761 3999 reparatur,
777 3935 833 3983 et
859 3936 1038 3983 tamen
1065 3936 1313 3998 reparata
1341 3939 1558 3997 semper
1580 3925 1636 3979 in
1660 3925 1820 3980 dubio

251 4028 352 4076 est.
385 4019 526 4088 Quid
555 4020 655 4075 hoc
683 4019 827 4074 aliud
855 4034 1017 4088 quam
1047 4019 1290 4074 mortalis
1313 4019 1436 4073 vitae
1459 4017 1676 4086 miseria
1703 4018 1821 4072 est?

250 4113 391 4184 quod
422 4127 666 4168 amamus
701 4111 906 4166 amicos
941 4111 1196 4179 suspecti,
1225 4125 1292 4164 ne
1332 4107 1529 4165 offendi
1570 4108 1817 4174 valeant;

250 4202 603 4259 formidamus
634 4200 903 4266 inimicos,
928 4209 1090 4269 atque
1110 4199 1284 4256 securi
1317 4199 1382 4255 de
1402 4197 1483 4254 eis
1503 4213 1611 4255 non
1635 4214 1822 4253 sumus

251 4293 434 4364 utique
451 4306 586 4362 quos
606 4290 974 4352 formidamus,
991 4289 1132 4359 quod
1153 4288 1469 4360 plerumque
1486 4287 1720 4345 inimicis
1741 4289 1820 4343 sic

249 4384 477 4440 ﬁdenter
499 4383 652 4455 quasi
682 4382 872 4438 amicis
897 4382 1185 4454 loquimur,
1201 4392 1256 4437 et
1271 4396 1650 4450 nonnunquam
1679 4397 1815 4452 pura

248 4478 408 4533 verba
425 4477 811 4548 proximorum,
827 4483 881 4529 et
897 4474 1119 4528 multum
1136 4489 1233 4530 nos
1245 4474 1472 4530 fortasse
1485 4474 1817 4545 diligentium
1847 4457 1896 4516 Ῐ)

247 4567 402 4636 quasi
422 4568 581 4624 verba
609 4566 933 4635 suscipimus
957 4565 1330 4636 inimicorum;
1352 4573 1407 4620 et
1432 4566 1523 4635 qui
1553 4564 1662 4619 falli
1685 4581 1816 4619 nun-

248 4671 410 4726 quam
431 4656 514 4711 vel
540 4656 725 4710 l‘allere
750 4656 1014 4722 volumus,
1048 4673 1115 4711 cx
1143 4656 1348 4711 cautela
1378 4666 1563 4711 nostra
1595 4656 1812 4727 gravius

248 4762 512 4803 erramus.
544 4746 680 4813 Quid
721 4747 902 4816 itaque
930 4747 1052 4811 hoc,
1081 4746 1184 4801 nisi
1231 4748 1479 4802 humana:
1503 4746 1624 4800 vitae
1663 4747 1816 4801 mise—

249 4839 330 4893 ria
371 4840 488 4893 est?
512 4839 652 4908 quod
683 4838 882 4893 amissa
920 4838 1124 4893 catlesti
1170 4840 1342 4908 patria
1373 4839 1618 4910 repulsus
1652 4839 1813 4894 homo

247 4928 543 4985 delectatur
579 4929 786 4996 exsilio,
816 4939 1070 5000 gravatur
1085 4930 1251 4996 curis,
1278 4939 1333 4986 et
1375 4939 1551 4986 tamen
1578 4931 1814 5000 cogitare

248 5021 550 5077 dissimulat
576 5038 733 5092 quam
764 5037 924 5094 grave
970 5022 1060 5086 sit,
1104 5022 1231 5092 quia
1276 5021 1443 5076 multa
1489 5023 1816 5094 cogitantur,

248 5113 390 5182 quod
416 5112 658 5183 privatus
687 5120 770 5167 est
807 5113 1017 5166 interno
1053 5111 1292 5166 lumine:
1325 5111 1377 5166 el
1411 5119 1587 5166 tamen
1631 5113 1682 5166 in
1717 5113 1820 5168 hac

251 5203 359 5256 vita
408 5201 500 5257 diu
545 5202 658 5256 vult
706 5202 913 5272 perpeti
957 5201 1252 5256 carcitatem
1312 5217 1484 5256 suam.
1537 5203 1676 5269 Quid
1717 5201 1820 5258 hoc

249 5293 418 5358 aliud,
438 5308 599 5364 quam
627 5293 692 5347 de
727 5307 883 5362 ptena
923 5302 1104 5349 nostra
1152 5303 1276 5348 nata
1309 5295 1524 5350 miseria
1564 5295 1684 5349 est?
1713 5294 1820 5350 Sed

249 5386 495 5456 quamvis
525 5386 616 5440 diu
661 5386 749 5440 hic
790 5394 934 5440 stare
975 5386 1266 5452 desideret,
1297 5387 1412 5456 ipso
1443 5395 1618 5458 tamen
1657 5403 1818 5443 cursu

252 5474 494 5530 mortalis
522 5474 644 5530 vitae
668 5473 959 5543 impellitur
987 5483 1047 5528 ut
1074 5475 1426 5549 egrediatur.]

321 5566 358 5635 ἦ·
396 5565 598 5620 Eodem
626 5565 783 5619 modo
820 5563 986 5618 nihilo
1022 5565 1199 5620 secius
1224 5566 1534 5622 confutatur
1563 5569 1703 5637 quod
1735 5567 1815 5622 ais

254 5657 391 5723 (cap.
431 5655 511 5720 I7,
537 5670 682 5709 num.
716 5653 950 5722 13,5ect.
981 5652 1067 5724 9):
1099 5651 1199 5706 Ubi
1237 5655 1408 5726 itaque
1434 5657 1703 5726 ignoratur
1737 5673 1815 5710 re-

1929 3213 2095 3280 venit,
2118 3221 2176 3270 et
2192 3213 2402 3285 sagittis
2439 3213 2608 3284 ipsius
2632 3213 2744 3268 vita
2771 3220 3071 3284 praestatur.
3106 3213 3349 3283 Egressa:
3375 3224 3501 3270 sunt

1927 3313 2108 3361 autem
2139 3305 2208 3362 de
2254 3305 2360 3360 isto
2389 3319 2522 3360 arcu
2570 3313 2824 3374 tanquam
2877 3305 3106 3375 sagittae,
3145 3305 3201 3360 id
3249 3317 3334 3360 est
3371 3321 3498 3375 apo-

1927 3395 2078 3462 stoli,
2107 3395 2202 3466 qui
2227 3393 2560 3461 ardentibus,
2591 3393 2696 3450 hoc
2717 3402 2802 3450 est
2828 3392 3257 3450 desiderantibus
3278 3395 3496 3457 animis.

1927 3486 1983 3542 in
2024 3487 2242 3542 modum
2282 3486 2601 3556 sagittarum
2641 3493 2907 3557 prtecepta
2936 3485 3194 3542 salutaria
3242 3487 3495 3540 transmi-

1923 3589 2112 3637 serunt
2137 3597 2150 3634 :
2176 3579 2316 3635 unde
2343 3587 2398 3635 et
2419 3579 2567 3649 impii
2599 3579 2991 3646 sauciarentur,
3023 3587 3078 3634 et
3106 3578 3351 3634 ﬁdelibus
3377 3577 3494 3632 cili-

1923 3687 2026 3729 cax
2065 3685 2198 3727 cura
2246 3669 2574 3740 proveniret.
2605 3667 2792 3737 E/fecit
2841 3674 3018 3722 autem
3065 3666 3333 3736 signiﬁcat
3377 3681 3500 3735 ope-

1925 3772 2073 3819 ratus
2101 3761 2228 3834 est.]

1991 3854 2032 3921 -ι-
2077 3852 2209 3919 Quis
2253 3866 2381 3906 vero
2421 3851 2667 3907 veritatis
2705 3850 3068 3922 ignorantiam
3117 3848 3494 3906 damnatian

1925 3951 2130 3998 tartara
2174 3940 2428 3998 illaturus
2447 3949 2550 4006 est,
2594 3941 2698 3996 nisi
2721 3943 2885 4012 judex
2927 3940 3183 3996 terribilis
3210 3950 3373 4010 atque
3403 3939 3492 4009 ju-

1921 4032 2212 4096 stissimus,
2246 4032 2338 4102 qui
2367 4031 2516 4086 novit
2543 4032 2671 4101 quid
2697 4032 2782 4087 cui
2815 4031 2898 4088 vel
2923 4032 3124 4098 demat,
3153 4031 3237 4086 vel
3263 4031 3495 4088 tribuat?

1923 4126 2028 4182 Sed
2055 4126 2122 4181 de
2158 4125 2243 4181 his
2271 4125 2404 4180 satis
2431 4136 2610 4181 actum
2637 4132 2739 4181 est.
2781 4123 2933 4180 Nunc
2957 4125 3014 4180 in
3057 4107 3276 4180 nomine
3304 4132 3360 4180 et
3400 4124 3494 4180 ad-

1917 4216 2118 4286 jutorio
2145 4215 2358 4271 Domini
2387 4215 2456 4270 ad
2481 4214 2690 4284 reliqua
2713 4215 3064 4271 divertamus.

2473 4330 2698 4386 CAPUT
2743 4329 2922 4387 XVIII.

1925 4418 2076 4494 Quod
2105 4435 2452 4494 error_eorum
2473 4423 2561 4492 qui
2585 4421 2737 4494 aliter
2762 4439 2920 4494 quam
2971 4422 3152 4494 Patres
3177 4423 3346 4494 sancti
3365 4438 3490 4494 sen-

1995 4491 2129 4545 tiunt
2150 4491 2218 4562 de
2249 4489 2738 4562 Prwdestinatione,
2766 4489 2829 4547 ea:
2861 4492 3154 4548 liberalium
3185 4491 3490 4562 disciplina-

1994 4577 2109 4614 rum
2140 4561 2432 4632 ignorantia
2463 4561 2688 4617 inolevit.

1993 4652 2224 4706 Octavus
2254 4653 2492 4708 decimus
2518 4654 2912 4724 proterviarum
2953 4661 3164 4714 tuarum
3211 4660 3389 4708 tumor
3417 4654 3489 4708 ita

1919 4750 2270 4813 praanotatur.

2472 4831 2697 4872 JOANNES
2735 4833 2948 4875 SCOTUS.

1993 4925 2174 4998 (Num.
2205 4927 2260 4993 2,
2287 4935 2418 4983 sect.
2449 4928 2526 5001 I.)
2556 4939 2596 4985 6
2624 4930 2775 4997 Quod
2817 4945 2963 4984 error
3005 4943 3183 4988 eorum
3212 4925 3302 4996 qui
3335 4933 3491 4982 auter

1917 5035 2076 5088 quam
2106 5018 2294 5074 Patres
2318 5022 2486 5074 sancti
2529 5023 2755 5076 sentiunt
2799 5022 2862 5084 de
2906 5017 3395 5085 Pra'destinatione,
3425 5033 3492 5082 ea:

1919 5109 2212 5164 liberalium
2235 5111 2630 5183 disciplinarum
2659 5112 2954 5184 ignorantia
2985 5111 3212 5166 inolevit.
3243 5109 3491 5164 Errorem

1920 5202 2092 5272 itaque
2131 5203 2468 5260 swvissimum
2496 5221 2675 5260 eorum
2718 5205 2805 5276 qui
2840 5203 3208 5262 venerabilium
3244 5200 3486 5267 Patrum,

1922 5293 2246 5366 maximeque
2273 5279 2440 5350 sancti
2463 5295 2761 5366 Augustini,
2777 5297 3056 5350 sententias
3081 5293 3296 5363 confuse
3317 5310 3378 5345 ac
3399 5307 3491 5361 per

1921 5383 2016 5437 llOC
2040 5386 2302 5454 mortifere
2321 5387 2388 5439 ad
2422 5401 2575 5440 suum
2596 5386 2958 5455 pravissimum
2986 5402 3190 5441 sensum
3228 5383 3487 5452 redigunt,

1921 5489 1984 5528 ex
2021 5475 2226 5532 utilium
2271 5475 2690 5545 disciplinarum,
2729 5493 2859 5548 quas
2902 5477 3014 5548 ipsa
3059 5473 3327 5544 Sapientia
3365 5486 3489 5524 suas

1921 5569 2128 5622 comites
2161 5569 2659 5639 investigatricesque
2695 5569 2809 5638 ﬁeri
2851 5569 3027 5636 voluit,
3055 5564 3348 5641 ignorantia
3385 5575 3488 5614 cre-

1921 5658 2142 5712 (Interim
2167 5657 2446 5726 sumpsisse
2470 5660 2776 5726 primordia.
