3974 6344
501 281 639 338 1305
1477 277 1534 332 S.
1575 275 1942 332 PRUDENTII
1985 275 2074 330 TR

2180 275 2362 332 ENSlS
2399 273 2705 332 EPlSCOPl
3605 283 3744 340 13οι

1123 403 1437 446 οοιιιεστιο.

509 499 512 502 ’
566 483 608 554 1-
643 479 868 542 Videtur
893 479 1026 535 mihi
1044 494 1147 534 vox
1170 479 1273 534 ista
1297 478 1438 532 illius
1475 477 1620 534 dicto
1645 477 1952 542 concinere,
1974 476 2066 546 qui

496 573 709 642 primus
751 573 950 628 dixisse
993 571 1230 643 legitur:
1264 568 1330 623 In
1372 568 1552 624 ctzlum
1589 569 1886 632 ascendam,
1915 583 2069 637 super

496 666 674 720 sidera
719 649 832 720 εξειὶ
863 682 1052 736 ponam
1099 662 1285 719 solium
1330 680 1521 729 meum,
1575 663 1756 718 sedebo
1800 664 1856 718 in
1899 671 2070 717 monte

502 758 838 824 Testamenti,
877 760 932 813 in
976 757 1220 812 lateribus
1247 757 1525 828 aquilonis,
1555 773 1643 810 ero
1688 757 1875 810 similis
1914 755 2071 809 Altis-

496 851 632 905 simo
655 849 788 922 (lsa.
819 864 933 913 xrv,
962 848 1073 918 l5),
1104 846 1170 901 de
1199 862 1305 916 quo
1333 846 1400 900 ad
1431 847 1647 901 beatum
1674 843 1774 900 Job
1812 844 2071 900 Dominus

500 937 974 1014 loquitur:0mne
1023 937 1242 992 sublime
1289 937 1445 1002 videt,
1497 938 1606 1006 ips‘e
1659 946 1733 990 est
1780 951 1872 989 rex
1917 950 2073 1002 super

502 1050 677 1088 omnes
705 1031 844 1102 ﬁlios
881 1030 1134 1101 superbia:
1161 1027 1284 1102 (Job
1309 1044 1424 1095 xu,
1463 1027 1588 1098 25);
1623 1041 1800 1097 neque
1835 1042 1864 1079 a
1903 1039 2071 1080 mem-

499 1124 616 1179 bris
641 1123 784 1179 illius
803 1121 1102 1179 desciscere
1132 1123 1198 1176 de
1219 1121 1414 1190 quibus
1435 1109 1702 1189 PrOpheta
1725 1116 2068 1190 pronuntiat:

485 1209 800 1267 ’Posuerunt
823 1213 877 1266 in
906 1209 1033 1266 caslo
1062 1209 1182 1282 [al.,
1208 1211 1263 1264 in
1299 1206 1506 1281 caelum]
1533 1225 1589 1262 os
1615 1224 1785 1273 suum,
1815 1217 1863 1260 et
1893 1207 2073 1276 lingua

497 1321 680 1361 eorum
723 1305 962 1360 transivit
990 1305 1043 1358 in
1088 1313 1227 1358 terra
1275 1301 1448 1374 (Psal.
1483 1318 1652 1367 mm,
1682 1300 1759 1372 9).
1785 1300 2072 1355 Verumta-

497 1410 625 1452 men
671 1394 764 1449 ﬁlii
796 1391 1114 1450 humilitatis
1153 1402 1208 1448 et
1235 1392 1480 1448 veritatis
1519 1407 1855 1461 nequaquam
1881 1391 2076 1447 talibus

501 1485 718 1555 injuriis
743 1493 1168 1549 commoventur,
1201 1491 1260 1538 ut
1291 1484 1533 1539 convicia
1561 1483 1838 1547 conviciis,
1869 1490 1924 1536 et
1947 1497 2075 1537 con-

501 1573 754 1630 tumelias
782 1573 1122 1630 contumeliis
1148 1571 1425 1628 referant:
1447 1572 1574 1641 quin
1606 1571 2076 1626 humiliores‘etl’e-

500 1668 599 1732 cti,
645 1667 905 1738 quidquid
941 1667 1040 1722 sibi
1095 1664 1352 1736 magistra
1399 1663 1703 1719 humilitate
1756 1673 1812 1718 et
1850 1657 2074 1717 veritate

2094 393 2141 449 Α
2171 387 2360 442 horum
2403 387 2760 459 ignorantiam
2807 387 2998 452 inuris,
3048 390 3289 461 nunquid
3334 392 3540 448 moveri
3583 395 3750 451 debet

2168 485 2352 532 nostra
2395 478 2691 544 humilitas,
2720 493 2843 534 cum
2887 479 3164 537 videamus
3191 498 3378 539 omnes
3407 486 3748 544 orthodoxae

2168 578 2348 640 patres
2375 581 2592 626 nostros
2637 570 2813 627 cidem
2848 571 3058 642 injuriae
3093 575 3416 641 substratos,
3444 579 3639 634 eadem
3667 580 3752 633 in-

2169 660 2331 716 famia
2369 662 2681 727 denotatos,
2714 662 2804 732 qui
2844 679 3033 718 omnes
3065 673 3210 719 tanta
3239 665 3546 722 liberalium
3585 670 3753 724 disci-

2167 749 2433 820 plinarum
2463 751 2770 807 eruditione
2794 761 3174 820 coruscarunt,
3197 764 3257 809 ut
3283 757 3460 813 nullus
3483 759 3588 824 eis,
3612 775 3755 829 quos

2168 841 2410 911 apprime
2421 840 2769 912 philosOphos
2784 843 3016 898 mundus
3033 844 3280 916 suscipit.
3293 849 3566 902 veraciter
3583 849 3756 914 aqui-

2168 932 2348 1000 parari
2394 932 2600 1001 possit:
2628 931 2824 1002 quippe
2851 947 2972 988 cum
3016 934 3090 988 ita
3119 949 3212 989 eos
3238 935 3292 989 in
3333 938 3595 992 omnibus
3619 954 3756 993 vera

2170 1022 2433 1090 sapientia
2482 1023 2822 1089 instruxerit,
2871 1032 2932 1078 ut
2979 1033 3128 1079 tanto
3177 1025 3482 1084 evidentius
3529 1038 3758 1085 nossent

2171 1111 2300 1180 quid
2329 1110 2382 1164 in
2405 1111 2484 1166 eis
2501 1113 2798 1178 vitandum,
2815 1114 2944 1182 quid
2971 1123 3114 1169 esset
3137 1119 3522 1186 appetendum,
3547 1129 3759 1188 quanto

2170 1200 2344 1255 eidem
2395 1215 2536 1256 verae
2576 1203 2850 1273 sapientia;
2900 1204 3194 1259 connexius
3236 1205 3592 1262 inhererent.
3646 1207 3762 1263 Sed

2173 1292 2433 1362 nunquid,
2457 1293 2583 1363 quia
2610 1308 2672 1348 ea
2703 1293 2829 1348 sciri
2851 1309 2948 1363 pro
2983 1303 3221 1364 tempore
3246 1295 3461 1350 Veritas
3491 1313 3605 1352 non
3630 1313 3760 1368 pm-

2174 1381 2369 1447 hibuit,
2399 1382 2518 1437 ideo
2548 1383 2766 1437 mentiri
2791 1382 2954 1451 jussit
2975 1383 3090 1438 sive
3119 1384 3327 1455 coegit?
3352 1385 3427 1440 At
3448 1385 3505 1440 in
3533 1387 3765 1456 quantis

2173 1473 2446 1528 mentibus
2471 1472 2568 1538 sis,
2591 1473 2835 1543 quisquis
2857 1476 3047 1528 eadem
3069 1472 3309 1529 Veritate
3336 1475 3648 1531 illustratus
3670 1486 3764 1530 tua

2176 1563 2324 1634 legit,
2353 1571 2600 1634 patenter
2625 1563 2875 1618 advertit.
2901 1563 2980 1618 Ac
3003 1579 3103 1634 per
3126 1565 3246 1629 hoc,
3273 1567 3762 1636 quemadmodum,

2179 1657 2410 1711 donante
2440 1655 2688 1720 Domino,
2731 1655 3007 1724 superiora
3037 1656 3293 1720 indicant,
3340 1667 3396 1711 tu
3427 1659 3617 1728 potius
3657 1674 3764 1712 non

501 1735 683 1813 datum
725 1735 892 1830 gratis
935 1735 1220 1823 noverunt,
1249 1757 1316 1812 ad
1356 1755 1535 1812 dantis
1563 1755 1789 1826 gloriam
1817 1765 1872 1810 et
1909 1755 2078 1810 houo-
2103 1735 2151 1795 Β
2179 1745 2350 1800 δοιυῐῐι
2377 1744 2522 1800 ἀίειό
2546 1745 2848 1809 Βοιιιὶηῑεθ,
2883 1760 3065 1799 verum
3088 1744 3250 1800 eliam
3288 1745 3515 1801 Patrum
3547 1756 3767 1801 senten-

504 1865 618 1904 rem
647 1858 960 1920 retorquere
995 1848 1206 1920 penitus
1232 1847 1544 1911 elaborent;
1567 1845 1719 1915 cujus
1752 1845 1798 1900 si
1823 1845 2075 1915 magiste-

503 1940 588 1996 rio
612 1941 698 1996 vel
719 1940 924 2005 doceri,
950 1939 1031 1994 vel
1065 1939 1144 1994 uti
1173 1937 1535 2009 quaesivisses,
1570 1950 1842 2005 nunquam
1872 1936 1924 1991 in
1953 1942 2074 1989 tan-

505 2047 588 2088 :as
611 2031 972 2102 blasphemias
996 2040 1156 2100 atque
1177 2028 1535 2100 impudentias
1556 2028 1913 2098 prorupisses.
1939 2025 2074 2080 Nam

506 2126 620 2192 ipsa
644 2122 710 2176 ad
735 2121 1111 2176 destruendam
1135 2119 1316 2173 mundi
1339 2119 1680 2188 sapientiam,
1703 2117 1788 2171 cui
1812 2115 2076 2187 superbus

505 2209 748 2273 insudas,
789 2207 984 2263 idiotas
1022 2215 1078 2262 et
1101 2207 1420 2276 piscatores,
1451 2221 1559 2260 non
1593 2205 1863 2274 sophistas
1890 2203 2073 2275 elegit,

505 2313 732 2366 quorum
767 2307 1004 2352 tumores
1047 2311 1169 2352 cum
1199 2296 1340 2368 apud
1379 2295 1688 2351 Corinthios
1715 2293 1800 2350 vel
1839 2295 2078 2350 maxime

503 2397 560 2443 et
591 2389 936 2444 Colossenses
965 2387 1250 2457 Apostolus
1280 2386 1459 2442 divina
1487 2386 1812 2440 auctoritate
1847 2383 2075 2439 commi-

506 2481 703 2546 nuerit,
733 2481 889 2535 nauci
933 2480 1090 2535 factis
1116 2479 1364 2535 omnibus
1388 2488 1442 2534 et
1481 2477 1738 2548 cxplosis,
1765 2476 1833 2533 de
1867 2491 1926 2533 se
1963 2478 2078 2532 sui-

503 2586 608 2642 que
635 2571 988 2642 participibus
1023 2571 1160 2626 dixit
1190 2591 1200 2624 :
1235 2569 1385 2625 Nihil
1401 2570 1636 2640 judicaui
1675 2585 1756 2624 me
1785 2570 1916 2624 scire
1941 2569 2078 2624 inter

502 2676 608 2720 ros.
642 2662 742 2715 nisi
775 2661 1040 2715 Christum
1066 2659 1276 2726 Jesum,
1298 2671 1344 2714 et
1373 2661 1511 2715 hunc
1535 2659 1844 2729 crucifixum
1877 2657 1926 2730 (I
1950 2658 2073 2714 Cor.

507 2765 570 2814 lt,
592 2747 670 2820 2).
699 2749 764 2804 Et
803 2749 915 2818 ipsa
943 2747 1154 2803 Veritas
1194 2748 1430 2803 clamat:
1472 2745 1652 2801 Venite
1690 2747 1759 2801 ad
1790 2763 1869 2802 me
1899 2763 2074 2810 omnes

413 2861 420 2864 ·
501 2841 593 2907 qui
617 2840 868 2894 laboratis
904 2849 954 2894 et
977 2840 1179 2896 onerati
1199 2839 1344 2904 estis,
1368 2848 1414 2893 et
1433 2854 1524 2910 ego
1565 2838 1796 2905 reﬁciam
1819 2854 1926 2892 vos.
1957 2836 2078 2891 Tol-

505 2934 595 2986 lite
614 2932 803 3002 jugum
831 2948 1003 2986 meum
1032 2947 1189 3002 super
1226 2947 1332 2995 vos,
1363 2938 1412 2984 et
1439 2929 1622 2984 discite
1645 2947 1676 2983 a
1702 2945 1783 2984 nte
1819 2929 1945 2999 quia
1973 2929 2074 2982 mi-

506 3023 573 3075 tis
601 3038 716 3094 sum
753 3031 800 3076 et
841 3021 1052 3075 humilis
1089 3019 1274 3085 corde;
1317 3027 1364 3074 et
1392 3017 1662 3073 invenietis
1693 3019 1920 3088 requiem
1953 3017 2074 3070 ani-

2181 1835 2286 1890 tias
2315 1843 2463 1889 tanta
2498 1835 2882 1904 depravatione
2909 1834 3017 1889 tuis
3054 1834 3329 1891 erroribus
3372 1835 3674 1901 intorsisti,
3711 1847 3769 1889 ut

2177 1924 2350 1980 lector
2378 1923 2593 1978 illorum
2639 1926 3000 1980 necessariam
3029 1920 3254 1994 prorsus
3291 1925 3495 1980 habeat
3523 1935 3584 1980 et
3609 1941 3769 1979 exer-

2177 2016 2486 2071 citationem
2529 2015 2790 2080 sedulam,
2831 2023 2888 2070 et
2930 2015 3407 2086 praesentissimam
3447 2017 3765 2072 veritatem.

2176 2099 2512 2179 Quapropter
2540 2105 2882 2163 manifestum
2899 2116 2984 2162 est
3007 2115 3079 2172 te,
3102 2107 3222 2161 ideo
3241 2121 3272 2161 a
3299 2107 3541 2162 veritate
3573 2109 3768 2162 tantis-

2177 2215 2275 2270 per
2298 2201 2656 2264 exorbitasse,
2682 2199 2809 2270 quia
2835 2198 3068 2270 inuisus.
3087 2197 3294 2253 inﬂanti
3325 2198 3596 2263 scientiae,
3621 2200 3766 2269 quod

2175 2307 2362 2348 verum
2385 2300 2504 2347 erat
2525 2279 2818 2362 sponta'nea
2841 2291 3170 2362 proindeque
3190 2289 3586 2360 superbissima
3607 2305 3765 2343 aver-

2147 2413 2153 2422 ~
2177 2383 2330 2440 sione
2365 2382 2648 2452 reliquisti.

2246 2471 2496 2543 Nunquid
2542 2481 2760 2528 sanctus
2792 2471 3137 2544 Fulgentius,
3162 2472 3248 2526 vir
3287 2472 3496 2542 absque
3543 2472 3765 2526 haesita-

2178 2563 2323 2621 tione
2349 2564 2712 2631 doctissimus,
2747 2565 3049 2636 ignorantia
3087 2563 3498 2636 disciplinarum
3548 2580 3766 2618 earum—

2178 2656 2298 2714 dem
2353 2655 2610 2712 menlitus
2655 2665 2769 2722 est,
2799 2656 3116 2727 exponendo
3163 2657 3233 2711 de
3275 2656 3767 2726 pmdestinatione

2178 2748 2498 2804 sententiam
2541 2747 2845 2818 Augustini,
2877 2748 2929 2802 in
2960 2747 3114 2818 cujus
3143 2747 3529 2818 explanatione
3561 2747 3764 2801 librum

2178 2839 2410 2896 mirabili
2433 2839 2737 2910 eloquentia
2757 2848 2812 2893 et
2833 2838 3074 2893 veritatis
3095 2838 3317 2893 scientia
3340 2837 3763 2892 refertissimum

2180 2928 2444 2984 absolvit?
2467 2943 2627 2998 quem
2657 2928 2728 2982 ita
2761 2927 2995 2982 vicinum
3025 2927 3358 2997 temporibus
3381 2927 3638 2998 ejusdem
3663 2929 3763 2981 Au-

2181 3018 2382 3091 gustini
2430 3017 2692 3081 novimus,
2725 3025 2785 3072 ut
2811 3017 2896 3072 vel
2931 3017 3001 3072 ab
3029 3018 3178 3088 ipso,
3210 3016 3290 3072 vel
3319 3018 3387 3072 ab
3421 3019 3762 3072 auditoribus

507 3091 689 3167 mabus
717 3113 917 3168 vestris.
954 3111 1152 3182 Iugum
1173 3110 1310 3164 enim
1343 3107 1512 3162 meum
1542 3123 1702 3162 suave
1728 3116 1826 3172 est,
1863 3114 1909 3159 et
1946 3121 2078 3159 onus
2105 3082 2151 3145 Ο
2183 3082 2348 3177 illius,
2373 3110 2736 3182 integritatem
2759 3110 2877 3180 ejus
2895 3082 3152 3190 doctrina:
3174 3109 3466 3164 sinceriter
3487 3111 3764 3165 addiscere

507 3216 681 3255 meum
723 3201 828 3256 leve
857 3199 1072 3272 (Matth.
1119 3215 1197 3265 χι,
1227 3198 1341 3271 28).
1386 3198 1524 3253 Ecce
1570 3197 1828 3269 magistra
1865 3194 2080 3253 Veritas

512 3291 647 3345 disci
674 3306 702 3345 a
743 3305 801 3345 se
830 3290 1185 3346 humilitatem
1213 3298 1269 3344 et
1297 3289 1786 3354 mansuetudinem,
1815 3304 1924 3344 non
1953 3288 2076 3342 rhe-

511 3384 738 3438 toricam
773 3390 828 3437 et
857 3381 1194 3436 dialecticam
1217 3377 1386 3450 jubet.
1428 3381 1494 3435 Et
1532 3379 1820 3450 Apostolus
1845 3379 1978 3448 ejus,
2011 3379 2081 3434 ab

513 3477 616 3530 hac
637 3473 853 3529 inﬂante
878 3474 1103 3530 scientia
1137 3473 1274 3528 ﬁlios
1299 3487 1424 3528 suos
1449 3471 1764 3542 prohibens,
1791 3470 2081 3526 humilitati

508 3573 566 3619 et
610 3563 818 3619 veritati
861 3563 1184 3634 evangelicae
1223 3562 1540 3617 studendum
1573 3561 1815 3632 praecipit
1858 3560 1911 3630 (Ι
1943 3561 2078 3615 Tim.

507 3672 583 3718 vt.
610 3656 722 3728 20).
752 3655 888 3712 Hinc
930 3665 984 3712 et
1009 3655 1176 3711 lsaias
1201 3655 1462 3726 propheta
1504 3653 1618 3723 ait”:
1654 3651 1754 3708 Ubi
1777 3663 1850 3708 est
1880 3653 2081 3708 littera-

510 3749 637 3803 tus?
665 3747 765 3803 Ubi
791 3749 942 3803 t'erba
972 3747 1098 3819 legis
1135 3747 1467 3818 ponderans?
1499 3746 1587 3800 ubi
1625 3745 1808 3800 doctor
1840 3746 2083 3816 parvulo-

511 3840 668 3894 rum?
707 3839 971 3911 Populum
1011 3840 1384 3909 imprudentem
1419 3836 1540 3911 [al.,‘
1565 3836 1935 3910 impudentem]
1981 3853 2084 3891 non

509 3933 724 3998 uidebis,
749 3931 997 4004 populum
1021 3931 1116 3986 alti
1132 3929 1406 3997 sermonis,
1431 3933 1506 3985 ita
1529 3941 1582 3985 ut
1600 3947 1702 3985 non
1722 3931 1889 4001 possis
1932 3929 2084 3984 intel-

515 4030 673 4099 ligere
713 4028 1126 4083 disertitudinem
1157 4027 1349 4099 lingua!
1369 4028 1482 4098 ejus
1509 4027 1563 4081 in
1583 4043 1684 4098 quo
1713 4025 1856 4080 nulla
1893 4035 1966 4079 est
1996 4041 2084 4078 sa-

511 4119 702 4174 pientia
733 4118 867 4190 (lsa.
910 4133 1102 4181 xxxm,
1135 4117 1223 4182 18,
1270 4117 1385 4189 19).

573 4195 722 4265 ’1ν1ῑηο
783 4208 892 4263 Leo
942 4208 995 4262 in
1066 4207 1358 4263 Sermone‘
1387 4209 1452 4262 de
1509 4205 1766 4263 Passione
1818 4205 2078 4260 Domini:

514 4301 708 4372 [llanc,
753 4301 1111 4365 dilectissimi,
1142 4299 1530 4356 incarnationis
1557 4299 1848 4354 Dominicm
1897 4297 2080 4363 ﬁdem,

515 4409 609 4464 per
647 4407 808 4463 quam
855 4401 964 4447 tota
1002 4392 1240 4447 Ecclesia
1271 4407 1465 4461 corpus
1512 4400 1595 4445 est
1628 4389 1850 4453 Christi,
1897 4389 2084 4444 incon-

513 4496 674 4536 cusso
723 4480 884 4535 corde
933 4489 1233 4546 servantes,
1284 4480 1354 4534 ab
1405 4481 1655 4536 omnibus
1705 4481 2080 4537 haereticorum

507 4574 748 4647 jejunatc
789 4573 1100 4629 mendaciis.
1145 4573 1212 4627 Et
1240 4573 1316 4628 ita
1341 4572 1495 4628 vobis
1524 4572 1728 4629 credite
1767 4572 2080 4628 misericor-

510 4667 612 4720 di:e
637 4679 798 4734 opera
827 4661 1132 4735 profutura,
1159 4661 1234 4718 ita
1274 4661 1544 4718 fructuosc
1573 4662 1874 4718 habendam
1913 4662 2083 4718 conti-

511 4757 708 4812 uentis:
733 4756 1043 4826 puritatem,
1071 4753 1117 4810 si
1157 4762 1364 4812 mentes
1391 4763 1585 4810 vestra:
1613 4753 1756 4808 nulla
1792 4770 2079 4824 pravarum

509 4848 819 4921 opinionum
860 4847 1267 4902 intaminatioue
1293 4839 1628 4902 sordescunt.
1655 4845 1887 4914 Abjicite
1915 4859 2078 4900 exosa

507 4932 738 4997 Domino
780 4940 1061 4995 mundana:
1091 4945 1404 5009 argumenta
1452 4938 1748 5006 sapientim,
1782 4952 1878 5006 per
1917 4951 2076 5005 quam

510 5047 670 5088 nemo
707 5033 774 5086 ad
803 5033 1160 5103 cognitionem
1193 5030 1435 5086 veritatis
1460 5031 1633 5100 potuit
1673 5031 1975 5100 pervenire,
2025 5036 2081 5084 et

512 5126 613 5180 hoc
643 5124 805 5182 ﬁxum
833 5123 1024 5180 habete
1052 5124 1105 5178 in
1129 5124 1308 5179 animo
1335 5123 1477 5193 quod
1498 5123 1678 5177 dicitis
1706 5123 1756 5177 in
1789 5120 2077 5193 symbolo]

581 5216 619 5284 -ῖο
647 5216 884 5288 Apparet
932 5216 1094 5284 igitur
1135 5214 1289 5284 cujus
1331 5215 1406 5270 sis
1434 5213 1595 5276 ﬁlius,
1625 5214 1738 5282 qui,
1788 5216 1856 5268 ab
1888 5215 2077 5268 horum

418 5375 420 5378 ν
509 5308 732 5362 salutari
782 5306 1114 5362 institutione
1141 5307 1468 5370 descisccns,
1517 5305 1620 5359 illis
1649 5314 1700 5359 le
1728 5305 1944 5370 inseris,
1974 5305 2078 5359 illis

511 5396 713 5452 inﬂaris
739 5412 858 5466 quae
880 5396 966 5451 isti
997 5403 1050 5450 et
1071 5397 1493 5466 reprﬁavcrunt
1521 5404 1574 5449 et
1614 5395 1765 5450 llocci
1793 5395 2076 5464 pendenda

509 5489 797 5542 duxerunt.
831 5487 1086 5554 Quamvis
1111 5487 1369 5557 quidquid
1401 5487 1452 5540 in
1489 5485 1569 5542 cis
1613 5485 1740 5540 utile
1777 5485 2076 5540 salubritati

509 5588 566 5632 et
591 5579 917 5649 simplicitati
949 5578 1268 5634 Christiantc
1301 5577 1422 5633 lidei
1451 5576 1744 5646 iudicatur,
1780 5593 2079 5647 usquequa-

512 5685 615 5742 que
648 5687 742 5726 nec
773 5671 1101 5742 improbetur
1135 5685 1233 5726 nec
1263 5671 1554 5741 ignoretur.
1583 5669 1655 5726 Ac
1683 5679 1826 5726 certe
1853 5671 1894 5724 si
1925 5670 2079 5725 nobis

2110 4443 2162 4502 D

2185 3200 2466 3274 potuisset.
2498 3199 2748 3271 Nunquid
2775 3209 2831 3255 et
2858 3207 3078 3254 sanctus
3104 3199 3338 3268 Prosper
3369 3200 3574 3255 harum
3605 3200 3763 3253 insci-

2184 3295 2258 3349 tia
2283 3294 2505 3360 erravit,
2527 3293 2618 3362 qui
2649 3293 2896 3347 eumdem
2922 3291 3154 3362 propriis
3179 3291 3425 3361 epistolis
3446 3280 3759 3350 consulens.

2184 3387 2250 3441 ab
2279 3400 2450 3454 eoque
2483 3384 2760 3454 rescriptis
2798 3384 3080 3439 catholicis
3123 3385 3378 3448 edoctus,
3410 3385 3556 3438 adeo
3588 3385 3647 3437 in
3687 3399 3764 3436 as-

2184 3476 2418 3531 sertione
2441 3474 2684 3529 veritatis
2712 3474 2997 3528 roboratus
3021 3481 3122 3536 est,
3156 3481 3214 3528 ut
3243 3481 3354 3527 tam
3376 3475 3626 3544 prepriaz
3651 3489 3766 3528 ern-

2185 3567 2405 3623 ditionis
2433 3567 2648 3638 scriptis
2671 3581 2831 3636 quam
2875 3567 3178 3636 apostolicae
3209 3565 3368 3620 Sedis
3396 3565 3648 3622 decretis
3679 3567 3766 3620 do-

2183 3658 2410 3714 ctrinam
2435 3658 2566 3712 tanti
2588 3657 2764 3713 Patris
2785 3656 3101 3721 defenderit,
3125 3657 3449 3730 defendique
3478 3660 3764 3714 studuerit.

2184 3749 2435 3820 Nunquid
2457 3751 2598 3806 beati
2632 3751 2900 3806 antistites
2921 3751 3213 3824 Gregorius
3230 3762 3283 3808 et
3301 3753 3551 3810 lsidorus
3579 3755 3764 3809 harum

2185 3843 2486 3915 ignorantia
2515 3853 2856 3910 erraverunt,
2878 3860 3106 3915 quarum
3131 3846 3211 3900 eis
3229 3844 3765 3916 all'uisse‘plnrimarn

2185 3935 2464 4008 scientiam
2496 3935 2800 3992 nullatenus
2835 3937 3180 4007 ignoramus?
3218 3937 3416 3994 Desine
3471 3939 3648 4010 igitur
3687 3954 3766 3994 αι-

2187 4027 2397 4100 tholicis
2423 4023 2663 4097 viriSque
2693 4027 3075 4083 eruditissimis
3119 4030 3260 4085 hanc
3307 4029 3620 4100 importare
3646 4045 3769 4084 con-

2187 4117 2481 4186 tumeliam,
2509 4133 2647 4189 quos
2674 4120 2931 4190 magistra
2957 4119 3169 4176 Veritas
3196 4135 3291 4192 per
3320 4131 3584 4176 sanctum
3608 4121 3772 4192 Spirio

2184 4220 2296 4268 tum
2315 4225 2528 4268 omnem
2549 4212 2732 4269 docuit
2753 4214 3056 4269 veritatem.
3080 4213 3281 4286 Nempe
3301 4231 3425 4270 cum
3453 4224 3534 4270 tot
3554 4216 3770 4270 urbium

2184 4301 2660 4372 ctenobiorumque
2689 4311 2875 4359 sancta
2919 4305 3168 4376 examina
3207 4307 3646 4359 memoratarum
3689 4320 3772 4359 aro

2187 4396 2318 4450 tium
2364 4395 2573 4450 videam
2613 4393 2774 4450 ﬂores
2815 4394 3015 4467 legere,
3064 4394 3205 4451 fetus
3239 4397 3421 4460 edere,
3452 4395 3772 4451 dulcissima

2187 4486 2346 4541 mella
2372 4501 2713 4557 componere,
2742 4503 3015 4557 nunquam
3045 4488 3135 4542 uni
3173 4488 3265 4543 tibi
3296 4488 3660 4558 singulariter
3683 4489 3774 4543 de-

2187 4576 2485 4646 putaverim
2499 4577 2641 4646 quod
2665 4577 2923 4647 sapientia
2943 4597 2956 4632 :
2973 4577 3124 4632 Diues
3145 4579 3198 4632 in
3215 4595 3392 4633 omnes
3411 4581 3508 4650 qui
3527 4580 3774 4633 invocent

2185 4655 2338 4718 illam
2360 4662 2529 4731 (Rom.
2557 4681 2608 4728 χ,
2639 4665 2748 4734 lz‘),
2779 4667 2977 4734 passim
3010 4675 3157 4721 tanta
3188 4667 3456 4737 largitatis
3488 4665 3772 4722 afﬂuentia

2185 4755 2457 4824 dispertiri
2487 4757 2848 4826 cognoscitur.
2880 4756 3063 4827 Neque
3088 4756 3304 4832 silentio
3327 4758 3770 4828 praetereundum

2184 4846 2414 4907 videtur,
2457 4846 2598 4916 quod
2634 4861 2799 4902 ausus
2837 4863 2897 4902 es
2927 4847 3127 4913 dicere,
3170 4847 3410 4902 liberales
3455 4833 3773 4918 disciplinas

2183 4939 2392 4992 comites
2413 4953 2542 5002 esse,
2561 4937 2825 5009 investigat
2835 4940 3063 5009 ricesque
3085 4939 3408 5008 sempiterna
3427 4936 3769 5010 Sapientior].

2182 5044 2319 5098 quas
2345 5037 2557 5084 constat
2583 5029 2833 5084 nimirum
2865 5030 3174 5085 inventione
3199 5029 3477 5085 hominum
3503 5043 3538 5082 a
3570 5029 3694 5083 Deo
3721 5039 3773 5084 et

2184 5138 2288 5175 una
2317 5120 2590 5191 Sapientia
2620 5123 2916 5176 extorrium
2964 5130 3125 5190 atque
3155 5121 3452 5192 expertium
3497 5130 3768 5190 repertas.

2185 5215 2240 5269 Si
2267 5215 2431 5270 enim
2474 5215 2575 5269 illae
2617 5214 2839 5268 comites
2893 5213 3425 5284 invesﬁgatricesqne
3467 5213 3772 5267 creduntur

2187 5305 2530 5376 sempiternae
2557 5303 2864 5373 Sapientiae,
2882 5303 3128 5372 sequitur
3153 5310 3212 5355 ut
3233 5301 3550 5355 inventores
3573 5313 3771 5354 earum

2185 5397 2432 5452 homines
2475 5403 2754 5466 :equentur
2793 5393 2895 5464 ipsi
2934 5392 3274 5463 sempiterna:
3320 5389 3638 5460 Sapientiae,
3676 5403 3772 5458 per

2185 5503 2322 5558 quos
2351 5487 2432 5541 sui
2459 5486 2683 5540 comites
2703 5485 2895 5554 suique
2925 5480 3348 5552 investigatriccs
3375 5481 3610 5534 inventm
3635 5495 3766 5548 pra-

2186 5581 2451 5634 dicantur.
2495 5577 2646 5631 Nulla
2690 5586 2867 5631 autem
2915 5584 3159 5630 creatura
3209 5583 3424 5628 aeternae
3473 5569 3767 5639 Sapienter

2184 5668 2384 5740 :equari
2419 5668 2595 5734 debet,
2625 5682 2795 5737 eaque
2825 5665 3088 5721 ullatenus
3118 5664 3275 5720 valet.
3308 5662 3526 5716 Falsum
3557 5670 3644 5716 est
3669 5661 3764 5730 igi-
