3974 6344
187 280 317 338 1505

1023 281 1110 337 DE
1150 281 1816 340 PREDESTINATIONE
1854 284 2131 342 CONTRA
2166 285 2216 343 Ι.
2264 285 2561 345 SCOTUM.

3274 293 3410 350 1506

185 400 268 448 tur
304 405 416 456 eas,
445 390 499 446 id
528 398 614 446 est
646 390 976 447 inventiones
1015 392 1296 459 humanas,
1323 407 1616 465 earumque
1657 410 1740 451 re-
1765 397 1816 457 A
1844 405 1999 463 runt,
2045 408 2101 454 et
2137 400 2449 470 priusquam
2486 401 2677 458 ﬁerent
2703 402 2769 459 de
2793 402 2874 460 eis
2897 403 3188 476 cogitatum
3216 416 3332 476 est,
3362 420 3418 466 et

183 489 452 552 pertores,
482 480 709 536 comites
758 489 921 550 atque
970 480 1402 554 investigatrices
1447 498 1569 539 esse
1605 499 1746 540 verte

184 573 622 642 sempitemteque
663 571 982 643 Sapientiae,
1009 573 1220 629 dicente
1265 573 1574 651 Propheta:
1599 573 1743 640 Quo-

185 667 322 722 niam
358 665 475 737 quis
509 666 566 721 in
595 666 813 720 nubibus
844 666 1139 736 agitabitur
1169 665 1408 731 Domino,
1436 665 1621 720 similis
1650 667 1744 719 erit

188 753 290 836 Deo
326 755 462 810 inter
495 755 634 823 filios
659 754 756 809 Dei
784 754 900 827 (Ps.
932 771 1196 821 LXXXVIII,
1219 754 1296 826 7),
1341 763 1544 825 quanto
1571 755 1758 834 minus.

185 845 318 901 ﬁlios
341 844 578 902 diaboli?
601 845 803 902 Deinde
832 845 1040 917 afﬁngis
1061 847 1288 902 alteram
1316 846 1633 917 ignorantia:
1666 846 1749 900 in-

155 977 158 980 .
182 935 418 1002 iamiam,
441 953 562 1008 quae
581 939 648 994 ad
673 953 786 994 rem
812 953 918 994 non
939 939 1212 1009 pertinere
1233 937 1585 994 nihilominus
1605 953 1749 994 com-

182 1027 456 1097 probatur.

181 1138 184 1142 '
705 1106 934 1175 Joannes
970 1132 1185 1174 sco'rus.

255 1230 400 1305 (Cap.
441 1230 526 1295 I8,
556 1247 704 1286 num.
747 1230 813 1298 3,
845 1239 976 1286 sect.
1019 1231 1096 1302 I.)
1126 1241 1167 1287 Θ
1199 1229 1421 1301 Insuper
1459 1227 1634 1296 etiam,
1668 1227 1750 1284 in-

181 1325 390 1394 quiens,
416 1321 722 1380 Gra'carum
753 1325 1043 1379 litterarum
1084 1325 1292 1379 inscitia
1319 1325 1373 1379 in
1403 1325 1589 1395 quibus
1615 1341 1752 1396 pra:-

181 1416 911 1486 destinationisinterpretatio
943 1415 1141 1471 nullam
1171 1417 1526 1488 ambiguitatis
1563 1417 1748 1488 caligi-

183 1525 292 1563 nem
316 1509 512 1579 gignit;
538 1525 654 1578 qua:
683 1509 728 1562 si
764 1508 1062 1579 diligentius
1090 1509 1154 1562 ab
1199 1508 1593 1580 inquisitoribus
1618 1508 1749 1563 veri-

181 1599 299 1652 tatis
327 1639 341 1663 ,
389 1615 492 1652 non
541 1599 603 1652 ab
649 1599 991 1653 assertoribus
1040 1599 1324 1669 falsitatis,
1371 1599 1747 1664 attenduntur,

179 1690 576 1760 quotiescunque
599 1689 703 1762 sive
731 1689 795 1743 de
821 1690 965 1744 bonis
992 1691 1206 1753 usitate,
1228 1692 1335 1745 sive
1353 1691 1418 1744 de
1441 1689 1594 1744 malis
1615 1691 1749 1744 abu-
1775 1711 1783 1762 ς

1845 499 2030 558 postea
2065 491 2445 547 substiterunt.

1913 578 1953 650 ἦ·
1975 578 2041 633 Ει
2060 579 2198 634 infra
2219 580 2340 650 (Id.,
2373 583 2525 652 ibid.)
2545 601 2557 637 :
2580 582 2754 656 [Quod
2781 601 2902 641 cum
2931 587 3271 657 prmdestinet
3297 605 3413 656 nos,

1846 667 1958 724 sive
1979 669 2396 740 prteﬁniatDeus
2422 672 2476 726 in
2499 673 2836 743 adoptionem
2863 674 3094 732 ﬁliorum
3113 693 3210 748 per
3231 676 3417 734 Iesum

1846 760 2165 836 Christum.]
2180 764 2220 834 -ι-
2239 764 2304 818 Ει
2331 774 2452 835 post
2475 767 2748 835 paululum
2779 767 2960 840 :[Quze
2986 768 3124 837 laus,
3144 770 3414 840 inquiunt,

1846 853 2028 924 gloria:
2071 854 2255 926 gratim
2291 855 2384 911 Dei
2427 857 2724 930 (Id.,ibid.)
2762 868 2844 914 est
2875 860 2995 914 aliis
3036 862 3332 931 gratiﬁcari
3361 862 3417 917 in

1846 941 2084 1008 Christo,
2117 943 2251 998 alios
2289 945 2505 1000 eternis
2535 961 2842 1016 pmparare
2864 947 3184 1021 suppliciis.]

1897 1029 1958 1103 Δ-ί-
1982 1033 2040 1088 In
2065 1035 2254 1090 eadem
2282 1051 2294 1087 :
2321 1033 2531 1106 [Supra
2561 1036 2843 1090 secundum
2867 1037 3118 1107 placitum
3143 1038 3420 1094 voluntatis

1846 1137 1957 1178 sua:
1987 1120 2148 1194 (Eph.
2180 1139 2231 1188 v,
2262 1122 2339 1194 5),
2371 1139 2513 1178 nunc
2547 1125 2837 1180 secundum
2864 1126 3117 1196 placitum
3143 1141 3298 1181 suum
3328 1142 3420 1182 vo-

1849 1213 2052 1268 luntate
2079 1213 2341 1279 detracta,
2361 1217 2709 1290 προώρισμον,
2736 1215 2786 1270 id
2809 1224 2892 1270 est
2911 1215 3421 1286 prazdestinationem

1850 1307 1905 1362 in
1933 1307 2271 1378 adoptionem
2297 1305 2526 1378 ﬁliorum
2557 1323 2656 1378 per
2685 1305 2866 1363 Jesum
2897 1307 3174 1364 Christum
3205 1298 3418 1378 posuit,

1849 1397 1940 1454 hic
1979 1413 2109 1453 vero
2137 1397 2392 1474 πρόθεσιν,
2418 1398 2472 1452 id
2494 1409 2577 1452 est
2601 1399 3024 1468 propositionem.
3053 1397 3198 1454 Inter
3217 1399 3423 1468 prazde-

1851 1490 2196 1545 stinationem
2230 1497 2410 1543 autem
2440 1497 2494 1544 et
2520 1489 2877 1559 propositum,
2901 1489 2954 1544 hi
2975 1488 3066 1559 qui
3091 1488 3264 1544 solent
3283 1489 3424 1544 inter

1851 1580 2013 1635 verba
2041 1579 2332 1646 discutere,
2364 1579 2468 1635 hoc
2495 1587 2747 1636 asserunt
2787 1580 3078 1645 interesse,
3111 1580 3251 1650 quod
3285 1595 3423 1650 pras-

1851 1669 2138 1726 destinatio
2165 1668 2390 1738 alicujus
2416 1669 2496 1724 rei
2525 1669 2694 1725 multo
2717 1677 2867 1736 ante,
2897 1669 2953 1722 in
2979 1677 3159 1724 mente
3185 1668 3301 1739 ejus
3328 1668 3421 1738 qui

181 1755 281 1834 sive
323 1755 707 1848 prwdestinatio
753 1779 938 1849 frontis
990 1799 1136 1847 suae,
1181 1784 1497 1852 sapientibus
1541 1783 1747 1853 quidem

1869 1763 2111 1829 lestinet,
2156 1763 2284 1833 quid
2327 1763 2567 1818 futurum
2609 1761 2680 1818 sit
2718 1761 3050 1832 praeﬁguret;
3089 1759 3422 1830 propositum

183 1869 482 1933 notissimae,
505 1871 700 1940 inﬂatis
729 1888 846 1926 vero
871 1872 1124 1943 superbia:
1147 1872 1302 1943 typho
1323 1873 1744 1939 abstrusissimaz,

180 1962 371 2029 primas
400 1973 572 2032 partes
615 1964 896 2032 aperuerit,
937 1973 1043 2018 tota
1086 1966 1353 2031 nimirum,
1399 1965 1546 2020 nulla
1586 1967 1749 2020 inter-

180 2061 346 2107 stante
372 2070 540 2119 mora,
567 2053 648 2124 pie
675 2055 1076 2128 intelligentibus
1102 2074 1215 2112 eam
1233 2060 1445 2128 patebit.
1470 2058 1564 2112 Est
1590 2059 1750 2129 igitur

181 2145 385 2198 verbum
415 2147 553 2216 apud
583 2146 790 2202 Grrecos
817 2151 952 2226 ὡρῶ,
976 2151 1115 2220 quod
1153 2151 1292 2221 apud
1328 2149 1543 2206 Latinos
1583 2152 1746 2204 tribus

181 2235 436 2304 excipitur
462 2237 658 2304 verbis;
687 2241 800 2316 ὡρῶ
841 2242 1028 2310 quippe
1065 2250 1113 2295 et
1155 2241 1330 2306 video,
1353 2250 1404 2296 et
1443 2240 1664 2307 deﬁnio,
1699 2250 1747 2296 et

181 2323 390 2380 destino
422 2327 813 2397 interpretatur.
851 2329 1104 2384 Similiter
1142 2332 1480 2402 compositum
1505 2336 1745 2408 προώρῶ,

179 2416 473 2484 praevideo,
505 2421 832 2488 praadcﬁnio,
860 2423 1205 2492 praedestino.

813 2569 1129 2610 COIIBEC'I'IO.

252 2664 292 2733 -ι-
333 2662 381 2719 O
420 2663 592 2718 virum
640 2664 1072 2736 sagacissimum,
1125 2665 1239 2736 qui,
1274 2667 1416 2736 quod
1451 2665 1503 2720 in
1542 2663 1749 2721 Latinis

182 2754 460 2820 defecerit,
491 2756 559 2810 ad
593 2754 777 2812 Graeca
804 2773 904 2812 nos
927 2757 1176 2823 retrahit,
1202 2766 1256 2812 et
1282 2759 1334 2812 in
1364 2757 1621 2814 Romanis
1643 2773 1752 2813 ser-

183 2850 432 2906 monibus
459 2849 675 2905 Gratcas
701 2850 940 2920 origines
966 2849 1187 2922 efﬁngit.
1219 2849 1379 2917 Quid,
1407 2865 1606 2920 quaeso,
1629 2866 1751 2921 per-

183 2943 354 2998 tinent
369 2943 531 2998 verba
552 2941 741 2997 Latina
763 2943 929 3008 video,
953 2942 1164 3013 deﬁnio,
1180 2945 1402 3010 destino,
1425 2945 1490 3000 ad
1503 2943 1748 3000 Graecum

179 3033 519 3099 vocabulum,
551 3034 692 3104 quod
719 3042 804 3089 est
833 3036 982 3109 ὡλοῶῖ
1022 3035 1264 3105 nunquid
1305 3035 1374 3091 ab
1409 3050 1474 3092 eo
1498 3035 1584 3090 vel
1611 3035 1751 3090 deri-

1851 1863 2051 1920 autem,
2084 1871 2205 1910 cum
2228 1854 2343 1923 jam
2370 1854 2545 1909 vicina
2567 1854 2639 1909 sit
2662 1853 3014 1919 machinatio,
3043 1860 3098 1908 et
3122 1866 3257 1922 pene
3277 1851 3426 1923 cogi-

1849 1948 2105 2003 tationem
2127 1935 2386 2018 sequatur
2413 1942 2693 2016 eﬁ‘ectus.]
2883 1936 2894 1938 “

1917 2034 2643 2109 1-Etinfra(iiier.,ibid.):
2680 2032 2891 2106 [Omnis
2930 2032 3257 2102 dispensatio
3301 2045 3424 2101 quae

1848 2137 1973 2185 ante
2007 2130 2264 2184 mundum
2295 2137 2350 2183 et
2377 2134 2564 2198 postea
2613 2139 2734 2181 esse
2779 2124 2943 2195 coepit
2971 2125 3025 2178 in
3063 2123 3279 2186 mundo,
3309 2131 3422 2176 tam

1848 2217 2195 2274 invisibilium
2217 2233 2378 2287 quam
2408 2215 2696 2272 visibilium
2726 2212 3423 2278 creaturarum,adventum

1849 2311 1944 2366 Dei
1971 2310 2091 2366 Filii
2127 2308 2525 2382 pollicebatur.]

1917 2402 1958 2472 -ι-
1986 2402 2052 2456 Et
2077 2411 2202 2472 post
2227 2417 2394 2472 pauca
2439 2401 2560 2472 (Id.,
2598 2401 2726 2456 ibid.
2763 2399 2850 2472 II)
2879 2414 2894 2454 :
2924 2397 3419 2471 [Considerandum

1849 2491 2061 2560 quodet
2075 2491 2164 2546 hic
2180 2495 2525 2570 προώρισμος.
2541 2496 2627 2548 καὶ
2644 2494 2879 2570 «poeta:
2901 2491 2952 2546 id
2975 2498 3057 2546 est
3077 2487 3423 2560 praedestina-

1848 2581 1948 2648 tio,
1976 2591 2030 2637 et
2061 2583 2392 2653 propositum
2416 2583 2574 2638 simul
2594 2583 2768 2654 posita
2789 2591 2934 2646 sunt,
2961 2580 3114 2652 juxta
3139 2577 3279 2649 quod
3305 2595 3423 2649 ope-

1850 2681 1999 2726 ratur
2022 2673 2196 2727 omnia
2211 2673 2351 2727 Deus
2371 2673 2653 2728 secundum
2674 2671 2951 2728 consilium
2965 2670 3243 2726 voluntatis
3265 2668 3425 2740 sum.)

1919 2760 1960 2832 -ι-
1986 2761 2130 2818 Idem
2175 2763 2228 2816 in
2273 2762 2411 2817 Isaia
2451 2762 2520 2834 (c.
2566 2778 2643 2829 Ix,
2688 2762 2766 2834 5),
2813 2761 2954 2817 libro
3000 2761 3160 2816 tertio
3207 2777 3220 2814 :
3258 2759 3424 2830 [Quo-

1849 2854 2008 2908 modo
2034 2852 2176 2908 enim
2205 2852 2406 2918 vestis,
2435 2867 2554 2922 qua:
2586 2853 2822 2908 humano
2853 2851 3110 2920 sanguine
3145 2855 3423 2906 cruentata

1851 2950 1954 3007 est,
1985 2941 2156 2996 lavari
2177 2957 2283 2996 non
2310 2949 2505 3012 potest,
2532 2941 2626 2996 sed
2646 2940 2842 2996 infecta
2868 2941 3128 3012 sanguine
3149 2939 3258 3010 igni
3279 2953 3426 2994 com-

1849 3031 2080 3098 buritur,
2114 3040 2172 3086 ut
2203 3031 2425 3086 maculae
2453 3046 2573 3086 cum
2600 3031 2922 3086 vestimento
2951 3029 3078 3084 laedi
3104 3028 3314 3084 cruoris
3349 3029 3427 3083 in-

179 3131 304 3178 vata
328 3132 476 3188 sunt,
505 3103 584 3177 vel
611 3103 986 3179 denominata?
1011 3103 1252 3195 nunquid
1291 3123 1481 3180 saltem
1521 3124 1636 3194 ipsa
1663 3123 1753 3178 lit-
1779 3103 1824 3168 C
1855 3132 2099 3189 tereant;
2129 3122 2208 3178 sic
2250 3122 2447 3178 diaboli
2489 3122 2724 3178 violenta
2761 3121 3045 3192 praedatio,
3077 3130 3131 3176 et
3165 3119 3429 3176 tumultus

179 3225 417 3271 terarum
473 3217 787 3288 superﬁcies
805 3216 1092 3286 rquiddam
1149 3215 1324 3272 simile
1382 3221 1750 3286 reprzeSentat.

178 3307 403 3373 Verum,
425 3307 552 3378 quia
593 3307 750 3362 nobis
792 3308 932 3362 hanc
977 3307 1246 3362 inscitiam
1292 3307 1484 3372 inuris,
1515 3307 1754 3377 nunquid

177 3408 234 3452 et
261 3399 464 3453 sanctis
489 3398 758 3463 Patribus,
787 3414 892 3452 non
933 3398 1111 3454 minus
1150 3397 1336 3455 Greca
1369 3413 1529 3470 quam
1560 3397 1751 3453 Latina

175 3478 496 3544 eruditione
544 3487 946 3558 lampantibus,
1001 3488 1144 3542 idem
1199 3488 1409 3543 facinus
1459 3489 1756 3544 obtendes?

175 3594 406 3648 quorum
444 3579 545 3649 (ut
591 3589 816 3635 caeteros
865 3580 1147 3652 omittam)
1194 3579 1571 3646 Ambrosium,
1630 3581 1756 3637 Hie-

176 3675 463 3740 ronymum
492 3711 508 3735 ,
571 3668 930 3741 Augustinum
961 3711 977 3737 ,
1031 3669 1350 3743 Gregorium
1375 3716 1392 3736 ,
1446 3670 1706 3727 Isidorum
1736 3713 1751 3738 ,

175 3757 544 3830 Fulgentium,
573 3760 949 3816 Cassiodorum
1000 3769 1166 3817 testes
1216 3762 1459 3818 veritatis
1503 3762 1752 3828 adhibeo,

175 3865 318 3919 quos
370 3850 612 3906 Graecam
673 3853 887 3908 novisse
931 3854 1168 3923 linguam
1217 3863 1377 3923 atque
1429 3853 1752 3918 scientiam,

175 3941 356 3997 nullus
409 3942 511 3997 nisi
567 3943 700 3997 nihil
753 3944 930 3998 sciens
975 3944 1217 4014 ignorat;
1267 3944 1358 4013 qui
1412 3958 1600 3998 omnes
1651 3941 1756 3998 alio

176 4047 342 4087 sensu
390 4033 537 4088 verbi
592 4031 830 4103 ejusdem
885 4033 1291 4104 intelligentiam
1339 4041 1752 4103 prosequuntur.

176 4122 316 4179 Nam
347 4131 566 4181 sanctus
591 4125 907 4180 Ambrosius
933 4125 986 4179 in
1017 4141 1084 4181 eo
1111 4125 1230 4180 loco
1255 4126 1344 4180 ubi
1380 4113 1666 4198 Apustolus
1689 4126 1757 4182 ad

176 4215 442 4284 Ephesios
466 4217 626 4272 dicit:
663 4214 1050 4270 Prtedestinans
1079 4231 1171 4270 nos
1193 4216 1248 4270 in
1273 4216 1598 4286 adoptionem
1619 4217 1757 4286 ﬁlio-

177 4323 300 4362 rum
320 4324 412 4378 per
427 4307 607 4361 Iesum
631 4306 898 4361 Christum
925 4307 980 4360 in
1004 4308 1174 4376 ipsum
1202 4304 1359 4377 (Eph.
1389 4323 1424 4372 ι,
1458 4306 1533 4380 5).
1562 4306 1638 4361 Ita
1659 4321 1757 4362 ex-

174 4397 430 4464 ponendo
473 4395 854 4465 subsequitur:
895 4392 1042 4466 [Hoc
1069 4393 1199 4449 dicit
1243 4395 1545 4451 decrevisse
1586 4395 1754 4452 Deum

177 4488 546 4557 uteredentes
567 4487 620 4540 in
644 4487 916 4541 Christum
939 4487 1324 4556 ad0ptarcntur
1345 4487 1395 4540 in
1419 4487 1556 4541 ﬁlios
1575 4503 1605 4540 a
1625 4488 1754 4555 Deo,

175 4586 239 4632 ut
265 4588 430 4648 caput
449 4579 686 4648 ipsorum
715 4578 783 4633 sit
811 4578 1061 4632 Christus
1089 4569 1252 4632 verus
1286 4577 1456 4634 Filius
1481 4579 1624 4651 Dei.]
1661 4592 1668 4647 ζ

251 4669 295 4738 -ι-
313 4669 378 4722 Et
401 4667 540 4722 infra
561 4687 572 4722 :
593 4667 682 4738 [In
700 4683 801 4737 quo
814 4667 986 4721 sortiti
1001 4660 1117 4739 [al.,
1135 4678 1183 4722 et
1211 4685 1303 4722 nos
1319 4670 1451 4739 forte
1471 4669 1758 4741 constituti]

147 4811 149 4814 .
173 4773 388 4823 sumus,
401 4757 756 4828 prcedestinati
778 4757 1060 4812 secundum
1081 4759 1401 4828 propositum
1417 4757 1533 4824 Dei,
1548 4760 1638 4830 qui
1650 4761 1762 4815 uni-

176 4865 329 4903 versa
351 4849 566 4911 creauit,
593 4847 874 4902 secundum
906 4847 1178 4901 consilium
1207 4847 1484 4903 voluntatis
1520 4865 1648 4903 sutr.
1692 4847 1760 4902 Ut

178 4940 348 4994 simus
379 4941 434 4992 in
457 4938 666 4993 laudem
693 4939 876 5008 glorite
901 4938 1014 5007 ejus
1037 4954 1152 5004 nos,
1187 4940 1278 5011 qui
1299 4950 1420 4994 ante
1446 4941 1764 5009 speravimus

177 5032 238 5085 in
262 5029 492 5085 Christo.
516 5030 629 5086 Hoc
655 5039 739 5086 est
768 5030 910 5100 quod
937 5031 1090 5095 dicit,
1119 5030 1246 5101 quia
1276 5031 1604 5100 dispensatio
1627 5046 1766 5100 prse-

179 5121 474 5176 dicationis
504 5121 589 5176 his
613 5121 832 5176 decreta
860 5128 944 5175 est
971 5136 1000 5174 a
1029 5120 1160 5186 Deo,
1191 5121 1283 5190 qui
1311 5136 1379 5176 ex
1408 5119 1610 5176 Judmis
1642 5136 1763 5176 cre-

179 5211 438 5266 diderunt
476 5211 530 5266 in
576 5211 850 5267 Christum
878 5209 900 5265 :'
934 5212 1076 5266 unde
1114 5211 1290 5268 nullus
1319 5227 1384 5267 ex
1415 5212 1672 5282 gentibus
1698 5212 1766 5266 ad

178 5301 544 5370 apostolatnm
573 5301 775 5357 electus
803 5310 924 5366 est;
957 5302 1174 5372 dignum
1216 5302 1361 5358 enim
1405 5311 1522 5357 erat
1564 5316 1630 5357 ex
1679 5303 1762 5358 his

175 5394 311 5464 eligi
338 5394 740 5465 praedicatores,
761 5393 852 5462 qui
875 5401 1002 5446 ante
1020 5403 1372 5462 speraverunt
1395 5394 1619 5451 salutem
1642 5409 1762 5464 quae

179 5485 294 5540 illis
319 5491 582 5556 promissa
611 5495 728 5541 erat
753 5486 806 5540 in
836 5484 1070 5540 Christo.
1095 5485 1116 5557 ]
1164 5517 1169 5522 -

257 5577 301 5647 -ι-
332 5577 690 5648 Hieronymus
739 5577 792 5632 in
839 5576 1177 5647 expositione
1205 5573 1443 5645 ejusdem
1472 5578 1758 5648 Epistolis:

179 5662 590 5744 Προωρῖστσντος
634 5667 698 5721 ad
737 5663 830 5722 eos
881 5667 1114 5724 refertur
1159 5667 1248 5740 qui
1305 5675 1459 5752 antea
1505 5683 1609 5723 non
1642 5669 1759 5725 fue-

1783 4446 1836 4506 D

1853 3231 1918 3272 ac
1947 3215 2148 3275 turbae.
2190 3215 2385 3285 quibus
2413 3215 2707 3269 humanum
2750 3214 2849 3269 sibi
2881 3211 3185 3280 subjecerat
3223 3228 3428 3285 genus,

1853 3309 2109 3382 gehennze
2136 3311 2352 3381 ignibus
2377 3309 2642 3380 deputata:
2665 3307 2848 3380 sunt.]

1924 3401 1965 3472 -ι-
2000 3400 2146 3456 Idem
2176 3401 2229 3454 in
2259 3400 2520 3455 Zacharia
2553 3401 2849 3470 propheta:
2891 3399 3075 3472 [Quod
3117 3408 3297 3454 autem
3341 3413 3429 3454 se-

1854 3492 2088 3547 cundum
2125 3491 2268 3546 LXX
2295 3491 2522 3562 legimus
2547 3509 2560 3546 :
2598 3490 2664 3543 Et
2688 3507 2900 3561 pascam
2930 3508 3045 3544 oves
3075 3489 3349 3543 occisionis
3375 3488 3430 3542 in
3531 3543 3534 3546 .

1855 3587 1995 3635 terra
2029 3577 2284 3634 Chanaan
2329 3580 2578 3651 (Zachar.
2604 3597 2680 3644 xl,
2709 3581 2785 3650 7),
2818 3581 2896 3634 sic
2922 3594 3205 3648 possumus
3229 3578 3427 3632 intelli-

1854 3685 1981 3742 gere
2024 3671 2168 3740 quod
2206 3663 2457 3739 populum
2498 3668 2802 3724 Iudaeorum
2826 3711 2840 3733 ,
2890 3669 2979 3738 qui
3021 3668 3318 3722 destinatus
3349 3679 3433 3722 est

1853 3759 2040 3822 morti,
2065 3759 2118 3812 in
2150 3766 2260 3813 toto
2287 3758 2417 3812 orbe
2439 3758 2732 3826 dispersum
2751 3798 2764 3818 ,
2797 3757 2898 3811 hoc
2922 3766 3006 3812 est
3035 3757 3087 3811 in
3125 3764 3266 3811 terra
3288 3755 3431 3812 Cha-

1858 3864 1998 3902 naan
2028 3857 2188 3918 atque
2217 3849 2517 3919 gentilium,
2543 3859 2730 3920 pascat
2767 3849 3024 3903 Dominus
3050 3857 3104 3902 et
3134 3849 3338 3904 nutriat
3364 3847 3432 3903 ad

1857 3943 2260 3998 immolandum.
2278 3943 2297 4016 ]

1925 4034 1965 4102 -ιι
1998 4032 2139 4088 Idem
2181 4033 2236 4087 in
2278 4032 2414 4088 Isaia
2464 4031 2531 4104 (c.
2583 4047 2732 4100 xxiv,
2766 4030 2839 4104 I),
2887 4031 3022 4087 libro
3051 4040 3242 4088 octavo
3278 4048 3294 4085 :
3334 4029 3435 4105 [Et

1855 4123 2230 4194 dispergentur
2257 4123 2592 4179 habitatores
2634 4124 2752 4194 ejus
2795 4123 2849 4178 in
2889 4123 3097 4179 diversa
3124 4122 3263 4188 loca,
3290 4111 3453 4192 prae?

1856 4213 1980 4269 miis
2005 4214 2085 4268 vel
2114 4214 2396 4285 suppliciis
2425 4215 2723 4287 dcstinati.]
3041 4261 3050 4268 .
3249 4221 3254 4224 ’

1926 4303 2128 4375 fidem
2157 4305 2210 4358 in
2240 4305 2456 4361 Michaea
2501 4304 2568 4378 (c.
2600 4321 2684 4371 Ill,
2713 4306 2768 4377 '5)
2813 4325 2826 4360 :
2856 4305 2954 4378 [Et
2998 4305 3331 4361 satiaverunt
3377 4323 3437 4362 se

1861 4397 2134 4459 carnibus,
2160 4405 2216 4451 et
2238 4397 2517 4452 incrassati
2545 4407 2688 4462 sunt,
2719 4405 2775 4453 et
2803 4397 2904 4452 sub
2933 4397 3062 4470 [al.,
3111 4397 3282 4470 sicut]
3313 4398 3435 4467 pin-

1860 4488 2116 4560 guissima
2143 4483 2318 4542 hostia
2351 4487 2740 4544 interfectionis
2775 4496 2830 4543 et
2855 4495 2982 4544 sunt
3019 4488 3297 4558 suppliciis
3328 4486 3434 4542 Do-

1862 4577 1992 4632 mini
2024 4575 2355 4648 prasparati.]

1933 4669 1972 4738 1-
1998 4668 2141 4723 Idem
2187 4667 2238 4722 in
2263 4665 2456 4722 'Ahdia
2503 4668 2572 4739 (c.
2601 4685 2643 4734 ι,
2673 4667 2771 4738 I6)
2801 4686 2814 4722 :
2851 4667 2962 4740 [Ita
2989 4668 3256 4721 universae
3305 4679 3436 4736 gen-

1863 4769 1942 4816 tes
1965 4759 2047 4815 vel
2071 4758 2415 4814 fortitudines
2441 4760 2750 4827 contrarias,
2783 4758 3060 4831 suppliciis
3087 4757 3387 4829 delegatus].

1933 4850 1973 4918 ’ξ’
1995 4847 2312 4904 Ambrosius
2356 4846 2407 4902 in
2437 4849 2672 4918 Epistola
2703 4849 2722 4904 l
2758 4851 2825 4905 ad
2861 4847 3204 4905 Corinthios:
3239 4847 3434 4920 [Quam
3469 4887 3474 4890 -

1864 4937 2248 5006 pra’destinarit
2288 4937 2429 4992 Deus
2466 4948 2586 4993 ante
2621 4938 2812 4993 stecula
2855 4938 2909 4990 in
2945 4935 3166 5006 gloriam
3207 4945 3437 4990 nostram

1867 5028 1928 5097 (1
1956 5026 2077 5084 Cor.
2116 5045 2174 5091 ιι,
2207 5030 2302 5098 7):
2345 5045 2513 5100 usque
2551 5030 2687 5085 adeo
2725 5045 2852 5083 vera
2894 5027 3186 5098 sapientia,
3231 5036 3285 5082 et
3314 5043 3436 5082 cum

1868 5121 1978 5176 Deo
2008 5137 2223 5192 semper
2250 5120 2415 5178 fuisse
2456 5107 2780 5186 declaratur,
2811 5129 2867 5175 ut
2896 5128 3022 5175 ante
3064 5118 3258 5174 smcula
3293 5135 3436 5189 prm-

1867 5210 2134 5266 destinata
2189 5212 2242 5265 in
2297 5212 2538 5283 gloriam.
2577 5221 2817 5265 nostram
2864 5211 3091 5276 dicatur,
3127 5210 3219 5280 qui
3268 5208 3440 5264 credi-

1869 5318 2010 5370 mus,
2037 5305 2293 5375 prtescius
2316 5303 2460 5358 enim
2492 5302 2632 5358 Deus
2659 5317 2872 5358 errores
2901 5301 3107 5358 futuros
3135 5303 3186 5357 in
3215 5303 3438 5380 mundo,

1869 5409 2028 5464 quem
2055 5404 2172 5449 erat
2207 5393 2450 5450 facturus
2476 5393 2580 5447 hoc
2615 5392 2854 5448 decrevit
2881 5394 2947 5450 ad
2975 5381 3345 5448 confusionem
3372 5392 3408 5446 il

1871 5484 2073 5550 lorum,
2103 5483 2195 5553 qui
2235 5484 2337 5538 sibi
2369 5467 2652 5537 stultitiam
2696 5471 3013 5554 sapientiam
3058 5482 3248 5539 facturi
3286 5493 3440 5538 erant

1871 5575 2024 5648 (Sap.
2054 5593 2104 5643 ν,
2138 5575 2217 5647 4),
2249 5574 2316 5632 ad
2346 5584 2587 5630 nostram
2630 5583 2806 5631 autem
2849 5575 3072 5648 gloriam
3095 5616 3109 5642 ,
3145 5575 3234 5646 qui
3268 5571 3442 5631 credi-

1869 5669 1975 5725 turi
2006 5672 2296 5725 erannts'et
2327 5669 2654 5742 credimus.)
