3974 6344
591 313 725 368 1507

1574 303 1632 359 5.
1670 298 2044 360 PRUDENTII
2080 291 2462 354 TRECENSIS
2498 295 2804 353 EPISCOPI

657 425 803 482 Idem
828 423 883 478 in
929 421 1266 494 expositione
1302 418 1576 488 Evangelii
1605 419 1752 474 beati
1805 415 1966 471 Luca:
1997 413 2068 484 (c.
2112 429 2170 475 ιι,
2201 410 2255 470 Α
2277 425 2384 480 quo
2410 421 2536 468 ante
2571 412 2768 468 saecula
2805 427 2902 483 per
2933 411 3460 484 prtedestinationem
3481 418 3738 486 concepti
3773 434 3859 476 su-

525 559 536 565 -
586 518 660 575 25
705 515 848 587 seq.)
897 533 910 570 :
951 514 1114 587 [Ecce
1167 521 1221 569 et
1257 512 1474 567 Simeon
1523 508 1808 580 prophetat
1848 507 1902 562 in
1952 505 2163 562 ruinam

587 620 644 666 et
699 607 1148 665 resurrectionem
1193 605 1548 677 plurimorum
1609 601 1826 656 venisse
1881 601 2164 656 Dominum

585 701 772 758 Jesum
816 698 1120 762 Christum,
1161 703 1220 750 ut
1261 685 1550 764 justorum,
1591 691 2005 762 iniquorumque
2053 705 2167 746 me-

585 794 693 850 rita
722 793 1012 852 discernat,
1041 797 1095 844 et
1116 803 1216 859 pro
1247 797 1553 844 nostrorum
1583 785 1843 854 qualitate
1879 783 2161 847 factorum,

579 885 748 956 judex
786 898 945 940 verus
981 889 1038 937 et
1059 880 1262 950 justus,
1316 889 1410 934 aut
1456 875 1718 948 supplicia
1772 875 2030 930 decernat
2071 879 2165 927 aut

585 975 828 1046 praemia.

654 1064 988 1136 Augustinus
1033 1064 1086 1118 in
1132 1063 1271 1119 libro
1313 1063 1379 1118 de
1408 1057 1889 1116 Prmdestinatione
1933 1056 2162 1112 Sancto-

585 1172 704 1212 rum
733 1158 873 1229 (cap.
908 1157 995 1228 l7)
1031 1175 1043 1211 :
1083 1154 1346 1222 Quocirca
1368 1151 1766 1224 prmdestinatio
1792 1150 1913 1217 Dei,
1943 1163 2063 1220 qua:
2107 1149 2164 1203 in

585 1247 728 1304 bono
762 1255 867 1314 est,
898 1246 1086 1319 gratia:
1116 1253 1200 1302 est
1226 1243 1594 1316 praeparatio.)

653 1338 693 1407 οξ·
717 1336 884 1401 Idem,
909 1336 964 1391 in
989 1336 1126 1391 libro
1147 1336 1213 1391 de
1240 1335 1391 1390 Dono
1417 1331 1833 1405 perseverantia:
1859 1331 2000 1402 (cap.
2032 1329 2118 1401 Π)
2147 1343 2161 1382 :

583 1429 824 1500 Namque
877 1430 930 1485 in
971 1445 1087 1494 sua,
1137 1445 1257 1500 qua:
1306 1428 1416 1484 falli
1468 1427 1773 1497 mutarique
1815 1442 1922 1481 non
1965 1433 2159 1495 potest,

581 1525 940 1594 praescientia,
990 1539 1152 1594 opera
1176 1538 1273 1580 sua
1311 1524 1490 1577 futura
1522 1523 1827 1594 disponere,
1861 1520 1912 1575 id
1943 1519 2163 1574 omnino

582 1631 683 1672 nec
732 1615 876 1670 aliud
918 1615 1209 1686 quidquam
1243 1623 1326 1670 est
1361 1610 1790 1684 praidestinare.]

652 1707 692 1776 οι-
721 1705 886 1771 ldem,
917 1706 984 1760 de
1008 1703 1485 1760 Prazdestinatione
1509 1702 1830 1758 Sanctorum
1857 1701 2001 1772 (cap.
2028 1697 2117 1769 16)
2143 1715 2156 1752 :

584 1792 862 1866 [Legimus
920 1794 976 1848 in
1027 1793 1250 1848 Actibus
1283 1792 1647 1863 apostolorum
1675 1805 1688 1844 :
1722 1789 1853 1846 Cum
1895 1790 2096 1844 dimissi
2126 1805 2158 1841 a

581 1881 788 1938 Juda’is
843 1883 1062 1954 apostoli
1113 1884 1365 1938 venissent
1401 1882 1470 1936 ad
1523 1899 1665 1948 suos,
1741 1891 1790 1936 et
1843 1881 2160 1935 iudicassent

580 1985 777 2046 quanta
799 1975 872 2030 eis
906 1975 1198 2030 sacerdotes
1225 1985 1272 2028 et
1307 1975 1533 2029 seniores
1569 1975 1815 2028 dixerunt
1844 1971 1963 2045 [al.,
1993 1972 2161 2027 dixis-

582 2063 784 2136 sent],
821 2064 1115 2119 levaverunt
1168 2063 1247 2118 illi
1307 2080 1479 2119 vocem
1532 2065 1802 2118 unanimes
1859 2080 2034 2117 omnes
2093 2062 2162 2116 ad

583 2153 901 2219 Dominum,
948 2163 995 2207 et
1036 2153 1280 2208 dixerunt
1324 2167 1342 2205 :
1386 2152 1628 2218 Domine,
1678 2163 1734 2206 tu
1765 2169 1817 2207 es
1867 2153 1955 2223 qui
1997 2151 2164 2220 fecisti

583 2239 766 2294 calum
814 2248 861 2292 et
919 2247 1109 2293 terram
1158 2248 1205 2291 ct
1252 2254 1417 2301 mare,
1478 2247 1526 2291 et
1585 2239 1759 2292 omnia
1807 2255 1922 2308 quae
1971 2239 2026 2291 in
2086 2237 2162 2294 eis

582 2339 725 2394 sunt,
760 2329 849 2400 qui
870 2345 962 2399 per
997 2345 1053 2382 os
1094 2329 1256 2398 patris
1301 2329 1470 2382 nostri
1507 2327 1678 2382 David
1711 2329 1878 2382 sancti
1907 2329 2058 2399 pueri
2087 2329 2164 2382 tui

581 2420 762 2474 dixisti
792 2433 809 2471 :
853 2418 1029 2485 Quare
1062 2418 1384 2488 fremuerunt
1413 2426 1608 2489 gentes,
1635 2428 1682 2473 et
1709 2418 1888 2488 pepuli
1929 2419 2164 2472 meditati

579 2522 700 2566 sunt
751 2511 930 2565 inania
971 2525 990 2562 :
1035 2510 1321 2565 Astiterunt
1373 2526 1513 2580 reges
1567 2520 1750 2577 terraz,
1811 2521 1857 2565 et
1906 2511 2164 2581 principes

579 2611 922 2656 convenerunt
947 2601 1000 2655 in
1025 2617 1185 2654 unum
1211 2601 1457 2654 adversus
1486 2599 1792 2666 Dominum,
1833 2610 1878 2654 et
1914 2592 2163 2654 adversus

580 2692 847 2750 Christum
895 2695 1010 2765 ejus
1049 2693 1217 2767 (Psal.
1255 2711 1316 2760 ll,
1356 2695 1404 2758 l,
1433 2693 1512 2764 2).
1539 2691 1897 2748 Convenerant
1924 2692 2060 2746 enim
2110 2694 2164 2745 in

578 2787 793 2841 veritate
812 2787 866 2841 in
891 2786 1096 2840 civitate
1121 2785 1220 2840 ista
1244 2785 1490 2840 adversus
1514 2794 1749 2840 sanctum
1773 2800 1990 2855 puerum
2014 2793 2161 2838 tuum

577 2879 784 2947 Iesum,
805 2897 955 2952 quem
980 2881 1199 2945 tinxisti,
1233 2878 1468 2934 Herodes
1509 2889 1558 2933 et
1595 2864 1914 2942 Pilatusfet
1940 2876 2162 2948 populus

579 2971 770 3039 Israel,
812 2973 984 3044 facere
1016 2982 1211 3042 quanta
1250 2987 1436 3025 manus
1463 2979 1555 3024 tua
1592 2979 1638 3026 et
1668 2967 1940 3024 consilium
1969 2967 2164 3038 praede-

517 3097 525 3104 -
581 3063 790 3116 stinavit
828 3062 944 3131 fieri
985 3061 1122 3134 (Act.
1172 3077 1244 3127 tv,
1293 3061 1384 3126 27,
1419 3059 1532 3131 29).
1576 3059 1716 3115 Ecce
1767 3060 1910 3128 quod
1958 3058 2159 3113 dictum

580 3159 667 3206 est
709 3151 1002 3206 secundum
1049 3150 1394 3222 Evangelium
1425 3150 1642 3221 quidem
1687 3149 1892 3204 inimici
1940 3159 2160 3220 propter

581 3256 679 3296 vos
701 3241 877 3310 (Rom.
922 3259 995 3308 ιι,
1037 3242 1163 3312 28);
1193 3252 1342 3298 tanta
1369 3242 1566 3312 quippe
1596 3241 1664 3296 ab
1688 3241 1922 3297 inimicis
1942 3240 2159 3308 Judaais,

582 3349 769 3387 manus
811 3332 908 3387 Dei
955 3343 1003 3388 et
1037 3334 1310 3388 consilium
1349 3335 1737 3406 prwdestinavit
1778 3335 1915 3403 ﬁeri,
1941 3339 2160 3404 jquanta

580 3424 886 3479 necessaria
916 3424 1134 3480 fuerunt
1157 3425 1449 3497 Evangelia
1479 3433 1698 3496 propter
1725 3424 1872 3498 nos.]

651 3516 692 3584 ’ξ-
725 3515 826 3570 Ubi
863 3513 920 3570 S.
953 3516 1284 3587 Augustinus
1329 3516 1384 3570 in
1416 3516 1726 3573 testimonio
1770 3516 2002 3572 Actuum
2033 3529 2161 3588 apo-

579 3609 843 3664 stolorum
901 3609 1082 3679 posuit
1115 3608 1529 3678 praedestinavit,
1597 3608 1669 3663 ibi
1729 3608 1902 3664 nostri
1949 3607 2163 3663 codices

581 3700 784 3756 habent
809 3702 1058 3755 decrevit.

652 3784 797 3846 ldém
819 3793 886 3848 de
905 3791 1100 3851 Genesi
1116 3795 1184 3849 ad
1212 3795 1313 3850 litt.
1329 3794 1422 3850 lib.
1447 3795 1586 3866 1x(c.
1603 3792 1690 3865 4):
1715 3791 1846 3866 [Cur
1871 3807 2000 3863 ergo
2019 3793 2162 3848 coie-

585 3891 730 3948 runt,
758 3883 858 3938 nisi
879 3900 1000 3940 cum
1027 3887 1266 3941 exissent
1293 3887 1359 3942 de
1386 3885 1678 3956 paradiso?
1707 3884 1824 3941 Cito
1847 3882 2160 3954 responderi

581 3982 786 4042 potest:
805 3975 929 4044 quia
951 3991 1099 4042 mox,
1124 3985 1302 4031 creata
1327 3977 1573 4041 muliere,
1589 3975 1903 4047 priusquam
1929 3974 2158 4041 coirent,

583 4063 725 4119 facta
758 4075 842 4120 est
875 4065 964 4120 illa
1005 4068 1382 4138 transgressio,
1407 4066 1562 4137 cujus
1595 4067 1787 4124 merito
1827 4066 1883 4120 in
1929 4073 2160 4120 mortem

549 4153 862 4221 -destinati,
903 4156 1065 4210 etiam
1107 4156 1172 4212 de
1214 4157 1334 4213 loco
1377 4158 1519 4214 illius
1568 4156 1840 4212 fclicitatis
1865 4157 2157 4230 exierunt.]

653 4244 693 4314 ’ξ’
718 4245 1008 4316 Gregorius
1031 4248 1082 4300 in
1107 4246 1395 4304 Moralibus
1420 4248 1556 4304 libro
1578 4265 1750 4303 xxvut
1767 4249 1839 4320 (c.
1865 4247 1916 4319 6)
1943 4267 1956 4303 :
1985 4248 2158 4320 [Quod

587 4332 792 4390 idcirco
821 4351 851 4388 a
879 4335 1104 4392 Domino
1123 4339 1237 4408 jam
1263 4339 1420 4408 quasi
1450 4339 1779 4409 prteteritum
1810 4339 2156 4407 describitur,

581 4425 708 4491 quia
746 4426 1004 4496 quidquid
1033 4423 1177 4485 foras
1205 4431 1443 4485 futurum
1473 4441 1556 4486 est
1581 4431 1634 4485 in
1661 4446 1844 4501 opere,
1875 4432 2022 4488 intus
2041 4430 2156 4501 jam

583 4513 780 4570 factum
819 4527 902 4572 est
940 4517 992 4571 in
1025 4519 1538 4591 prmdestinatione.)

648 4605 690 4676 -ι-
710 4605 851 4661 Idem
881 4607 931 4661 in
958 4608 1048 4663 lib.
1077 4627 1166 4663 xix
1190 4610 1261 4682 (c.
1285 4611 1380 4665 ult.
1399 4611 1498 4665 sub
1521 4607 1702 4684 ﬁnem)
1726 4626 1740 4665 :
1767 4612 1982 4684 [Arcum
2004 4627 2156 4667 nam-

579 4714 684 4768 que
713 4717 867 4755 suum
888 4701 1146 4757 Dominus
1191 4705 1426 4771 tetendit,
1455 4706 1580 4775 quia
1613 4707 1820 4762 cunctis
1856 4709 2155 4778 peccatori-

581 4789 683 4844 bus
721 4806 817 4860 per
853 4792 1188 4863 Scripturam
1219 4810 1427 4849 sacram
1460 4797 1634 4852 minas
1662 4789 1942 4864 exhibuit:
1967 4799 2020 4854 in
2049 4816 2156 4870 quo

580 4899 712 4940 arcu
735 4885 941 4941 scilicet
967 4901 1095 4941 vasa
1137 4888 1324 4942 mortis
1345 4897 1610 4959 praeparat
1635 4903 1650 4942 :
1673 4889 1820 4959 quia,
1858 4893 2151 4948 secundum

580 4977 778 5047 eloquii
811 4980 893 5034 sui
932 4979 1277 5046 sententiam,
1319 4996 1412 5037 eos
1441 4982 1532 5051 qui
1572 4998 1714 5038 nunc
1738 4985 1935 5056 corrigi
1989 4987 2156 5058 negli-

579 5079 732 5140 gunt,
761 5072 1018 5142 reprobos
1044 5073 1282 5148 damnat.
1308 5071 1330 5144 ]

652 5161 692 5231 1-
714 5161 860 5216 Idem
883 5160 931 5233 (1
939 5163 1071 5229 bid.,
1089 5178 1175 5226 xv,
1199 5178 1318 5233 cap.
1337 5162 1426 5233 50)
1449 5182 1461 5217 :
1483 5162 1643 5236 [Ante
1655 5167 2039 5236 omnipotentis
2059 5169 2154 5224 Dei

580 5251 767 5308 oculos
787 5252 957 5322 iniqui
973 5253 1080 5308 vita
1105 5254 1281 5309 favilla
1305 5262 1418 5320 est;
1441 5254 1586 5325 quia,
1601 5255 1703 5310 etsi
1725 5267 1946 5325 apparet
1965 5257 2031 5313 ad
2049 5274 2157 5314 mo-

583 5352 824 5402 mentum
849 5345 1058 5413 viridis,
1079 5346 1148 5400 ab
1175 5347 1293 5417 ejus
1335 5355 1513 5402 tamen
1535 5346 1738 5418 judicio
1761 5346 1872 5416 jam
1900 5365 2153 5405 consum-

583 5445 674 5512 pta
694 5437 934 5492 cernitur
951 5455 964 5492 :
982 5438 1106 5508 quia
1123 5439 1518 5509 consumptioni
1533 5447 1617 5494 est
1630 5447 1844 5494 aeternae
1858 5440 2154 5514 deputata.]

651 5529 694 5599 1-
719 5529 863 5584 ldem
892 5527 1054 5600 (Ibid.
1081 5529 1115 5582 l.
1151 5545 1260 5595 xw,
1293 5545 1344 5584 c.
1371 5528 1462 5599 28)
1496 5547 1508 5582 :
1535 5527 1614 5600 [In
1645 5536 1797 5584 utero
1826 5538 2004 5584 autem
2034 5545 2159 5601 pro-

585 5618 666 5678 les
684 5619 1141 5689 concipitur,qute
1169 5619 1221 5673 in
1254 5618 1354 5673 hac
1387 5618 1496 5672 vita
1525 5616 1849 5688 proferatur.
1874 5617 2012 5684 Quid
2028 5633 2157 5690 ergo

2268 519 2408 569 mus,
2441 503 2516 558 ita
2546 512 2604 557 ut
2625 503 2794 559 creati
2817 520 2916 574 per
2945 503 3138 560 saecula
3169 507 3586 580 producamur.]

2335 593 2376 664 σι·
2403 593 2568 660 Idem,
2601 594 2654 648 in
2678 594 2930 650 Ezechiel
2959 595 3178 650 homilia
3203 598 3382 668 prima
3400 600 3580 669 partis
3597 608 3861 658 extrem

2267 689 2428 762 (hom.
2459 691 2524 746 15
2556 699 2670 760 post
2705 691 2958 762 medium)
2995 711 3008 746 :
3041 691 3132 763 [Et
3170 694 3404 750 calamus
3429 697 3484 750 in
3513 702 3860 760 menstrui:

2263 797 2424 835 manu
2458 781 2590 852 ejus.
2619 780 2695 836 De
2723 790 2909 837 sancta
2940 781 3177 838 Ecclesia
3205 800 3303 854 per
3327 787 3658 855 prophetam
3701 787 3862 844 alium

2265 869 2524 926 Dominus
2543 870 2825 941 pollicetur
2846 871 3030 930 dicens
3057 891 3070 926 :
3095 871 3310 927 Orietur
3327 876 3385 928 in
3412 893 3476 930 ea
3495 878 3645 932 viror
3671 878 3863 934 calami

2264 974 2312 1017 et
2333 963 2486 1032 junci
2508 962 2644 1034 (Isa.
2666 980 2828 1030 xxxv,
2859 964 2932 1036 7).
2984 964 3136 1032 Quod
3165 966 3220 1020 in
3258 965 3376 1024 loco
3403 968 3514 1024 alio
3541 970 3866 1039 exposuisse

2265 1065 2353 1106 me
2381 1053 2602 1106 memini
2631 1071 2642 1106 :
2675 1062 2734 1107 ut
2757 1068 2854 1124 per
2874 1053 3134 1107 calamum
3169 1055 3484 1126 scriptores,
3513 1075 3621 1128 per
3637 1061 3864 1129 juncu-

2263 1157 2392 1198 vero
2408 1143 2638 1199 debeant
2657 1145 2930 1200 auditores
2943 1145 3170 1217 intelligi
3186 1163 3202 1213 ;
3219 1147 3314 1202 sed
3336 1149 3464 1218 quia
3481 1151 3552 1202 ad
3579 1150 3863 1205 humom

2266 1249 2419 1305 aqua:
2444 1243 2499 1290 et
2521 1233 2722 1304 juncus
2748 1244 2802 1290 et
2831 1236 3074 1292 calamus
3108 1237 3256 1292 nasci
3284 1239 3443 1303 solet,
3466 1249 3523 1295 et
3543 1255 3620 1294 ex
3649 1257 3760 1294 una
3783 1257 3864 1295 ea-

2264 1323 2497 1394 demque
2521 1339 2659 1394 aqua
2681 1333 2912 1394 utraque
2935 1324 3260 1395 proﬁciunt:
3291 1335 3346 1382 et
3368 1327 3624 1382 calamus
3649 1330 3864 1398 quidem

2265 1411 2332 1467 ad
2357 1413 2696 1470 scribendum
2724 1415 3035 1480 assumitur,
3061 1431 3181 1471 cum
3205 1417 3371 1486 junco
3399 1433 3535 1472 vero
3557 1420 3736 1474 scribi
3768 1437 3866 1475 non

2263 1513 2472 1574 potest;
2525 1506 2656 1575 quid
2689 1506 2741 1559 in
2765 1505 2931 1575 junco
2970 1515 3026 1560 et
3055 1507 3262 1562 calamo
3293 1510 3549 1580 accipere
3584 1510 3866 1576 debemus,

2264 1594 2367 1648 nisi
2396 1595 2537 1665 quod
2567 1611 2670 1648 una
2701 1603 2786 1650 est
2809 1594 3056 1650 doctrina
3083 1597 3330 1652 veritatis
3378 1614 3506 1668 qua:
3549 1599 3764 1653 multos
3785 1617 3868 1656 au-

2265 1687 2467 1743 ditores
2516 1687 2736 1758 irrigat?
2785 1685 2891 1743 Sed
2936 1688 3146 1760 irrigati
3185 1689 3277 1744 alii
3320 1690 3388 1745 ad
3445 1691 3554 1746 hoc
3595 1707 3772 1763 usque
3819 1694 3866 1748 in

2267 1777 2430 1832 verbo
2485 1777 2581 1832 Dei
2629 1778 2944 1848 proficiunt,
3000 1789 3060 1834 ut
3113 1780 3277 1834 etiam
3338 1783 3652 1853 scriptores
3725 1785 3868 1851 ﬁant,

2263 1867 2515 1924 videlicet
2565 1877 2822 1939 tanquam
2870 1869 3103 1937 calami;
3154 1870 3243 1924 alii
3285 1886 3417 1927 vero
3469 1875 3712 1928 verbum
3757 1874 3867 1930 vita

2269 1962 2513 2026 audiunt,
2569 1961 2725 2016 bona:
2770 1961 2884 2032 spei
2931 1972 2984 2016 et
3037 1971 3304 2017 rectorum
3345 1978 3585 2032 operum
3634 1966 3868 2020 viridita-

2267 2063 2374 2109 tem
2429 2062 2616 2108 tenent
2657 2071 2668 2107 :
2714 2054 2808 2108 sed
2863 2063 3045 2109 tamen
3085 2054 3153 2109 ad
3199 2055 3558 2110 scribendum
3609 2056 3869 2128 proﬁcere

2266 2142 2570 2198 nullatenus
2641 2152 2908 2214 possunt;
2962 2143 3018 2198 hi
3087 2143 3216 2213 quid
3281 2145 3338 2198 in
3381 2160 3535 2216 aqua
3591 2147 3730 2212 Dei,
3773 2149 3866 2201 nisi

2265 2235 2482 2306 quidam
2527 2235 2606 2306 (ut
2634 2236 2707 2290 ita
2743 2236 2942 2306 dicam)
2981 2236 3132 2304 junci
3162 2245 3306 2302 sunt,
3330 2237 3426 2307 qui
3474 2240 3708 2308 quidem
3750 2241 3866 2294 viri-

2265 2327 2637 2383 descendendo
2674 2327 2984 2398 proﬁciunt,
3041 2328 3134 2383 sed
3168 2328 3376 2385 litteras
3407 2330 3736 2400 exprimere
3779 2347 3864 2385 ne-

2264 2435 2533 2490 quaquam
2586 2420 2787 2474 valent.
2845 2420 3182 2491 Redemptor
3245 2421 3415 2493 igitur
3465 2433 3691 2490 noster,
3751 2425 3860 2494 qui:

2264 2509 2428 2565 verba
2456 2526 2576 2580 qua:
2610 2511 2746 2565 dixit
2768 2511 2929 2565 etiam
2963 2525 3059 2580 per
3088 2511 3366 2566 doctorum
3401 2511 3660 2568 studium
3711 2515 3861 2568 scribi

2264 2600 2489 2673 largitus
2530 2609 2633 2667 est,
2691 2603 2746 2656 in
2796 2616 2962 2657 manu
3005 2602 3271 2658 calamum
3333 2605 3538 2670 tenuit,
3589 2607 3688 2675 qui
3743 2608 3864 2660 cal:-

2264 2705 2384 2746 mus
2427 2706 2690 2746 mensura:
2741 2691 2938 2764 dicitur
2969 2709 2983 2743 :
3028 2693 3158 2762 quia
3191 2693 3309 2764 ipsa
3355 2691 3487 2764 [al.,
3517 2694 3582 2749 in
3613 2693 3756 2768 ipsa]
3783 2695 3864 2751 do-

2263 2787 2473 2836 ctorum
2505 2781 2682 2835 studia
2725 2781 2825 2836 sub
2853 2781 3085 2850 quadam
3142 2783 3344 2838 occulti
3389 2782 3598 2852 judicii
3653 2787 3862 2857 dispen-

2263 2873 2470 2927 satione
2513 2873 2816 2928 retinentur
2866 2872 2985 2952 [αιν
3010 2874 3372 2947 detinentur],
3425 2885 3492 2930 ut
3529 2887 3590 2933 et
3634 2878 3760 2933 aliis
3795 2879 3864 2932 le-

2263 2963 2511 3034 gentibus
2553 2963 2784 3033 prosint,
2833 2972 2888 3018 et
2917 2963 3037 3018 aliis
3091 2963 3396 3034 legentibus
3431 2967 3712 3036 prodesse
3763 2985 3860 3023 non

2263 3053 2488 3125 possint.
2551 3052 2704 3108 Unde
2739 3060 2800 3108 et
2851 3053 3026 3109 sancti
3074 3055 3320 3125 apostoli,
3369 3073 3504 3114 cum
3549 3061 3861 3129 magistram

2267 3144 2559 3200 Veritatem
2603 3143 2702 3198 sibi
2726 3145 2966 3212 apertius
3003 3143 3314 3215 loquentem
3343 3148 3731 3217 requirerent,
3777 3167 3862 3206 cur

2267 3235 2440 3290 turbis
2515 3235 2570 3289 in
2623 3234 2894 3306 parabolis
2957 3235 3297 3306 loqueretur,
3359 3241 3693 3310 audierunt,
3749 3247 3859 3314 quis

2263 3327 2404 3382 vobis
2434 3327 2614 3382 datum
2643 3335 2717 3384 est
2741 3345 2890 3384 nosse
2914 3332 3218 3402 mysterium
3245 3335 3392 3404 regni
3425 3335 3715 3402 calorum,
3767 3339 3857 3392 illis

2263 3428 2436 3473 autem
2495 3433 2598 3473 non
2653 3417 2867 3492 (Matth.
2925 3435 3046 3488 χιιι,
3093 3422 3210 3494 11).
3259 3420 3360 3478 Vel
3421 3436 3582 3482 certe
3633 3428 3856 3484 calamus

2263 3528 2532 3569 mensuras
2597 3523 2719 3579 est,
2769 3515 2892 3584 quia
2953 3516 3007 3570 in
3074 3517 3190 3588 ipso
3245 3533 3406 3575 sacro
3475 3520 3605 3590 ejus
3657 3525 3854 3595 eloquio

2261 3604 2404 3675 quod
2465 3605 2620 3661 nobis
2667 3607 3035 3679 conscriptum
3093 3618 3217 3678 est,
3285 3613 3538 3670 occultas
3615 3633 3739 3674 esse
3783 3619 3852 3673 di-

2262 3696 2638 3767 spensationes
2693 3696 2808 3766 ejus
2867 3700 3227 3771 agnoscimus.
3287 3701 3427 3760 Nam
3489 3720 3600 3776 per
3659 3708 3851 3764 incom-

2260 3788 2623 3860 prehensibile
2676 3787 2792 3860 ejus
2851 3789 3143 3860 judicium,
3210 3803 3268 3850 et
3321 3796 3466 3851 alter
3527 3798 3682 3854 intra
3719 3815 3852 3855 m-

2261 3897 2444 3938 suram
2483 3883 2777 3940 electorum
2831 3885 3084 3952 mittitur,
3112 3895 3168 3942 et
3225 3886 3362 3943 alter
3400 3888 3564 3946 foras
3611 3893 3854 3962 relinqui-

2262 3983 2370 4043 tur,
2421 3983 2481 4030 ut
2514 3975 2659 4031 nullo
2709 3976 2869 4032 modo
2923 3977 2993 4032 ad
3037 3977 3332 4036 electorum
3381 3996 3688 4038 numerum
3737 3999 3852 4054 per-

2261 4068 2434 4125 tinere
2487 4077 2778 4125 mereatur.
2821 4068 2997 4126 Habet
3039 4085 3168 4143 ergo
3217 4071 3549 4140 funiculum,
3595 4077 3764 4132 babes
3803 4078 3854 4130 in

2259 4177 2422 4218 manu
2461 4161 2723 4218 calamum
2754 4179 3039 4220 mensurte.
3093 4164 3194 4231 Qui
3221 4167 3368 4221 enim
3399 4165 3663 4225 funiculo
3687 4171 3852 4226 locu

2259 4254 2500 4319 metitur,
2548 4253 2675 4310 alibi
2698 4253 2994 4310 funiculum
3025 4255 3211 4321 trahit,
3249 4256 3470 4314 aliunde
3492 4262 3758 4322 ratrahit,
3805 4271 3854 4314 et

2261 4346 2364 4400 huc
2387 4343 2552 4410 ducit,
2582 4359 2741 4414 quem
2779 4343 2995 4400 aliunde
3023 4345 3292 4402 subducit.
3344 4345 3440 4402 Sic
3466 4349 3758 4416 nimirum,
3783 4351 3850 4404 sic

2186 4465 2239 4525 Β
2263 4435 2588 4505 Redemptor
2614 4444 2800 4492 noster
2819 4436 2872 4491 in
2893 4436 3209 4494 collectione
3227 4438 3513 4494 hominum
3538 4441 3704 4504 facit,
3733 4443 3846 4497 ω

2263 4526 2394 4581 alios
2420 4543 2452 4580 a
2480 4526 2592 4581 suis
2621 4525 2994 4596 iniquitatibus
3017 4528 3220 4594 educit,
3251 4528 3386 4584 alios
3413 4530 3472 4584 in
3512 4546 3624 4586 sua

2260 4625 2368 4672 tate
2395 4616 2732 4686 derelinquit.
2772 4616 2831 4671 In
2863 4617 2946 4672 liis
2967 4618 3109 4673 enim
3141 4633 3276 4689 quos
3306 4619 3580 4690 colligens
3601 4622 3848 4693 dignatus

2257 4717 2361 4775 est,
2403 4708 2628 4765 occultae
2663 4723 2929 4764 mensura:
2975 4709 3271 4766 funiculum
3317 4714 3508 4778 traxit,
3573 4725 3636 4771 et
3673 4719 3744 4770 ab
3771 4719 3844 4770 bis

2257 4819 2392 4874 quos
2428 4801 2874 4872 derelinquendos
2916 4818 3036 4860 esse
3063 4803 3348 4873 judicavit,
3382 4806 3520 4874 quid
3569 4809 3722 4862 aliud

2257 4892 2554 4949 funiculum
2579 4893 2850 4948 retraxit?
2895 4892 2964 4948 Ut
2987 4901 3042 4948 et
3066 4893 3190 4963 poni
3220 4893 3358 4947 intra
3393 4911 3724 4952 mensuram
3745 4914 3842 4953 eo:-

2259 4984 2410 5040 lestis
2435 4982 2656 5039 fabricae
2683 4991 2986 5049 teneantur,
3026 4993 3080 5038 et
3101 4983 3228 5038 mali
3263 4993 3417 5038 extra
3465 4984 3760 5050 fabricam,
3793 4989 3840 5039 in

2261 5074 2455 5145 quibus
2480 5074 2621 5128 bona
2645 5089 2766 5143 quae
2790 5073 3167 5129 existimentur
3197 5072 3712 5148 [al.,a:stimantur]
3745 5093 3840 5131 non

2260 5172 2406 5230 sunt,
2445 5163 2601 5234 quasi
2645 5165 2761 5219 sine
2784 5179 3036 5219 mensura
3068 5171 3402 5219 remaneant.
3455 5164 3624 5221 llunc
3645 5168 3842 5223 lunias

2261 5257 2394 5323 lum,
2431 5264 2484 5311 et
2518 5270 2783 5310 mensurae
2807 5255 3071 5309 calamum
3103 5255 3156 5308 in
3187 5271 3349 5308 manu
3371 5270 3472 5309 sua
3513 5255 3840 5327 Βεάεηψωι

2263 5354 2446 5400 noster
2472 5343 2662 5408 tenuit,
2701 5358 2822 5398 cum
2852 5342 3077 5398 Paulum
3108 5342 3406 5413 apostolum
3450 5359 3552 5412 per
3581 5361 3838 5415 appara~

2265 5447 2370 5494 tem
2403 5436 2573 5489 virum
2611 5434 2957 5490 Macedonem
3003 5435 3290 5489 admonere
3329 5435 3594 5502 dignatus
3648 5443 3750 5499 est.
3776 5436 3842 5486 ita

2260 5536 2321 5584 ut
2357 5527 2544 5582 iisdem
2575 5525 2793 5580 Macedo
2829 5525 2914 5580 vir
2947 5525 3186 5581 diceret:
3213 5525 3494 5582 Transiens
3532 5527 3840 5596 adjuvet-ss

2263 5617 2400 5688 (Act.
2442 5633 2552 5683 xw,
2586 5616 2664 5686 9).
2705 5615 2772 5670 Et
2819 5623 3000 5672 tamen
3032 5615 3274 5671 volentes
3307 5617 3588 5684 apostolos
3617 5617 3738 5688 [al.,
3759 5629 3840 5668 ro-

591 5717 800 5765 uterum
832 5707 1060 5775 Dei,nisi
1088 5708 1202 5780 ejus
1229 5710 1513 5768 consilium
1536 5710 1790 5768 debemus
1817 5711 2080 5780 accipere,
2100 5711 2152 5766 in
2265 5710 2497 5766 lentibus
2526 5706 2802 5777 apostolis]
2855 5707 2922 5760 ad
2967 5706 3366 5776 praedicandum
3397 5707 3478 5762 ire
3523 5707 3582 5760 in
3639 5706 3836 5764 Asiam.
