3974 6344
186 334 317 391 1309

1017 326 1107 383 DE
1140 326 1815 383 PBIEDESTINATIONE
1853 326 2126 384 CONTRA
2168 328 2221 384 .I.
2263 327 2563 387 SCOTUM.

3291 342 3427 399 I3I0

186 466 286 507 non
349 446 593 519 permisit
656 444 889 516 Spiritus
950 443 1164 499 Domini
1230 441 1419 514 (lbid.,
1478 441 1553 513 7).
1616 440 1755 507 Quid
1781 441 2001 502 Astin
2041 457 2220 498 sermo
2248 444 2734 513 pnrdestinationis
2759 447 3046 518 impiorum
3079 454 3286 522 positus
3314 456 3430 513 tue-

184 536 423 609 estun
450 535 622 593 sancti
648 535 899 606 apostoli,
927 542 983 589 et
1005 534 1079 589 ibi
1109 542 1370 588 vocantur
1401 532 1482 587 ire
1509 532 1599 585 ubi
1635 529 1746 586 for-

187 637 325 687 tasse
345 640 568 700 pergere
602 640 708 683 non
743 625 1067 694 cogitabant,
1099 632 1156 678 et
1196 622 1320 676 illuc
1350 621 1442 676 ubi
1477 619 1751 677 desidera-

184 724 312 778 bant
361 732 611 791 pergere,
688 717 768 772 ire
796 713 1153 787 prohibentur
1182 714 1204 767 ?
1232 711 1346 767 Nisi
1396 710 1523 783 quia
1561 709 1752 763 occulti

177 811 363 885 iudicii
426 809 727 882 funiculus,
773 817 822 863 et
872 823 1130 862 mensum
1169 805 1403 860 calamus
1451 813 1653 861 tenetur
1698 804 1753 857 in

184 921 336 959 manu
359 918 379 959 :
406 909 466 957 ut
498 900 589 955 alii
616 900 781 955 verba
798 898 922 953 vita:
957 897 1199 962 audiant,
1232 904 1287 952 et
1326 894 1415 950 alii
1449 892 1754 949 nullatenus

183 996 363 1052 audire
391 1001 702 1051 mereantur
724 993 746 1046 ἲ
791 989 1085 1045 Funiculus
1104 1006 1226 1059 ergo
1248 1004 1505 1044 mensura:
1525 997 1621 1053 est,
1660 986 1752 1058 qui

183 1086 283 1143 alio
326 1093 530 1140 tractus
555 1091 660 1149 est,
710 1081 923 1137 aliunde
974 1088 1260 1136 retractus.
1315 1079 1517 1135 Sancto
1542 1093 1755 1149 quoque

183 1178 466 1250 Evangelia
500 1185 637 1233 teste
663 1174 787 1248 [al.,
820 1172 1100 1246 testante],
1132 1172 1420 1228 didicimus
1442 1172 1585 1243 quod
1609 1172 1757 1228 venit

183 1269 271 1342 qui
294 1270 498 1325 diceret
526 1286 539 1322 :
567 1266 835 1338 Magister,
859 1282 1046 1337 sequar
1065 1274 1113 1319 te
1151 1280 1455 1337 quocunque
1487 1264 1629 1318 ieris.
1656 1263 1755 1319 Cui

184 1373 489 1430 responsum
541 1366 667 1413 est:
725 1355 916 1427 Vulpes
950 1355 1125 1426 foveas
1166 1356 1376 1423 habent,
1441 1364 1488 1411 et
1521 1355 1753 1410 volucres

182 1448 287 1504 caeli
322 1449 501 1514 nidos,
530 1446 703 1502 Filius
736 1456 907 1500 autem
929 1447 1153 1501 hominis
1177 1463 1279 1501 non
1298 1447 1447 1501 habet
1491 1446 1577 1501 ubi
1600 1456 1753 1517 caput

180 1558 324 1596 suum
371 1539 602 1595 reclinet.
651 1538 813 1595 Venit
851 1538 989 1594 alter
1034 1538 1127 1609 qui
1174 1539 1380 1594 diceret
1422 1556 1437 1593 :
1481 1537 1752 1609 Magister,

178 1632 285 1686 sine
307 1647 385 1685 me
405 1630 633 1701 primum
654 1629 749 1694 ire,
798 1637 844 1684 et
871 1628 1086 1699 sepelire
1103 1638 1303 1698 patrem
1329 1644 1521 1683 meum.
1550 1627 1646 1683 Cui
1675 1629 1755 1683 di-

180 1724 316 1779 citur
354 1739 368 1778 :
412 1720 539 1778 Sine
583 1731 838 1787 mortuos,
896 1719 1145 1791 sepeliant
1183 1730 1414 1775 mortuos
1465 1735 1629 1775 suos:
1674 1721 1754 1776 Tu

1852 540 1973 597 rat;
2010 532 2240 602 ideoque
2269 549 2374 588 non
2406 535 2808 604 praevisionem,
2847 540 2943 594 sed
2981 545 3428 611 praeparationem

1851 632 1906 679 et
1934 624 2339 695 dispositionem
2358 624 2474 693 ejus
2493 627 2794 696 prolatione
2813 629 3242 702 intelligendam;
3267 651 3429 705 quem

1851 716 1899 772 si
1927 715 2119 772 Atticae
2148 716 2345 788 lingua:
2367 717 2648 774 scientiam
2676 720 2928 778 habuisse
2955 733 3049 778 aut
3076 725 3313 795 ignoras,
3336 737 3432 784 aut

1852 822 2037 878 negas,
2065 807 2181 879 lege
2206 808 2375 863 libros
2403 808 2568 875 illius,
2596 810 2686 880 qui
2716 810 3162 885 Mythologiarum
3187 832 3281 873 seu
3307 818 3431 873 Vir-

1853 899 2064 969 gilianae
2085 899 2429 955 continentia:
2450 900 2836 968 inscribuntur,
2861 911 2915 957 et
2935 904 3176 961 invenies
3196 908 3246 963 ei
3268 908 3433 962 maxi-

1854 1003 1997 1043 mam
2041 988 2184 1044 illius
2221 989 2416 1059 linguae
2450 989 2668 1047 alluisse
2713 993 2998 1062 peritiam,
3031 1011 3136 1067 qua
3180 996 3431 1053 facillime

1853 1095 2013 1138 nosse
2054 1090 2269 1153 poterat
2292 1082 2422 1152 quid
2446 1083 2546 1139 sub
2582 1082 2740 1154 hujus
2777 1085 3025 1142 vocabuli
3063 1089 3432 1144 enuntiatione

1854 1173 2027 1243 accipi
2059 1174 2352 1229 debuisset.

1924 1263 2275 1320 Cassiodorus
2311 1264 2389 1335 (in
2428 1265 2565 1336 psal.
2590 1282 2687 1331 vii,
2724 1268 2822 1322 sub
2857 1266 2974 1339 lin.)
3005 1286 3018 1321 :
3053 1268 3317 1340 [Primum
3344 1278 3425 1325 est

1853 1358 1979 1427 quia
2032 1357 2306 1427 iniquitas,
2351 1358 2476 1412 dum
2512 1372 2577 1412 ex
2610 1358 2720 1414 alto
2751 1360 3083 1429 praecipitata
3132 1360 3430 1425 descendit,

1854 1448 2120 1504 violenter
2144 1448 2408 1518 percutit,
2453 1450 2647 1506 deinde
2682 1459 2931 1521 potenter
2975 1453 3242 1521 quomodo
3284 1452 3433 1522 impii

1858 1550 2214 1611 torqueantur
2260 1542 2517 1611 exponit:
2544 1556 2669 1597 nam
2717 1558 2838 1598 cum
2883 1558 3046 1614 supra
3089 1557 3182 1599 cos
3216 1544 3435 1614 propria

1856 1640 2077 1700 peccata
2109 1630 2518 1698 descenderint,
2561 1631 2674 1686 suis
2706 1632 2881 1699 malis,
2919 1633 3031 1688 suis
3062 1633 3353 1690 sceleribus
3377 1633 3434 1687 in

1858 1736 2047 1790 poenas
2074 1708 2284 1776 debitas
2307 1720 2693 1793 destinantur.]

178 1824 345 1870 autem
369 1830 451 1868 me
473 1830 684 1884 sequere
702 1823 749 1868 et
770 1814 1025 1868 annuntia
1048 1830 1260 1883 regnum
1282 1813 1379 1869 Dei
1403 1813 1613 1881 (Matth.
1634 1831 1748 1880 vui,
1783 1800 1829 1860 Β
1924 1812 1966 1882 ἰ-
1997 1811 2163 1877 Idem,
2194 1812 2250 1867 in
2291 1811 2496 1891 psalmo
2524 1827 2577 1867 ιι
2606 1829 2618 1865 :
2653 1812 2894 1867 Destruit
2932 1812 3073 1868 Deus
3102 1813 3156 1867 in
3196 1814 3298 1868 hac
3322 1813 3434 1868 vita

180 1902 488 1970 19,20,21-
512 1902 624 1974 ea).
674 1900 813 1969 Quid
835 1910 920 1961 est
951 1902 1093 1972 quod
1134 1901 1223 1957 ille
1262 1902 1529 1972 promittit
1554 1917 1611 1956 se
1651 1903 1750 1969 ire,

176 2003 231 2052 et
270 1995 539 2052 deseritur
581 1996 605 2050 ?
634 1995 742 2050 Iste
764 1994 982 2050 domum
1026 1993 1140 2049 vult
1173 1994 1366 2057 redire,
1404 2003 1458 2048 et
1489 2005 1663 2050 tamen
1694 2003 1752 2049 ut

176 2085 324 2155 sequi
350 2084 562 2151 debeat,
591 2085 832 2156 jubetur.
883 2083 976 2139 llle
1012 2099 1120 2139 non
1152 2083 1464 2153 suscipitur,
1508 2085 1611 2140 iste
1651 2100 1753 2141 nec

178 2174 244 2231 ad
268 2176 415 2231 hora:
442 2185 775 2232 momentum
797 2174 865 2231 ab
891 2174 1153 2245 obsequio
1188 2175 1478 2229 relaxatur.
1511 2175 1570 2229 In
1606 2184 1751 2231 terra

177 2266 289 2341 [al.,
324 2269 535 2325 interno
584 2283 712 2340 ergo
750 2267 1069 2337 occultoque
1115 2267 1341 2340 judicio]
1380 2282 1509 2339 ergo
1554 2268 1751 2323 occulti

166 2358 352 2427 judicii
386 2358 678 2424 funiculus,
715 2367 1082 2425 eumcnsurte
1125 2358 1365 2413 calamus
1414 2359 1646 2425 ducitur,
1696 2360 1750 2413 in

174 2465 280 2520 quo
316 2450 419 2505 iste
464 2450 715 2513 trahitur,
768 2458 823 2504 et
865 2450 955 2504 ille
1002 2448 1359 2520 relinquitur,
1411 2456 1469 2503 ut
1517 2449 1754 2504 caelestis

168 2539 382 2597 fabrica
427 2556 533 2597 non
562 2541 677 2597 sine
696 2541 805 2610 pio,
832 2547 888 2594 et
910 2537 1065 2612 justo.
1086 2539 1333 2593 examine
1357 2532 1750 2607 construatur.]

243 2617 476 2705 f'llanc
507 2634 652 2691 beati
695 2632 941 2705 Gregorii
984 2633 1308 2689 sententiam
1346 2631 1549 2688 idcirco
1579 2633 1751 2687 inter-

174 2725 348 2795 posui,
406 2732 465 2780 ut
499 2738 597 2795 per
623 2739 742 2779 eam
763 2731 1122 2792 cognoscatur
1149 2723 1277 2792 quid
1311 2724 1377 2778 de
1400 2724 1751 2792 praedestina-

176 2818 318 2873 tione
339 2815 685 2882 intellexerit,
712 2814 1049 2887 intelligique
1077 2813 1327 2868 voluerit.
1355 2812 1514 2880 Nam,
1551 2829 1670 2869 cum
1696 2815 1749 2869 in

176 2906 462 2963 litoralibus
483 2906 730 2963 eumdem
751 2920 968 2961 sensum
1001 2904 1213 2976 plenius
1236 2904 1576 2974 explicuerit,
1609 2905 1752 2974 quod

176 2998 263 3055 ille
281 2998 780 3069 priedestinationes
793 2995 1097 3066 pluraliter,
1123 2995 1227 3051 hoc
1249 2996 1303 3050 in
1327 2993 1610 3050 Ezechiele
1638 2996 1750 3050 dis-

173 3090 543 3162 pensationem
559 3090 780 3159 adreque
792 3088 1072 3158 pluraliter
1085 3088 1283 3158 posuit,
1301 3095 1363 3142 ut
1384 3094 1569 3158 aperte
1594 3086 1752 3142 doce-

1853 1901 2219 1970 prosperrime
2262 1916 2398 1970 quos
2440 1901 2635 1956 iterum
2685 1901 2957 1957 aedificare
2997 1902 3334 1969 decreverit;
3379 1904 3436 1957 in

1852 1988 1960 2044 ﬁne
2002 1998 2180 2046 autem
2237 1990 2327 2061 qui
2371 1990 2719 2059 destruetur,
2748 1993 2967 2049 aeternis
3014 1994 3289 2065 suppliciis
3343 1994 3437 2049 de-

1855 2088 2095 2150 putatur.
2119 2078 2139 2151 ]

1923 2169 1962 2240 οί-
1992 2170 2159 2237 Idem,
2189 2170 2397 2240 psalmo
2425 2187 2513 2227 Liv
2540 2188 2553 2227 :
2586 2170 2745 2244 [Nam
2789 2173 3033 2229 omnium
3058 2174 3175 2231 dies
3215 2174 3270 2229 in
3298 2189 3437 2245 prac-

1853 2260 2214 2318 dcstinatione
2245 2270 2544 2319 noscuntur
2567 2278 2688 2320 esse
2720 2252 2984 2337 déliniti.]

1921 2351 1961 2422 -ξ-
1992 2351 2158 2418 Idem,
2189 2353 2242 2407 in
2285 2354 2495 2423 psalmo
2519 2370 2707 2409 Luxu
2736 2370 2751 2409 :
2785 2354 3216 2428 [Confundantur
3256 2368 3434 2415 autem

1851 2451 1900 2496 et
1938 2444 2315 2497 conturbentur
2355 2444 2410 2498 in
2449 2444 2701 2499 sazculum
2734 2445 2935 2513 saeculi,
2965 2449 3058 2519 qui
3106 2458 3309 2505 aeterna
3357 2450 3437 2504 ul-

1854 2530 1999 2584 tione
2033 2532 2323 2586 damnandi
2377 2541 2523 2587 sunt.
2582 2534 2841 2605 Sequitur
2901 2548 2950 2593 et
3004 2551 3333 2595 revereantur
3385 2553 3435 2597 et

1850 2629 2061 2689 pereant
2110 2618 2284 2691 (Psal.
2331 2637 2533 2687 Luxu,
2585 2624 2697 2695 I8).
2740 2626 2857 2695 Ipse
2901 2641 3093 2684 sensus
3143 2638 3228 2685 est
3274 2645 3433 2699 quem

1852 2710 2102 2779 superius
2140 2710 2314 2778 dixit;
2354 2712 2480 2782 quia
2510 2713 2583 2769 ibi
2626 2717 2943 2789 reverendo,
2975 2734 3082 2774 non
3120 2720 3431 2793 proﬁciunt,

1852 2799 1945 2854 sed
1966 2808 2213 2868 pereunt,
2230 2801 2321 2871 qui
2337 2802 2407 2856 ad
2425 2810 2687 2884 aeternum
2711 2805 3029 2876 supplicium
3049 2809 3435 2884 destinantur.]

1920 2889 1962 2960 -ι·
2005 2889 2172 2957 Idem,
2221 2892 2274 2947 in
2318 2878 2529 2962 psalni'o
2557 2910 2777 2952 uxxvn
2823 2915 2835 2950 :
2875 2897 3212 2968 Frequenter
3244 2878 3434 2957 emun:

1853 2981 1949 3036 dat
1988 2982 2251 3039 Divinitas
2298 3001 2434 3056 quos
2485 2985 2738 3058 ﬂagellat,
2777 2997 2838 3044 ut
2872 3000 3158 3063 purgatum
3208 2994 3439 3065 recipiat

1850 3089 2013 3145 quem
2054 3078 2292 3146 peccatis
2328 3079 2605 3135 sordidum
2648 3082 2976 3151 respuebat;
3015 3100 3151 3154 quos
3191 3101 3319 3143 vero
3366 3089 3434 3143 ab

174 3149 259 3238 ret
272 3181 536 3239 vocabulo
550 3149 1041 3252 prindestinationis
1057 3149 1260 3249 disposi
1270 3149 1446 3235 tiones
1460 3187 1515 3234 et
1530 3179 1747 3248 dispen-

1860 3165 2239 3223 emundatione
2284 3165 2565 3235 dissolvit,
2596 3169 2651 3225 id
2692 3149 2779 3227 est
2822 3149 3069 3239 removii,
3104 3174 3202 3231 bos
3238 3174 3352 3244 jam
3380 3188 3437 3231 et

173 3273 415 3331 sationes
438 3280 601 3342 atque
634 3268 1006 3326 ordinationes
1036 3268 1130 3323 Dei
1157 3268 1356 3324 debere
1379 3268 1573 3338 accipi.
1614 3266 1749 3322 Cum

172 3372 379 3421 constet
408 3378 473 3420 ea
498 3376 555 3420 et
582 3362 686 3418 alia
700 3360 978 3433 complura
1002 3362 1104 3417 sub
1125 3377 1236 3419 uno
1259 3362 1560 3431 eodemque
1587 3376 1748 3416 sensu

171 3461 282 3509 tam
310 3453 364 3508 in
394 3452 564 3509 sacris
609 3450 838 3522 eloquiis
887 3465 1051 3521 quam
1081 3450 1133 3504 in
1184 3459 1480 3506 tractorum
1528 3451 1744 3521 exposi-

171 3546 409 3603 tionibus
450 3547 601 3617 poni.

239 3636 551 3709 Fulgentius
598 3638 651 3692 in
695 3637 790 3695 lib.
844 3638 912 3694 ad
950 3636 1242 3693 Monimum
1295 3636 1454 3707 (1.1,
1504 3651 1625 3708 cap.
1676 3636 1748 3691 20

166 3736 228 3786 et
275 3729 342 3784 2i
376 3729 441 3800 ):
487 3727 694 3802 [Neque
743 3728 888 3785 enim
926 3736 1010 3785 est
1071 3727 1175 3785 alia
1220 3725 1336 3797 ejus
1394 3727 1748 3797 praedestina-

170 3820 266 3887 tio,
314 3820 419 3876 nisi
469 3819 776 3879 futurorum
841 3833 1064 3890 operum
1114 3819 1231 3890 ejus
1279 3825 1480 3873 aeterna
1533 3833 1743 3888 praepa-

166 3913 351 3979 ratio;
384 3912 438 3969 in
470 3928 578 3984 qua
625 3911 825 3967 nullius
870 3926 1030 3967 causa
1062 3908 1192 3965 mali
1241 3907 1443 3979 poterit
1487 3905 1743 3972 inveniri,

164 4004 294 4073 quia
316 4019 383 4059 ex
409 4002 686 4059 voluntate
728 4002 826 4057 Dei
845 4015 1121 4070 nunquam
1150 3998 1416 4081 processit
1438 3997 1591 4067 origo
1615 4010 1743 4068 pec-

163 4095 295 4152 cati.
344 4094 651 4150 Misericors
676 4092 876 4149 etenim
922 4091 1202 4157 Dominus,
1251 4099 1306 4145 et
1322 4088 1521 4160 justus,
1553 4089 1745 4158 dequo

164 4194 224 4242 et
256 4187 364 4247 alio
402 4186 521 4243 loco
544 4185 805 4256 scriptum
833 4191 955 4240 est:
1005 4181 1425 4237 Misericordiam
1471 4187 1520 4234 et
1553 4180 1745 4235 verita-

163 4290 271 4334 tem
310 4279 483 4350 diligit
541 4277 796 4333 Daminus
853 4274 994 4329 Deus
1043 4272 1218 4344 (Psal.
1256 4287 1488 4337 Lxxxni,
1532 4270 1642 4343 η).
1683 4270 1743 4327 In

159 4369 420 4425 omnibus
440 4381 568 4439 ergo
586 4366 845 4438 cperibus
869 4364 1011 4434 ejus,
1042 4371 1140 4419 aut
1160 4363 1307 4434 justa
1331 4363 1536 4419 veritas
1564 4370 1738 4419 custo-

160 4457 332 4526 ditur,
389 4468 482 4514 aut
527 4460 613 4529 pia
646 4457 1016 4513 misericordia
1062 4454 1440 4526 praerogatur.]

235 4549 308 4604 Et
363 4547 502 4603 infra
556 4547 741 4620 (lbid.,
766 4561 886 4618 cap.
915 4544 1057 4616 21):
1105 4543 1538 4617 [Praedeslinatlo
1597 4544 1741 4600 enim

155 4637 320 4708 ejus,
353 4637 677 4708 praeparatio
704 4646 790 4691 est
829 4650 1051 4706 operum
1090 4634 1224 4704 ejus.

232 4729 277 4797 αξ-
304 4728 373 4781 Ει
418 4727 547 4781 item
586 4725 772 4797 (Ibid.,
793 4740 913 4795 cap.
940 4725 1031 4796 25)
1064 4743 1077 4779 :
1114 4724 1232 4797 [Dei
1279 4726 1422 4781 enim
1469 4726 1744 4796 praedesti—

153 4816 406 4882 natione,
434 4824 528 4871 aut
556 4824 899 4886 peccatorum
925 4825 1226 4887 praeparata
1255 4826 1338 4873 est
1358 4818 1445 4888 pia
1472 4818 1741 4885 remissio,

153 4915 260 4963 aut
291 4915 637 4977 peccatorum
664 4907 808 4978 justa
837 4907 1065 4977 punitio.
1095 4906 1377 4977 Nunquam
1404 4908 1567 4980 igitur
1603 4909 1744 4965 Deus

152 4999 229 5052 ad
283 4997 388 5053 hoc
430 4996 702 5052 hominem
742 4997 917 5067 potuit
964 4998 1369 5067 praedestinare,
1430 4999 1573 5069 quod
1625 5000 1740 5070 ipse

152 5087 508 5158 disposuerat
552 5095 608 5142 et
654 5096 923 5157 praecepto
963 5089 1270 5159 prohibere,
1330 5097 1386 5146 et
1436 5090 1739 5145 misericor-

151 5178 251 5232 dia
283 5177 513 5244 diluere,
539 5187 595 5233 et
619 5178 828 5248 justitia
879 5180 1091 5250 punire.
1122 5178 1339 5251 Iniquos
1378 5180 1562 5248 itaque
1606 5193 1742 5251 quos

149 5269 439 5339 praescivit
488 5269 630 5323 Deus
684 5268 825 5323 hanc
874 5269 1039 5323 vitam
1094 5270 1147 5323 in
1202 5279 1424 5340 peccato
1479 5271 1737 5326 termina-

152 5366 354 5426 turos,
376 5359 781 5429 praedestinavit
814 5360 1076 5428 supplicio
1103 5361 1483 5417 iuterminabili
1514 5362 1741 5431 punien-

148 5449 281 5507 dos.
296 5449 320 5525 ]

225 5542 273 5611 -ι-
303 5541 412 5598 Iste
441 5543 630 5600 doctor
652 5552 708 5599 et
730 5542 979 5608 antistes,
1002 5543 1206 5613 absque
1228 5543 1584 5616 refragatione
1611 5544 1740 5601 lide-

145 5637 402 5693 lissimus
429 5647 593 5708 atque
635 5638 1033 5694 eruditissimus
1054 5679 1068 5704 ,
1110 5648 1337 5694 noverat
1368 5639 1611 5696 Cra-cam
1642 5656 1741 5712 ap-

147 5730 337 5795 prime
380 5731 739 5800 locutionem,
774 5739 1001 5787 noverat
1049 5730 1280 5799 qualiter
1310 5748 1339 5786 a
1377 5732 1533 5788 beato
1562 5731 1740 5805 Augu-

1769 4504 1817 4564 D

1855 3255 2111 3312 damnare
2145 3257 2403 3314 decrevit.
2421 3257 2443 3331 ]

1923 3346 1964 3415 -ι-
1983 3345 2152 3411 Idem,
2185 3348 2240 3402 in
2266 3348 2477 3419 psalmo
2503 3366 2613 3407 xcu
2645 3370 2657 3407 :
2699 3350 2926 3425 [Parata
2955 3355 3100 3411 sedes
3134 3365 3225 3412 tua
3255 3358 3394 3413 Deus
3413 3374 3433 3413 :

1851 3446 2041 3505 parata
2066 3437 2337 3509 signiﬁcat
2375 3442 2927 3513 pmdestinationem,
2958 3447 3086 3517 quia
3135 3457 3306 3504 totum
3343 3449 3435 3504 illa

1851 3528 2080 3584 veritate
2108 3531 2654 3605 consistit,quidquid
2670 3536 2726 3591 in
2747 3536 3220 3595 administratione
3247 3540 3434 3594 mundi

1850 3619 2068 3676 evenire
2095 3623 2439 3696 contigerit.]

1921 3715 1962 3784 -ι-
1992 3714 2099 3770 Sed
2129 3724 2184 3771 et
2222 3715 2552 3783 Primasius,
2593 3717 2864 3774 Africanae
2906 3719 3160 3775 Ecclesiae
3205 3721 3434 3779 antistes

1849 3804 2283 3871 eruditissimus,
2325 3805 2380 3859 in
2428 3807 2805 3876 explanatione
2848 3808 3244 3881 Apocalypseos
3286 3810 3433 3867 beati

1846 3893 2086 3960 Joannis,
2118 3896 2308 3953 eadem
2334 3898 2567 3954 sensisse
2592 3900 2878 3969 reperitur,
2904 3916 3029 3956 cum
3055 3901 3131 3956 ait
3155 3918 3168 3956 :
3202 3901 3432 3974 [Praete-

1849 3986 1955 4041 rito
1997 4000 2231 4056 namque
2280 3988 2512 4059 tempori
2559 3996 2817 4059 tanquam
2863 3991 3123 4047 anteriori
3167 3993 3433 4063 promissa

1847 4081 2179 4151 dispensatio
2201 4081 2400 4138 Christi
2428 4083 2641 4139 Domini
2668 4086 2979 4155 deputatur,
3001 4102 3120 4156 qua:
3141 4087 3279 4142 sicut
3297 4102 3434 4157 prm-

1847 4173 1988 4229 dicta
2022 4188 2054 4228 a
2082 4173 2361 4245 prophetis
2404 4174 2632 4245 legitur,
2677 4185 2893 4247 peracta
2922 4174 3035 4246 jam
3075 4178 3428 4248 perdocetur,

1844 4264 2128 4336 praesentis
2187 4264 2520 4319 credulitatis
2577 4275 2906 4335 augmenta,
2956 4276 3011 4323 et
3064 4268 3431 4324 Ecclesiarum

1844 4354 2175 4410 conveniunt
2216 4354 2554 4410 incrementa
2596 4354 2898 4412 futurorum
2932 4359 3228 4425 bonorum,
3263 4358 3431 4414 malo—

1846 4462 2073 4517 rumque
2099 4446 2397 4516 redemptio
2426 4462 2530 4521 qua
2571 4447 2747 4518 justos
2784 4450 2836 4503 in
2884 4450 3086 4518 vitam,
3137 4451 3330 4521 impios
3374 4452 3429 4504 in

1844 4551 2056 4609 poenam
2082 4536 2291 4593 futuros
2316 4520 2586 4593 credimus
2609 4538 2936 4611 deputatos.]

1913 4627 2240 4693 Bonifacius,
2268 4628 2552 4698 episcopus
2579 4637 2633 4684 et
2662 4640 2869 4701 martyr
2899 4630 3221 4687 Germaniae.
3252 4629 3426 4702 [Quid

1843 4718 1986 4772 enim
2015 4717 2221 4788 parenti
2249 4717 2485 4786 proficit,
2508 4719 2552 4773 si
2580 4719 2778 4774 habeat
2799 4720 2968 4776 lilium
2994 4720 3280 4776 tormentis
3304 4735 3429 4791 pere

1843 4806 2019 4877 petuis
2045 4805 2414 4878 deputatum]

1914 4907 1953 4977 -ι-
1980 4905 2131 4961 Hanc
2156 4907 2546 4962 sententiarum
2568 4910 2876 4981 congeriem
2902 4909 2969 4963 ad
2996 4909 3096 4963 hoc
3119 4907 3425 4963 necessario

1847 5012 1912 5053 ex
1942 4997 2162 5052 Patrum
2191 4997 2554 5054 voluminibus
2581 4999 2934 5071 colligendam
2962 4997 3110 5063 duxi,
3135 5006 3213 5063 ut,
3242 4997 3422 5052 varie-

1848 5098 1958 5145 tate
1984 5089 2364 5145 vocabulorum
2386 5132 2401 5157 ,
2452 5100 2507 5146 et
2550 5093 2753 5145 unitate
2785 5106 3068 5155 sensuum,
3110 5089 3237 5160 quid
3264 5103 3426 5159 super

1845 5182 2244 5252 nuncupatione
2305 5182 2795 5253 praedestinationis
2839 5183 3110 5237 senserint
3169 5180 3424 5238 facillime

1844 5275 2229 5345 perpendatur.
2261 5274 2535 5346 Siquidem
2567 5291 2689 5329 cum
2726 5290 2861 5344 opus
2887 5283 3057 5340 esset,
3084 5285 3144 5331 ut
3176 5276 3425 5331 eamdem

1844 5379 2062 5421 causam
2094 5366 2289 5437 saepius
2317 5367 2646 5430 intimarent,
2675 5364 2981 5420 maluerunt
3005 5366 3233 5421 diversis
3256 5364 3422 5435 signi-

1843 5454 2182 5511 ﬁcationibus
2218 5455 2462 5511 eamdem
2495 5470 2610 5508 rem
2636 5455 2809 5525 gratia
2841 5437 3046 5511 vitandi
3089 5455 3287 5511 fastidii
3329 5468 3420 5524 po-

1842 5563 1991 5614 nere,
2015 5534 2177 5618 quam
2199 5548 2293 5602 uni
2317 5546 2600 5615 eidemque
2620 5547 2896 5612 vocabulo,
2929 5547 3084 5617 quasi
3111 5559 3427 5603 sermonum

1841 5639 2132 5710 indigentia
2155 5638 2483 5701 laborantes,
2512 5635 2784 5693 taediosius
2807 5638 3090 5705 inservire,
3116 5652 3180 5693 ac
3200 5652 3296 5707 per
3316 5637 3418 5692 hoc

1841 5746 2180 5803 nequaquam
2214 5745 2310 5785 nos
2338 5729 2390 5783 in
2415 5728 2622 5785 Latinis
2649 5729 2971 5786 dictionibus
2995 5730 3060 5785 ad
3084 5729 3298 5787 Gmcas
3327 5727 3412 5783 tie-
