3974 6344
573 329 702 384 1511

1545 319 1604 376 S.
1641 313 2013 378 PRUDENTH
2051 312 2431 375 TRECENSIS
2468 310 2772 374 EPISCOPI

3691 309 3828 371 13ιᾶ

572 443 767 496 bueras
794 436 1031 508 origines
1053 432 1302 497 invitare,
1329 447 1360 487 a
1394 431 1586 501 quibus
1611 446 1710 487 nec
1729 432 2138 496 derivationem,
2167 433 2214 492 Α
2247 439 2351 483 non
2383 430 2614 499 cognouit
2653 429 2881 486 mundus
2921 445 3012 500 per
3043 429 3350 500 sapientiam
3381 421 3585 494 Deum,
3625 429 3828 500 placuit

573 544 675 584 nec
700 526 1193 584 deuominationem
1219 530 1425 578 certum
1449 530 1533 577 est
1557 537 1650 576 eas
1675 523 1966 592 accepisse.
2001 522 2144 575 inter

573 619 688 674 haec
707 617 1022 680 notandum,
1041 631 1149 671 non
1172 614 1464 683 incongrue
1496 611 1737 668 fortassis
1776 613 1980 674 censui,
2002 610 2146 680 quod

572 721 762 766 orator
792 708 1052 764 mirabilis
1071 704 1372 778 prinde/iniu
1397 704 1621 758 verbum
1643 703 1864 774 pulchra
1893 702 2145 757 nimirum

575 800 964 872 compositione
1028 806 1226 852 nostrae
1291 796 1608 867 ignorantiae
1664 796 1965 860 invexerit,
2022 809 2146 850 cum

575 891 746 947 multo
778 887 1109 945 commodius
1141 887 1527 956 honestiusque
1555 887 1735 942 dicere
1761 886 1995 955 potuerit
2013 903 2149 955 pra:-

583 983 725 1045 inio,
756 978 1204 1050 quemadmodum
1233 977 1396 1031 etiam
1419 993 1449 1031 a
1475 987 1664 1032 sancto
1702 975 2027 1047 Hieronymo
2055 990 2150 1044 po-

576 1072 737 1127 situm
772 1085 933 1139 supra
967 1067 1316 1133 inseruimus.
1339 1067 1543 1134 Quibus
1567 1068 1818 1122 omnibus
1845 1067 2043 1137 liquido
2067 1083 2151 1122 re-

575 1159 777 1215 fellitur
803 1160 946 1228 quod
975 1159 1236 1212 destinare
1267 1157 1349 1212 vel
1385 1157 1756 1226 pra'dcstt'nare
1796 1172 1894 1226 pro
1917 1173 1982 1211 eo
2006 1156 2151 1227 quod

573 1259 656 1305 est
703 1251 918 1315 uidere,
957 1249 1041 1304 vel
1079 1249 1360 1319 pramidere
1405 1247 1553 1302 fatua
1594 1248 1892 1302 assertione
1935 1246 2148 1310 dixisti,

574 1341 773 1410 quippe
812 1355 932 1395 cum
961 1354 995 1392 a
1022 1338 1167 1393 nullo
1201 1353 1388 1412 eorum
1419 1339 1518 1392 sub
1560 1339 1662 1392 hoc
1709 1353 1870 1392 sensu
1915 1338 2149 1408 positum

577 1431 789 1500 uspiam
819 1429 995 1506 valeat
1025 1429 1287 1504 reperiri.
1822 1491 1824 1494 ν
1873 1474 1876 1478 .

647 1521 760 1576 Nec
792 1521 1224 1590 prmtereundum
1248 1521 1394 1592 quod
1414 1532 1622 1577 wterna:
1641 1520 1922 1593 Sapientia:
1942 1525 2153 1578 comites

578 1611 1088 1682 inuestigatricesque
1146 1623 1458 1666 memoratas
1515 1612 1817 1684 disciplinas
1867 1615 2154 1670 asserueris

583 1703 724 1773 (cap.
753 1703 837 1766 18,
872 1719 1023 1757 num.
1069 1703 1124 1768 4,
1160 1713 1291 1759 sect.
1323 1705 1374 1776 1)
1415 1714 1601 1760 contra
1638 1706 2012 1762 auctoritatem
2043 1708 2144 1762 uti-

2247 520 2354 574 Deo
2383 539 2474 592 per
2513 521 2787 576 stultitiam
2834 521 3223 591 praedicationis
3267 522 3439 576 salvos
3490 522 3673 591 facere
3714 533 3826 576 crta

2245 614 2454 680 dentes;
2483 615 2629 670 nobis
2655 625 2829 669 autem
2857 614 3098 669 reuelauit
3115 614 3254 669 Deus
3275 623 3368 684 per
3387 609 3648 685 Spiritum
3674 613 3830 669 mea:

2247 704 2300 772 (Ι
2325 703 2446 758 Cor.
2476 722 2516 770 ι,
2543 705 2656 773 21).
2713 704 2972 777 Spiritum
3004 714 3248 760 sanctum
3285 705 3595 777 philosopr
3642 702 3830 762 mundi

2246 811 2348 851 nec
2387 795 2735 862 habuerunt,
2785 811 2884 852 nec
2936 795 3288 863 inieherdnt;
3350 798 3626 868 quomodo
3679 812 3831 868 ergo,

2247 884 2544 955 quamlibet
2575 885 2738 940 astuti
2777 894 2938 956 atque
2980 885 3158 950 acuti,
3189 899 3287 956 per
3315 887 3638 941 earumdem
3671 887 3832 942 disci-

2248 974 2516 1044 plinarum
2550 977 2908 1032 eruditionem
2941 977 3224 1034 Dominum
3267 980 3602 1052 investigare
3638 989 3832 1051 potue-

2251 1075 2402 1131 runt,
2437 1069 2526 1137 qui
2567 1083 2666 1123 nec
2704 1069 3056 1138 investigatur
3090 1072 3358 1127 veraciter
3402 1089 3507 1128 nec
3557 1073 3832 1127 invenitur

2251 1159 2353 1214 nisi
2383 1173 2480 1229 per
2508 1159 2764 1231 Spiritum
2805 1164 3086 1217 sanctum?
3121 1163 3377 1234 Sequitur
3410 1166 3580 1236 igitur
3617 1180 3725 1220 nec
3753 1181 3836 1220 ou-

2252 1251 2412 1306 mites
2439 1266 2534 1307 eas
2565 1251 2732 1308 fuisse
2759 1255 3036 1324 sapientize
3059 1253 3175 1320 Dei,
3203 1271 3319 1325 qua:
3346 1272 3479 1320 una,
3506 1257 3834 1326 eademque,

2226 1357 2228 1359 '
2252 1351 2306 1396 et
2321 1341 2432 1398 sola
2454 1359 2669 1414 semper
2690 1353 2792 1408 est,
2817 1360 2915 1400 nec
2938 1346 3024 1401 his
3045 1347 3360 1424 investigari
3375 1363 3498 1402 eam
3517 1365 3535 1413 ;
3571 1346 3672 1402 sed
3689 1363 3834 1402 rere

2251 1433 2350 1488 lari
2379 1450 2474 1504 per
2496 1435 2754 1506 Spiritum
2805 1435 2943 1506 ejus.
2969 1437 3052 1492 An
3076 1438 3266 1493 beatus
3289 1439 3452 1494 Pater
3469 1438 3834 1508 Augustinus,

2253 1523 2503 1580 omnibus
2535 1525 2620 1579 his
2649 1527 2976 1581 examussim
3009 1528 3324 1591 instructus,
3351 1544 3549 1583 earum
3587 1530 3838 1583 acumine

2255 1614 2424 1669 Deum
2452 1625 2542 1670 aut
2572 1617 2895 1688 investigare
2924 1627 3016 1672 aut
3043 1618 3210 1672 valuit
3239 1619 3528 1674 invenire?
3565 1621 3684 1689 qui,
3714 1636 3833 1675 cum

2255 1719 2354 1774 per
2396 1713 2475 1760 tot
2502 1722 2674 1761 annos
2720 1723 2908 1762 earum
2955 1709 3151 1763 studiis
3193 1707 3496 1774 insudaret,
3549 1719 3606 1764 et
3661 1720 3837 1764 tamen

578 1807 682 1860 que
705 1791 1142 1862 propheticarum
1172 1775 1696 1868 apostolicarumque
1739 1798 2062 1854 litterarum.
2092 1799 2150 1856 Si
2180 1787 2226 1847 Β
2254 1775 2437 1856 multis
2464 1801 2762 1867 erroribus,
2793 1801 3138 1872 maximeque
3157 1801 3589 1858 Manichaeorum
3615 1802 3838 1857 insaniis

577 1885 722 1956 enim
749 1886 974 1941 comites
1008 1886 1218 1952 habuit,
1251 1887 1496 1957 sequitur
1531 1903 1721 1957 magna
1757 1891 2064 1945 absurditas
2093 1900 2152 1946 ut

579 1977 808 2049 alicujus
837 1979 1014 2049 indiga
1039 1981 1390 2050 praedicetur;
1441 1999 1582 2052 quae,
1613 1998 1734 2037 cum
1767 1983 1963 2038 nullius
1993 2001 2153 2056 egere

581 2078 675 2124 aut
698 2070 908 2140 eguisse
937 2070 1201 2126 ullatenus
1234 2074 1634 2143 comprobetur,
1661 2083 1716 2127 et
1739 2073 1850 2128 sola
1881 2075 1962 2129 sui
1990 2083 2150 2130 mter-

557 2161 749 2215 .nitate
787 2169 946 2230 atque
981 2163 1584 2233 omnipotentiaomnia
1625 2165 1968 2234 disposuerit,
1999 2169 2156 2223 attin-

581 2269 704 2322 gens
727 2252 972 2308 videlicet
995 2271 1026 2308 a
1047 2255 1150 2323 ﬁne
1177 2239 1338 2326 usque
1365 2255 1434 2309 ad
1455 2256 1612 2324 ﬁnem
1635 2256 1839 2326 fortiter
1861 2256 2010 2329 (Sap.
2033 2275 2150 2323 vm,

556 2399 558 2401 ,
584 2342 662 2411 1),
691 2343 945 2412 nullaque
995 2344 1311 2414 impotentia
1342 2358 1579 2416 unquam
1609 2349 1842 2417 patuerit
1871 2349 2152 2404 inﬁrmari.

555 2431 772 2488 .Nescio
797 2433 1012 2503 penitus
1036 2435 1386 2504 quamobrem
1414 2437 1640 2492 comites
1676 2445 1794 2492 tuas
1823 2440 2156 2496 necessarias

556 2522 907 2592 conrogarit,
942 2539 1170 2593 quarum
1208 2524 1422 2580 fulturis
1461 2541 1525 2580 ac
1554 2527 1718 2582 veluti
1749 2526 2039 2598 sull‘ragiis,
2071 2532 2156 2586 vel

581 2611 650 2667 ad
679 2628 738 2667 se
774 2613 1224 2685 investigandum,
1253 2615 1337 2670 vel
1371 2616 1438 2672 ad
1469 2615 1613 2672 aliud
1639 2617 1766 2687 quid
1794 2633 1930 2688 opus
1957 2619 2158 2676 habue-

588 2701 681 2764 rit,
713 2717 858 2780 cum
881 2710 1015 2757 teste
1041 2703 1320 2774 Scriptura
1347 2705 1631 2775 transferat
1655 2706 1775 2760 sein
1799 2709 2003 2765 animus
2031 2726 2157 2765 san-

556 2801 716 2856 ,ctas,
745 2801 792 2845 et
817 2793 1011 2846 inserat
1037 2810 1092 2846 se
1119 2795 1517 2864 cogitationibus
1537 2812 1652 2865 qua:
1673 2806 1793 2850 sunt
1815 2798 1925 2852 sine
1950 2799 2158 2867 ﬁctione

583 2878 739 2950 (Sap.
771 2896 811 2944 ι,
838 2880 916 2949 5),
948 2897 1054 2950 qua
1085 2880 1144 2935 lit
1172 2883 1406 2951 sapiens,
1443 2884 1689 2954 quisquis
1713 2901 1812 2955 pro
1841 2902 2061 2943 munere
2090 2889 2159 2944 il-

579 2969 882 3044 lustrantis,
899 2969 982 3025 vel
1004 2980 1162 3046 captu
1183 2971 1568 3040 accipientislit
1594 2973 1827 3043 sapiens.
1847 2974 2045 3031 Omnes
2067 2977 2163 3030 ita-

581 3075 696 3130 que
733 3062 954 3133 paginas
991 3061 1271 3131 utriusque
1293 3062 1624 3118 Testamenti
1652 3079 1994 3134 percurrens,
2027 3082 2158 3120 nuu~

584 3170 744 3224 quam
769 3156 1007 3212 invenies
1027 3163 1350 3226 praeceptum
1374 3171 1470 3225 per
1488 3156 1587 3212 has
1619 3157 1930 3229 investigari
1958 3159 2152 3224 Deum;
2185 3148 2228 3209 C

587 3248 682 3302 sed
703 3264 792 3316 per
809 3247 987 3316 ﬁdem,
1013 3264 1128 3318 quia
1145 3263 1237 3317 per
1257 3247 1583 3302 dilectionem
1607 3259 1870 3318 operatur,
1901 3248 2161 3304 munditia

571 3335 789 3400 cordis,
826 3336 1309 3405 mandatorumque
1354 3337 1444 3391 Dei
1477 3338 1782 3392 obedientia
1823 3346 1880 3393 et
1903 3339 2162 3394 observa-

591 3429 736 3490 tione
761 3428 1106 3498 quaerendum
1143 3427 1370 3484 ﬁdeliter
1404 3438 1460 3484 et
1489 3431 1868 3485 inveniendum
1896 3433 2164 3487 veraciter

565 3519 802 3584 edocui.
854 3517 992 3586 Quid
1041 3519 1202 3583 enim,
1249 3519 1491 3590 nunquid
1537 3535 1726 3576 omnes
1769 3523 2046 3591 propheta:
2081 3523 2166 3577 his

596 3612 765 3667 Deum
806 3610 1162 3682 investigasse
1195 3619 1356 3680 atque
1416 3610 1688 3666 invenisse
1737 3611 1948 3667 dicendi
2006 3613 2168 3667 sunt?

563 3705 770 3771 .Certe,
806 3713 864 3760 ut
900 3713 1124 3760 caeteros
1163 3712 1476 3775 praeteream
1499 3745 1514 3770 ,
1551 3705 1728 3769 Amos,
1770 3707 1837 3761 de
1874 3706 2165 3776 pastorali-

590 3795 709 3858 bus,
739 3795 806 3849 ad
833 3794 1261 3864 prophetandum
1278 3795 1557 3864 repentina
1586 3793 1936 3863 inspiratione
1961 3809 2169 3850 assum-

593 3895 718 3957 ptus
746 3886 925 3957 (Amos
953 3901 992 3952 ι,
1018 3886 1093 3956 1),
1130 3901 1406 3954 nunquam
1436 3900 1622 3940 earum
1656 3886 2012 3943 eruditionem
2047 3902 2170 3956 per-

594 3973 1124 4044 cepissecredendus
1152 3982 1252 4028 est.
1279 3973 1416 4040 Quid
1448 3974 1638 4029 beatus
1666 3975 1879 4039 Petrus,
1910 3985 1966 4030 et
1987 3977 2170 4032 caeteri

595 4064 840 4134 Apostoli
866 4105 880 4131 ,
927 4064 1257 4134 piscatores,
1298 4071 1352 4118 et
1395 4063 1572 4120 idiota:
1598 4064 1789 4136 (Marc.
1831 4082 1880 4130 t,
1917 4066 2005 4138 16)
2037 4083 2172 4122 nun-

572 4219 580 4230 θ’
597 4154 728 4224 quid
773 4170 956 4210 earum
983 4155 1177 4210 studiis
1203 4155 1396 4210 eruditi
1428 4164 1684 4210 aeternam
1713 4155 2068 4228 Sapientiam_
2086 4158 2171 4213 in-

598 4246 900 4316 quisierunt
935 4257 990 4301 et
1017 4246 1405 4316 perceperunt?

671 4356 830 4412 Aliud
855 4357 1074 4412 omnino
1102 4358 1300 4412 clamat
1323 4357 1554 4424 Veritas,
1583 4373 1702 4428 qua:
1729 4359 1860 4415 dicit
1885 4375 1897 4412 :
1923 4358 2052 4414 Cum
2077 4378 2174 4416 au-

2253 1891 2623 1962 impediretur,
2657 1909 2929 1963 nunquam
2959 1895 3238 1948 veritatem
3268 1910 3611 1962 cognoscere
3643 1896 3838 1963 potuit,

2253 1981 2566 2051 priusquam
2595 1991 2797 2036 sanctie
2825 1983 3101 2054 genitricis
3129 1999 3240 2039 suae
3274 1984 3566 2046 instantia,
3595 1985 3836 2039 oratione

2253 2069 2602 2142 etlacrymis,
2637 2081 2884 2142 respectu
2937 2089 3183 2144 superna:
3228 2075 3612 2144 inspirationis
3641 2076 3738 2130 Dei
3790 2085 3841 2130 et

2253 2160 2395 2217 beati
2435 2161 2706 2218 Ambrosii
2751 2164 3161 2232 prmdicatione,
3201 2175 3254 2220 et
3287 2165 3457 2221 Deum
3523 2183 3836 2238 agnoscere,

2254 2259 2310 2307 et
2335 2250 2455 2306 ﬁdei
2481 2253 2710 2324 gratiam
2739 2255 3017 2324 percipere
3046 2255 3262 2310 meruit.

2326 2341 2479 2399 Unde
2524 2351 2578 2398 et
2625 2343 2739 2413 ipse
2787 2345 3132 2400 beatissimus
3169 2337 3512 2416 Augustinus
3567 2347 3734 2419 (libro
3765 2347 3836 2400 De

2255 2429 2472 2487 Ciuitate
2510 2431 2610 2487 Dei
2652 2433 2864 2506 octavo)
2914 2434 3086 2504 inquit
3133 2435 3276 2507 (cap.
3321 2437 3460 2506 ii):
3509 2436 3599 2509 [In
3649 2438 3835 2493 Tim

2240 2531 2435 2585 autem
2483 2523 2654 2590 Plato,
2715 2540 2874 2595 quem
2933 2525 3160 2581 liberum
3217 2526 3286 2582 de
3332 2528 3528 2583 mundi
3581 2531 3835 2585 mustin-

2257 2615 2402 2670 tione
2446 2616 2785 2686 conscripsit,
2839 2616 3006 2670 Deum
3060 2617 3190 2672 dicit
3233 2618 3290 2672 in
3351 2617 3448 2673 illo
3499 2634 3676 2690 opere
3738 2629 3836 2675 ter-

2259 2721 2375 2760 ram
2443 2707 2618 2778 primo
2680 2707 2966 2779 ignemque
3024 2709 3287 2777 junxisse.
3349 2709 3712 2766 Manifestum
3767 2723 3842 2766 est

2257 2808 2437 2854 autem
2481 2801 2626 2870 quod
2675 2800 2782 2871 igni
2834 2801 3038 2856 tribuat
3073 2799 3194 2856 oculi
3246 2801 3450 2867 locum,
3501 2811 3675 2858 terrae
3725 2818 3840 2858 vero

2259 2893 2428 2963 ipsam
2489 2901 2709 2947 terram.
2765 2891 2938 2948 Habet
2993 2909 3119 2964 ergo
3166 2893 3282 2948 haec
3331 2895 3616 2950 sententia
3665 2911 3842 2966 quan-

2259 2983 2382 3037 dam
2425 2982 2568 3037 illius
2596 2982 3022 3048 similitudinem,
3051 2999 3158 3055 qua
3186 2984 3392 3040 dictum
3434 2996 3526 3040 est
3552 3005 3568 3039 :
3610 2985 3680 3040 In
3705 2989 3836 3056 pris-

2261 3075 2394 3144 cipio
2425 3074 2544 3144 fecit
2578 3074 2718 3129 Deus
2741 3075 2924 3129 caelum
2945 3085 2992 3130 et
3035 3085 3226 3131 terram
3251 3074 3405 3148 (Gen.
3441 3093 3481 3142 ι,
3523 3079 3608 3147 l).
3659 3079 3844 3133 Deintk

2261 3166 2350 3220 illa
2377 3167 2482 3222 duo
2510 3167 2705 3232 media,
2729 3168 2924 3236 quibus
2963 3167 3296 3238 interpositis
3342 3169 3576 3224 sibimet
3630 3170 3744 3224 hac
3767 3187 3846 3224 ex-

2263 3263 2434 3311 trema
2457 3256 2856 3324 copularentur,
2891 3271 3083 3325 aquam
3108 3257 3238 3311 dicit
3258 3263 3315 3311 et
3337 3272 3554 3313 aerem.
3587 3259 3744 3314 Uade
3760 3275 3842 3328 pu-

2263 3357 2410 3404 tatur
2459 3350 2538 3404 sic
2587 3349 2915 3406 intellexisse
2964 3349 3108 3420 quod
3155 3349 3416 3420 scriptutn
3470 3360 3562 3405 est
3589 3368 3606 3407 :
3633 3349 3844 3418 Spiritus

2264 3442 2475 3497 Domini
2505 3441 2927 3512 superferebatur
2955 3456 3110 3509 super
3151 3457 3343 3511 aquam
3387 3439 3554 3512 (Gen.
3586 3458 3629 3506 ι,
3651 3442 3740 3512 Ξ);
3769 3457 3845 3510 pa-

2267 3548 2384 3586 rum
2410 3533 2606 3604 quippe
2631 3534 2914 3588 attendens
2948 3548 3057 3603 quo
3083 3548 3231 3588 more
3256 3533 3431 3588 soleat
3457 3534 3556 3589 illa
3585 3535 3844 3605 Scriptura

2267 3623 2536 3692 appellare
2589 3623 2847 3694 Spiritum
2895 3623 3030 3689 Dei,
3093 3623 3348 3694 quoniam
3393 3633 3452 3680 et
3494 3641 3602 3680 aer
3643 3626 3845 3695 spiritus

2265 3715 2465 3771 dicitur
2525 3721 2756 3785 quatuor
2803 3713 3053 3786 opinatus
3090 3715 3354 3770 elementa
3403 3715 3531 3771 loco
3581 3717 3676 3772 illo
3721 3732 3846 3770 com-

2269 3813 2564 3860 memorata
2587 3803 2758 3859 videri
2777 3812 2976 3874 potest.
2999 3803 3205 3859 Deinde
3224 3804 3365 3874 quod
3379 3803 3548 3860 Plato
3571 3807 3706 3861 dicit
3723 3821 3848 3859 ana-

2272 3909 2444 3956 torem
2470 3901 2562 3957 Dei
2588 3915 2708 3957 esse
2722 3901 3117 3973 philosophum,
3159 3902 3292 3956 nihil
3329 3889 3412 3957 sic
3443 3903 3498 3956 in
3558 3904 3671 3959 illis
3699 3904 3852 3958 sacris

2271 3992 2464 4048 litteris
2490 3991 2704 4063 ﬂagrat,
2733 4000 2787 4048 et
2815 3993 3050 4048 maxime
3099 3992 3426 4062 illud‘(quod
3469 4004 3526 4049 et
3563 4011 3657 4049 me
3707 3995 3852 4065 pluri-

2273 4098 2420 4139 mum
2450 4083 2667 4138 adducit
2689 4090 2747 4137 ut
2771 4096 2908 4152 pene
2946 4083 3207 4138 assentiat
3241 4083 3526 4139 Platonem
3559 4086 3778 4141 illorum
3801 4085 3854 4136 ii-

2256 4173 2494 4228 ‘brorum
2517 4182 2793 4242 expertem
2817 4188 2925 4228 non
2950 4173 3135 4247 fuisse)
3157 4175 3320 4245 quod,
3345 4192 3470 4230 cum
3499 4178 3577 4233 ad
3619 4189 3851 4232 sanctum

2274 4263 2493 4335 Moysen
2520 4265 2592 4318 ita
2626 4265 2791 4320 verba
2818 4265 2913 4320 Dei
2962 4279 3060 4337 per
3109 4265 3353 4334 angelum
3383 4267 3768 4337 perferantur,
3803 4279 3856 4322 ut

2273 4355 2535 4426 quaerenti
2568 4354 2710 4424 quod
2741 4355 2812 4409 sit
2829 4369 3021 4410 nomen
3047 4354 3162 4421 ejus
3185 4356 3275 4426 qui
3304 4371 3430 4410 eum
3460 4372 3702 4429 pergere
3729 4371 3854 4428 put»

601 4457 707 4502 tem
735 4448 924 4502 uenerit
961 4446 1048 4501 ille
1070 4445 1298 4516 Spiritus
1329 4450 1586 4514 ueritatis,
1626 4450 1821 4504 docebit
1854 4467 1938 4506 vos
1969 4468 2173 4506 onmem
2205 4493 2252 4518 η
2275 4446 2510 4516 cipiebat
2543 4446 2609 4501 ad
2655 4446 2908 4516 populum
2930 4445 3209 4500 Hebraaum
3239 4461 3307 4501 ex
3333 4447 3578 4518 Egypto
3627 4449 3853 4503 liberan-

603 4537 868 4594 t'eritatem
898 4537 1079 4610 (Joan.
1110 4555 1222 4603 va,
1249 4539 1368 4609 i3);
1403 4547 1459 4594 et
1485 4541 1614 4594 item
1644 4557 1658 4593 :
1684 4539 1815 4595 Cum
1846 4545 2035 4598 venerit
2059 4543 2176 4615 Spi-

535 4689 544 4694 ,
602 4629 735 4683 ritus
765 4627 1094 4699 paracletus,
1128 4645 1282 4700 quem
1315 4631 1477 4684 mittet
1506 4630 1670 4686 Pater
1703 4634 1756 4686 in
1798 4637 2017 4689 nomine
2039 4652 2177 4703 meo,

602 4719 710 4788 ipse
747 4737 830 4774 vos
857 4720 1054 4774 docebit
1086 4720 1276 4786 omnia,
1311 4731 1357 4776 et
1382 4727 1616 4794 suggeret
1643 4726 1783 4780 vobis
1825 4728 2001 4781 omnia
2037 4744 2180 4798 qum-

605 4827 806 4890 cunque
849 4811 1028 4865 dixero
1089 4811 1228 4865 vobis
1267 4813 1459 4883 (Joan.
1501 4829 1616 4880 xw,
1665 4816 1790 4886 26);
1843 4825 1898 4871 et
1947 4819 2174 4873 iterum:

609 4898 778 4955 Nemo
825 4903 962 4956 novit
1005 4901 1051 4955 F
1055 4903 1225 4970 ilium,
1273 4905 1372 4959 nisi
1397 4905 1558 4960 Pater
1581 4921 1599 4958 :
1624 4923 1786 4970 ne;ue
1813 4908 2026 4965 Patrem
2064 4913 2182 4982 quis

608 4992 800 5055 novin,
825 4993 926 5046 nisi
970 4991 1178 5060 Filius,
1229 5004 1277 5049 et
1334 4997 1418 5050 cui
1471 4996 1688 5050 voluerit
1738 4996 1909 5052 Filius
1956 4999 2182 5053 revelare

610 5077 826 5147 (Matth.
858 5097 935 5144 XI,
963 5082 1085 5153 27);
1122 5093 1176 5138 et
1210 5085 1405 5139 iterum
1432 5103 1445 5138 :
1475 5083 1764 5142 Exsultans
1793 5086 1948 5141 Iesus
1981 5087 2180 5158 Spiritu

609 5182 790 5226 sancto
833 5173 1294 5246 dixit:Conﬁteor
1341 5178 1457 5242 tibi,
1503 5175 1668 5232 Pater
1706 5178 1930 5234 Domine
1978 5180 2092 5234 caeli
2131 5190 2180 5235 et

592 5271 785 5329 teme,
809 5265 934 5333 quia
963 5266 1277 5320 abscondisti
1307 5267 1419 5322 haec
1451 5283 1484 5321 a
1521 5267 1840 5336 sapientibus
1873 5278 1922 5323 et
1954 5270 2182 5340 pruden-

615 5350 778 5417 tibus,
817 5361 864 5408 et
902 5354 1135 5409 reuelasti
1166 5372 1228 5409 ea
1266 5357 1520 5426 parvulis.
1564 5355 1685 5422 Ita,
1720 5355 1898 5422 Pater,
1938 5359 2182 5428 quoniam

589 5437 691 5492 .sic
723 5439 821 5508 fuit
856 5441 1105 5511 placitum
1135 5453 1254 5498 ante
1275 5453 1322 5498 te
1347 5443 1562 5514 (Matth.
1591 5462 1666 5510 χι,
1694 5445 1809 5516 25).
1851 5447 1916 5501 Et
1957 5447 2022 5502 ad
2051 5449 2184 5503 bea-

617 5535 730 5584 tum
759 5531 979 5587 Petrum
1003 5550 1016 5586 :
1048 5533 1241 5590 Beatus
1267 5545 1313 5590 et
1340 5535 1525 5592 Simon
1547 5538 1806 5609 Barjona,
1829 5541 1954 5610 quia
1984 5557 2106 5594 caro
2136 5551 2184 5596 et

617 5622 831 5689 sanguis
865 5639 967 5678 non
995 5623 1229 5681 reuelauit
1265 5626 1379 5691 tibi,
1403 5628 1494 5682 sed
1519 5625 1680 5683 Pater
1715 5645 1880 5695 meus,
1903 5631 1994 5701 qui
2028 5641 2100 5686 est
2131 5631 2185 5685 in

621 5707 760 5765 cclis
788 5712 1001 5780 (Matth.
1040 5731 1150 5784 xvi,
1176 5716 1282 5790 i7).
1337 5718 1403 5773 Et
1441 5716 1727 5792 Apostolus
1771 5739 1784 5779 :
1830 5721 1896 5776 Et
1940 5721 2186 5793 quoniam

2203 4493 2253 4553 D

2279 4536 2429 4602 dum,
2467 4536 2858 4606 respondeatur
2885 4550 2900 4589 :
2927 4533 3040 4607 Ego
3065 4553 3179 4590 sum
3204 4536 3296 4606 qui
3317 4553 3455 4591 sum.
3482 4537 3558 4590 Et
3585 4541 3726 4592 dicet
3744 4537 3854 4606 ﬂii:

2281 4627 2451 4683 Israel
2478 4644 2496 4683 :
2519 4626 2624 4693 Qui
2650 4636 2724 4682 est
2749 4628 2888 4682 misit
2921 4643 2999 4682 me
3027 4627 3098 4680 ad
3118 4627 3431 4698 vos’(-E:cod.
3470 4643 3556 4692 Ill,
3593 4627 3686 4701 11)
3703 4651 3729 4692 ,-
3755 4639 3856 4681 tau-

2283 4733 2444 4788 quam
2486 4717 2538 4771 in
2582 4715 2698 4786 ejus
2741 4718 3142 4788 comparatione
3182 4717 3274 4787 qui
3317 4733 3446 4772 vere
3468 4723 3580 4782 est,
3631 4719 3762 4788 quia
3785 4718 3856 4770 is-

2283 4807 2680 4863 mmmutabilis
2706 4816 2810 4872 est,
2847 4824 2932 4874 ea,
2957 4822 3061 4878 qua
3105 4807 3380 4862 mutabilia
3407 4806 3558 4862 facta
3587 4819 3742 4872 sunt,
3765 4825 3856 4863 non

2284 4899 2413 4954 sint.
2463 4897 2822 4954 Vehementer
2857 4899 2958 4954 hoc
2978 4897 3129 4953 Plato
3157 4899 3344 4962 lenuit,
3366 4904 3422 4953 et
3449 4899 3858 4970 diligentissim

2285 4989 2704 5055 commendavit,
2729 4998 2785 5044 et
2811 4989 2998 5044 nescio
3021 4998 3198 5044 utrum
3237 4988 3340 5044 hoc
3373 4989 3593 5058 uspiam
3628 4991 3858 5059 "aperia-

2288 5087 2375 5133 tur
2395 5079 2447 5133 in
2467 5079 2619 5135 libris
2645 5094 2834 5134 eorum
2869 5080 2960 5148 qui
2994 5088 3118 5134 ante
3147 5078 3423 5134 Platonem
3477 5078 3724 5142 fuerunt,
3769 5078 3862 5133 ne;

2259 5171 2376 5228 .ubi
2404 5170 2606 5226 dictum
2631 5179 2746 5224 cst:
2772 5169 2883 5240 Ego
2906 5187 3020 5225 sum
3055 5171 3143 5241 qui
3179 5187 3316 5224 sum.
3347 5169 3414 5224 Et
3440 5171 3591 5225 dices
3616 5172 3694 5224 eis
3717 5185 3740 5222 :
3770 5169 3868 5234 Qui

2275 5275 2363 5322 est
2389 5266 2527 5320 misit
2557 5282 2638 5320 me
2662 5265 2736 5319 ad
2752 5281 2858 5320 vos.
2890 5263 2996 5320 Sed
3011 5265 3368 5333 undecunque
3390 5265 3496 5319 ista
3518 5265 3617 5320 ille
3643 5267 3864 5322 diceret.

2287 5355 2402 5412 sive
2420 5355 2845 5424 praecedentibus
2871 5369 2995 5410 eum
3026 5363 3266 5410 veterum
3287 5353 3461 5418 libris,
3511 5355 3640 5410 sive
3667 5353 3864 5426 potius.

2286 5447 2555 5519 quomodo
2575 5447 2705 5502 dicit
2729 5446 3014 5516 Apostolus
3043 5463 3056 5499 ε
3082 5445 3220 5512 Quia
3257 5445 3396 5516 quod
3421 5454 3610 5499 notum
3649 5456 3731 5499 est
3751 5443 3864 5506 Dei.

2273 5540 2621 5608 manifestum
2646 5549 2718 5593 est
2741 5541 2794 5593 in
2817 5537 2941 5594 illis.
2974 5538 3114 5593 Deus
3146 5539 3282 5591 enim
3313 5537 3422 5590 illis
3457 5537 3824 5604 manifestans:
3851 5555 3862 5587 :

2287 5629 2568 5684 inuisibilia
2595 5630 2733 5683 enim
2764 5629 2876 5698 ejus
2906 5646 2940 5683 a
2988 5620 3354 5682 constitutione
3401 5629 3597 5682 ntundi
3616 5669 3632 5692 ,
3681 5645 3782 5697 per
3807 5645 3862 5681 es

2290 5739 2405 5794 qua!
2434 5722 2574 5793 facta
2601 5731 2740 5788 sunt,
2775 5720 3032 5778 intellecta
3087 5721 3514 5790 conspiciuntur-,-
3550 5723 3860 5792 sempitern
