3974 6344
187 373 317 431 1313

1027 369 1116 426 DE
1149 365 1816 427 PREDESTINATIONE
1854 367 2130 425 CONTRA
2166 367 2217 423 J.
2257 365 2558 425 SCOTUM.

3293 368 3425 425 l3“

181 500 374 557 quoque
387 483 548 539 virtus
567 482 682 553 ejus
697 491 744 538 et
761 480 1210 555 DivinitasKRom.
1231 499 1270 548 ι,
1290 482 1373 550 l9,
1388 481 1501 553 20).
1520 480 1637 537 Non
1653 481 1753 536 im-
1780 487 1832 547 Α
1856 490 1940 538 est
1957 481 2218 552 deputati,
2249 481 2499 552 delegati,
2539 479 2738 552 parati,
2772 489 3076 552 praeparati,
3108 481 3328 549 decreti,
3339 483 3427 552 ju-

182 576 369 631 merito
397 588 484 628 me
508 571 809 628 Platonicos
830 571 1176 642 philosophos
1216 571 1442 641 elegisse
1469 586 1592 626 cum
1621 570 1748 642 qui-

183 670 278 724 bus
305 680 462 736 agam
490 665 631 734 quod
659 665 711 719 in
733 665 845 719 ista
873 665 1187 734 quaestione,
1237 679 1400 734 quam
1438 663 1597 718 modo
1651 677 1745 718 su-

186 761 470 830 scepimus,
498 756 719 829 agitur.]
745 758 786 827 1-
813 757 966 812 Unde
998 758 1188 812 beatus
1215 755 1414 810 Paulus
1434 753 1704 824 apostolus
1731 771 1745 808 :

196 850 365 906 Videte
392 851 588 919 nequis
612 866 700 904 vos
729 849 953 918 decipiat
1002 865 1095 920 per
1126 848 1505 920 philosophiam
1546 856 1595 900 et
1631 848 1747 900 ina-

184 957 292 995 nem
326 938 616 1008 fallaciam,
644 939 926 993 secundum
976 939 1308 993 traditionem
1341 937 1631 1002 hominum,
1671 953 1751 990 se-

182 1031 404 1084 cundum
455 1029 705 1083 elementa
760 1030 918 1100 hujus
966 1030 1178 1093 mundi,
1229 1038 1277 1082 et
1320 1046 1424 1083 non
1465 1029 1748 1083 secundum

185 1118 468 1185 Christum,
488 1120 610 1190 quia
630 1120 685 1173 in
717 1119 826 1190 ipso
861 1121 1060 1174 habitat
1103 1121 1269 1174 omnis
1299 1119 1564 1190 plenitudo
1612 1119 1746 1174 divi-

187 1212 356 1265 nitatis
382 1210 720 1280 corporaliter
748 1209 886 1281 (Col.
914 1227 970 1274 ιι,
998 1211 1050 1275 8,
1079 1211 1156 1279 9).

253 1302 570 1357 Ambrosius
601 1301 691 1372 (ad
723 1300 837 1357 Col.
866 1319 982 1372 cap.
1008 1319 1070 1368 ιι,
1093 1301 1147 1374 8)
1175 1317 1190 1357 :
1224 1301 1642 1375 [Philosophiam
1669 1302 1750 1358 di-

188 1393 261 1448 cit
307 1400 599 1457 terrenam,
625 1407 727 1463 per
748 1408 910 1463 quam
938 1392 1115 1448 solent
1167 1393 1351 1448 seduci
1399 1395 1492 1463 qui
1531 1395 1752 1464 cupiunt

183 1481 468 1552 prudentes
501 1481 730 1550 judicari
771 1483 825 1537 iu
861 1483 1076 1538 mundo.
1127 1482 1252 1538 Haec
1305 1484 1656 1553 argumentis,
1697 1492 1752 1538 et

183 1571 471 1628 subtilitate
492 1572 837 1628 minutiarum
852 1573 1206 1642 quarumdam
1221 1575 1580 1644 componitur,
1595 1573 1751 1644 quasi

182 1663 427 1733 physicas
453 1661 859 1734 investigaverit
881 1663 1120 1719 rationes
1143 1662 1294 1733 (Sap.
1319 1679 1436 1728 xm,
1465 1663 1574 1734 14),
1603 1679 1752 1735 (ιαπ-

184 1754 303 1806 dam
348 1750 553 1807 habens
600 1752 837 1807 admixta
889 1767 1008 1822 quae
1047 1753 1386 1807 hortamenta
1439 1753 1549 1807 sint
1601 1753 1754 1807 bonae

1848 575 2032 650 dicati,
2049 575 2310 642 damnati,
2327 576 2549 641 addicti,
2567 574 2830 645 dispositi,
2845 574 3155 646 dispensati,
3171 575 3425 642 ordinati,

1848 669 2058 740 statuti,
2081 667 2380 733 constituti,
2408 668 2635 738 praeﬁxi,
2667 667 2894 730 deﬁniti,
2932 666 3204 738 praeﬁniti,
3237 677 3292 721 et
3325 682 3429 724 ca:-

1851 767 1986 815 tera.
2022 759 2184 826 Quae,
2232 759 2300 812 ad
2341 758 2588 814 eumdem
2639 757 2970 814 intellectum
3021 757 3426 825 concurrentia,

1847 851 2048 920 passim
2076 850 2130 904 in
2173 849 2368 905 divinis
2401 850 2632 921 paginis,
2675 849 3004 920 Patrumque
3034 849 3424 904 venerabilium

1849 939 2067 1008 scriptis
2091 939 2265 1009 posita
2303 938 2670 994 inveniuntur.
2709 937 2906 994 Verum
2937 939 3056 1008 quis
3081 939 3284 994 nesciat
3317 955 3427 994 non

1851 1028 1990 1083 idem
2020 1043 2139 1084 esse
2171 1029 2432 1098 prwvidit,
2453 1029 2594 1098 quod
2623 1037 2708 1084 est
2750 1029 3064 1099 prwﬁnivit?
3090 1029 3167 1082 Ac
3205 1044 3300 1099 per
3326 1029 3432 1084 hoc

1847 1134 1968 1174 cum
1997 1119 2260 1188 prwﬁm’re
2280 1127 2333 1174 et
2361 1120 2732 1190 prwdestinare
2759 1121 2861 1175 sibi
2887 1121 3206 1186 eoncinant,
3241 1121 3434 1191 praevi-

1850 1209 1978 1265 dere
2001 1208 2168 1264 abhis
2195 1209 2420 1264 multum
2451 1209 2665 1265 differre
2698 1210 2827 1264 nulli
2858 1211 3040 1265 sobrio
3096 1211 3430 1282 incognitum

1850 1297 2050 1369 liquet;
2080 1298 2228 1367 quia,
2259 1299 2400 1353 sicut
2424 1313 2563 1368 szepe
2587 1306 2830 1352 notatum
2861 1307 2977 1357 est.
3024 1299 3192 1352 multa
3243 1297 3436 1368 praevi-

1855 1389 2072 1454 dentur,
2099 1403 2219 1458 quae
2245 1387 2551 1444 nullatenus
2591 1387 3000 1458 przeliniuntur!
3030 1389 3235 1443 Interea
3265 1388 3438 1442 admi-

1852 1480 2082 1534 randum
2110 1480 2458 1550 interpretem
2511 1495 2619 1549 quo
2657 1479 2814 1534 decet
2839 1478 3043 1534 honore
3068 1477 3436 1538 .alliciendum

1852 1571 2030 1638 video;
2062 1571 2177 1641 qui,
2217 1586 2382 1626 novas
2431 1571 2586 1627 nobis
2622 1570 3009 1640 interpretandi
3062 1569 3232 1624 lineas
3279 1567 3430 1623 allin.

1853 1676 2003 1733 gens,
2033 1661 2606 1732 nequiitintrospicere
2631 1660 2773 1731 quod
2797 1675 2903 1715 non
2922 1660 3106 1742 pmnia
3134 1659 3300 1716 verba
3329 1659 3430 1712 La-

1855 1753 1989 1816 tina,
2018 1753 2274 1821 quaaloco
2300 1768 2459 1807 unius
2497 1751 2581 1806 vel
2605 1751 2778 1808 Graaci
2813 1751 2900 1808 vel
2921 1751 3130 1806 Hebraei
3166 1749 3433 1806 sermonis

183 1842 321 1907 vitae,
353 1841 439 1897 vel
479 1841 820 1909 documenta,
869 1843 1159 1913 aliquando
1208 1843 1274 1898 de
1329 1842 1619 1909 mensuris,
1650 1859 1749 1900 nec
1779 1833 1828 1894 B
1858 1841 1939 1896 vel
1965 1839 2248 1910 cujuslibet
2290 1841 2483 1912 lingua:
2518 1841 2869 1912 interpretata
2909 1850 3221 1910 ponuntur,
3267 1854 3436 1895 unum

183 1945 284 1986 non
323 1930 390 1986 de
417 1930 678 1997 numeris,
724 1931 1011 2000 aliquando
1059 1931 1126 1987 de
1154 1931 1543 1988 elementorum
1583 1932 1756 2002 quali-

188 2023 387 2078 tatibus
413 2031 469 2077 et
509 2023 900 2092 quantitatibus
926 2025 1207 2080 ordinata:
1247 2024 1300 2080 in
1340 2023 1494 2094 cujus
1522 2025 1759 2095 disputa-

192 2113 422 2168 tionibus
443 2111 535 2182 qui
577 2111 846 2177 inciderit,
877 2113 965 2168 vix
1025 2129 1150 2168 raro
1180 2111 1299 2185 [al.,
1330 2123 1424 2170 aut
1459 2114 1754 2187 nunquam]

185 2203 374 2259 evadet
403 2220 416 2257 :
445 2202 714 2258 detinetur
733 2203 877 2258 enim
903 2204 1284 2260 verisimilibus
1308 2205 1506 2270 causis,
1531 2214 1587 2261 et
1605 2221 1758 2261 com-

184 2291 438 2346 mentitiis
477 2292 658 2358 rebus,
709 2293 840 2347 nihil
871 2301 979 2347 tam
1021 2309 1211 2349 verum
1241 2295 1534 2360 aestimans,
1589 2309 1755 2364 quam

181 2381 322 2450 quod
344 2381 672 2451 conspicitur
683 2390 737 2436 et
757 2381 1070 2453 intelligitur
1089 2383 1142 2437 in
1170 2383 1450 2439 elementis
1467 2381 1620 2454 (Sap.
1637 2384 1753 2455 xv);

189 2478 245 2523 et
275 2469 401 2539 quia
436 2484 554 2538 qum
597 2471 664 2524 ad
693 2485 928 2539 praesens
953 2481 1097 2536 sunt,
1131 2480 1187 2526 et
1230 2481 1526 2526 cernuntur
1561 2473 1756 2537 oculis,

189 2561 374 2615 suavia
401 2569 454 2614 et
487 2559 822 2614 oblectabilia
852 2561 1118 2624 videntur,
1151 2561 1450 2636 aliquantus
1477 2561 1757 2627 seducunt,

189 2651 279 2722 qui
333 2650 629 2721 spiritalem
674 2650 934 2706 rationem
973 2650 1370 2720 despiciendam
1418 2661 1472 2706 et
1516 2649 1761 2719 rejicien-

183 2741 303 2797 dam
354 2747 562 2810 putant,
607 2739 981 2809 desperatione
1018 2739 1182 2795 futuri
1227 2738 1380 2811 (Sap.
1413 2739 1496 2811 ιι),
1541 2755 1756 2796 omnem

181 2833 286 2886 vim
336 2832 497 2886 astris
540 2830 878 2902 assignantes
923 2830 1081 2900 (Sap.
1123 2830 1257 2902 xu),
1308 2831 1511 2886 carnali
1557 2833 1755 2886 rationi

181 2922 413 2987 obnoxii,
462 2937 529 2976 ne
581 2923 767 2993 gravia
817 2922 1081 2978 credenda
1127 2923 1239 2978 sint
1283 2923 1492 2978 sustolli
1519 2938 1678 2992 posse
1700 2923 1757 2977 in

182 3012 349 3077 ccelo,
399 3011 484 3068 vel
531 3012 669 3067 levia
726 3013 910 3068 venire
935 3013 1002 3068 ad
1033 3021 1229 3079 terras,
1263 3021 1358 3068 aut
1404 3013 1606 3084 aliquid
1641 3029 1759 3069 eor-

181 3116 401 3173 porcum
415 3103 528 3157 sine
545 3119 722 3158 rerum
749 3103 1070 3158 admistione
1100 3103 1363 3172 generari,
1395 3111 1755 3172 repugnantes

185 3194 436 3264 potentiae
465 3209 530 3248 ac
574 3194 923 3263 providentia:
974 3194 1068 3250 Dei
1101 3212 1116 3248 :
1147 3195 1326 3250 sciunt
1371 3195 1516 3250 enim
1558 3195 1659 3265 legi
1693 3197 1744 3250 in

183 3285 378 3341 divinis
397 3285 667 3340 veteribus
683 3284 1030 3340 Hebraeorum
1043 3286 1402 3340 voluminibus
1416 3287 1580 3339 multa
1597 3297 1745 3356 gesta

181 3389 279 3444 per
309 3373 548 3446 Moysen,
577 3389 695 3442 qua:
731 3375 966 3428 humana
999 3375 1139 3430 ratio
1167 3389 1270 3429 non
1302 3375 1447 3444 capit
1471 3374 1646 3445 (Deut.
1670 3375 1747 3444 IV)

184 3464 355 3521 Simili
408 3465 565 3520 modo
590 3474 644 3521 et
669 3465 724 3520 in
764 3466 920 3520 novis
948 3465 1118 3531 libris,
1148 3465 1291 3520 facta
1321 3481 1349 3519 a
1406 3465 1632 3521 Domino
1659 3474 1780 3521 aut.

184 3570 280 3625 per
301 3555 590 3626 apostolos,
617 3570 736 3625 quae
763 3563 1025 3610 tractatur
1053 3554 1285 3610 carnalis
1324 3555 1574 3624 prohibet
1603 3554 1748 3609 credi

181 3643 320 3714 (Act.
349 3642 490 3714 xm).
519 3642 668 3699 Hanc
695 3659 824 3715 ergo
853 3643 1191 3698 traditionem
1236 3643 1624 3714 philosophiam
1657 3642 1752 3698 fal-

180 3734 350 3788 lacem
379 3742 434 3788 et
460 3734 669 3788 inanem
707 3733 938 3804 appellat
964 3734 1016 3806 (Ι
1039 3733 1160 3788 Cor.
1195 3735 1282 3806 ιι),
1307 3735 1430 3805 quia
1454 3750 1559 3790 non
1585 3750 1616 3790 a
1650 3751 1748 3806 po-

179 3823 347 3879 tentia
379 3822 470 3877 Dei
492 3822 736 3878 ordinata
761 3832 876 3889 est,
905 3825 996 3879 sed
1023 3823 1089 3878 ab
1133 3825 1498 3880 imbecillitate
1528 3825 1748 3880 ratioci-

179 3915 413 3970 nationis
437 3915 704 3981 humanas,
734 3932 854 3986 qua:
900 3917 1194 3986 potentiam
1240 3917 1333 3970 Dei
1379 3917 1518 3970 intra
1571 3916 1750 3971 scien-

180 4007 312 4060 tiam
339 4021 490 4060 suam
525 4014 785 4072 coarctat,
817 4021 884 4059 ne
911 4005 1070 4060 aliter
1083 4005 1334 4060 credatur
1359 4004 1559 4069 facere,
1587 4020 1750 4075 quam

179 4096 416 4150 carnalis
443 4111 502 4150 se
531 4095 770 4150 continet
811 4095 977 4158 ratio;
1002 4110 1163 4165 quam
1217 4095 1440 4165 singulis
1468 4095 1752 4152 elementis

178 4185 480 4240 divinitatis
531 4185 844 4240 diversitate
894 4184 1014 4256 [al.,
1055 4183 1443 4256 diversitatem]
1493 4185 1752 4255 deputant

180 4275 250 4330 ad
279 4273 567 4339 culturam,
593 4283 654 4328 ut
679 4273 914 4345 obligent
943 4276 1152 4330 animos
1179 4274 1572 4344 imperitorum,
1601 4290 1668 4330 ne
1693 4292 1752 4332 se

179 4364 250 4419 ad
275 4363 441 4419 Deum
483 4380 670 4419 verum
713 4365 1020 4420 extendant.
1048 4364 1407 4432 Quamobrem
1455 4367 1749 4422 cavendam

1855 1947 2069 2002 semper
2087 1931 2392 2004 signiﬁcare
2411 1947 2629 1988 necesse
2662 1934 2760 1999 sit;
2783 1932 2876 1988 sed
2903 1948 3000 2002 pro
3029 1933 3267 1988 locorum
3293 1947 3428 2002 qua-

1857 2022 2119 2093 litatibus,
2143 2041 2283 2081 nunc
2321 2026 2423 2081 hoc
2471 2041 2612 2080 nunc
2667 2025 2794 2081 illud
2821 2026 3144 2080 ostendere:
3172 2024 3434 2093 quemad-

1855 2117 2098 2181 modum,
2134 2116 2275 2170 inter
2301 2124 2550 2180 caeteros,
2573 2115 2656 2170 vel
2679 2115 2913 2168 maxime
2932 2122 3151 2168 sanctus
3174 2112 3438 2183 Hierony-

1860 2221 1980 2261 mus
1995 2207 2359 2271 demonstrat;
2386 2205 2526 2260 sicut
2552 2213 2638 2260 est
2657 2204 2785 2271 Bar,
2813 2205 2956 2274 quod
2979 2204 3030 2257 in
3057 2212 3240 2257 nostra
3263 2203 3442 2276 lingua

1859 2295 2053 2364 ﬁlium,
2073 2311 2262 2364 purum
2295 2294 2544 2359 triticum,
2575 2301 2624 2347 et
2646 2294 2908 2363 spicarum
2930 2290 3262 2361 fasciculum,
3279 2301 3442 2361 atque

1857 2383 2076 2437 electum
2102 2382 2390 2453 signiﬁcat.
2419 2380 2670 2451 Nunquid
2711 2381 2831 2437 ideo
2860 2397 3024 2436 unum
3070 2381 3320 2450 idemque
3353 2379 3434 2434 di-

1863 2481 2054 2528 centur
2081 2473 2384 2542 signiﬁcare
2434 2481 2513 2527 tot
2547 2474 2788 2526 Romana
2837 2471 3118 2534 vocabula,
3167 2471 3292 2540 quia
3333 2485 3433 2540 pro

1859 2577 1966 2616 uno
2003 2561 2085 2615 vel
2131 2560 2376 2625 Hehrteo,
2417 2561 2500 2614 vel
2529 2561 2668 2632 Syro
2713 2575 2962 2616 sermone
3007 2576 3106 2630 pro
3135 2559 3437 2628 intelligen-

1861 2653 2059 2708 tiarum
2088 2653 2438 2707 varietatibus
2475 2653 2648 2721 posita
2688 2649 3251 2722 leguntur?Proinde,
3293 2651 3437 2719 quod

1859 2743 1926 2800 de
1996 2744 2468 2814 praedestinatione
2507 2783 2540 2810 ,,
2586 2744 2902 2814 ριωνὶεἰοιιθ
2965 2754 3020 2798 et
3078 2743 3432 2813 prmtlnitione

1860 2843 2055 2899 morte,
2085 2833 2257 2903 pinnis
2287 2841 2449 2903 atque
2473 2832 2767 2902 suppliciis,
2803 2831 3014 2902 loquaci
3051 2831 3230 2897 taedio,
3254 2845 3441 2902 garru-

1859 2922 1944 2977 lus
1980 2923 2149 2994 magis
2205 2937 2365 2992 quam
2421 2922 2700 2991 eloquens,
2732 2923 2929 2987 iteras;
2959 2922 3215 2991 quoniam
3270 2937 3435 2992 supra

1861 3013 1993 3067 satis
2031 3011 2348 3081 abundeque
2372 3011 2707 3068 conlutatum
2737 3021 2788 3067 et
2816 3013 3205 3067 comminutum
3247 3013 3429 3068 nosci-

1863 3108 1970 3165 tur,
1999 3113 2067 3156 ne
2094 3099 2170 3154 tui
2209 3100 2456 3170 exemplo
2495 3101 2679 3156 eadem
2732 3118 2840 3157 non
2879 3102 3184 3157 necessarie
3230 3109 3439 3172 repeta-

1777 3173 1822 3236 C
1854 3205 1992 3254 mus,
2018 3189 2262 3245 consulte
2288 3190 2697 3245 transiliendum
2721 3191 3069 3246 credidimus.

1917 3279 2171 3335 Attamen
2201 3280 2330 3335 illud
2383 3280 2676 3335 notandum
2703 3295 2899 3336 censeo
2938 3280 3081 3350 quod
3127 3295 3252 3335 cum
3284 3295 3434 3336 mor-

1850 3380 1956 3427 tem
1983 3388 2014 3427 a
2047 3373 2158 3427 Deo
2191 3387 2310 3427 esse
2358 3373 2637 3443 negaveris
2683 3373 2827 3444 (cap.
2869 3374 2955 3439 l8,
3003 3389 3059 3427 ιι.
3091 3372 3145 3437 5,
3186 3380 3320 3430 sect.
3352 3372 3431 3443 5),

1849 3474 2078 3519 mortem
2111 3465 2299 3520 mortis
2321 3475 2536 3520 aeternae
2559 3465 2725 3519 vitam
2756 3475 3035 3528 internum,
3062 3464 3113 3518 id
3135 3473 3218 3518 est
3252 3463 3432 3517 Domi-

1851 3570 1978 3610 num
2020 3565 2266 3612 nostrum
2315 3555 2500 3612 Jesum
2565 3557 2841 3612 Christum
2891 3557 3116 3619 dixeris,
3168 3556 3283 3624 ipso
3333 3570 3433 3624 per

1853 3646 2169 3716 prophetam
2208 3649 2639 3718 praenuntiante:
2685 3647 2794 3700 Ero
2832 3664 2970 3701 mors
3009 3657 3135 3711 tua,
3169 3663 3198 3700 ο
3257 3663 3438 3712 mors;

1849 3752 1938 3790 ero
1963 3753 2165 3790 morsus
2193 3747 2334 3802 tuus,
2361 3737 2563 3804 inferne
2593 3735 2766 3807 (Osee.
2795 3751 2914 3801 xm,
2942 3735 3052 3806 l4).
3086 3735 3144 3790 Si
3166 3751 3293 3806 ergo
3321 3737 3438 3807 ipse

1851 3841 1911 3882 se
1947 3834 2174 3880 mortem
2215 3828 2527 3896 pronuntiat
2552 3841 2672 3881 esse
2707 3826 2917 3890 mortis,
2951 3825 3218 3894 quomodo
3241 3841 3440 3897 negare

1851 3916 2018 3970 audes
2038 3923 2265 3968 mortem
2279 3930 2398 3970 esse
2415 3932 2444 3968 a
2461 3915 2602 3970 Deo?
2618 3916 2749 3971 Item
2764 3917 2907 3986 quod
2925 3915 3062 3970 dicis
3076 3916 3244 3970 deseri
3261 3934 3291 3970 a
3308 3916 3434 3982 Deo,

1849 4007 1906 4060 id
1952 4023 2061 4061 esse
2108 4007 2336 4061 interimi
2375 4007 2590 4078 (cap.18
2621 4049 2636 4073 ,
2666 4025 2722 4063 ιι.
2766 4008 2819 4072 6,
2869 4016 2992 4061 sect.
3021 4007 3122 4079 5):
3157 4024 3249 4061 nec
3289 4009 3431 4078 quod

1850 4099 1903 4151 in
1915 4098 1990 4151 eis
2000 4098 2108 4168 ipse
2127 4097 2270 4167 fecit,
2289 4098 2509 4168 relinqui
2522 4097 2597 4153 vel
2612 4098 2778 4152 deseri
2804 4114 2816 4149 :
2837 4096 3070 4166 alioquin
3086 4113 3266 4150 earum
3283 4107 3438 4150 natu-

1851 4205 1964 4243 ram
1978 4207 2040 4244 ac
2063 4189 2280 4244 nihilum
2303 4189 2491 4254 redire,
2513 4191 2559 4244 si
2573 4205 2775 4243 summa
2789 4190 3012 4243 essentia
3037 4191 3091 4243 in
3115 4189 3188 4243 eis
3214 4205 3315 4243 non
3343 4188 3434 4253 sit,
3471 4254 3482 4260 _
3515 4253 3530 4269 ο

1852 4282 1942 4336 sed
1963 4283 2101 4353 quod
2119 4283 2171 4336 in
2194 4282 2268 4335 eis
2299 4298 2401 4336 non
2422 4281 2562 4351 fecit,
2591 4281 2646 4334 id
2661 4290 2734 4336 est
2750 4281 3065 4350 superbiam,
3091 4281 3264 4350 sperni
3289 4279 3434 4350 (cap.

1855 4372 1942 4438 18,
1973 4389 2028 4427 ιι.
2080 4375 2131 4437 7,
2179 4381 2314 4428 sect.
2345 4372 2401 4443 6)
2446 4391 2459 4427 :
2491 4388 2712 4444 prorsus
2747 4372 2964 4428 veritati
2993 4372 3245 4427 reniteris
3269 4411 3286 4437 ,
3315 4386 3436 4442 quze

109 4441 118 4452 ’
177 4463 367 4510 monet
422 4455 762 4510 traditionem
809 4455 968 4511 istam
1022 4457 1146 4525 quia
1196 4457 1378 4510 mundi
1433 4456 1626 4512 cultrix
1669 4467 1755 4514 est
1784 4528 1821 4534 μ
1857 4463 2024 4519 Deum
2050 4441 2664 4532 judicemjustissimum
2691 4471 2851 4533 atque
2873 4441 3432 4534 irreprehensibilem,

179 4546 336 4618 (Sap.
365 4548 508 4619 xm),
532 4563 637 4604 non
665 4549 758 4602 Dei
790 4548 882 4618 qui
920 4563 1058 4604 unus
1078 4559 1207 4614 _est,
1260 4564 1358 4604 nec
1381 4549 1448 4604 ad
1477 4548 1749 4605 Christum
1784 4528 1830 4586 D
1860 4553 1915 4608 id
1942 4528 2088 4623 quod
2114 4552 2262 4618 fecit,
2304 4528 2367 4609 id
2403 4564 2487 4610 est
2535 4528 3065 4624 angelos—apostalas
3101 4561 3158 4608 et
3188 4551 3435 4607 homines

176 4639 278 4692 sed
303 4654 332 4691 a
364 4637 578 4695 Christo
605 4637 890 4702 abstrahit,
923 4637 979 4692 in
1008 4653 1115 4707 quo
1147 4637 1408 4709 perfectio
1457 4639 1754 4697 divinitatis

175 4729 312 4800 est.]

254 4817 297 4889 -ι-
326 4817 453 4884 Sed,
482 4827 540 4873 ut
565 4820 631 4875 ad
661 4820 988 4890 propositum
1037 4821 1337 4888 redeamus,
1363 4823 1490 4893 quia
1527 4823 1580 4878 in
1611 4825 1754 4880 Lati-

178 4909 272 4964 nis
302 4907 624 4964 dictionibus
652 4910 805 4964 nobis
833 4910 1041 4966 Atticas
1081 4911 1315 4981 origines
1357 4912 1632 4983 importas,
1677 4923 1753 4968 tot

177 4999 547 5055 Ecclesiarum
577 5001 868 5072 magistris,
908 5000 1244 5056 Grecitatem
1276 5003 1516 5072 apprime
1546 5004 1758 5058 scienti-

176 5092 305 5158 bus,
328 5093 601 5163 nunquam
628 5087 1152 5165 przedestinatiOnem
1176 5109 1274 5162 pro
1318 5094 1634 5162 pratvisione
1658 5111 1750 5164 po-

178 5181 290 5236 sita
334 5182 592 5253 legimus.
626 5183 882 5253 quoniam
929 5199 992 5238 ea
1031 5197 1128 5252 per
1169 5181 1349 5237 omnia
1384 5182 1599 5239 dilIerre
1650 5202 1752 5240 non

178 5271 514 5325 nescierunt.
539 5269 693 5337 Nam,
715 5271 840 5326 licet
868 5271 998 5326 nihil
1021 5272 1221 5343 absque
1241 5273 1557 5342 prtevisione
1592 5276 1757 5343 possit

176 5357 578 5442 pmdestinari,’
607 5363 1051 5432 quemadmodum
1082 5365 1149 5420 de
1186 5365 1440 5420 distantia
1471 5368 1758 5436 praescien-

179 5452 276 5508 tia:
294 5461 349 5508 et
367 5453 850 5524 prmdestinationis
866 5453 978 5523 jam
1008 5454 1155 5524 plura
1192 5459 1577 5528 congessimus.
1605 5459 1759 5526 Quod

177 5542 229 5599 si
259 5544 748 5614 pradestinationis
791 5544 1106 5600 vocabulum
1157 5546 1281 5600 huic
1317 5548 1608 5604 intellectui
1635 5551 1760 5606 sub-

173 5633 355 5704 jacet,
390 5636 518 5706 quid
552 5637 618 5692 de
658 5637 869 5694 caeteris
920 5636 1253 5693 sentiendum
1296 5653 1504 5705 censes,
1549 5656 1668 5710 quae
1705 5642 1757 5697 in

138 5722 152 5728 ”
180 5727 440 5806 eumdem
459 5744 675 5787 sensum
708 5729 881 5801 posita
923 5728 1248 5786 creberrime
1279 5727 1544 5800 leguntur,
1593 5731 1758 5789 veluti

1861 4645 2076 4716 impios,
2127 4645 2321 4700 merito
2366 4645 2665 4716 iniquitatis
2694 4661 2881 4701 eorum
2922 4645 3112 4714 punire
3153 4643 3430 4714 praedicat.

1861 4735 2030 4791 Deum
2065 4750 2278 4804 quoque
2307 4735 2361 4789 in
2383 4751 2446 4790 ea
2475 4745 2667 4791 natura
2695 4751 2857 4806 quam
2883 4735 2951 4790 ad
2977 4750 3035 4790 se
3055 4734 3260 4789 creavit
3289 4747 3434 4787 sem-

1861 4840 1957 4895 per
1996 4825 2239 4880 habitare
2277 4825 2412 4881 falso
2442 4827 2663 4890 astruis,
2710 4828 2862 4898 cujus
2885 4825 3147 4880 habitatio
3183 4839 3289 4879 non
3327 4823 3433 4878 nisi

1860 4933 1958 4987 per
1990 4918 2220 4988 gratiam
2277 4917 2549 4974 edocetur.
2607 4919 2839 4974 Proinde
2894 4917 3036 4988 quod
3095 4917 3148 4970 in
3179 4915 3430 4972 laudibus

1868 5007 2011 5060 beati
2037 5007 2318 5078 Augustini
2389 5024 2684 5079 perorans,
2719 5024 2824 5064 non
2870 5022 2991 5062 eum
3037 5007 3224 5062 eodem
3273 5007 3434 5062 modo
3529 5057 3539 5066 .

1857 5096 2094 5153 voluisse
2146 5097 2364 5168 intelligi
2398 5113 2679 5154 asseveras
2708 5099 2850 5166 quod
2901 5095 3077 5150 dixit:
3119 5111 3254 5166 quos
3289 5097 3434 5166 juste

1860 5187 2260 5256 praedestinavit
2309 5189 2374 5244 ad
2417 5203 2652 5259 penam,
2703 5203 2808 5258 quo
2851 5187 3016 5242 voluit
3061 5188 3203 5258 quod
3255 5189 3430 5244 dixit:

1863 5292 1997 5346 quos
2017 5279 2246 5348 benigne
2266 5278 2670 5349 przedestinavit
2700 5277 2767 5332 ad
2801 5279 3052 5349 gratiam,
3077 5279 3278 5335 affatim
3298 5295 3433 5351 prte-

1862 5369 2028 5424 missa
2060 5370 2362 5426 conlutant.
2390 5370 2574 5440 Neque
2593 5384 2816 5425 necesse
2837 5379 2920 5426 est
2941 5378 2998 5424 ut
3023 5371 3184 5427 toties
3209 5371 3432 5435 evitata,

1864 5461 2019 5528 quasi
2051 5459 2392 5517 formidanda
2421 5461 2689 5532 superﬂue
2711 5463 3079 5519 'inculcentur.
3363 5447 3366 5450 i

1935 5551 2070 5618 Quid
2109 5562 2388 5622 tantopere
2439 5553 2530 5609 Dei
2566 5555 2956 5624 providentiam
2987 5553 3194 5618 calcas,
3229 5537 3284 5607 et
3317 5552 3432 5621 ejus

1863 5641 2302 5720 dispositionibus
2343 5644 2539 5713 impius
2562 5647 2781 5701 obvias?
2806 5645 2962 5701 Certe
2989 5645 3104 5714 qui,
3131 5644 3223 5699 Dei
3246 5654 3432 5715 poten-

1866 5735 1954 5792 tiae
1993 5736 2515 5808 dispensationisque
2577 5747 2825 5810 expertes
2857 5779 2871 5804 ,
2921 5738 3082 5792 vitam
3141 5739 3428 5800 duxerunt,
