3974 6344
531 377 670 434 1515

1518 376 1577 428 S.
1612 371 1982 429 PRUDENTII
2018 369 2402 428 TRECENSIS
2439 368 2744 427 EPISCOPI

3649 378 3790 435 1516

526 488 863 560 quantalibet
911 489 1246 560 ingeniorum
1300 485 1595 541 acrimonia
1647 484 2050 556 przepollentem
2073 525 2090 552 ,
2120 487 2167 549 Α
2196 482 2525 548 considerat,
2556 491 2616 537 ut
2642 483 2709 538 de
2741 496 2807 538 eo
2832 497 3272 555 unumquemque
3297 483 3580 557 dijudieet.
3621 487 3786 546 Vide-

528 580 776 652 quamvis
797 579 906 634 fato
930 577 1248 648 fortunaque
1268 577 1431 632 vitam
1457 577 1744 632 humanam
1764 577 1849 648 agi
1869 577 2096 632 suadere

528 678 874 734 conarentur,
938 684 1275 740 nequaquam
1319 668 1523 736 absque
1584 667 1916 738 providentia
1975 668 2094 723 ﬁcri

529 759 919 829 praedicabant,
945 775 1066 814 cum
1110 773 1172 814 ea
1205 759 1308 814 diis
1364 759 1674 828 deabusquc
1727 759 2098 814 adscriberent

529 867 665 922 quos
683 852 913 922 propriis
950 852 1111 906 etiam
1145 851 1421 907 vocabulis
1469 851 1866 922 nuncupabant,
1925 851 2095 906 fatum

527 942 805 1007 videlicet,
837 951 892 998 et
929 942 1215 998 fortunam.
1244 943 1324 998 Ac
1359 959 1573 998 rursum
1597 944 1692 998 fati
1731 942 1964 998 triﬁdam
1985 945 2096 1000 dis-

528 1033 876 1087 tributionem
905 1032 1007 1087 sub
1049 1033 1356 1088 nominibus
1385 1032 1633 1101 Megeraz,
1674 1032 1879 1098 Alecto,
1909 1041 1964 1090 et
2007 1031 2099 1088 Ti-

533 1124 777 1196 siphone.
810 1125 1049 1192 Quarum
1079 1125 1517 1196 dispositionibus
1566 1125 1691 1179 vita:
1722 1125 1971 1180 humanae
2015 1141 2102 1182 or-

525 1227 664 1282 tum,
695 1231 1033 1286 procursum,
1081 1216 1352 1286 ﬁnemque
1398 1215 1721 1271 tribuebant.
1768 1215 1845 1269 lta
1898 1223 1958 1269 ut
1997 1229 2098 1270 nec

525 1305 860 1370 felicitatem,
893 1320 995 1360 nec
1034 1303 1427 1372 infelicitatem,
1479 1318 1579 1360 nec
1628 1303 1887 1370 fortunia,
1923 1319 2098 1375 neque

523 1396 819 1452 infortunia
857 1397 1060 1467 absque
1095 1396 1318 1451 deorum
1355 1410 1582 1450 suorum
1622 1396 1913 1450 dearumve
1953 1394 2099 1450 ordi-

521 1487 744 1542 natione
773 1485 888 1540 ﬁeri
910 1473 1066 1557 posse
1097 1485 1364 1541 ullatenus
1391 1483 1738 1539 afﬁrmarent.
1768 1483 1849 1538 Tu
1887 1490 2095 1550 contra,

522 1585 578 1633 et
613 1577 830 1633 veritati
870 1585 927 1632 et
970 1576 1238 1648 ﬁgmentis
1296 1577 1501 1648 pariter
1551 1575 1964 1643 contradicens,
2005 1591 2100 1631 au-

525 1667 638 1724 fers
660 1669 774 1724 veri
822 1653 930 1724 imo
971 1669 1138 1725 solius
1191 1668 1285 1725 Dei
1324 1667 1738 1741 providentiam,
1788 1667 2096 1738 dispositio-

523 1772 648 1813 nem
670 1765 834 1827 atque
855 1755 1140 1826 judicium,
1172 1773 1296 1814 cum
1324 1757 1588 1828 propheta
1621 1756 1788 1813 Isaias
1815 1756 1883 1811 de
1909 1771 2016 1812 uno
2045 1763 2102 1810 et

2199 572 2326 630 licet
2355 580 2414 626 ut
2449 579 2543 626 aut
2567 572 2635 626 de
2667 571 2774 628 ﬁne
2796 572 2960 639 bono,
2992 573 3150 628 bonis
3190 574 3334 630 bona
3368 576 3665 646 retribuat,
3691 588 3788 635 aut

2197 667 2264 721 de
2287 665 2394 720 ﬁne
2419 663 2562 720 malo
2591 664 2749 720 malis
2772 679 2927 735 aeque
2955 665 3096 720 mala
3123 667 3401 736 rependat.
3429 667 3573 736 Quid
3598 671 3786 741 itaque

2198 757 2531 823 contrarium
2553 755 2636 810 vel
2661 755 2785 812 ﬁdei
2809 755 2894 812 vel
2913 757 3006 812 Dei
3026 757 3252 828 justitia:
3278 769 3624 825 susurratur,
3656 763 3704 817 si
3733 763 3785 818 id

2197 849 2613 919 praedestinasse
2660 847 2970 905 ﬁdelissime
2997 851 3338 920 praedicetur,
3369 851 3518 922 quod
3545 868 3676 908 eum
3703 855 3786 910 vel

2197 940 2520 1005 decrevisse,
2566 939 2650 996 vel
2687 941 3059 1008 constituisse,
3087 941 3172 996 vel
3205 925 3582 1007 considerare,
3617 959 3784 1000 verax

2200 1032 2481 1104 Scriptura
2509 1048 2616 1089 non
2643 1042 2806 1090 tacet.
2856 1033 3143 1090 Terminos
3181 1033 3343 1106 igitur
3376 1035 3621 1092 hominis
3647 1050 3784 1107 quos

2199 1126 2497 1192 constituit,
2531 1125 2586 1182 id
2615 1134 2697 1182 est
2743 1127 3147 1196 praedestinavit
3192 1136 3350 1197 atque
3377 1128 3692 1198 disposuit:
3721 1129 3792 1182 Et
3879 1193 3882 1196 ,

2197 1216 2555 1276 uniuersorum
2583 1214 2741 1284 ﬁnem
2777 1215 2886 1284 ipse
2913 1215 3226 1280 considerat,
3255 1224 3315 1270 ut
3343 1230 3410 1272 ex
3450 1217 3540 1272 eis
3566 1217 3784 1274 unicui-

2198 1322 2304 1379 que
2339 1306 2602 1362 retribuat
2629 1307 2772 1376 quod
2809 1315 3069 1372 meretur,
3102 1306 3206 1362 hoc
3229 1307 3421 1377 procul
3449 1307 3624 1363 dubio
3647 1323 3787 1378 pra-

2198 1397 2510 1462 destinavit,
2555 1395 2610 1451 id
2639 1403 2722 1452 est
2755 1404 2884 1452 ante
2934 1397 3130 1452 saecula
3177 1397 3474 1468 disposuit;
3519 1399 3655 1467 quia
3686 1398 3787 1454 hoc

2196 1488 2469 1559 praescivit
2515 1487 2902 1554 indubitanter,
2951 1496 3115 1558 atque
3159 1488 3462 1558 prtenovit:
3499 1504 3614 1544 non
3659 1503 3788 1560 ergo

2198 1588 2425 1652 negetur
2466 1579 2575 1635 imo
2611 1586 2761 1634 tanta
2789 1578 3085 1650 pertinacia
3128 1578 3478 1650 impugnetur
3509 1580 3661 1648 quod
3697 1595 3789 1634 au-

2199 1667 2454 1724 ctoritate
2482 1674 2536 1723 et
2565 1665 2777 1723 ratione
2801 1666 3052 1723 veritatis
3077 1664 3430 1722 lucidissima:
3455 1665 3788 1739 comproba-

2203 1769 2310 1816 tur.

523 1863 652 1904 vero
682 1849 791 1903 Deo
821 1848 1108 1904 manifeste
1132 1848 1450 1920 proclamet,
1488 1847 1547 1903 S.
1573 1847 1905 1918 Hieronymo
1935 1861 2098 1918 expo-
2125 1854 2174 1916 Β
2271 1849 2424 1908 Unde
2447 1858 2502 1907 et
2529 1848 2820 1920 Gregorius
2859 1848 2916 1904 in
2951 1847 3241 1905 Moralibus
3289 1847 3583 1922 (lib.mrt,
3610 1865 3662 1906 c.
3699 1851 3788 1920 Π)

524 1948 689 1995 nente
730 1939 786 1994 in
815 1938 976 2006 Isaia,
1014 1939 1110 1994 lib.
1141 1953 1213 1994 v:
1242 1937 1360 1994 Hoc
1393 1937 1692 2005 consilium,
1713 1938 1851 2008 quod
1880 1937 2100 2008 cogitaui

523 2047 680 2101 super
710 2046 912 2085 omnem
945 2039 1162 2096 terram,
1185 2039 1235 2084 et
1255 2029 1368 2084 lure
1389 2038 1464 2084 est
1489 2045 1676 2084 manus
1705 2038 1911 2084 extenta
1931 2019 2104 2098 super

523 2123 791 2176 universas
836 2131 1045 2192 gentes;
1095 2121 1354 2176 Dominus
1387 2122 1526 2176 enim
1569 2121 1888 2176 exercituum
1927 2119 2104 2172 decre-

525 2213 630 2278 vit;
667 2220 716 2265 et
747 2213 861 2283 quis
882 2212 1067 2282 poterit
1097 2211 1406 2281 inﬁrmare?
1432 2221 1480 2266 et
1508 2227 1696 2265 manus
1726 2210 1838 2280 ejus
1859 2217 2100 2274 extenta;

524 2316 574 2360 et
613 2306 728 2377 quis
763 2313 951 2361 avertet
971 2301 1127 2360 eam?
1149 2304 1283 2376 (Isa.
1314 2319 1426 2370 xiv,
1457 2303 1536 2374 5.)
1567 2303 1682 2358 Hoc
1723 2301 1840 2356 loco
1883 2300 2102 2372 quidam

429 2405 438 2412 "
525 2393 861 2450 arbitrantur
903 2393 1208 2464 generalem
1253 2407 1375 2448 esse
1418 2401 1602 2447 contra
1647 2405 1862 2445 omnem
1912 2389 2101 2444 orbem

523 2485 886 2557 prophetiam,
921 2493 975 2540 et
1012 2484 1156 2554 quod
1197 2484 1428 2539 vastitas
1454 2481 1745 2554 Babylonis
1787 2491 1842 2536 ct
1867 2480 2102 2550 Assyriae

525 2579 763 2635 civitatis
809 2585 968 2649 typus
1014 2577 1086 2631 sit
1131 2574 1615 2631 consummationis
1663 2572 1868 2638 mundi,
1909 2571 2102 2642 quibus

523 2684 868 2742 nequaquam
894 2668 1334 2733 contradicimus,
1359 2667 1486 2722 dum
1515 2666 1751 2721 sciamus
1772 2663 1862 2720 hic
1887 2677 2102 2719 omnem

524 2772 727 2818 terram
749 2760 1095 2831 Assyriorum
1124 2757 1342 2827 proprie
1387 2755 1702 2828 significari,
1737 2762 1792 2809 et
1818 2754 2103 2810 universas

525 2863 715 2927 gentes
755 2852 933 2908 socias
975 2837 1117 2921 regis
1143 2848 1352 2922 Assyrii
1387 2849 1782 2904 demonstratas
1806 2862 1819 2899 :
1846 2845 2102 2915 quidquid

526 2955 706 3000 autem
736 2941 1011 2998 aDomino
1039 2941 1313 2995 decretum
1344 2946 1445 3004 est,
1473 2937 1671 2992 nullius
1694 2937 1894 2990 virtute
1921 2935 2106 3006 prohi-

523 3036 704 3100 betur,
733 3040 789 3088 et
813 3038 1086 3088 extentam
1113 3043 1331 3083 manum
1362 3025 1572 3097 ejus,et
1600 3025 1665 3081 ad
1694 3024 2102 3096 percutiendum

524 3133 794 3196 paratum,
823 3137 981 3178 nemo
1004 3120 1202 3190 poterit
1230 3115 1528 3188 coercere.]
1556 3117 1596 3185 1-
1621 3116 1767 3171 ldem
1800 3115 1853 3170 in
1881 3114 2102 3170 eodem:

2200 1941 2280 1998 sic
2299 1941 2412 1995 ait:
2437 1938 2685 2012 [Tempus
2709 1939 2882 2010 posuit
2901 1939 3144 2004 tenebris,
3160 1949 3208 1994 et
3228 1942 3606 1996 universorum
3631 1941 3787 2010 ﬁne-

2199 2033 2308 2104 ipse
2321 2031 2636 2096 considerat,
2651 2031 2758 2102 ipse
2778 2041 2978 2102 tempus
2997 2033 3171 2103 posuit
3193 2032 3420 2089 tenebris
3435 2033 3498 2105 (1
3500 2035 3569 2088 ob
3598 2051 3786 2100 xxmt,

2199 2124 2280 2196 3),
2310 2127 2508 2197 iniquis
2546 2125 2798 2182 videlicet
2842 2126 3060 2182 modum
3103 2139 3211 2198 quo
3259 2127 3434 2198 iniqui
3476 2143 3609 2185 esse
3652 2131 3786 2185 desi-

2199 2225 2363 2274 stant.
2406 2215 2560 2272 Unde
2589 2215 2670 2271 eis
2693 2230 2793 2287 per
2818 2214 3135 2286 Apostolum
3183 2216 3426 2273 dicitur:
3459 2217 3655 2274 Eratis
3695 2221 3788 2272 ati-

2199 2307 2410 2380 quando
2443 2307 2690 2375 tenebris,
2731 2322 2871 2361 nunc
2896 2316 3068 2363 autem
3106 2307 3199 2362 lux
3231 2307 3288 2362 in
3310 2307 3550 2364 Domino
3573 2309 3782 2381 (Ephes.

2201 2415 2254 2464 v,
2282 2399 2359 2471 8).
2423 2395 2576 2453 Sicut
2620 2397 2742 2452 aliis
2789 2411 3007 2467 quoque
3048 2396 3327 2467 discipulis
3374 2397 3557 2454 isdem
3606 2399 3787 2455 doctor

2200 2487 2451 2560 egregius
2477 2487 2644 2542 dicit:
2672 2486 2797 2542 Nox
2827 2488 3115 2556 praecessit,
3147 2487 3259 2541 dies
3295 2496 3475 2542 autem
3511 2489 3790 2558 appropin-

2201 2579 2396 2651 quavit,
2431 2577 2742 2646 abjiciamus
2784 2593 2906 2647 ergo
2945 2593 3103 2648 opera
3143 2577 3500 2644 tenebrarum,
3527 2588 3580 2633 et
3605 2580 3789 2633 indua-

2200 2687 2318 2724 mus
2349 2684 2441 2724 nos
2473 2685 2620 2722 arma
2652 2667 2807 2735 lucis,
2840 2668 2974 2722 sicut
3009 2668 3064 2721 in
3098 2666 3184 2721 die
3217 2669 3433 2722 honeste
3461 2669 3789 2723 ambulemus

2203 2759 2381 2829 (Rom.
2411 2775 2545 2824 xm,
2571 2758 2680 2830 ιε).
2738 2759 2892 2816 Unde
2935 2766 2992 2814 et
3042 2758 3098 2813 in
3143 2758 3386 2814 Canticis
3426 2758 3787 2822 canticorn,

2202 2851 2445 2905 Ecclesia
2473 2850 2744 2914 veniente,
2772 2849 2970 2904 dicitur
2993 2866 3008 2905 :
3038 2847 3168 2914 Quae
3193 2857 3266 2902 est
3305 2849 3412 2902 ista
3434 2865 3561 2920 qua
3580 2865 3788 2918 progre-

2203 2939 2368 3005 ditur,
2390 2938 2540 3008 quasi
2562 2954 2756 2993 aurora
2793 2954 3108 3009 consurgens
3132 2939 3157 2993 2’
3179 2936 3354 3010 (Cant.
3381 2954 3462 3004 γι,
3487 2939 3576 3006 9.)
3597 2939 3787 3009 Aperte

2204 3027 2348 3084 enim
2390 3028 2629 3084 Ecclesia
2669 3045 2878 3086 aurorae
2915 3038 3227 3101 comparata
3272 3030 3636 3095 describitur,
3677 3045 3788 3100 qu

2204 3133 2303 3189 per
2345 3121 2708 3190 cognitionem
2758 3121 2880 3175 ﬁdei
2913 3139 2943 3178 a
2973 3131 3319 3192 peccatorum
3365 3136 3604 3176 suorum
3647 3131 3788 3178 tene-

529 3213 671 3286 [Hoc
710 3213 921 3266 verbum
945 3250 960 3275 ,
997 3210 1136 3280 quod
1176 3209 1380 3262 locutus
1429 3216 1504 3261 est
1541 3205 1796 3259 Dominus
1839 3203 1907 3257 ad
1945 3202 2102 3257 Moab
2131 3203 2174 3264 C
2205 3209 2320 3264 bris
2345 3209 2400 3263 in
2426 3205 2570 3264 clara
2596 3211 2715 3265 luce
2740 3210 2962 3281 justitize
2992 3219 3376 3266 commutatur.
3413 3211 3650 3283 Tempus
3667 3227 3790 3278 ergo

525 3319 592 3357 ea:
621 3312 745 3354 tunc
770 3299 904 3371 (Isa.
933 3314 1042 3363 χιι,
1082 3297 1173 3368 5);
1213 3311 1280 3351 ex
1312 3310 1418 3365 quo
1451 3303 1608 3364 putas
1639 3292 1914 3364 tempore?
1953 3293 2102 3346 vide-

527 3393 655 3447 licet
680 3405 744 3446 ex
772 3405 838 3445 eo
863 3404 969 3459 quo
1005 3397 1218 3443 creatus
1260 3396 1343 3442 est
1369 3385 1559 3451 Moab;
1605 3394 1659 3440 et
1691 3384 1949 3440 Dominus
1992 3382 2099 3436 ait:

529 3480 780 3536 Moabitw
819 3489 866 3535 et
901 3479 1214 3533 Ammonita:
1263 3493 1368 3531 non
1418 3476 1692 3530 intrabunt
1728 3476 1782 3528 in
1812 3472 2102 3528 Ecclesium

526 3573 626 3627 Dei
661 3570 841 3644 (Deut.
873 3585 1030 3636 xxiii,
1058 3568 1137 3640 '5),
1185 3567 1300 3624 sive
1337 3575 1536 3622 extunc
1566 3581 1665 3636 pro
1717 3565 1936 3633 antiquo
1970 3571 2104 3644 tem-

524 3677 655 3734 pore
693 3661 1076 3732 intelligamus,
1108 3660 1251 3730 quod
1289 3657 1418 3714 olim
1459 3657 1640 3713 divina
1682 3655 1950 3711 sententia
1998 3655 2101 3709 ista

528 3757 744 3810 decreta
770 3752 909 3818 sint;
959 3766 1064 3806 non
1097 3749 1238 3820 quod
1263 3749 1598 3821 praescientia
1624 3747 1721 3804 Dei
1755 3758 1978 3802 causam
2004 3759 2099 3800 va-

527 3845 729 3902 stitatis
767 3843 1028 3908 attulerit,
1067 3841 1160 3898 sed
1185 3841 1327 3912 quod
1353 3839 1534 3895 futura
1556 3840 1781 3894 vastitas
1809 3837 1905 3894 Dei
1935 3835 2098 3905 maje-

526 3946 664 3994 state
681 3944 922 4006 przenota
949 3933 1064 4006 sit.]
1095 3935 1134 4004 1-
1154 3934 1296 3990 ldem
1327 3935 1380 3987 in
1410 3933 1628 3988 eodem:
1656 3931 1932 4004 [Dominus
1960 3945 2105 3985 exer-

526 4030 724 4082 cituum
763 4026 1006 4098 cogitavit
1038 4035 1092 4084 ut
1123 4025 1414 4079 detraheret
1455 4023 1751 4095 superbiam
1790 4022 1958 4076 omnis
1993 4020 2104 4091 glo-

528 4120 642 4184 rite,
684 4127 732 4172 et
772 4117 840 4170 ad
881 4116 1222 4190 ignominiam
1265 4116 1536 4172 deduceret
1579 4117 1842 4170 uniuersos
1881 4113 2102 4184 inclytos

457 4245 468 4260 .
527 4220 682 4266 terra:
731 4211 910 4284 (Deut.
960 4227 1120 4276 χχιιι,
1169 4210 1246 4280 9),
1297 4209 1422 4279 quia
1465 4223 1668 4278 supra,
1718 4205 2102 4275 interrogantis

531 4317 711 4368 more,
737 4302 981 4357 dixerat:
1005 4302 1134 4368 Quis
1161 4301 1401 4372 cogitavit
1426 4301 1520 4354 hoc
1543 4315 1698 4369 super
1720 4296 1914 4367 Tyrum
1937 4312 2104 4366 quon-

527 4394 653 4448 dam
697 4395 1040 4449 coronatam?
1084 4393 1272 4465 (Ibid.,
1317 4391 1373 4464 8)
1423 4405 1566 4444 nunc
1612 4390 1724 4458 ipse
1766 4385 2098 4458 respondet:

528 4499 637 4540 non
674 4483 909 4538 fatorum
937 4481 1018 4556 (ut
1047 4482 1194 4538 stulti
1222 4481 1439 4552 putant)
1467 4479 1544 4534 sic
1583 4478 1671 4532 ﬁla
1697 4477 1923 4532 deducta
1953 4484 2099 4542 sunt,

2202 3300 2373 3368 posuit
2406 3299 2647 3364 tenebris,
2684 3309 2731 3354 et
2765 3300 3122 3372 universorum
3158 3300 3318 3368 ﬁnem
3342 3300 3457 3370 ipse
3491 3302 3789 3356 consideret

2203 3389 2324 3462 (Job
2352 3406 2544 3458 xxvm,
2565 3391 2621 3462 5)
2653 3407 2668 3446 :
2692 3385 3047 3446 universorum
3072 3391 3288 3448 nomine
3315 3401 3369 3446 et
3392 3392 3609 3449 electos
3629 3396 3791 3451 voluit

2202 3488 2256 3536 et
2281 3481 2537 3550 reprobus
2584 3481 2988 3551 comprehendi.
3025 3481 3161 3536 Nam
3188 3481 3332 3538 bona
3375 3481 3597 3540 faciens
3623 3493 3678 3540 et
3705 3500 3789 3540 or-

2203 3574 2396 3629 dinans
2421 3574 2583 3640 Deus,
2619 3571 2761 3628 mala
2790 3588 2918 3629 vero
2947 3587 3055 3630 non
3087 3573 3313 3639 faciens,
3348 3575 3448 3629 sed
3489 3576 3568 3631 ab
3595 3577 3789 3646 iniquis

2202 3663 2367 3730 facta,
2398 3679 2466 3718 ne
2501 3663 2809 3719 inordinate
2845 3663 3099 3720 eveniant
3130 3663 3244 3734 ipse
3285 3665 3614 3736 disponens,
3665 3682 3788 3722 con-

2203 3758 2406 3812 siderat
2463 3757 2837 3812 univcrsorum
2892 3754 3053 3810 ﬁnem
3084 3793 3101 3821 ,
3159 3760 3216 3809 et
3263 3755 3548 3826 patienter
3599 3757 3788 3813 tolerat

2201 3849 2406 3904 omnia.
2441 3847 2620 3917 Atque
2652 3848 2892 3903 intuetur
2935 3847 3232 3902 electorum
3277 3849 3607 3916 terminum,
3653 3849 3786 3920 quod

2201 3955 2268 3996 ex
2295 3939 2438 3994 malo
2459 3946 2737 3994 mutentur
2765 3938 2833 3994 ad
2858 3937 3093 4004 bonum;
3128 3938 3366 3994 intuetur
3399 3939 3576 3994 etiam
3603 3956 3790 4010 repro-

2201 4031 2394 4086 borum
2439 4029 2628 4096 ﬁnem,
2657 4028 2800 4098 quod
2847 4028 2913 4084 de
2954 4029 3098 4084 malo
3126 4042 3290 4099 opere
3333 4028 3569 4099 dignum
3623 4041 3790 4084 retra-

2203 4123 2402 4177 bantur
2450 4122 2519 4176 ad
2565 4120 2908 4190 supplicium.
2969 4119 3133 4175 Videt
3186 4119 3348 4174 ﬁnem
3404 4121 3790 4191 persequentis

2203 4213 2359 4270 Sauli
2384 4227 2492 4283 quo
2519 4221 2821 4283 prostratus
2849 4211 3054 4266 diceret
3074 4225 3088 4264 :
3106 4209 3348 4278 Domine,
3369 4210 3502 4282 quid
3531 4228 3618 4265 me
3637 4211 3788 4282 iuba

2203 4307 2375 4377 facere
2397 4306 2535 4377 (Act.
2563 4321 2642 4372 ιι,
2673 4305 2750 4377 6),
2783 4304 2919 4361 vidit
2940 4303 3105 4360 ﬁnem
3130 4301 3285 4374 quasi
3310 4303 3671 4374 obsequentis
3694 4302 3788 4356 Di-

2202 4397 2390 4468 scipuli
2435 4397 2577 4466 quod
2619 4410 2720 4466 pro
2766 4396 3058 4452 commisso
3102 4393 3304 4450 scelere
3357 4402 3554 4464 guttur
3592 4393 3786 4463 laqueo
3855 4423 3860 4426 -

2204 4488 2496 4559 stringeret
2541 4484 2755 4557 (Matth.
2799 4501 2973 4552 xxvii,
2999 4485 3081 4558 5),
3137 4477 3303 4554 seque
3349 4490 3406 4536 et
3455 4491 3783 4553 peccantem

525 4591 634 4632 non
678 4574 906 4631 fortunae
941 4549 1113 4629 currit
1161 4549 1308 4637 rota;
1347 4549 1442 4625 sed
1471 4569 1563 4624 Dei
1604 4567 1805 4640 judicio
1834 4575 1889 4622 et
1932 4567 2099 4638 ipsius

2204 4549 2434 4651 puniret,
2463 4586 2518 4633 et
2547 4549 2786 4632 deterius
2809 4549 3082 4648 puniendo
3113 4549 3413 4644 deciperet;
3445 4549 3588 4628 vidit
3616 4572 3782 4627 Nini-

525 4665 804 4722 voluntate
828 4661 1126 4734 perfectum
1154 4669 1268 4716 est:
1299 4659 1402 4728 Qui
1435 4659 1666 4730 superbis
1696 4657 1906 4722 resistit,
1931 4665 1977 4709 et
2001 4655 2099 4708 hu-

524 4758 736 4813 milibus
766 4761 856 4810 dat
881 4754 1106 4827 gratiam
1140 4752 1280 4824 (Jac.
1312 4767 1388 4820 xv,
1417 4750 1490 4824 6),
1522 4759 1576 4807 et
1601 4756 1907 4807 commonet
1940 4760 2097 4801 arro-

524 4855 713 4921 gantes
761 4844 1084 4901 conditionis
1128 4859 1260 4911 suae,
1301 4853 1361 4900 ut
1403 4844 1612 4900 discant
1647 4841 1942 4913 potentiam
1981 4838 2100 4908 ejus

523 4948 622 5007 per
647 4935 942 5001 miseriam,
988 4933 1142 5002 cujus
1183 4933 1523 4990 clementiam
1547 4947 1645 5003 per
1674 4931 1941 4986 beneﬁcia
1970 4941 2096 4986 sen-

524 5029 630 5084 tire
646 5026 974 5100 noluerant.]
992 5028 1032 5098 -ξ-
1054 5026 1272 5082 Certum
1303 5033 1386 5082 est
1409 5023 1990 5095 omnipotentissimum
2005 5025 2096 5094 ju-

525 5117 698 5174 dicem
729 5119 1051 5174 auctoritate
1093 5118 1288 5172 divinae
1313 5115 1627 5186 Scripturae,
1660 5130 1722 5170 ac
1755 5115 2092 5171 concinentia

525 5217 883 5264 tractatorum
933 5208 1170 5263 ﬁdelium
1225 5223 1330 5262 non
1379 5206 1447 5262 de
1492 5206 1680 5273 initiis,
1729 5207 1825 5262 sed
1872 5206 1939 5262 de
1985 5207 2092 5262 ﬁne

522 5314 853 5372 quemquam
882 5297 1148 5368 judicare,
1199 5298 1409 5354 dicente
1431 5297 1749 5368 Scriptura:
1775 5297 1844 5350 Et
1888 5298 2093 5350 univer-

522 5404 702 5448 sorum
741 5390 899 5460 ﬁnem
939 5392 1046 5461 ipse
1089 5389 1382 5444 considerat
1425 5387 1546 5460 (Job
1574 5401 1764 5454 xxvm,
1795 5389 1871 5459 5),
1899 5402 2090 5457 quare,

521 5495 730 5554 quaeso,
771 5483 1128 5536 universorum
1147 5480 1302 5550 ﬁnem
1327 5481 1435 5551 ipse
1461 5479 1792 5534 considerat?
1829 5479 2090 5548 nunquid,

523 5583 587 5629 ut
613 5575 883 5645 quidpiam
905 5574 1049 5637 novi,
1078 5580 1131 5628 et
1156 5572 1298 5642 quod
1321 5581 1542 5628 eatenus
1573 5570 1920 5642 ignoraverit,
1948 5569 2096 5625 addi-

525 5665 676 5722 seat?
713 5665 868 5720 Absit
891 5681 904 5718 :
930 5664 1023 5719 sed
1045 5663 1138 5732 qui
1157 5663 1394 5718 hominis
1422 5662 1669 5717 terminos
1697 5660 1982 5724 constituit,
2004 5658 2095 5729 qui

528 5755 783 5822 prwteriri
829 5771 928 5811 non
967 5762 1227 5826 poterunt,
1265 5753 1334 5809 ad
1380 5753 1482 5809 hoc
1529 5753 1900 5810 universorum
1929 5747 2092 5805 ﬁnem

2201 4673 2335 4726 vitas
2363 4669 2737 4740 delinquentes
2759 4669 2905 4740 (Jon.
2934 4685 2976 4735 ι,
3000 4667 3078 4740 2),
3108 4667 3201 4722 sed
3227 4665 3595 4721 consideravit
3620 4665 3784 4720 tinem

2203 4759 2630 4832 delinquentium
2661 4758 3033 4829 paenitentiam
3079 4763 3444 4812 correctorum
3486 4752 3648 4827 (Ion.
3697 4769 3779 4820 tn,

2203 4852 2312 4925 10).
2365 4851 2510 4909 Vidit
2549 4865 2765 4922 quoque
2816 4849 3103 4906 Sodomam
3159 4845 3562 4916 delinquentem
3624 4843 3778 4914 (Gen.

2200 4941 2494 5014 xvmﬁO),
2533 4943 2626 4997 sed
2673 4941 3038 4998 consideravit
3079 4941 3239 4994 ﬁnem
3284 4935 3494 4992 ardoris
3548 4935 3780 4990 luxuria

2195 5033 2373 5105 ignem
2405 5031 2659 5102 gehennae
2695 5028 2849 5102 (Gen.
2897 5044 3010 5095 XIX,
3038 5027 3152 5100 ιι).
3187 5025 3327 5083 Vidit
3366 5023 3694 5096 gentilitatis
3721 5022 3783 5077 ﬁ-

2195 5137 2340 5188 nem,
2390 5122 2553 5192 quod,
2607 5135 2864 5192 possessa
2909 5121 3256 5191 iniquitatum
3303 5117 3576 5184 tenebris,
3607 5133 3783 5189 quan-

2193 5213 2370 5283 doque
2390 5212 2516 5268 ﬁdei
2544 5212 2662 5268 luce
2690 5212 3031 5268 claresceret.
3073 5209 3221 5266 Vidit
3243 5210 3406 5266 etiam
3425 5208 3643 5266 ludam
3669 5219 3784 5265 ter-

2193 5305 2429 5371 minum,
2471 5304 2645 5374 quod,
2693 5305 2761 5359 ab
2800 5318 2861 5358 ea
2905 5303 3026 5359 luce
3051 5302 3173 5358 ﬁdei
3200 5317 3361 5373 quam
3405 5303 3655 5369 tenebat,
3683 5304 3784 5357 ob-

2197 5394 2401 5449 duratae
2441 5392 2680 5462 perﬁdia:
2734 5407 2792 5448 se
2839 5393 3078 5449 tenebris
3109 5400 3354 5448 czecaret.
3395 5391 3438 5460 -ι-
3463 5389 3612 5446 Sane
3654 5405 3784 5446 cum

2199 5483 2354 5539 dicis.

2742 5569 2970 5609 JOANNES
2998 5567 3211 5610 SCOTUS.

2271 5659 2430 5734 (Cap.
2458 5659 2547 5726 l8,
2573 5676 2722 5716 num.
2748 5661 2800 5728 9,
2829 5670 2961 5718 sect.
2987 5661 3074 5733 7.)
3101 5672 3142 5718 Θ
3171 5659 3576 5717 Ρηεάεεεὶηαιιὶι
3604 5661 3786 5730 itaque

2201 5750 2340 5808 Deus
2363 5751 2547 5821 impios
2574 5750 2644 5806 ad
2670 5767 2870 5822 poenam
2898 5749 2974 5806 vel
2999 5752 3263 5806 interitum
3287 5764 3305 5803 :
3328 5750 3426 5804 hoc
3452 5759 3528 5804 est
3553 5749 3784 5805 circulu-
