3974 6344
28 5801 32 5828 ι

135 393 271 448 1317

979 391 1061 448 DE
1097 393 1766 452 ΡιὶίΕῡΕΞΤΙΝΑΤΙΟΝΕ
1799 396 2075 452 CONTRA
2111 397 2157 452 J.
2204 396 2501 454 SCOTUM.

3241 403 3374 461 1518

133 505 336 577 scripsit
358 521 443 560 eos
471 504 663 575 legibus
684 507 790 559 suis
823 507 1345 576 incommutabilibus,
1369 526 1497 578 quas
1519 525 1698 562 eorum
1727 512 1772 570 Α
1803 507 1860 562 Si
1906 509 2125 578 inquam
2168 509 2302 564 nihil
2330 507 2476 562 aliud
2507 516 2591 562 est
2618 507 3019 579 przedcstinatio
3050 527 3209 582 quam
3240 531 3375 584 prte-

134 597 372 666 impietas
400 595 616 649 evadere
640 611 742 649 non
769 597 1039 665 permittit.

205 689 246 758 1-
268 688 516 743 Proiecto
545 688 810 744 veraciter
835 688 1065 744 deﬁnisti
1090 706 1104 755 ;
1136 703 1297 760 porro
1325 690 1466 758 quod
1493 689 1681 745 addis:

205 779 356 852 (Cap.
389 780 473 846 18,
509 796 656 836 num.
693 781 777 846 10,
810 790 943 837 seet.
971 781 1048 854 7.)
1071 791 1110 837 Θ
1141 781 1220 835 Ad
1251 798 1454 850 poenam
1475 781 1704 851 profecto

134 889 308 928 suam.
337 871 413 926 Ea
433 873 618 943 quippe
645 873 918 943 difﬁcultas
951 890 1054 942 qua
1085 873 1420 942 prohibentur
1443 873 1704 942 pervenire

135 962 206 1015 ad
243 979 302 1015 ea
348 978 466 1031 qua:
505 962 776 1017 libidinose
817 973 1096 1033 appetunt,
1140 963 1355 1033 eﬂicitur
1385 963 1458 1016 eis
1490 961 1704 1031 parnalis

133 1049 392 1115 interitus,
416 1058 464 1105 et
487 1067 597 1106 suae
618 1052 923 1106 miserrima:
943 1051 1198 1122 cupidinis
1216 1050 1545 1119 justissimus
1585 1065 1705 1102 cru-

137 1140 327 1195 cintus.

759 1225 1076 1267 COBRECTIO.

203 1323 246 1394 -ι-
270 1321 500 1378 Omnino
531 1321 793 1379 fallaciter
833 1337 1150 1388 asseveras;
1187 1321 1278 1378 ubi
1306 1331 1360 1378 et
1407 1321 1537 1377 illud
1575 1321 1706 1378 satis

136 1423 354 1485 stupere
381 1428 610 1485 nequeo,
641 1415 731 1484 qui
765 1413 971 1485 pridem
1002 1413 1359 1484 ignorantiam
1387 1412 1629 1469 veritatis
1650 1420 1706 1466 et

134 1501 483 1562 beatitudinis
512 1505 727 1561 miseris
765 1506 1074 1566 induxeras,
1108 1502 1259 1574 cujus
1289 1505 1554 1574 appetitus
1579 1519 1703 1573 ege-

136 1603 275 1651 state
300 1611 440 1651 nunc
472 1610 566 1651 eos
597 1595 826 1652 cruciari
853 1595 1108 1661 deﬁnias,
1151 1595 1346 1665 quibus
1368 1594 1493 1651 boni
1523 1593 1702 1662 cujus-

135 1686 277 1755 piam
295 1686 574 1756 appetendi
589 1682 701 1755 jam
717 1700 818 1741 nec
843 1687 1068 1742 scientia
1089 1686 1292 1741 suberit
1320 1700 1420 1742 nec
1436 1685 1700 1741 voluntas.

139 1775 244 1831 Sed
269 1783 324 1830 et
351 1789 470 1830 cum
492 1777 760 1831 veraciter
789 1791 1067 1832 asseveras
1101 1792 1386 1831 numerum
1424 1777 1703 1847 utriusque

138 1868 305 1936 partis
329 1867 617 1922 electorum
642 1876 803 1938 atque
833 1868 1182 1939 reproborum
1223 1882 1253 1922 a
1293 1869 1402 1922 Deo
1429 1866 1706 1936 praedesti-
1734 1875 1780 1933 Β

140 1968 319 2012 natum
363 1966 419 2014 et
458 1959 798 2028 praefinitum,
839 1958 968 2030 quid
1008 1972 1184 2014 causa:
1208 1965 1294 2014 est
1328 1966 1390 2014 ut
1428 1957 1706 2029 praedesti-

140 2058 292 2104 natos
311 2049 379 2105 ad
408 2049 682 2104 interitum
707 2064 893 2121 neges,
923 2063 1154 2119 quorum
1191 2064 1472 2105 numerum
1497 2047 1706 2119 praede-

139 2141 394 2194 stinatum
422 2148 476 2194 et
501 2139 820 2209 praeﬁnitum
852 2139 1072 2194 minime
1107 2138 1382 2211 denegas?
1416 2137 1708 2195 Videamus

139 2231 264 2304 quid
291 2232 452 2286 etiam
480 2238 667 2286 contra
697 2229 924 2301 teipsum
953 2238 1079 2301 agat
1102 2238 1193 2286 tua
1221 2230 1504 2302 expositio.
1551 2229 1710 2286 Deni-

140 2335 242 2389 que
274 2336 396 2376 cum
421 2321 486 2377 de
512 2322 624 2378 Deo
655 2321 864 2378 diceres
891 2339 905 2376 :

685 2447 912 2488 JOANNES
935 2447 1152 2488 SCO‘I'US.

213 2541 376 2613 (Cap.
405 2541 471 2598 18
491 2582 507 2609 ,
529 2558 676 2598 num.
706 2545 796 2611 11,
827 2554 958 2601 sect.
989 2544 1078 2615 8.)
1123 2555 1165 2602 Θ
1197 2543 1448 2600 Omnibus
1481 2547 1710 2602 tribuens

141 2635 274 2705 leges
313 2652 436 2690 suas
473 2636 712 2690 servandi
740 2645 1063 2708 potestatem,
1099 2639 1144 2692 si
1174 2637 1391 2706 vellent,
1433 2649 1712 2712 antequam

142 2741 314 2780 omnes
343 2726 398 2779 in
424 2741 529 2780 uno
553 2736 821 2796 peccarent
844 2744 862 2782 :
901 2729 990 2782 sed
1013 2743 1114 2783 non
1140 2730 1377 2785 omnibus
1403 2732 1633 2785 tribuens
1656 2741 1711 2786 ut

142 2815 292 2870 velint
328 2825 442 2886 post
467 2828 732 2887 peccatum
751 2859 766 2882 ,
794 2835 1096 2888 praeparans
1120 2819 1306 2876 electos
1333 2821 1402 2874 ad
1428 2822 1712 2876 beatitudi-

146 2924 278 2972 nem,
311 2897 856 2980 disponens'reprobos
883 2921 936 2965 ut
973 2913 1105 2976 suis,
1131 2913 1365 2982 quamvis
1391 2913 1557 2977 inviti,
1591 2912 1716 2984 legi-

144 2999 236 3052 bus
258 2999 505 3064 serviant,
532 3016 648 3054 cum
673 3017 796 3066 non,
823 3009 880 3054 ut
906 3002 982 3055 sic
1013 3002 1111 3056 sibi
1136 3003 1416 3068 servirent,
1446 3002 1717 3073 prmdesti-

147 3087 280 3141 navit
306 3105 392 3142 eos
419 3089 704 3158 faciendos,
729 3091 819 3144 sed
848 3101 900 3144 ut
922 3091 970 3144 ei
995 3090 1254 3146 voluntate
1280 3093 1507 3163 perfecta
1533 3093 1714 3147 adlue-

1807 601 2046 670 paratio;
2077 601 2327 670 sequitur
2355 607 2434 665 ut,
2465 599 2916 668 quemadmodum
2961 603 3272 670 prmparati,
3323 605 3377 660 id

1807 700 1890 746 est
1913 691 2141 761 pmpari
2171 706 2200 743 a
2236 689 2427 760 seipsis
2455 689 2524 743 ad
2556 704 2773 760 pinnam
2806 690 3055 759 permissi
3093 700 3251 758 sunt;
3304 693 3377 746 ita

1807 782 1994 852 procul
2023 781 2184 836 dubio
2210 779 2597 850 praedestinati,
2627 778 2679 833 id
2707 787 2790 833 est
2815 780 3188 850 praedestinari
3215 796 3246 836 a
3293 795 3379 836 se-

1807 872 1939 941 ipsis
1959 871 2026 925 ad
2055 884 2267 940 pinnam
2299 868 2570 939 permissi,
2609 867 2936 939 intelligendi
2970 868 3097 923 sint.
3137 869 3233 923 Est
3283 883 3380 924 au-

1807 971 1916 1017 tem
1954 962 2174 1029 malum,
2209 970 2283 1025 et,
2313 969 2374 1014 ut
2408 961 2482 1015 ita
2531 959 2779 1024 dixerim,
2829 958 3092 1013 malorum
3138 960 3376 1015 omnium

1805 1052 2116 1123 pessimum,
2149 1064 2454 1120 praeparare
2481 1048 2563 1102 vel
2585 1048 2968 1118 prtedestinare
2996 1064 3052 1104 se
3083 1049 3376 1118 quemlibet

1807 1144 1874 1198 ad
1903 1157 2137 1214 poenam,
2165 1143 2231 1197 ad
2257 1155 2416 1211 quam
2447 1139 2626 1195 nullus
2649 1127 2983 1210 praeparatur
3007 1156 3036 1195 a
3060 1156 3118 1195 se
3136 1141 3220 1196 vel
3243 1155 3381 1210 prac—

1807 1234 2108 1288 destinatur
2136 1232 2240 1286 nisi
2272 1231 2414 1285 mala
2459 1230 2836 1300 perpetrando,
2868 1229 2920 1284 id
2952 1238 3036 1284 est
3060 1231 3332 1300 peccando
3361 1248 3376 1285 :

1807 1329 1877 1385 Et
1897 1329 2024 1398 quid
2060 1327 2229 1382 iacies
2255 1324 2681 1396 praeclarissima:
2723 1323 3044 1392 expositioni
3093 1330 3219 1388 tum,
3270 1338 3376 1392 qua

1810 1427 1947 1486 tam,
2014 1418 2366 1490 pertinaciter
2433 1424 2680 1471 astruere
2750 1415 2958 1469 subiisti
3025 1414 3379 1484 praedestina-

1809 1513 2031 1576 tionem,
2087 1519 2143 1565 et
2195 1507 2674 1579 praeparationem,
2723 1520 2788 1561 ac
2835 1505 3230 1578 praevisionem,
3262 1505 3379 1570 Dei,

1809 1617 1914 1658 non
1945 1601 2049 1658 nisi
2076 1601 2128 1656 in
2156 1599 2344 1657 electis
2373 1597 2542 1668 poni?
2575 1597 2776 1668 Nempe
2803 1596 2962 1669 paulo
3007 1597 3253 1669 superius
3297 1596 3379 1651 di-

1806 1708 1964 1751 xeras
1988 1710 2001 1747 ε
2291 1715 2296 1720 ‘

2353 1797 2580 1840 JOANNES
2613 1796 2830 1838 SCOTUS.

1879 1916 2032 1990 (Cap.
2067 1917 2156 1982 18,
2204 1931 2354 1970 num.
2405 1915 2493 1982 15,
2545 1923 2676 1970 sect.
2730 1913 2809 1983 8.)
2859 1923 2900 1971 Θ
2947 1913 3192 1968 Omnium
3221 1914 3381 1985 igitur

1806 2023 1934 2078 quos
1981 2005 2120 2060 Deus
2166 2005 2378 2071 creavit,
2423 2005 2822 2075 prwdestinatus
2853 2013 2926 2058 est
2957 2020 3218 2058 numerus.
3250 2004 3378 2067 Sed,

1805 2098 2052 2169 quoniam
2093 2095 2346 2150 Conditor
2367 2095 2606 2165 praevidit
2646 2100 2814 2165 ipsum
2837 2108 3107 2149 numerum
3134 2095 3190 2150 in
3211 2097 3379 2165 primo

1806 2189 2014 2242 homine
2041 2186 2350 2258 generaliter
2387 2186 2699 2256 periturum,
2729 2195 2938 2255 excepto
2965 2185 3189 2240 vulneris
3217 2186 3381 2239 medi-

1808 2288 2062 2342 camento,
2113 2277 2251 2348 quod
2291 2285 2365 2331 est
2415 2275 2693 2340 Christus;
2740 2277 3144 2345 prwdestinavit,
3182 2276 3280 2329 hoc
3305 2285 3380 2330 est

1768 2382 2086 2442 .antequam
2115 2371 2297 2438 fierent
2339 2369 2596 2438 deﬁnivit,
2623 2377 2672 2423 et
2716 2385 2894 2423 eorum
2934 2385 3206 2422 numerant
3251 2383 3381 2438 quos

1809 2479 1906 2516 sua
1934 2462 2103 2530 gratia
2131 2459 2466 2524 liberaturus,
2486 2469 2535 2512 et
2561 2475 2741 2513 eorum
2769 2475 2898 2528 quos
2916 2476 3011 2513 sua
3032 2459 3239 2528 justitia
3261 2457 3382 2512 reli-

1811 2563 1988 2607 cturus
2013 2565 2030 2603 :
2060 2553 2116 2605 in
2146 2551 2257 2605 istis
2287 2551 2572 2604 clementia:
2594 2566 2705 2604 sua:
2732 2551 2869 2604 dona
2897 2551 3140 2615 daturus,
3178 2551 3232 2604 in
3275 2549 3380 2603 illis

1812 2653 2016 2699 natura:
2041 2658 2336 2708 numerum,
2363 2658 2465 2712 quo
2487 2637 2797 2696 universitas
2816 2641 3168 2712 perﬁceretur,
3196 2639 3379 2710 imple-

1813 2744 1982 2788 turus.

2431 2838 2748 2878 CORBECTIO.

1883 2935 1924 3006 -ιι
1961 2934 2100 2990 Ecce
2133 2933 2380 3006 praevidit
2400 2935 2453 2989 in
2485 2933 2628 2988 malo
2657 2933 2911 3004 positum,
2942 2941 3088 2989 tanta
3114 2934 3382 2990 evidentia

1813 3023 2064 3095 posuisti,
2091 3031 2151 3078 ut
2177 3037 2378 3094 negare
2403 3037 2627 3093 prorsus
2648 3021 2792 3077 nulla
2821 3023 3151 3092 impudentia
3179 3023 3380 3078 valeas.

1816 3113 1948 3181 Quis
1987 3113 2131 3168 enim
2164 3113 2362 3184 perire,
2397 3113 2596 3168 malum
2625 3127 2743 3168 esse
2775 3129 2878 3169 non
2907 3114 3140 3169 dixerit?
3180 3115 3225 3171 si
3255 3129 3385 3184 ergo

146 3189 332 3234 rerent.
365 3179 525 3237 Inviti
548 3190 719 3235 autent
753 3183 799 3236 ei
828 3183 1080 3246 serviunt,
1111 3199 1214 3236 non
1248 3182 1459 3238 illorum
1488 3197 1712 3251 natura,
1742 3210 1787 3272 ρ
1818 3179 1960 3258 ﬁcus
2013 3179 2260 3274 Imm-id“
2311 3205 2485 3274 ipsum
2537 3219 2822 3258 numerum
2868 3205 2921 3259 in
2952 3205 3128 3275 primo
3169 3179 3388 3263 ιιοηιίξιθ

144 3286 297 3340 quam
322 3270 378 3324 in
401 3271 476 3325 eis
503 3271 622 3339 fecit
652 3282 698 3326 et
725 3273 780 3325 in
805 3273 878 3326 eis
905 3287 1008 3326 non
1033 3273 1204 3342 punit,
1229 3273 1320 3327 sed
1351 3273 1491 3327 mala
1538 3273 1716 3328 volun-

145 3370 249 3415 tate
293 3377 451 3430 quam
479 3361 534 3415 in
561 3361 634 3415 eis
664 3377 766 3416 non
794 3361 915 3431 fecit
957 3371 1004 3416 et
1029 3362 1083 3418 in
1106 3364 1179 3416 eis
1201 3365 1384 3433 punit;
1415 3364 1469 3417 in
1501 3379 1560 3418 ea
1581 3363 1716 3419 enim

143 3451 280 3521 quod
306 3453 354 3508 ei
381 3453 525 3508 inviti
543 3454 770 3508 serviunt
791 3495 805 3519 ,
831 3455 885 3507 in
912 3455 1092 3525 seipsis
1120 3471 1216 3509 sua
1241 3471 1410 3526 paena.

766 3579 1080 3620 CORBECTIO.

211 3655 252 3722 ΐ-
281 3653 436 3708 Velut
459 3653 794 3726 explanando
824 3656 1118 3711 subnectis.

683 3783 908 3824 JOANNES
934 3782 1156 3824 SCOTUS.

212 3856 363 3928 (Cap.
394 3858 488 3923 18,
519 3873 666 3912 num.
701 3858 799 3921 12,
839 3866 970 3913 sect.
1001 3857 1077 3926 8).
1107 3868 1147 3914 Θ
1178 3857 1252 3912 De
1283 3875 1385 3929 qua
1423 3874 1552 3928 quos
1577 3859 1720 3929 juste

141 3950 282 4004 Deus
311 3965 411 4003 non
435 3948 638 4016 liberat,
669 3949 738 4003 ad
757 3967 870 4004 eam
890 3949 1006 4003 illos
1029 3948 1410 4019 quodammodo
1433 3957 1718 4017 pra’parat,

143 4041 268 4094 dum
289 4058 374 4096 eos
399 4040 468 4094 ad
491 4057 603 4096 eam
633 4043 826 4112 seipsos
855 4057 1154 4111 prwparare
1175 4040 1462 4109 permittat.

213 4133 253 4200 ’ξ’
281 4131 489 4187 Dixisse
517 4140 567 4186 te
595 4130 760 4186 multo
790 4139 944 4184 antea
973 4129 1219 4199 legimus.

217 4221 395 4293 (Num.
431 4222 518 4288 l3,
547 4237 666 4292 cap.
694 4221 780 4286 10,
813 4227 947 4276 sect.
980 4219 1059 4290 '5.)
1087 4229 1127 4276 Θ
1151 4215 1322 4274 Simili
1349 4218 1502 4274 modo
1522 4221 1568 4274 si
1592 4220 1721 4275 nihil

141 4313 292 4367 aliud
318 4305 398 4367 est
431 4312 854 4384 prwdestinatio,
902 4309 1031 4365 nihil
1067 4327 1274 4378 eorum,
1313 4327 1432 4382 qua:
1468 4310 1609 4366 Deus
1640 4311 1722 4382 fa-

143 4404 334 4458 cienda
365 4404 604 4474 prtevidit
629 4403 966 4474 praeparatio.

218 4496 259 4566 -ι-
288 4493 354 4548 Ει
378 4508 614 4549 rursum.

1820 3294 2146 3365 generaliter
2172 3295 2490 3364 periturum,
2523 3294 2766 3364 proiecto
2793 3294 2990 3349 malum
3020 3296 3281 3366 praevidit,
3334 3307 3389 3352 et

1819 3384 1886 3450 si,
1921 3393 1982 3438 ut
2020 3385 2195 3454 juras,
2224 3385 2332 3439 imo
2360 3384 2628 3455 perjuras,
2656 3384 2787 3439 nihil
2816 3393 2899 3440 est
2922 3384 3066 3440 aliud
3108 3386 3387 3455 praedesti-

1819 3489 1952 3530 narc
1981 3491 2140 3546 quam
2168 3474 2464 3546 praevidere
2498 3482 2554 3530 et
2579 3475 3204 3546 prmpararemolligitur
3227 3477 3389 3531 tantis

1819 3573 1924 3619 tua:
1971 3563 2288 3634 pervicacia:
2351 3565 2810 3631 astructionibus,
2877 3574 2936 3620 ut
2991 3567 3200 3620 dicatur
3248 3568 3389 3622 Deus

1819 3655 2268 3724 quemadmodum
2299 3655 2634 3726 praevidisse,
2688 3655 2762 3708 ita
2791 3656 2951 3709 etiam
2978 3655 3390 3725 prmdestinasse

1819 3753 1874 3800 et
1897 3760 2231 3814 praeparasse
2262 3759 2546 3799 numerum
2567 3745 2784 3798 humani
2814 3746 3026 3815 generis
3049 3745 3345 3816 periturum
3372 3763 3388 3812 ;

1819 3848 1920 3888 nec
1944 3843 2092 3887 stare
2124 3840 2378 3902 poterunt
2407 3833 2685 3888 sententia:
2737 3841 2863 3901 tute,
2912 3835 3106 3904 quibus
3133 3836 3393 3892 hactenus

1822 3931 1969 3977 tanta
1993 3923 2293 3993 pertinacia
2318 3923 2531 3979 eliicere
2562 3923 2780 3979 molitus
2807 3940 2868 3981 es
2897 3925 3064 3981 Deum
3105 3942 3206 3982 nec
3255 3943 3394 3996 prm-

1819 4013 2042 4079 vidisse,
2078 4027 2178 4068 nec
2199 4013 2629 4084 praedestinasse,
2661 4029 2760 4070 nec
2787 4031 3123 4086 praeparasse
3165 4017 3388 4082 malum,

1819 4112 2120 4174 peccatum,
2182 4119 2372 4176 poenas
2427 4115 2586 4174 atque
2631 4113 2918 4161 tormenta.
2961 4106 3147 4164 Perire
3195 4108 3392 4178 quippe

1820 4195 2119 4266 quemlibet
2145 4211 2244 4251 suo
2277 4196 2410 4251 vitio
2455 4197 2656 4252 malum
2686 4207 2769 4252 est
2792 4215 2804 4251 :
2827 4212 3041 4267 pinnam
3071 4199 3172 4255 sibi
3203 4214 3392 4270 quem-

1820 4303 1926 4359 que
1974 4287 2133 4344 malis
2180 4289 2390 4344 actibus
2446 4302 2762 4358 comparare
2801 4290 3148 4347 nihilominus
3197 4292 3394 4346 malum

1821 4387 1924 4435 est.
1979 4375 2037 4434 Si
2080 4379 2245 4451 igitur
2292 4377 2396 4435 ista
2455 4378 2598 4434 Deus
2651 4379 2918 4448 prmvidit,
2988 4382 3394 4451 prmpararique

1821 4475 2136 4539 peccatores
2188 4482 2220 4522 a
2271 4467 2466 4538 seipsis
2493 4467 2562 4522 ad
2583 4481 2645 4522 ea
2675 4467 2941 4538 permisit,
2966 4468 3169 4524 malum
3203 4470 3392 4540 utique
3473 4505 3482 4510 -

696 4583 750 4648 9,
773 4590 907 4638 sect.
939 4580 1018 4652 6.)
1045 4590 1086 4638 Θ
1115 4581 1230 4647 Quo
1260 4582 1385 4652 jure
1417 4593 1581 4652 potest
1613 4581 1718 4637 dici

1823 4537 2088 4631 praevidit,
2135 4537 2561 4630 prazdestinavit,
2627 4537 2692 4614 ac
2737 4559 3076 4628 praeparavit.
3126 4537 3388 4630 Quodque

135 4673 558 4748 prcedestinatio,
589 4673 644 4726 id
667 4685 739 4728 est
767 4671 1080 4741 praeparatio
1113 4671 1169 4724 in
1197 4686 1256 4724 eo
1273 4711 1287 4736 ,
1309 4672 1399 4740 qui
1424 4671 1567 4726 nullo
1589 4681 1717 4727 tent-

135 4763 288 4837 poris
317 4757 590 4814 intervallo
616 4759 909 4830 prtecessit,
946 4774 1049 4829 quo
1086 4759 1374 4830 disponeret
1404 4775 1465 4813 ea
1493 4776 1608 4831 qua:
1638 4759 1720 4829 fa-

137 4839 328 4911 cturus
350 4860 511 4917 esset,
543 4849 695 4921 cujus
723 4850 1070 4921 operationem
1100 4867 1201 4905 non
1235 4851 1479 4920 praecedit
1515 4867 1719 4923 prtepa-

140 4949 301 5003 ratio.

779 5029 1095 5071 COBREC‘I'IO.

217 5129 260 5198 οἱ·
301 5127 358 5182 Si
407 5127 698 5191 secundum
743 5134 794 5182 te
837 5125 974 5182 nihil
1017 5125 1166 5180 aliud
1209 5132 1291 5181 est
1325 5125 1724 5196 przedestinatio

143 5234 314 5290 quam
356 5217 678 5287 praeparatio
701 5257 717 5281 ,
761 5217 1003 5287 cogimur
1045 5217 1100 5271 in
1138 5215 1239 5270 hac
1268 5223 1358 5270 tua
1389 5215 1726 5284 expositione

145 5308 454 5380 intelligere
485 5308 650 5362 Deum
679 5307 819 5362 sicut
847 5321 1201 5377 praeparasse,
1232 5307 1287 5363 id
1323 5317 1406 5362 est
1432 5307 1625 5380 impios
1658 5308 1726 5363 ad

143 5414 368 5472 pinnam
395 5399 599 5468 seipsos
637 5412 942 5468 praeparare
970 5399 1280 5474 permisisse
1298 5439 1314 5463 ,
1345 5398 1418 5453 ita
1447 5399 1727 5470 praedesti-

144 5507 333 5558 nasse,
364 5492 417 5548 id
441 5501 524 5547 est
549 5505 643 5547 eos
677 5490 744 5544 ad
769 5505 886 5544 eam
922 5504 981 5545 se
1008 5490 1152 5559 ipsos
1189 5491 1572 5560 praedestinare
1597 5505 1722 5562 per-

147 5583 384 5640 misisse.
421 5582 487 5636 Et
510 5589 904 5650 consequenter
932 5589 1211 5636 evertetur
1233 5581 1375 5650 quod
1400 5583 1564 5638 tantis
1596 5582 1726 5638 alle-

147 5675 462 5748 gationibus
507 5673 718 5730 conaris
771 5672 983 5728 edicere
1034 5689 1048 5726 :
1097 5671 1623 5742 prmdestinationem
1673 5685 1726 5731 et

151 5769 602 5840 prmparationem
632 5767 743 5833 Dei,
775 5783 878 5824 non
907 5766 1009 5822 nisi
1041 5765 1305 5824 in'electis
1326 5775 1380 5823 et
1402 5765 1561 5836 justis
1584 5769 1719 5826 fieri.

1827 4648 2105 4722 subjungis
2129 4665 2142 4703 :

2373 4775 2606 4831 Joannes
2633 4776 2849 4816 scores.

1901 4871 2060 4945 (Cap.
2118 4872 2208 4939 18,
2263 4887 2415 4926 num.
2459 4871 2550 4939 16,
2600 4881 2735 4928 sect.
2789 4873 2868 4942 9.)
2915 4880 2958 4930 Θ
3001 4868 3399 4926 Ρηεάεειὶηαυίι

1824 4967 2001 5038 itaque
2029 4965 2215 5037 impios
2239 4965 2447 5019 teternis
2471 4965 2582 5019 suis
2593 4964 3002 5035 justissimisque
3023 4961 3218 5033 legibus
3242 4963 3400 5017 invite

1823 5057 2129 5122 servituros,
2176 5071 2362 5126 eosque
2411 5055 2556 5109 nullo
2608 5056 2799 5125 impetu
2853 5053 3133 5124 impietatis
3184 5069 3295 5108 sua:
3343 5053 3401 5108 in

1824 5146 2145 5219 profundum
2170 5144 2387 5200 malitia:
2414 5145 2669 5202 tendentis
2697 5145 3032 5210 transituros,
3056 5159 3216 5214 eoque
3245 5143 3400 5197 modo

1825 5238 2074 5309 puniendi
2113 5237 2437 5293 interiturus.
2472 5235 2639 5290 Nulla
2675 5235 2862 5306 quippe
2889 5236 3097 5306 gravior
3123 5251 3272 5304 paena
3312 5235 3400 5288 in—

1826 5329 2028 5398 ﬂigitur
2047 5341 2195 5381 servo
2222 5326 2420 5397 iniquo,
2465 5337 2622 5395 quam
2661 5333 2717 5378 ut
2755 5333 2972 5394 cogatur
2994 5323 3185 5376 servire
3210 5321 3401 5377 invitus

1819 5419 1971 5489 justo
2007 5418 2249 5473 Domino.
2287 5416 2420 5471 Plus
2443 5415 2632 5470 etenim
2653 5415 2709 5468 in
2731 5415 2898 5484 seipse
2927 5414 3147 5468 interius
3168 5411 3401 5481 superbae

1827 5506 2106 5562 voluntatis
2137 5506 2338 5577 patitur
2360 5503 2718 5566 incitamenta,
2765 5520 2923 5574 quam
2953 5502 3178 5557 exterius
3205 5501 3261 5554 in
3287 5512 3404 5554 cor.

1826 5614 1950 5666 pore
1984 5597 2268 5652 durissima
2310 5593 2561 5665 flagella;
2591 5595 2681 5665 qui
2709 5611 2828 5648 cum
2868 5593 3080 5649 Domini
3109 5593 3192 5646 sui
3222 5590 3402 5645 volun-

1827 5695 1984 5742 tatem
2007 5702 2246 5756 spernere
2277 5701 2378 5740 non
2409 5684 2620 5750 sinitur,
2646 5685 2785 5739 intra
2813 5685 3142 5755 semetipsum
3168 5700 3200 5737 a
3237 5683 3404 5751 seipse

1828 5775 2110 5829 cruciatur.

3957 1780 3961 1928 γ

3963 2176 3965 2300 l
