3974 6344
569 330 706 386 1519

1195 453 1511 494 οοκιιεετιο.

635 530 676 600 1·
711 528 1040 598 Quocunque
1069 527 1224 581 modo
1250 542 1309 581 se
1338 526 1530 581 habeat
1554 525 1780 596 poenalis
1833 525 1934 580 ista
1983 523 2135 578 dam-

565 619 733 685 natio,
765 619 951 689 utique
996 634 1026 672 a
1083 618 1191 672 Deo
1221 616 1658 686 przedestinatam
1711 616 1930 678 asseris,
1966 630 1996 668 a
2027 629 2135 683 quo

567 710 894 766 refrenatam
931 717 1091 777 atque
1121 707 1413 762 cohibitam
1447 705 1782 775 pereuntium
1819 702 2134 757 malivolen-

564 802 720 866 tiam,
752 815 816 855 ne
838 799 902 854 ad
923 806 1132 868 optatos
1145 811 1438 866 procursus
1459 795 1756 865 perveniat,
1782 793 2131 863 dogmatizas.

566 891 626 947 Si
655 891 817 962 igitur
846 889 936 944 Dei
972 897 1056 942 est
1089 888 1192 958 ista
1224 884 1516 940 refrenatio
1543 895 1702 954 atque
1731 885 2008 948 cohibitio,
2052 883 2131 938 le-

563 996 795 1054 gumque
833 979 1135 1035 divinarum
1167 977 1616 1045 circumscriptio,
1659 984 1719 1028 ut
1761 975 1968 1043 legibus
2019 974 2135 1046 ejus

563 1071 715 1126 inviti
743 1070 1000 1134 serviant,
1037 1077 1092 1122 et
1119 1069 1232 1121 haec
1254 1067 1366 1137 ipsa
1405 1067 1637 1121 servitus
1667 1066 1773 1120 illis
1822 1079 1982 1135 poena
2025 1063 2136 1120 effi-

561 1161 724 1225 citur,
749 1158 894 1214 omni
921 1156 1110 1228 procul
1139 1156 1480 1227 ambiguo-ab
1505 1156 1618 1225 ipso
1645 1171 1806 1224 poena
1845 1155 2134 1225 przedesti-

561 1256 686 1302 nata
728 1247 1062 1318 intelligitur,
1089 1262 1118 1300 a
1147 1261 1254 1314 quo
1277 1246 1444 1300 invita
1477 1247 1711 1301 servitus
1739 1245 1986 1315 imposita
2027 1245 2138 1299 ine-

557 1334 852 1390 vitabiliter
908 1335 1250 1404 praedicatur,
1301 1342 1594 1388 attestante
1661 1335 1820 1389 beato
1874 1333 1995 1399 Job,
2044 1335 2134 1404 qui

559 1424 731 1479 dicit:
769 1422 1098 1477 Constituisti
1141 1424 1392 1476 terminos
1418 1423 1554 1492 ejus,
1593 1425 1682 1494 qui
1725 1423 1985 1494 prtrteriri
2033 1441 2136 1477 non

556 1525 796 1586 poterunt
824 1513 946 1586 (Job
997 1529 1108 1580 xtv,
1145 1514 1200 1584 5)
1229 1530 1243 1567 :
1275 1513 1364 1569 ubi
1395 1514 1528 1568 nihil
1558 1514 1702 1570 aliud
1732 1515 2136 1570 constitutionis

557 1605 975 1676 nuncupatione,
1020 1620 1181 1675 quam
1227 1605 1715 1674 prmdestinationis
1747 1606 2137 1677 significatione

557 1697 738 1753 s‘obrie
764 1697 909 1752 valet
933 1697 1178 1768 intelligi.
1211 1696 1348 1764 Quid
1376 1698 1519 1752 enim
1549 1707 1851 1754 metuerent
1879 1699 2135 1754 catholici

1552 327 1610 382 S.
1650 323 2018 383 PRUDENTII
2060 322 2438 379 TRECENSIS
2477 324 2780 382 EPISCOPI

2166 437 2213 497 Α
2242 441 2433 504 paret:
2461 435 2659 504 quippe
2704 450 2825 505 quae
2872 435 2940 490 ab
2989 436 3070 490 eis
3119 450 3219 492 nec
3263 450 3483 491 sensum
3519 440 3825 507 pravitate,

3683 329 3824 383 15%

2236 539 2336 579 nec
2379 525 2836 596 blasphemiarum
2887 529 3284 582 asseveratione
3341 529 3672 584 secernitur.
3728 531 3825 587 Ais

2235 631 2363 686 ergo
2394 634 2407 670 :

2783 724 3010 766 JOANNES
3045 727 3265 768 SCOTUS.

2307 817 2458 888 (Cap.
2499 818 2584 881 19,
2639 833 2789 880 num,
2843 819 2930 884 12,
2962 821 3198 892 sect.l.)
3238 831 3279 877 Θ
3327 821 3405 875 De
3453 831 3659 875 (eterna
3706 839 3826 875 vero

2234 907 2351 976 igne
2373 908 2435 960 de
2455 924 2555 978 quo
2573 907 2824 961 Dominus
2839 908 2891 960 in
2907 905 3188 979 Evangelia
3205 912 3277 963 ait
3292 925 3310 962 :
3325 910 3424 976 Ite,
3443 911 3754 975 maledicti,
3775 914 3827 966 in

2238 999 2414 1069 ignem
2444 1011 2724 1063 aeternum,
2748 1001 2838 1070 qui
2866 1011 3198 1071 praeparatus
3223 1011 3305 1057 est
3333 1003 3553 1058 diabolo
3581 1013 3640 1058 et
3665 1019 3832 1074 ange-

2235 1090 2300 1144 lis
2321 1091 2436 1160 ejus
2465 1088 2677 1162 (Matth.
2704 1107 2828 1156 xxv,
2848 1092 2964 1162 41).
2988 1092 3118 1146 nulli
3141 1094 3483 1148 dubitandum
3508 1111 3828 1164 corporeus

2238 1195 2367 1242 esse,
2395 1180 2628 1249 quamvis
2659 1197 2753 1250 pro
2777 1181 3068 1236 subtilitate.
3086 1192 3288 1236 natura:
3315 1184 3670 1253 incorporeus
3721 1202 3830 1239 esse

2234 1266 2442 1320 dicatur
2464 1267 2896 1337 quemadmodum
2920 1272 3143 1323 solemus
3168 1270 3337 1324 dicere
3377 1273 3676 1326 alterum
3722 1275 3828 1341 spi-

2236 1358 2409 1420 ritum,
2443 1375 2560 1412 cum
2588 1368 2774 1429 quarta
2815 1375 2938 1428 pars
2965 1360 3031 1413 sit
3070 1359 3355 1428 corporalis
3391 1371 3705 1428 creaturis;
3743 1381 3829 1417 nec

2233 1449 2406 1519 facere
2429 1450 2738 1504 crediderim
2759 1450 2920 1503 alium
2935 1451 3101 1521 ignem
3123 1462 3475 1521 pra’paratunt
3507 1454 3582 1505 ad
3603 1453 3828 1522 punien-

2235 1539 2360 1592 dum
2388 1539 2654 1593 diabolum
2687 1556 2806 1594 cum
2852 1540 3088 1594 omnibus
3137 1541 3246 1594 suis
3301 1543 3578 1608 membris,
3635 1555 3830 1612 prater

2233 1632 2390 1685 istum
2412 1632 2603 1700 ipsum,
2624 1631 2712 1701 qui
2734 1642 2806 1684 est
2837 1641 3080 1700 quartum
3103 1631 3285 1684 mundi
3307 1633 3653 1686 elementum.
3689 1633 3826 1698 Quid

2234 1721 2406 1775 enim!
2433 1721 2668 1791 nunquid
2696 1721 2886 1775 mirum
2907 1722 2952 1776 si
2981 1720 3075 1775 illa
3101 1723 3380 1792 impiorum
3407 1740 3670 1792 corpora,
3713 1743 3828 1793 quc

557 1795 883 1843 tractatores
925 1786 1338 1857 praedestinatos
1367 1789 1433 1842 ad
1457 1788 1731 1844 interitum
1761 1791 1963 1857 dicere,
1995 1806 2129 1860 quo-

2235 1809 2464 1880 profecto
2494 1786 2564 1864 de
2598 1809 2678 1864 his
2707 1821 2935 1880 quatuor
2973 1786 3328 1880 corporalibus
3375 1786 3660 1866 elementis
3712 1786 3828 1867 sunt

557 1897 679 1937 rum
707 1882 964 1936 terminos
989 1881 1311 1936 constitutos
1337 1895 1367 1935 a
1393 1881 1551 1936 beato
1571 1880 1670 1937 Job
1700 1891 1966 1938 noverant
1990 1898 2134 1952 pra:-

559 1969 799 2035 dicatos;
835 1985 970 2040 quos
996 1969 1245 2024 videlicet
1281 1970 1540 2025 terminos
1571 1971 1806 2039 qualiter
1837 1969 2137 2042 intelligere

556 2061 877 2125 debeamus,
924 2060 1308 2115 veracissimus
1355 2060 1672 2130 explanator
1717 2061 1961 2128 edoceat,
2001 2061 2136 2117 Gre-

555 2153 740 2226 gorius
787 2153 1049 2217 videlicet,
1081 2152 1175 2223 qui
1203 2152 1258 2207 in
1288 2151 1598 2216 Moralibus.
1639 2153 1734 2210 lib.
1766 2170 1866 2220 xu,
1911 2169 2030 2226 cap.
2074 2154 2132 2222 2,

557 2242 632 2298 ita
659 2243 956 2312 eloquitur:

630 2333 807 2407 [Nulla
837 2350 955 2404 quae
979 2334 1032 2389 in
1060 2334 1165 2389 hoc
1201 2334 1401 2391 mundo
1423 2334 1730 2390 hominibus
1771 2334 1906 2390 fiunt
1929 2334 2134 2405 absque

556 2426 944 2495 omnipotentis
995 2425 1091 2480 Dei
1142 2425 1357 2481 occulto
1416 2425 1643 2481 consilio
1695 2426 1946 2491 veniunt;
2006 2441 2132 2481 nam

553 2524 746 2570 cuncta
774 2515 912 2571 Deus
942 2524 1193 2571 secutura
1224 2516 1541 2584 praesciens,
1571 2525 1697 2570 ante
1725 2516 1919 2572 saecula
1940 2517 2133 2572 decre-

558 2604 634 2657 vit
679 2603 914 2674 qualiter
987 2619 1085 2673 per
1153 2605 1346 2659 saecula
1421 2604 1793 2674 disponantur.
1857 2604 2130 2660 Statutum

554 2694 752 2764 quippe
789 2692 899 2762 jam
955 2693 1159 2749 homini
1203 2703 1287 2748 est
1306 2694 1391 2748 vel
1450 2704 1711 2764 quantum
1761 2696 1903 2751 hunc
1946 2696 2131 2752 mundi

557 2786 889 2856 prosperitas
913 2796 1192 2857 sequatur,
1223 2787 1306 2842 vel
1336 2797 1595 2858 quantum
1625 2788 1926 2844 adversitas
1950 2788 2126 2854 feriat,

554 2890 623 2930 ne
651 2875 851 2932 electos
879 2877 994 2947 ejus
1027 2885 1120 2931 aut
1151 2877 1504 2934 immoderata
1553 2879 1888 2949 prosperitas
1931 2879 2125 2946 elevet,

554 2975 651 3022 aut
694 2967 861 3022 nimia
912 2967 1214 3023 adversitas
1259 2978 1466 3039 gravet.
1503 2970 1776 3026 Statutum
1803 2986 2016 3041 quoque
2047 2981 2130 3027 est

556 3067 818 3128 quantum
880 3060 932 3114 in
994 3059 1111 3129 ipsa
1164 3061 1274 3114 vita
1323 3061 1537 3116 mortali
1569 3063 1936 3132 temporaliter
1959 3062 2127 3127 vivat,

2238 1909 2526 1970 compacta,
2576 1901 2631 1953 in
2679 1899 2960 1971 eademque
2986 1900 3288 1954 resolvenda
3332 1912 3573 1970 tempore
3622 1921 3830 1973 quoque

2236 1992 2585 2063 praede/inito,
2651 1992 2716 2046 ab
2761 1992 2953 2047 eisdem
3003 1993 3192 2046 iterum
3237 1995 3652 2049 resurrectionis
3721 2013 3826 2048 uto-

2239 2093 2411 2136 mento
2435 2083 2748 2149 revocanda,
2792 2084 2847 2137 in
2898 2083 2991 2138 illo
3021 2084 3138 2155 igne
3161 2101 3261 2155 quo
3291 2096 3666 2140 resurrectura
3719 2104 3824 2140 onl-

2235 2173 2380 2226 nium
2404 2190 2622 2243 corpora
2651 2173 2875 2228 maxime
2903 2173 3316 2228 substantialiter
3339 2175 3694 2242 constabunt,
3723 2193 3820 2229 nte-

2233 2265 2332 2320 rito
2365 2265 2645 2336 impietatis
2671 2282 2781 2320 sua:
2807 2275 3061 2320 tormenta
3086 2267 3358 2336 patiantur
3379 2276 3612 2321 aeterna.

2861 2413 3182 2454 COBREC‘I'IO.

2304 2508 2344 2578 1·
2379 2495 2711 2580 Corporeum
2773 2525 2896 2566 esse
2957 2510 3263 2566 flammeum
3319 2521 3492 2584 atque
3558 2513 3822 2570 visibilem

2232 2598 2402 2653 mixta
2451 2599 2785 2655 obscuritate
2839 2601 3019 2671 ignem
3072 2603 3332 2672 gehennae
3376 2617 3582 2659 omnes
3639 2605 3826 2660 ortho-

2233 2689 2356 2744 doxi
2381 2691 2760 2757 consentiunt;
2813 2699 2994 2746 utrum
3044 2701 3226 2747 autem
3259 2692 3377 2762 ipse
3427 2695 3502 2748 sit
3534 2695 3628 2764 qui
3661 2711 3826 2765 quar-

2233 2787 2346 2834 tum
2383 2780 2566 2836 mundi
2594 2781 2920 2836 elementum
2943 2791 3189 2849 vocatur,
3229 2798 3338 2838 non
3366 2799 3548 2854 parva
3602 2786 3824 2854 quaestio

2232 2878 2336 2924 est.
2367 2869 2594 2924 Videtur
2632 2878 2814 2925 tamen
2863 2880 2974 2926 tam
3001 2886 3070 2926 ex
3111 2873 3293 2928 verbis
3343 2875 3529 2929 sancti
3557 2873 3820 2944 Gregorii.

2231 2973 2353 3028 quae
2387 2975 2547 3028 supra
2594 2959 2892 3029 posuimus,
2922 2977 3083 3031 quam
3135 2977 3205 3017 ex
3250 2966 3536 3019 sententia
3593 2965 3818 3028 Domini.

2231 3049 2368 3104 alius
2397 3062 2517 3105 esse
2543 3067 2557 3103 :
2589 3050 2854 3105 dicentis:
2891 3051 2975 3106 Ite
2995 3054 3050 3106 in
3076 3053 3247 3123 ignem
3285 3064 3552 3108 «ternum
3573 3096 3592 3121 ,
3617 3059 3706 3126 qui
3725 3074 3816 3124 pa-

557 3157 663 3204 etc.
689 3147 842 3214 Quod
870 3157 1048 3204 tamen
1071 3149 1295 3218 intelligi
1324 3150 1487 3204 etiam
1507 3149 1661 3219 juxta
1683 3151 1928 3228 spiritum
1956 3151 2126 3217 valet;

2235 3146 2380 3192 ratus
2426 3148 2499 3192 est
2545 3139 2753 3192 diabolo
2798 3149 2845 3194 et
2889 3141 3085 3211 angelis
3124 3143 3238 3212 ejus
3269 3142 3504 3214 (Matth.
3542 3161 3678 3213 xxv,
3705 3146 3816 3214 ιι).

561 3239 689 3308 quia
721 3254 1105 3308 nonnunquam
1142 3239 1196 3294 in
1227 3241 1518 3296 virtutibus
1560 3242 1822 3313 proficere
1848 3257 2126 3309 conamur,

556 3337 614 3383 et
653 3329 897 3398 quasdam
951 3330 1088 3384 dona
1138 3331 1484 3400 percipimus,
1544 3348 1574 3387 a
1624 3334 1943 3403 quibusdam
1999 3349 2129 3390 vero

557 3417 758 3488 repulsi
785 3418 838 3472 in
868 3417 992 3472 imis
1014 3417 1276 3488 jacemus.
1310 3419 1478 3477 Nemo
1515 3423 1659 3476 enim
1700 3432 1785 3477 est
1807 3423 1898 3493 qui
1923 3432 2127 3479 tantum

554 3511 770 3565 virtutis
797 3511 1161 3580 apprehendat
1187 3521 1445 3583 quantum
1483 3514 1772 3582 desiderat,
1803 3517 1927 3586 quia
1955 3517 2130 3572 omni-

553 3610 750 3672 potens
781 3602 938 3666 Deus,
975 3601 1233 3657 interiora
1263 3603 1591 3668 discernens,
1623 3605 1754 3674 ipsis
1796 3607 2128 3676 spiritalibus

553 3690 885 3762 profectibus
913 3693 1129 3748 modum
1160 3694 1330 3763 ponit,
1358 3702 1415 3748 ut
1442 3710 1506 3750 ex
1535 3695 1638 3751 hoc
1666 3696 1828 3751 homo
1861 3699 2007 3766 quod
2029 3712 2123 3767 ap-

554 3785 891 3855 prehendere
926 3794 1170 3848 conatur,
1220 3795 1275 3842 et
1319 3802 1424 3842 non
1454 3787 1616 3853 valet,
1662 3787 1715 3842 in
1771 3787 1876 3842 illis
1921 3803 1980 3843 se
2022 3804 2126 3844 non

553 3874 748 3940 elevet,
781 3891 901 3946 quae
929 3877 1090 3932 valet.
1121 3876 1274 3932 Unde
1315 3877 1403 3932 ille
1432 3893 1646 3948 quoque
1687 3880 1938 3950 egregius
1985 3895 2127 3950 prae-

554 3965 782 4030 dicator,
810 3967 901 4036 qui
931 3974 1118 4036 raptus
1140 3982 1308 4037 usque
1337 3968 1404 4022 ad
1429 3969 1647 4024 tertium
1679 3970 1878 4026 caelum
1925 3970 2125 4038 fuerat,

553 4056 789 4124 paradisi
817 4072 1012 4112 arcana
1032 4066 1430 4128 penetraverat,
1451 4074 1573 4116 esse
1599 4073 1720 4131 post
1743 4063 2127 4120 revelationem

554 4147 880 4216 tranquillus
917 4156 1080 4218 atque
1109 4149 1405 4206 intentatus
1434 4152 1650 4208 volebat
1681 4151 1804 4225 [al.,
1837 4170 1944 4210 non
1983 4147 2130 4211 vale?-

551 4234 689 4307 bat].
721 4235 848 4301 Sed,
877 4238 1000 4308 quia
1024 4241 1365 4310 omnipotens
1402 4241 1544 4298 Deus
1575 4245 1820 4299 terminos
1860 4247 2129 4301 constituit

557 4325 786 4391 homini,
812 4328 904 4396 qui
924 4331 1183 4396 prmteriri
1208 4348 1311 4386 non
1337 4343 1601 4400 poterant,
1629 4343 1685 4389 et
1705 4335 1938 4392 elevavit
1985 4338 2129 4394 hunc

554 4416 622 4472 ad
649 4421 1020 4487 cognoscenda
1048 4421 1320 4486 sublimia,
1368 4431 1424 4477 et
1460 4425 1672 4480 reduxit
1700 4427 1894 4483 iterum
1941 4429 2010 4483 ad
2041 4428 2122 4483 in-

2230 3227 2366 3294 Quid
2394 3228 2536 3284 enim
2563 3244 2786 3284 necesse
2814 3239 2934 3285 erat
2964 3232 3272 3301 specialiter
3291 3233 3399 3288 dici
3425 3245 3688 3303 paratum
3709 3252 3822 3291 cru-

2229 3323 2390 3377 ciatui
2418 3330 2787 3392 peccatorum,
2819 3324 2866 3380 si
2895 3325 3011 3394 ipse
3038 3335 3182 3382 esset
3218 3327 3311 3397 qui
3342 3330 3602 3384 omnium
3627 3343 3818 3386 ωοηιο

2228 3413 2357 3468 lium
2393 3415 2811 3470 necessitatibus
2833 3425 2996 3486 atque
3038 3418 3361 3474 utilitatibus
3407 3423 3670 3478 noscitur
3710 3439 3816 3493 pro-

2228 3505 2493 3560 curatus?
2529 3503 2635 3559 huc
2663 3505 2875 3560 accedit
2897 3508 3041 3576 quod
3068 3509 3280 3564 dicente
3309 3509 3643 3580 Scriptura:
3668 3514 3815 3566 Dero-

2229 3596 2362 3650 rabit
2383 3613 2500 3650 eum
2521 3597 2658 3667 ignis
2682 3601 2773 3668 qui
2796 3614 2898 3652 non
2921 3600 3256 3653 succenditur
3275 3599 3332 3671 (J
3337 3602 3402 3654 ob
3427 3619 3532 3669 xx,
3557 3604 3674 3671 26).
3695 3605 3812 3660 δὼς

2228 3686 2397 3756 accipi
2434 3686 2661 3754 debeat,
2708 3688 2962 3758 quoniam
2995 3689 3098 3744 iste
3140 3689 3434 3760 qui-nobis
3478 3694 3812 3748 necessatis

2228 3779 2562 3848 quotidianis
2590 3780 2778 3836 usibus
2804 3779 3110 3846 exhibetur,
3139 3797 3487 3854 nequaquam
3527 3787 3812 3842 subsistere

2225 3871 2371 3926 valet
2414 3872 2519 3926 nisi
2559 3871 2825 3943 lignorum
2857 3873 3146 3930 alteriusve
3180 3877 3426 3931 materia:
3458 3879 3682 3948 pabulis
3717 3896 3810 3934 n-

2230 3962 2444 4028 triatur,
2479 3963 2674 4033 quibus
2694 3964 3043 4035 gehennalem
3069 3980 3172 4020 non
3200 3967 3447 4039 indigere
3473 3971 3812 4039 perspicuam

2227 4062 2351 4117 est;
2391 4053 2534 4108 unde
2557 4061 2612 4108 et
2640 4053 3074 4126 inexstinguibilis
3105 4055 3309 4126 (Marc.
3363 4073 3420 4111 Ix
3439 4093 3456 4122 ,
3503 4059 3606 4120 4'2,
3635 4060 3735 4128 44)
3765 4062 3814 4112 in

2229 4139 2537 4210 Evangeliis
2560 4143 2905 4212 praedicatur.
2933 4143 3040 4201 Sed
3058 4153 3112 4200 et
3137 4146 3368 4216 qualitas
3396 4145 3550 4204 illius
3575 4151 3646 4204 ab
3668 4148 3816 4217 hujus

2227 4235 2488 4303 qualitate
2512 4234 2804 4306 plurimum
2837 4237 3018 4292 distat.
3045 4237 3150 4294 Iste
3176 4241 3376 4311 quippe
3408 4242 3560 4295 nulla
3601 4245 3816 4299 diversi-

2229 4337 2338 4384 tate
2363 4330 2624 4400 quidquid
2651 4331 2893 4401 attigerit
2916 4333 3217 4398 consumit;
3250 4332 3339 4388 ille
3367 4349 3496 4388 cum
3527 4337 3744 4390 animas
3767 4349 3816 4390 et

2228 4435 2454 4490 corpora
2478 4420 2550 4475 sit
2573 4430 2943 4489 crematurus,
2975 4439 3074 4478 nec
3112 4423 3165 4478 id
3209 4427 3322 4496 agit
3352 4434 3414 4480 ut
3440 4430 3676 4484 omnino
3715 4445 3812 4484 non

553 4506 708 4560 firma
741 4506 1034 4575 toleranda,
1067 4517 1146 4573 ut,
1174 4511 1317 4566 modi
1344 4513 1424 4567 sui
1454 4528 1734 4573 mensuras
1763 4517 1881 4590 [al.,
1911 4535 2128 4575 mensu-
2152 4497 2205 4557 D
2229 4511 2359 4576 Sim.
2385 4526 2490 4567 nec
2517 4512 2799 4582 mqualiler
2819 4515 3001 4568 omnia
3039 4505 3238 4581 θάυΐῖιο
3275 4505 3388 4582 sedi
3414 4532 3518 4587 1)ΐο
3555 4521 3814 4576 “ﬂeuit

553 4598 696 4672 ram]
751 4601 1040 4672 aspiciens,
1098 4605 1225 4658 dum
1269 4605 1615 4662 securitatem
1673 4611 2130 4680 comprehendere

552 4698 840 4746 conaretur
863 4699 919 4746 et
955 4707 1062 4747 non
1104 4705 1304 4764 posset,
1337 4709 1406 4750 ne
1448 4711 1547 4767 per
1571 4696 1857 4755 elationem
1890 4709 2040 4756 extra
2070 4715 2129 4756 se

551 4781 677 4846 iret,
706 4795 804 4852 per
829 4782 1188 4839 humilitatem
1229 4797 1514 4856 cogeretur
1556 4789 1695 4845 intra
1736 4805 1863 4846 suos
1917 4808 2131 4863 semper

551 4871 810 4928 terminos
836 4873 1014 4929 redire
1039 4872 1124 4944 (11
1149 4872 1272 4930 Cor.
1304 4891 1404 4944 xu,
1435 4879 1490 4942 2,
1525 4879 1654 4945 7,8,
1697 4879 1800 4952 9).]
1841 4882 1881 4950 -ί-
1921 4880 2129 4940 Caetera

551 4973 674 5030 quae
701 4976 870 5032 usque
897 4963 964 5018 ad
997 4963 1158 5018 finem
1190 4964 1348 5036 hujus
1386 4967 1670 5036 pericopes
1698 4969 1903 5025 evomis
1943 4971 2124 5040 potius

553 5065 715 5120 quam
743 5051 1273 5122 disseris,qquoniam
1321 5053 1598 5110 fastidiosa
1644 5056 1969 5128 loquacitate
2023 5075 2124 5115 sae-

550 5141 673 5212 pius
719 5142 896 5198 emata
948 5143 1198 5214 replicas,
1245 5145 1472 5202 ulterius
1527 5159 1775 5218 repetere
1810 5151 2121 5221 supersedi.

1132 5307 1358 5365 CAPUT
1404 5307 1544 5363 XIX.

1093 5396 1174 5452 De
1209 5399 1328 5468 igne
1361 5407 1576 5454 interno.
1609 5441 1612 5444 .

621 5502 770 5559 Nona
825 5505 1033 5561 decima
1079 5521 1242 5577 porro
1285 5508 1586 5564 elusionum
1627 5518 1841 5568 tuarum
1889 5511 1957 5567 de
2001 5511 2123 5585 igne

550 5602 753 5650 aeterno
775 5595 1029 5667 disputat,
1051 5612 1191 5667 quae,
1219 5599 1515 5669 quamlibet
1559 5601 1640 5655 sui
1669 5601 1965 5671 quantitate
2015 5603 2118 5658 mi-

555 5696 654 5735 nor
677 5687 888 5742 ueteris
913 5687 1171 5754 videatur,
1203 5688 1477 5758 impietate
1499 5699 1674 5747 tamen
1701 5691 1932 5764 majores
1953 5693 2119 5764 tequi-

2230 4617 2326 4658 seu
2353 4603 2685 4660 immanitate
2713 4603 3014 4660 facinorum
3035 4645 3050 4671 ,
3081 4606 3224 4662 hunc
3255 4608 3468 4675 minus,
3515 4609 3676 4665 illum
3707 4627 3812 4666 am-

2230 4696 2370 4766 plius
2395 4697 2638 4751 cruciare
2667 4711 2774 4752 non
2802 4697 3078 4752 dubitatur
3103 4716 3117 4751 :
3147 4707 3227 4764 ut,
3256 4700 3398 4755 sicut
3425 4701 3480 4756 in
3511 4717 3690 4773 regno
3713 4719 3811 4760 ea!»

2231 4785 2405 4840 lorum
2432 4786 2800 4842 diveisitatem
2825 4789 3162 4843 mansionum
3193 4789 3322 4845 facit
3341 4791 3688 4861 disparilitas
3711 4811 3810 4849 me-

2230 4877 2461 4931 ritorum
2484 4917 2500 4944 ,
2548 4878 2623 4932 ita
2665 4875 2860 4934 inferni
2897 4879 3156 4934 barathro
3193 4882 3460 4938 demersis
3485 4887 3806 4941 varietatem

2231 4975 2625 5022 tormentorum
2669 4977 2890 5038 generet
2947 4969 3270 5040 imparilitas
3323 4987 3558 5042 operum
3609 4976 3808 5045 iniquo.

2227 5072 2369 5110 rum.

2299 5147 2435 5204 Hinc
2465 5148 2721 5221 (Gregor.
2747 5150 2956 5223 Dialog.
2984 5152 3022 5207 l.
3053 5169 3128 5219 tv,
3158 5169 3209 5209 c.
3238 5153 3328 5227 ‘3)
3355 5154 3560 5212 Petrus
3599 5158 3808 5213 beatum

2225 5238 2542 5310 Gregorium
2571 5241 2644 5295 ita
2674 5241 2900 5298 adorsus
2938 5253 3060 5299 est:
3101 5245 3336 5302 Penus.
3373 5246 3578 5313 Quaeso
3603 5257 3704 5314 .te,
3733 5251 3806 5302 in-

2231 5328 2446 5398 quiens,
2468 5343 2608 5383 unus
2635 5344 2754 5385 esse
2781 5331 3042 5400 gehennae
3073 5333 3211 5402 ignis
3236 5334 3542 5391 credendus
3569 5339 3704 5392 est?
3736 5339 3806 5391 An

2229 5431 2432 5492 quanta
2469 5431 2814 5493 peccatorum
2849 5425 3133 5482 diversitas
3160 5426 3354 5492 fuerit,
3399 5436 3556 5482 tanta
3604 5446 3807 5500 quoque

2228 5513 2582 5568 existimanda
2601 5521 2791 5570 suntet
2807 5514 2920 5586 ipsa
2944 5516 3188 5572 incendia
3203 5533 3324 5572 esse
3341 5519 3573 5587 parata?
3585 5520 3804 5575 —Gn-

2226 5620 2438 5662 contus.
2472 5605 2620 5661 Unus
2646 5606 2863 5677 quidem
2885 5616 2968 5664 est
2990 5609 3246 5680 gehennae
3269 5611 3430 5681 ignis,
3447 5613 3548 5668 sed
3577 5630 3692 5669 non
3711 5628 3804 5668 uno

2227 5696 2387 5754 modo
2415 5710 2604 5752 omnes
2637 5698 2844 5753 cruciat
2883 5707 3212 5770 peccatores.
3250 5700 3646 5772 Unusquisque
3672 5705 3802 5760 eum
