3974 6344
185 403 320 460 ιδει

1035 401 1124 458 DE
1157 397 1820 482 PREDESTlNi'i'iO-Ni’.
1857 395 2130 454 CONTRA
2167 397 2216 452 «Ι.
2261 395 2554 454 SCOTUM.

3281 399 3284 402 ’
3301 392 3440 450 1529

187 517 308 592 [al.,
335 515 798 586 uniuscujusque;
835 513 1084 586 ctenim],
1107 523 1366 584 quantum
1389 511 1556 584 exigit
1581 511 1756 580 culpa,
1787 515 1834 574 Λ
1867 509 2087 564 tentiam
2111 525 2296 564 eorum
2331 509 2492 576 corda
2517 515 2856 574 convertere,
2881 515 3042 578 atque
3063 503 3182 578 ipsa
3202 517 3437 592 conver-

183 619 394 664 tantum
437 607 546 664 illic
575 607 772 674 sentiet
799 621 1014 678 pmnam
1045 603 1174 678 [al.,
1207 613 1354 658 tanta
1395 603 1504 658 illic
1529 603 1758 658 sentitur
1795 671 1798 674 _

181 699 386 778 penna].
419 699 578 768 Nam,
609 699 748 768 sicut
777 699 830 754 in
861 699 962 754 hoc
989 697 1188 752 mundo
1217 697 1318 750 sub
1339 709 1448 750 uno
1467 694 1580 750 sole
1605 693 1756 748 multi

181 795 504 860 consistunt,
533 809 634 850 nec
661 801 840 848 tamen
867 791 1108 862 ejusdem
1145 789 1272 846 solis
1299 789 1546 846 ardorem
1573 803 1756 858 aequa-

179 883 308 942 liter
345 885 615 950 sentiunt,
659 883 784 954 quia
822 883 960 938 alius
1001 881 1120 954 plus
1159 887 1380 948 aestuat,
1413 889 1576 950 atque
1621 877 1758 932 alius

179 975 380 1040 minus,
415 973 488 1030 ita
527 975 636 1028 illic
665 975 718 1028 in
761 989 870 1028 uno
911 973 1031 1044 igne
1077 987 1184 1026 non
1227 985 1366 1026 unus
1409 979 1492 1026 est
1525 969 1756 1026 incendii

177 1063 404 1130 modus;
437 1063 562 1132 quia
591 1061 732 1132 quod
759 1061 848 1116 hic
871 1061 1158 1116 diversitas
1187 1075 1494 1132 corporum,
1523 1059 1626 1114 hoc
1651 1057 1758 1114 illic

179 1151 296 1220 agit
329 1151 616 1208 diversitas
653 1161 1000 1224 peccatorum
1039 1161 1100 1208 ut
1141 1159 1194 1206 et
1235 1151 1412 1220 ignem
1449 1165 1558 1206 non
1601 1149 1760 1206 dissi-

179 1239 362 1294 milem
395 1241 650 1308 habeant,
679 1249 735 1296 et
768 1251 944 1296 tamen
983 1243 1202 1298 eosdem
1249 1241 1490 1312 singulos
1525 1241 1760 1298 dissimi-

179 1327 304 1386 liter
327 1343 538 1388 exurat.
569 1365 638 1374 ——
659 1333 878 1390 Pnrnus
913 1334 1076 1406 (Ibid.
1099 1375 1114 1402 ,
1153 1349 1270 1406 cap.
1299 1333 1390 1406 44)
1417 1349 1432 1388 :
1477 1333 1758 1406 Nunquid-

181 1437 326 1486 nam,
345 1437 528 1492 quarso
551 1431 622 1490 te,
641 1425 870 1480 dicimus
899 1441 992 1480 eos
1019 1425 1110 1496 qui
1143 1425 1312 1480 semel
1335 1425 1442 1480 illic
1467 1427 1630 1480 mersi
1651 1427 1764 1482 fue-

183 1513 322 1580 rint,
353 1509 570 1584 semper
603 1515 858 1572 arsuros?
881 1547 950 1558 —-
977 1517 1316 1574 Gnsoomus:
1347 1515 1572 1574 Constat
1603 1517 1762 1572 nimis

183 1599 308 1674 [al.,
327 1602 634 1674 nimirum],
657 1613 712 1660 et
731 1605 1108 1660 incunctanter
1131 1621 1318 1660 verum
1348 1615 1432 1660 est
1455 1605 1598 1676 quia,
1623 1605 1764 1662 sicut

185 1695 308 1750 ﬁnis
337 1711 444 1750 non
475 1696 580 1750 erit
601 1697 800 1768 gaudio
829 1699 1114 1764 bonorum,
1143 1697 1216 1752 ita
1247 1697 1368 1752 ﬁnis
1397 1713 1502 1752 non
1531 1699 1764 1752 erittor-

183 1795 364 1840 tuente
391 1787 674 1862 malorum.
705 1787 838 1842 Nam
867 1803 990 1843 cum
1021 1787 1234 1844 Veritas
1261 1787 1406 1844 dicat
1431 1805 1446 1843 :
1483 1787 1640 1844 Ibunt
1667 1789 1762 1842 im-

1859 597 2008 654 sione
2055 595 2262 654 salvare
2311 617 2322 654 :
2365 597 2692 668 quidenim
2739 595 2884 668 aliud
2922 605 3006 652 est
3047 601 3152 668 pri)
3201 591 3438 648 inimicis

1859 689 2142 752 orandum.
2175 689 2276 746 nisi
2317 689 2420 746 hoc
2447 691 2588 760 quod
2611 687 2898 760 Apostolus
2927 689 3000 744 ait
3032 707 3044 742 :
3083 687 3150 742 Ut
3199 685 3290 742 det
3331 685 3438 740 illis

1861 780 2000 836 Deus
2019 781 2372 852 pamiteuliam
2401 781 2468 836 ad
2501 779 2910 852 cognoscendam
2941 781 3234 846 veritatem,
3279 785 3331 834 el
3361 791 3440 829 re-

1857 871 2364 944 sipiscantadiaboli
2385 871 2584 944 laqueis
2612 871 2660 944 (I
2691 871 2826 934 Tim.
2859 889 2918 936 ii,
2949 873 3068 944 25),
3099 887 3128 926 a
3159 887 3266 946 quo
3291 867 3440 944 capti

1863 969 2116 1020 tenentur
2127 965 2194 1018 ad
2210 963 2378 1034 ipsius
2391 961 3032 1020 voluntateun—Psrnus
3057 983 3070 1018 :
3095 963 3274 1024 Placet
3293 965 3436 1034 quod

1863 1055 2020 1116 dicis.
2051 1053 2116 1108 Et
2141 1053 2410 1124 quomodo
2435 1069 2532 1124 pro
2563 1053 2668 1108 illis
2701 1061 2828 1108 tunc
2859 1053 3106 1108 orabitur
3137 1051 3269 1126 [al.,
3308 1069 3438 1108 ora-

1861 1139 2016 1216 bunt]
2043 1183 2058 1208 ,
2089 1143 2178 1214 qui
2197 1143 2313 1214 jam
2345 1141 2648 1198 nullatenus
2673 1153 2898 1214 possunt
2923 1145 2988 1198 ad
3015 1143 3241 1214 justitia:
3267 1159 3430 1216 Opera

1859 1231 1928 1308 ab
1957 1231 2238 1304 iniquitate
2265 1233 2626 1288 commutari?
2653 1265 2722 1274 —
2741 1231 3048 1290 Caesonius
3071 1253 3084 1290 :
3115 1237 3312 1292 Eadem
3331 1235 3434 1290 ita-

1859 1341 1964 1396 que
1991 1341 2149 1382 causa
2175 1335 2258 1382 est
2287 1367 2302 1392 ,
2345 1343 2444 1382 cur
2471 1343 2576 1382 non
2615 1335 2799 1382 oretur
2828 1337 2955 1384 tunc
2993 1343 3092 1404 pro
3127 1311 3470 1388 hominibus.

1859 1426 2062 1472 :eterno
2103 1417 2226 1486 igne
2267 1417 2552 1472 damnatis.
2581 1417 2710 1484 Qum
2751 1419 3080 1474 nuncetiam
3111 1433 3274 1476 causa
3319 1427 3436 1482 est,

1861 1513 1920 1560 ut
1947 1515 2266 1564 non.oretur
2321 1523 2420 1578 pro
2477 1507 2690 1564 diabolo
2739 1517 2794 1562 ct
2849 1509 3054 1578 angelis
3091 1507 3210 1578 ejus
3233 1517 3438 1570 interno

1861 1597 2124 1668 supplicio
2153 1597 2442 1670 dcputatis,
2472 1613 2590 1670 qua:
2617 1599 2936 1654 nuncetiam
2953 1613 3116 1654 causa
3140 1607 3240 1662 est,
3259 1607 3434 1652 utnon

1861 1697 2018 1742 orent
2051 1687 2228 1744 sancti
2261 1689 2510 1744 homines
2535 1705 2635 1760 pro
2657 1687 2964 1744 hominibus
2997 1687 3302 1744 inﬁdelibus
3339 1687 3440 1740 im-

1861 1777 2068 1848 piisque
2091 1779 2376 1842 defunctis,
2401 1779 2502 1834 nisi
2535 1779 2660 1848 quia
2685 1779 2750 1834 de
2771 1779 2850 1834 eis
2871 1779 3057 1849 utique
3079 1789 3214 1848 quos
3235 1787 3436 1833 :eterno
3465 1773 3468 1778 ’

183 1877 256 1944 pii
281 1877 332 1930 in
362 1877 676 1948 supplicium
701 1871 974 1944 retentum,
997 1877 1134 1948 justi
1155 1889 1328 1932 autem
1355 1879 1410 1932 in
1431 1881 1586 1932 uitam
1611 1889 1760 1932 arter-

1864 1865 2124 1938 supplicio
2153 1867 2434 1938 deputatas
2457 1866 2568 1936 jam
2599 1877 2892 1936 noverunt,
2919 1877 3044 1924 ante
3071 1867 3218 1922 illum
3237 1866 3438 1936 judicis

184 1983 304 2020 nam
337 1965 550 2040 (Matth.
577 1983 706 2033 xxv,
733 1967 844 2040 to),
865 1969 988 2038 quia
1017 1983 1200 2024 verum
1221 1977 1306 2024 est
1327 1969 1466 2038 quod
1487 1969 1756 2038 promisit,

183 2055 376 2112 falsum
407 2059 592 2130 procul
616 2059 776 2116 dubio
799 2075 904 2114 non
933 2061 1038 2116 erit
1065 2061 1206 2132 quod
1241 2061 1576 2116 Ininatusest
1597 2061 1756 2118 Deus.

183 2175 242 2204 -.-
275 2146 492 2204 Puraus
516 2167 528 2202 :
561 2148 720 2216 Quid,
747 2149 938 2220 siqnis
963 2151 1106 2204 dicat
1131 2169 1144 2204 :
1187 2149 1388 2205 idcirco
1413 2153 1760 2222 peccantibus

183 2245 440 2294 (sternam
477 2252 694 2310 pmnam
739 2241 976 2296 minatus
1007 2249 1110 2306 est,
1145 2247 1204 2294 ut
1231 2255 1324 2298 eos
1355 2255 1386 2294 a
1411 2250 1760 2310 peccatorum

181 2331 582 2398 perpetratione
631 2333 978 2400 compescat?
1017 2331 1164 2404 [al.,
1201 2329 1648 2404 compesceret?]
1691 2363 1758 2372 —

183 2417 530 2474 Caesonius:
579 2421 636 2476 Si
679 2421 874 2476 falsum
903 2431 988 2478 est
1017 2425 1160 2494 quod
1201 2425 1438 2478 minatus
1473 2433 1550 2480 cst
1573 2461 1588 2488 ,
1613 2425 1780 2502 utab

187 2508 446 2584 injustitia
469 2511 790 2582 corrigeret,
821 2513 984 2566 etiam
1011 2513 1142 2568 falsa
1179 2521 1262 2568 est
1289 2513 1578 2584 pollicitus,
1609 2527 1666 2568 ut
1694 2514 1760 2568 ad

179 2599 444 2674 justitiam
477 2613 838 2672 provocaret;
877 2607 974 2662 sed
1011 2609 1134 2676 quis
1165 2609 1266 2662 hoc
1297 2609 1480 2664 dicere
1505 2609 1588 2664 vel
1617 2607 1780 2668 insa-.

185 2709 286 2750 nus
305 2697 637 2766 praisumat?
665 2697 732 2752 Et
763 2699 808 2752 si
839 2699 1074 2756 minatus
1097 2713 1182 2758 est
1205 2701 1350 2772 quod
1381 2717 1486 2756 non
1511 2711 1628 2756 erat
1657 2701 1760 2756 im-

185 2785 446 2854 pleturus,
473 2788 596 2842 dum
627 2803 876 2844 asserere
905 2805 1028 2844 cum
1055 2791 1464 2848 misericordem
1493 2793 1758 2858 volumus,

187 2873 430 2932 fallacem
455 2877 630 2948 (quod
657 2879 838 2936 dicere
873 2881 1026 2936 nefas
1055 2883 1168 2954 est)
1197 2883 1492 2954 praedicare
1525 2887 1764 2956 compel-

187 2963 366 3022 limur.
395 2997 467 3008 —
493 2967 738 3026 PETRUS:
767 2970 922 3026 Scire
949 2971 1140 3028 vellem
1171 2975 1440 3044 quomodo
1457 2976 1662 3046 justum
1691 2978 1764 3032 sit

187 3067 246 3124 ut
271 3059 424 3130 culpa
455 3075 574 3132 quae
603 3077 726 3116 cum
759 3063 864 3118 line
893 3073 1204 3136 perpetrata
1233 3075 1336 3132 est,
1373 3067 1490 3124 sine
1531 3067 1636 3124 line
1661 3085 1762 3138 pu-

189 3147 386 3202 niatur.
415 3181 486 3192 —-
513 3150 858 3209 Caesonius:
901 3155 1014 3211 Hoc
1039 3165 1186 3212 recte
1208 3157 1478 3214 diceretur
1507 3159 1552 3216 si
1581 3159 1762 3216 distri-

1855 1959 1984 2028 justi
2025 1969 2370 2028 conspectum
2399 1961 2662 2016 orationis
2700 1975 2810 2014 sua:
2839 1949 3088 2014 meritum
3117 1959 3318 2012 cassari
3353 1973 3438 2012 rc-

1859 2047 2074 2116 fugiunt
2104 2067 2116 2102 :
2149 2039 2290 2118 quod
2325 2049 2370 2104 si
2427 2065 2572 2104 nunc
2597 2065 2808 2120 quoque
2845 2049 3090 2104 viventes
3121 2049 3250 2118 juSti
3297 2063 3442 2104 mor-

1831 2137 1968 2216 tuis
2026 2149 2080 2195 et
2135 2141 2404 2196 damnatis
2463 2141 2676 2208 iniustis
2727 2141 2948 2198 minime
2998 2141 3438 2210 compatiuntur,

1859 2231 2074 2298 quando
2111 2231 2286 2284 adhuc
2313 2231 2514 2302 aliquid
2535 2229 2830 2300 judicabile
2871 2229 2940 2284 de
2981 2245 3076 2284 sua
3115 2245 3272 2284 causa
3315 2227 3436 2302 [al.,

1861 2321 2046 2394 carne]
2075 2337 2194 2378 sese
2219 2323 2428 2394 perpeti
2469 2323 2634 2378 etiam
2671 2323 2772 2394 ipsi
2797 2331 3084 2388 novetunt,
3125 2329 3328 2390 quanto
3356 2319 3482 2402 diu

1859 2415 2102 2468 strictius
2119 2423 2246 2470 tunc
2271 2415 2576 2483 iniquorum
2601 2423 2866 2468 tormenta
2887 2413 3198 2484 reSpiciunt,
3223 2413 3438 2482 quando

1859 2503 1928 2556 ab
1963 2503 2110 2558 omni
2143 2501 2276 2560 vitio
2299 2505 2662 2574 corruptionis
2689 2503 2870 2568 exuti,
2919 2503 3020 2572 ipsi
3063 2502 3174 2571 jam
3209 2501 3434 2570 jnstitia:

1861 2595 2090 2650 vicinius
2139 2601 2304 2664 atque
2347 2595 2554 2650 arctius
2595 2595 2954 2650 inluerebuut.
2993 2593 3084 2650 Sic
3121 2593 3318 2664 quippe
3345 2607 3438 2646 eo-

1861 2705 1980 2748 rum
2013 2697 2222 2744 mentes
2249 2703 2346 2760 per
2371 2687 2492 2752 hoc,
2521 2687 2664 2758 quod
2719 2685 3018 2754 iustissimo
3057 2683 3226 2752 jndici
3269 2685 3436 2738 iulia:-

1861 2789 2002 2848 rcnt,
2031 2781 2112 2836 vis
2143 2779 2500 2834 districtionis
2541 2777 2817 2842 absorbet,
2849 2785 2908 2830 ut
2938 2773 3156 2830 omnino
3201 2773 3282 2828 eis
3325 2787 3430 2826 non

1861 2873 2060 2936 libeat,
2097 2871 2354 2942 quidquid
2381 2871 2449 2926 ab
2477 2871 2618 2926 illius
2643 2877 2858 2924 aeterna:
2897 2865 3092 2936 regula:
3141 2863 3438 2918 subtilitate

1859 2965 2092 3020 viderint
2121 2965 2428 3020 discordare
2455 2963 2578 3036 [al.,
2611 2961 2902 3026 discordat,
2926 2976 3031 3014 om.
3061 2955 3338 3028 viderint].

1931 3056 1970 3128 -ι-
2009 3055 2138 3124 Quae
2181 3057 2362 3110 omnia
2391 3069 2514 3110 cum
2565 3053 2620 3108 in
2667 3053 2771 3108 isto
2809 3049 3193 3122 temporalibus
3237 3049 3440 3105 nostris

1863 3147 2280 3204 necessitatibus
2347 3145 2686 3204 commodato
2745 3145 2852 3214 igni
2919 3143 3222 3198 nullatenus
3283 3157 3440 3212 posse

189 3249 306 3294 CW5
325 3239 492 3308 index
519 3257 622 3296 non
649 3245 814 3298 corda
845 3245 1122 3302 hominum
1143 3287 1158 3312 ,
1185 3247 1278 3302 sed
1313 3213 1456 3304 facta
1485 3213 1758 3320 pensaret,
1787 3213 1834 3276 ο
1867 3243 1984 3298 fieri
2008 3251 2212 3296 certum
2235 3239 2632 3308 sit,coujieitur
2659 3239 2820 3292 alium
2848 3237 3046 3292 debere.
3072 3235 3240 3304 accipi
3267 3234 3440 3300 illum,

189 3327 358 3400 Iniqui
387 3333 530 3386 enim
557 3333 678 3388 ideo
705 3350 826 3389 cum
853 3335 958 3391 ﬁne
979 3337 1338 3406 deliquerunt,
1363 3341 1490 3408 quia
1511 3356 1634 3396 cum
1657 3341 1762 3398 fine

189 3421 478 3490 vixerunt;
523 3439 646 3480 nam
671 3425 970 3480 voluissent
1003 3429 1208 3498 utique,
1241 3427 1285 3484 si
1315 3431 1622 3504 potuissent
1645 3431 1764 3488 sine

191 3511 294 3570 ﬁne
327 3515 508 3570 vivere
527 3557 542 3580 ,
584 3525 644 3570 ut
671 3519 972 3588 potuissent
1019 3519 1134 3576 sine
1165 3521 1272 3576 fine
1297 3537 1546 3594 peccare.
1573 3521 1764 3580 Osten-

191 3603 322 3678 dunt
359 3606 504 3660 enim
525 3607 656 3676 quia
687 3609 740 3662 in
779 3619 1006 3678 peccato
1031 3625 1242 3680 semper
1283 3613 1464 3688 vivere
1507 3614 1760 3684 cupiunt,

189 3697 278 3766 qui
309 3713 584 3768 nunquam
611 3699 868 3756 desinunt
891 3715 1120 3772 peccare
1149 3701 1276 3756 dum
1305 3703 1512 3758 vivunt.
1541 3704 1622 3758 Ad
1651 3719 1766 3758 ma-

187 3803 346 3858 gnam
373 3805 502 3862 ergo
525 3791 792 3862 justitiam
815 3789 1110 3860 judicantis
1135 3793 1368 3864 pertinet
1401 3807 1458 3848 ut
1489 3811 1764 3864 nunquam

187 3889 404 3934 careant
429 3880 712 3950 supplicio,
741 3881 832 3950 qui
859 3881 910 3934 in
933 3883 1038 3936 hac
1055 3883 1166 3936 vita
1189 3899 1460 3952 nunquam
1481 3885 1768 3938 voluerunt

187 3983 374 4024 carere
399 3979 644 4040 peccato.
675 4001 744 4010 —
771 3969 990 4024 Psrnus
1017 3989 1030 4024 :
1075 3971 1182 4026 Sed
1227 3973 1406 4028 nullus
1433 3971 1616 4040 justus
1643 3989 1768 4028 cru-

187 4059 404 4126 delitate
449 4059 722 4128 pascitur,
771 4069 824 4112 et
873 4060 1190 4130 delinquens
1219 4077 1408 4118 servus
1445 4077 1474 4116 a
1505 4077 1604 4116 suo
1631 4061 1726 4134 [aL
1749 4105 1764 4130 ,

181 4147 352 4224 justo]
383 4151 612 4206 Domino
642 4150 844 4206 idcirco
871 4151 1004 4206 ειηᾱί
1035 4153 1368 4222 przecipitur,
1393 4163 1502 4208 uta
1527 4153 1764 4224 nequitia

187 4243 508 4314 corrigatur.
533 4245 612 4298 Ad
633 4245 736 4298 hoc
757 4259 886 4314 ergo
905 4245 1142 4314 vapulat,
1157 4255 1216 4300 ut
1237 4245 1460 4302 emenda
1471 4247 1512 4300 ri
1535 4247 1762 4314 debeat;

187 4331 356 4402 iniqui
383 4341 560 4386 autem
585 4333 844 4402 gehennae
865 4333 1080 4404 ignibus
1103 4334 1288 4388 traditi
1313 4335 1358 4388 si
1389 4337 1454 4390 ad
1485 4337 1770 4392 correctio.

187 4438 310 4476 nem
335 4439 440 4478 non
463 4423 814 4494 perveniunt,
843 4439 949 4494 quo
983 4423 1088 4480 fine
1128 4439 1340 4494 semper
1373 4419 1678 4482 ardebunt?
1701 4457 1770 4468 —

1861 3334 1950 3404 qui
1993 3343 2210 3402 paratus
2247 3333 2438 3386 dicitur
2473 3329 2714 3396 diabolo,
2755 3339 2802 3384 et
2837 3327 3034 3399 angelis
3081 3327 3194 3396 ejus
3223 3325 3438 3398 (Matth.

1863 3441 1990 3490 xxv,
2013 3423 2102 3494 ii)
2125 3443 2138 3478 :
2163 3439 2224 3478 ac
2255 3439 2351 3494 per
2373 3425 2474 3478 hoc
2505 3435 2612 3478 non
2645 3421 3076 3492 improbabiliter
3105 3418 3330 3472 forsitan
3359 3419 3440 3472 tli-

1861 3517 2026 3582 citnr,
2075 3515 2214 3570 alius
2261 3515 2326 3570 ad
2365 3515 2686 3570 crueiaudos
2725 3513 2918 3582 impios
2966 3527 2996 3566 a
3051 3511 3160 3566 Deo
3201 3519 3438 3571 creatus,

1863 3608 1988 3680 quia
2021 3608 2224 3680 absque
2251 3607 2599 3662 materiarum
2629 3605 2902 3660 alimentis
2935 3619 3122 3658 eorum
3167 3617 3392 3672 corpora
3423 3643 3442 3666 ,

1865 3709 1922 3754 et
1948 3701 2156 3754 animas
2178 3699 2296 3753 sine
2311 3697 2392 3752 sui
2417 3695 2738 3764 illorumque
2762 3693 2974 3748 defectu
3001 3693 3172 3762 possit
3191 3707 3440 3754 exurere,

1864 3791 2008 3860 quod
2063 3789 2222 3842 istum
2271 3787 2388 3842 sine
2423 3787 2674 3840 fomentis
2721 3783 3090 3856 corporalibus
3135 3783 3442 3839 nullatenus

1865 3881 2046 3936 valere
2075 3873 2518 3934 manifestissime
2547 3877 2948 3948 comprobatur.
2991 3877 3066 3932 De
3091 3877 3286 3946 quibus
3313 3877 3440 3948 quia

1867 3981 2072 4026 temere
2094 3971 2228 4024 nihil
2251 3967 2520 4024 aiiirmare
2543 3985 2847 4042 prmsnmo,
2897 3969 3002 4024 hoc
3031 3979 3234 4023 certum
3285 3979 3444 4024 teneo

1867 4063 1920 4116 in
1953 4061 2040 4118 illo
2065 4061 2192 4132 igni,
2221 4061 2360 4132 quod
2384 4069 2632 4132 quartum
2663 4061 2985 4116 elementum
3009 4061 3204 4116 dicitur
3227 4071 3442 4118 sancto-

1867 4167 1986 4206 rum
2007 4143 2244 4220 'corpora
2276 4165 2616 4220 nequaquam
2645 4151 3074 4206 substantialiter
3101 4159 3438 4216 constatura,

1867 4243 1992 4318 quia
2019 4259 2246 4312 quorum
2273 4259 2400 4298 vera
2425 4243 2532 4298 erit
2559 4243 2726 4314 gloria
2745 4283 2760 4308 ,
2793 4253 2848 4298 et
2884 4243 3220 4314 incorruptio
3241 4286 3256 4310 ,
3290 4255 3440 4300 certe

1867 4335 2008 4388 sicut
2041 4349 2165 4388 aere
2194 4341 2247 4388 et
2276 4349 2415 4404 aqua
2441 4349 2548 4388 non
2581 4333 2928 4404 indigebunt,
2957 4334 3030 4388 ita
3057 4350 3160 4390 nec
3183 4335 3322 4405 ignis
3343 4351 3440 4392 eos

1869 4427 2244 4482 necessitatem
2269 4427 2476 4498 perpeti
2511 4443 2669 4484 verax
2701 4427 2838 4484 ratio
2869 4427 3074 4482 innuit:
3103 4429 3440 4498 promittitur

185 4513 512 4570 GitEGORIUS.
551 4513 904 4584 Omnipotens
935 4505 1092 4578 Deus,
1119 4515 1244 4586 quia
1265 4517 1384 4586 pius
1405 4525 1506 4584 est,
1533 4513 1761 4574 misero-4
1791 4559 1842 4618 Β
1870 4517 2064 4588 quippe
2095 4517 2294 4572 sanctis
2323 4517 2596 4584 onmibns,
2617 4517 2760 4588 quod
2781 4527 2930 4572 erunt
2959 4517 3012 4572 in
3037 4517 3122 4572 illa
3157 4517 3328 4573 beata:
3359 4533 3442 4573 ree

185 4620 304 4658 rum
327 4607 566 4660 cruciatu
589 4619 694 4658 non
717 4605 981 4672 pascitur;
1009 4607 1134 4676 quia
1161 4615 1340 4666 autem
1369 4607 1548 4678 justus
1567 4618 1670 4674 est,
1696 4609 1764 4664 ab

185 4693 496 4762 iniquorum
517 4691 718 4746 ultione
739 4693 790 4746 in
813 4703 1126 4762 perpetuum
1151 4710 1252 4750 non
1275 4699 1514 4750 sedatur.
1533 4695 1640 4752 Sed
1663 4699 1764 4752 ini-

183 4784 278 4856 qui
305 4799 526 4852 omues,
571 4793 772 4840 aeterno
805 4787 1066 4856 supplicio
1093 4789 1368 4858 deputati,
1413 4805 1508 4844 sua
1545 4789 1760 4860 quidem

183 4877 472 4948 iniquitate
491 4877 818 4946 puniuntur,
857 4889 912 4934 et
939 4889 1118 4936 tamen
1147 4881 1212 4936 ad
1237 4883 1440 4952 aliquid
1467 4883 1758 4950 ardcbunt,

183 4969 392 5024 scilicet
413 4975 472 5022 ut
483 4967 614 5040 justi
635 4985 826 5026 omnes
857 4979 914 5024 et
953 4971 1004 5026 in
1041 4971 1152 5028 Deo
1183 4973 1398 5028 videant
1419 4973 1612 5042 gaudia
1642 4965 1760 5044 qnai

185 5059 508 5130 percipiunt,
537 5069 592 5114 et
619 5059 672 5113 in
705 5059 808 5114 illis
833 5061 1160 5132 perspiciunt
1189 5063 1450 5132 supplicia
1477 5079 1596 5134 qum
1627 5079 1758 5120 eva—

185 5159 410 5204 serunt:
463 5157 726 5220 quatenus
763 5157 910 5204 tanto
949 5153 1118 5222 magis
1165 5151 1219 5205 in
1263 5163 1522 5206 aeternum
1567 5153 1762 5208 divina:

185 5241 374 5312 gratiae
397 5239 672 5296 debitores
703 5257 760 5296 se
787 5255 906 5296 esse
929 5251 1274 5312 cOguoscant,
1303 5251 1504 5314 quanto
1527 5245 1580 5298 in
1605 5251 1759 5298 teter-

185 5347 314 5386 num
331 5331 470 5386 mala
483 5329 662 5400 puniri
681 5331 1040 5401 conspiciunt,
1057 5347 1176 5401 qua:
1188 5331 1306 5400 ejus
1327 5333 1596 5404 adjutorio
1619 5333 1757 5390 vice-

185 5431 332 5476 runt.
347 5451 417 5460 --
433 5419 650 5476 Psrnus
673 5439 686 5475 :
715 5421 782 5476 Et
805 5421 896 5476 ubi
921 5431 1004 5476 est
1025 5463 1036 5488 ,
1063 5421 1204 5492 quod
1225 5425 1396 5480 sancti
1417 5435 1564 5492 sunt,
1585 5425 1630 5480 si
1659 5439 1757 5494 pro

187 5517 423 5572 inimicis
445 5517 578 5582 suis,
599 5533 733 5586 quos
757 5527 883 5572 tunc
907 5517 1098 5572 ardere
1121 5517 1352 5572 viderint
1371 5535 1476 5574 non
1499 5519 1756 5588 orabunt,

185 5611 382 5680 quibus
405 5611 588 5680 utique
625 5611 826 5664 dictum
857 5617 938 5664 est
967 5627 980 5662 :
1017 5607 1122 5662 Pro
1155 5609 1378 5664 inimicis
1404 5613 1582 5666 uestris
1613 5625 1760 5669 orate

187 5701 340 5768 (Luc.
389 5699 600 5774 vt,23).
651 5731 720 5740 --
755 5701 1064 5756 GREGORIUS
1115 5717 1128 5754 :
1169 5701 1338 5756 Orant
1383 5717 1478 5772 pro
1525 5703 1758 5760 inimicis

189 5795 304 5850 suis
329 5811 394 5850 eo
425 5803 684 5864 tempore,
733 5809 839 5864 quo
865 5803 1092 5862 possunt
1129 5793 1194 5850 ad
1227 5791 1554 5850 fructuosam
1588 5797 1758 5866 poeni-

591 5891 856 5950 l’xrnos.
897 5887 1084 5948 CXV.

1865 4607 2216 4663 surrectionis
2243 4609 2412 4680 gloria
2433 4609 2656 4680 a’quales
2678 4609 2875 4680 angelis
2903 4609 2998 4664 Dei
3019 4609 3168 4682 (Luc.
3195 4625 3288 4674 xx,
3317 4607 3434 4680 56).

1867 4697 2020 4754 Sicut
2068 4713 2196 4770 ergo
2247 4699 2416 4754 sancti
2465 4699 2640 4772 angeli
2695 4715 2802 4756 non
2853 4699 3052 4756 habent
3085 4697 3442 4754 beatitudinis

1865 4805 1976 4846 sua:
2003 4789 2226 4861 gloriam
2258 4793 2310 4844 in
2341 4789 2446 4846 isto
2477 4791 2620 4864 igni,
2651 4791 2846 4864 quippe
2879 4791 2972 4862 qui
2999 4803 3335 4860 nequaquam
3365 4805 3436 4846 ex

1866 4881 2148 4936 elementis
2176 4881 2440 4952 compaeti
2465 4923 2482 4950 ,
2523 4883 2618 4938 scd
2643 4899 2708 4938 ex
2737 4881 2908 4938 nihilo
2943 4881 3068 4938 facti
3097 4882 3390 4938 creduntur
3421 4903 3434 4936 :

1867 4969 1940 5026 ita
1969 4973 2162 5036 sancti,
2189 4973 2434 5042 quamvis
2463 4973 2696 5028 habeant
2713 4973 2900 5028 eadem
2919 4989 3166 5042 corpora,
3199 4989 3318 5044 qum
3341 4989 3442 5044 per

1867 5069 2096 5115 mortem
2127 5061 2342 5116 fuerant
2381 5063 2646 5126 resoluta,
2671 5063 2894 5132 perenni
2925 5063 3316 5132 glorificatione
3339 5067 3438 5120 im-

1865 5161 2092 5219 mutata,
2121 5153 2428 5210 uuliomodo
2451 5137 2630 5210 tamen
2673 5155 3020 5210 beatitudinis
3061 5155 3338 5224 praemium
3381 5157 3436 5212 iu

1865 5243 1990 5314 igne
2033 5245 2354 5314 percipient,
2385 5247 2478 5302 sed
2512 5247 2564 5300 in
2601 5247 3052 5316 contemplatione
3097 5263 3312 5320 semper
3355 5251 3438 5304 vi-

1863 5337 2040 5390 ventis
2069 5337 2194 5402 Dei,
2225 5337 2316 5408 qui
2367 5337 2528 5392 nullis
2575 5337 2956 5392 elementorum
2993 5349 3434 5396 creaturarmnvu

1863 5425 2226 5498 quarumlibet
2287 5427 2477 5496 spatiis
2529 5427 3024 5494 circumscribitur;
3075 5431 3204 5500 quin
3255 5433 3436 5502 potius

1865 5529 2060 5572 cuncta
2101 5533 2208 5572 suae
2249 5517 2652 5588 omnipotentite
2693 5519 2892 5574 virtute
2937 5521 3434 5590 circumplectitur,

1863 5613 2022 5682 regit,
2051 5611 2232 5682 implet
2259 5621 2314 5668 et
2339 5613 2594 5670 continet.

1934 5705 2070 5772 Quia
2109 5706 2290 5778 igitur,
2316 5707 2765 5776 quemadmodum
2788 5707 2900 5776 jam
2930 5707 3299 5780 probavimus,
3321 5707 3432 5762 Du-

1865 5797 2042 5852 minus
2077 5805 2263 5852 noster
2303 5795 2454 5856 Jesus
2501 5797 2748 5856 Christus
2793 5815 3016 5871 corpore
3065 5799 3203 5856 ultra
3247 5815 3444 5860 omnes

2927 5893 3004 5952 ιε)
