3974 6344
463 429 639 488 Τ1523

1492 419 1548 474 S.
1590 413 1960 474 PRUDENTH
2001 411 2384 468 TRECENSIS
2420 409 2726 466 EPISCOPI

3623 411 3774 465 1521

459 557 778 606 ιητθίιιιινίιε
813 543 1122 599 ascendisse
1163 548 1218 595 et
1245 551 1365 594 esse
1406 536 1680 616 veraciter
1707 534 1968 596 creditur,
2014 537 2068 584 et
2098 528 2145 588 Δ
2173 528 2304 592 tilis,
2333 527 2423 582 ubi
2469 523 2703 590 ventosi,
2737 537 2800 578 ac
2831 519 3118 592 procellosi
3167 529 3346 576 motus
3375 535 3483 575 non
3529 535 3776 591 possunt

493 639 730 694 ﬁdeliter
767 635 1091 706 prtedicatur
1141 648 1154 686 :
1207 629 1280 686 ibi
1331 629 1587 684 nimirum
1635 635 1852 682 sanctos
1882 638 2071 680 omnes

499 727 779 796 societate
806 727 1086 781 beatorum
1129 721 1416 792 spirituum
1463 726 1666 773 (eterna
1714 717 2073 772 exsultatione

485 821 794 892 gaudentes
823 815 1033 870 futuros
1055 811 1354 873 credimus,
1386 809 1605 864 dicente
1649 808 1765 878 ipso
1796 825 1809 860 :
1843 805 2074 861 Ubicun-

471 929 600 978 ~que
649 909 804 980 fuerit
857 920 1076 975 corpus,
1115 900 1244 957 illuc
1287 898 1744 970 congregabantur
1787 905 1835 952 et
1883 893 2075 966 aquilae

503 1002 718 1074 (Matth.
747 1012 897 1062 xxiv,
920 994 1031 1066 28),
1061 1009 1166 1048 non
1199 993 1338 1048 intra
1363 990 1790 1058 mundiquatuor
1809 987 2075 1042 elementa

489 1095 698 1165 ,quihus
725 1106 819 1147 eos
857 1089 970 1160 jam
1001 1103 1106 1143 non
1147 1101 1307 1159 egere
1355 1085 1461 1139 lidc
1496 1081 1813 1153 infatigabili
1861 1088 2077 1136 tenetur

469 1213 481 1230 ι
502 1197 557 1242 et
589 1184 893 1255 stipulatur.
925 1183 979 1236 Si
1011 1181 1155 1237 enim
1199 1186 1418 1236 sanctos
1452 1177 1670 1248 angelos
1715 1175 1854 1229 intra
1894 1173 2077 1228 mundi

478 1279 766 1335 elementa
793 1291 905 1330 suae
943 1271 1293 1329 beatitudinis
1324 1269 1601 1340 praemium
1640 1265 1946 1337 percepisse
1984 1265 2080 1319 ab-

485 1369 878 1427 surdissimum
904 1373 987 1422 est
1015 1363 1295 1430 aestimari,
1323 1377 1431 1433 quo
1455 1370 1614 1431 pacto
1635 1358 1882 1413 homines
1909 1355 2078 1410 sancti

482 1476 691 1517 eorum
739 1455 1061 1514 beatitudini
1100 1454 1359 1524 comquati
1407 1453 1514 1507 alio
1551 1451 1801 1508 dicantur
1836 1447 2080 1512 iocandi,

496 1567 668 1623 quam
692 1549 782 1606 illo
810 1548 901 1604 ubi
932 1541 1238 1604 certissime
1275 1545 1569 1600 creduntur
1607 1541 1906 1597 consistere
1926 1579 1940 1605 ,
1966 1539 2082 1610 qui—

502 1646 606 1702 bus
649 1651 953 1714 mquantur,
1000 1653 1100 1696 nec
1143 1637 1340 1693 rationi
1388 1650 1487 1692 nec
1515 1631 1825 1690 auctoritati
1856 1629 2082 1686 viderim

501 1736 816 1794 convenire.
853 1735 929 1790 De
959 1747 1065 1804 quo
1094 1732 1272 1788 adhuc
1297 1729 1677 1788 continuanter
1716 1723 1968 1797 adiungis
2005 1723 2120 1778 di--

502 1845 636 1887 cens
659 1847 674 1882 τ

1065 1931 1292 1976 JOANNES
1329 1928 1545 1972 SCO'I‘US.

579 2036 736 2109 (Cap.
769 2051 882 2102 xxx,
906 2048 1054 2089 num.
1087 2033 1142 2098 3,
1172 2037 1308 2088 sect.
1343 2028 1425 2100 2.)
1454 2037 1497 2085 Θ
1525 2025 1622 2082 Ubi
1665 2041 1769 2080 non
1805 2023 2088 2093 incongrue

505 2129 850 2193 credendum,
867 2126 1004 2198 quod
1024 2139 1243 2194 corpora
1275 2131 1576 2176 sanctorum
1604 2117 1659 2172 in
1679 2116 1956 2172 wtheream
1977 2117 2090 2168 mit-

506 2220 763 2275 tabuntur
788 2217 1115 2289 qualitatem,
1140 2230 1258 2286 qua:
1295 2213 1360 2268 ab
1408 2210 1518 2266 alia
1557 2207 1809 2281 qualitate
1855 2205 2091 2262 consumi

510 2325 618 2364 non
643 2319 828 2379 potest,
850 2322 968 2361 cum
991 2304 1303 2375 inferiorum
1323 2315 1599 2373 corporum
1623 2296 1901 2370 qualitates
1943 2296 2001 2351 in
2035 2311 2092 2350 se

508 2408 718 2452 mutare
771 2395 970 2466 possit,
1022 2393 1305 2464 impiorum
1353 2407 1472 2446 vero
1515 2404 1734 2459 corpora
1780 2387 1838 2440 in
1885 2401 2091 2440 aeream

509 2489 819 2560 qualitatem
839 2485 1163 2551 transitura,
1199 2493 1255 2538 ut
1287 2500 1319 2537 a
1343 2479 1610 2552 superiore
1642 2479 1760 2549 igne
1801 2476 2088 2546 patiantur.

1141 2633 1461 2678 CORRECTIO.

581 2745 626 2815 ’ζ-
649 2743 776 2798 Ηεεο
807 2739 930 2796 ﬁdei
973 2737 1265 2796 Catholica:
1285 2736 1510 2790 adversa
1532 2747 1755 2804 prorsus
1774 2729 2092 2802 pronuntio;

518 2836 730 2892 dicente
748 2834 907 2888 beato
925 2829 1025 2885 Job
1049 2843 1066 2883 :
1109 2827 1176 2882 Et
1200 2841 1384 2880 rursus
1414 2822 1780 2878 circumdabor
1797 2819 1928 2891 pelle
1955 2836 2093 2882 mea,

517 2927 642 2982 etin
671 2940 827 2979 carne
855 2937 969 2976 mea
1007 2918 1188 2974 videbo
1220 2917 1406 2981 Deum,
1438 2930 1590 2986 quem
1613 2913 1818 2967 uisurus
1845 2926 1962 2965 sum
1989 2925 2095 2979 ego

513 3021 649 3090 ipse,
691 3026 738 3071 et
791 3013 930 3068 oculi
977 3011 1076 3067 mei
1127 3007 1448 3080 conspecturi
1496 3013 1653 3070 sunt,
1705 3013 1753 3058 et
1805 3019 1908 3058 non
1959 3001 2097 3054 alius

521 3110 656 3181 (Job
691 3125 807 3173 xu,
844 3107 971 3178 26).
1018 3103 1218 3159 JEther
1254 3102 1450 3172 quippe
1485 3114 1591 3156 non
1620 3107 1704 3154 est
1735 3112 1885 3162 caro,
1925 3109 2098 3165 neque

521 3200 661 3272 pelle
704 3212 900 3252 carnea
935 3194 1322 3256 circumdatur,
1354 3205 1530 3260 neque
1573 3189 1788 3246 ossibus
1823 3196 1878 3242 et
1917 3185 2099 3240 nervis

2171 620 2424 684 existere,
2443 618 2510 673 ad
2524 617 2799 673 caelestem
2827 615 3065 685 pertinet
3089 623 3318 683 partem.
3349 612 3460 668 lste
3490 629 3629 669 vero
3651 626 3774 669 tur—

2172 709 2459 774 bulentior,
2495 707 2587 778 qui
2631 705 3067 762 exhalationihus
3113 705 3348 759 humidis
3400 707 3775 774 corporascit,

2173 807 2332 857 teme
2352 800 2654 870 deputatur,
2678 798 2878 868 quique
2901 812 2968 851 ex
2993 811 3051 851 se
3074 795 3274 851 multas
3298 796 3520 866 species
3541 796 3734 850 reddit
3759 814 3776 849 :

2175 906 2296 947 nam
2319 897 2620 946 commotus
2647 898 2836 943 ventos
2872 887 3019 954 facit,
3048 887 3424 942 vehementius
3449 889 3779 942 concitatus

2177 983 2326 1052 igaes
2372 989 2426 1036 et
2471 982 2734 1042 tonitrua,
2765 987 3076 1035 contractus
3124 979 3329 1043 nubila,
3375 979 3773 1048 conspissatus

2176 1073 2405 1144 pluvias,
2432 1073 2839 1143 congelantibns
2883 1071 3116 1125 nubibus
3160 1071 3361 1135 nivem,
3402 1070 3782 1124 [turbulentius

2179 1163 2586 1236 congelantibus
2613 1161 2954 1216 densioribus
2995 1159 3227 1215 nubibus
3269 1161 3622 1230 grandinem,
3673 1153 3784 1213 dis-

2181 1262 2361 1308 tentus
2385 1265 2635 1306 serenum
2667 1250 2851 1305 efﬁcit.
2881 1248 3016 1304 Nam
3063 1263 3243 1303 aerem
3291 1249 3524 1304 densum
3575 1251 3784 1304 nubem

2181 1359 2298 1400 esse
2321 1351 2550 1408 constat,
2580 1343 2776 1397 nubem
2800 1340 3123 1394 rarefactam
3157 1350 3212 1394 et
3249 1339 3487 1412 solutum
3522 1339 3786 1411 aerum]

2248 1435 2290 1506 -Ῑ-
2323 1433 2465 1488 Beda
2514 1433 2568 1486 in
2597 1430 2789 1486 Genesi
2820 1429 3068 1502 (ﬂexam.
3099 1429 3195 1485 lib.
3232 1446 3274 1496 ι,
3312 1427 3416 1484 col.
3455 1427 3599 1498 29.):
3643 1428 3786 1500 [Hoc

2184 1525 2328 1581 enim
2355 1522 2513 1577 lactis
2541 1521 2811 1577 sideribus
2849 1520 2916 1574 ad
2951 1527 3297 1590 augmentum
3331 1520 3615 1588 primaria:
3649 1520 3784 1573 lucis

2187 1617 2436 1680 accessit,
2457 1623 2515 1670 ut
2542 1613 2707 1668 etiam
2729 1629 2835 1668 nox
2862 1612 3125 1666 luminosa
3147 1611 3493 1680 procederet,
3527 1609 3618 1664 vel
3645 1611 3786 1664 lunt

2187 1712 2372 1781 utique
2400 1707 2700 1782 splendore,
2742 1706 2825 1762 vel
2873 1705 3172 1766 stellarum,
3219 1703 3303 1757 vel
3347 1712 3590 1772 utroque
3643 1704 3782 1756 irra-

2187 1801 2353 1864 diata,
2403 1813 2524 1868 quae
2561 1805 2786 1852 eatenus
2829 1794 2962 1849 nihil
3008 1802 3204 1864 prater
3248 1793 3514 1847 tenebras
3556 1800 3784 1847 nover:l

2114 1897 2162 1958 B
2191 1893 2458 1962 antiquas.
2494 1888 2630 1944 Nam
2658 1887 2758 1944 etsi
2807 1885 2963 1942 nobis
3009 1884 3307 1955 smpissimc
3333 1899 3442 1938 nox
3491 1883 3786 1938 tenebrosa

2187 1982 2423 2047 videtur,
2449 1988 2504 2035 et
2525 1995 2689 2045 carea,
2715 1979 3003 2033 obscurato
3027 1974 3280 2030 videlicet
3309 1973 3594 2029 nebulosis
3613 1974 3785 2028 turhi~

2187 2073 2348 2130 nibus
2368 2086 2517 2138 aere,
2547 2069 2638 2140 qui
2668 2077 2826 2124 terrae
2848 2066 3128 2137 prosimus
3153 2073 3256 2130 est,
3286 2063 3574 2133 superiora
3603 2073 3785 2118 tamen

2139 2197 2154 2209 ~
2189 2163 2280 2220 illa
2308 2162 2501 2233 spatia,
2533 2175 2653 2232 quae
2671 2158 2890 2216 mtheris
2921 2155 3141 2212 nomine
3164 2163 3479 2219 censentur,
3518 2162 3578 2208 et
3606 2169 3640 2207 a
3671 2163 3784 2207 tur-

2188 2255 2410 2313 bulento
2442 2254 2548 2310 hoc
2585 2266 2713 2338 aere
2757 2264 2927 2319 usque
2965 2248 3033 2303 ad
3069 2246 3306 2303 siderum
3331 2245 3781 2316 pertingantcm-

2191 2348 2324 2416 lum,
2374 2336 2608 2416 semper
2646 2342 2718 2398 ob
2761 2342 3002 2398 siderum
3050 2337 3508 2396 circumeuntium
3560 2336 3786 2391 reddunt

2193 2438 2370 2496 lucida
2398 2431 2719 2508 fulgorem]

2262 2541 2304 2611 οι-
2337 2538 2469 2607 Quae
2490 2551 2611 2592 cum
2632 2535 2705 2590 ita
2728 2533 2836 2588 sint
2857 2531 2902 2588 si
2933 2538 3244 2587 sanctorum
3276 2544 3510 2599 corpora
3540 2531 3595 2584 in
3625 2529 3786 2585 cellis.

2194 2646 2345 2688 ream
2393 2626 2711 2700 qualitatem
2761 2621 3139 2686 mutabuntur,
3187 2628 3280 2674 aut
3325 2628 3492 2675 erunt
3539 2621 3704 2691 ignis,
3741 2631 3786 2674 et

2195 2720 2446 2778 amittent
2464 2715 2749 2772 veritatem
2773 2711 2976 2768 terreni
2995 2711 3258 2780 corporis,
3284 2718 3378 2764 aut
3400 2722 3570 2764 erunt
3597 2710 3789 2764 emtum

2196 2823 2251 2871 et
2275 2812 2474 2876 sidera,
2507 2817 2560 2864 et
2585 2807 2844 2863 carebunt
2881 2804 3230 2858 nihilominus
3278 2819 3467 2869 carne,
3495 2804 3718 2858 ossibus
3744 2811 3789 2857 et

2195 2902 2377 2960 nervis
2405 2914 2421 2954 :
2456 2897 2598 2969 quod
2628 2909 2792 2967 quam
2815 2894 2885 2949 sit
2916 2909 2946 2948 a
2970 2893 3286 2948 sinceritate
3313 2893 3651 2948 Christiana:
3677 2893 3790 2946 ﬁdei

2197 2993 2434 3049 alienum
2479 2986 2750 3044 neminem
2779 2983 3144 3039 studiosorum
3173 2982 3342 3037 latet:
3385 2998 3518 3036 nam
3559 2998 3684 3036 eum
3719 2983 3767 3035 di

2199 3095 2286 3144 cat
2318 3079 2605 3156 Apostolus
2635 3076 2692 3148 (1
2731 3075 2854 3131 Cor.
2899 3090 2990 3142 xv,
3022 3074 3085 3129 5i
3130 3084 3186 3132 et
3213 3059 3412 3145 seq):
3447 3077 3650 3128 Omnes
3679 3075 3784 3144 qui-

2199 3180 2317 3234 dem
2353 3187 2698 3244 resurgemus,
2728 3169 2820 3224 sed
2838 3167 2954 3246 _°non
2991 3183 3170 3222 omnes
3195 3167 3628 3229 immutabimur,
3661 3183 3785 3235 quae

524 3257 904 3359 compingitur.
971 3285 1144 3352 Quam
1194 3284 1306 3353 ipse
1353 3257 1615 3337 Dominus
1678 3277 1793 3348 jam
1857 3291 2100 3333 resurre-
2127 3270 2172 3334 C
2203 3285 2328 3325 nam
2352 3266 2439 3322 illa
2473 3264 2779 3320 immutatio
2809 3262 2959 3319 credi
3007 3259 3224 3322 debeat,
3267 3257 3383 3327 ipse
3421 3272 3530 3310 nos
3566 3257 3791 3309 doceat:

525 3381 706 3436 ctione
747 3377 1077 3451 glorificatus
1103 3390 1162 3432 se
1198 3375 1401 3432 habere
1438 3372 1769 3436 manifestat,
1799 3370 1893 3442 qui
1919 3370 2052 3426 dixit
2085 3387 2100 3424 :

532 3472 716 3527 Videte
734 3485 920 3524 manus
940 3485 1100 3531 meas,
1123 3477 1168 3522 et
1183 3465 1336 3538 pedes
1367 3481 1528 3530 meos,
1546 3463 1672 3534 quia
1702 3463 1811 3533 ipse
1833 3479 1925 3533 ego
1951 3476 2068 3516 sum
2083 3477 2102 3515 :

523 3561 753 3634 palpate,
795 3568 844 3614 et
879 3558 1046 3613 videte
1081 3556 1204 3630 quia
1232 3555 1446 3628 spiritus
1485 3570 1695 3608 carnem
1737 3561 1785 3607 et
1837 3569 1956 3606 ossa
2003 3567 2106 3606 non

524 3653 699 3720 habet,
719 3651 853 3706 sicut
885 3664 966 3703 me
998 3647 1180 3704 ridetis
1207 3645 1396 3701 habere
1417 3643 1578 3717 (Luc.
1611 3659 1761 3708 XXIV,
1801 3640 1926 3713 58).
1976 3642 2105 3696 ltem

437 3757 451 3768 '
528 3743 772 3816 apostolo
801 3740 1020 3797 Thomas
1055 3757 1068 3793 :
1099 3738 1250 3809 Infer
1293 3738 1513 3809 digitum
1549 3748 1698 3791 tuum
1737 3735 1860 3802 huc,
1900 3746 1948 3790 et
1995 3734 2110 3791 vide

529 3852 717 3890 manus
751 3850 917 3898 meas,
955 3840 1003 3887 et
1034 3831 1168 3900 aﬂ'er
1193 3846 1410 3884 manum
1438 3838 1606 3893 tuam,
1635 3837 1685 3882 et
1711 3828 1858 3880 mitte
1887 3826 1943 3880 in
1971 3825 2108 3880 latus
2139 3823 2147 3825 ’

529 3941 725 3991 meum,
751 3934 799 3979 et
830 3922 936 3976 noli
969 3937 1077 3976 esse
1104 3919 1424 3984 incredulus,
1450 3919 1541 3975 sed
1579 3917 1752 3989 ﬁdelis
1792 3916 1987 3990 (Joan.
2018 3933 2108 3982 xx,

531 4017 658 4087 i7).
699 4015 792 4069 llle
821 4013 965 4067 enim
1005 4011 1251 4067 dixerat:
1281 4009 1404 4065 Nisi
1431 4010 1608 4065 videro
1643 4009 1695 4063 in
1721 4008 1960 4063 manibus
1997 4008 2113 4080 ejus

533 4111 763 4180 ﬁxuram
788 4105 1073 4171 clavorum,
1093 4113 1142 4159 et
1166 4104 1372 4160 mittam
1397 4103 1617 4174 digitum
1646 4118 1818 4157 meum
1855 4102 1910 4156 in
1941 4099 2114 4156 locum

534 4199 823 4263 clavorum,
845 4206 891 4252 et
913 4196 1114 4252 mittam
1150 4212 1365 4252 manum
1391 4212 1560 4251 meam
1588 4196 1643 4250 in
1667 4193 1829 4261 latus,
1858 4210 1963 4249 non
2006 4210 2118 4248 cre-

534 4291 660 4346 dam
691 4302 708 4340 :
739 4288 933 4358 quibus
970 4285 1201 4357 palpatis
1241 4286 1522 4358 respondit
1566 4286 1804 4342 Thomas
1834 4293 1888 4340 et
1932 4285 2069 4340 dixit
2100 4303 2114 4340 ε

533 4378 791 4435 Dominus
813 4393 980 4443 meus,
1022 4386 1071 4433 et
1114 4377 1256 4434 Deus
1293 4395 1439 4433 meus
1468 4376 1667 4449 (Ibid.,
1698 4376 1788 4443 25,
1820 4375 1945 4448 28).
1992 4376 2118 4433 Haec

534 4473 592 4529 in
611 4471 854 4528 zelhereo
881 4483 1108 4538 corpore
1133 4484 1292 4539 posse
1318 4469 1437 4524 lieri
1459 4469 1638 4524 nullus
1663 4484 1900 4540 unquam
1927 4471 2118 4526 ortho-

535 4565 800 4619 doxorum
827 4559 1082 4626 asseruit,
1127 4559 1305 4615 nullus
1342 4558 1547 4616 docuit.
1577 4559 1655 4614 Tu
1686 4570 1865 4616 autem
1903 4561 1956 4615 in
1999 4559 2118 4615 Ori-

2206 3359 2527 3423 Seminatur,
2569 3356 2765 3425 inquit,
2798 3357 2856 3409 in
2898 3351 3251 3420 corruptione,
3301 3355 3480 3416 surget
3521 3347 3583 3401 in
3628 3347 3792 3400 incor-

2206 3451 2484 3522 ruptione;
2510 3446 2801 3502 seminatur
2825 3443 2880 3498 in
2915 3439 3264 3512 ignobilitate,
3286 3446 3462 3506 surget
3509 3437 3569 3489 in
3591 3436 3755 3505 gloria
3777 3478 3792 3496 ,

2205 3541 2494 3598 seminatur
2520 3539 2576 3593 in
2601 3535 2926 3606 infirmitate,
2950 3541 3125 3603 surget
3154 3531 3207 3584 in
3252 3530 3484 3591 virtute;
3514 3529 3790 3582 seminis:

2207 3644 2394 3700 corpus
2443 3627 2696 3692 animale,
2733 3633 2908 3694 surget
2968 3637 3155 3692 corpus
3200 3616 3474 3689 spiritale:
3517 3617 3590 3670 Et
3633 3627 3794 3670 Item:

2209 3721 2402 3778 Omnes
2431 3719 2638 3792 quidem
2685 3730 3032 3786 resurgemus,
3075 3711 3165 3768 sed
3194 3727 3298 3766 non
3326 3725 3514 3763 omnes
3559 3710 3795 3762 immuta-

2211 3815 2401 3869 bimur.
2428 3810 2494 3866 In
2533 3819 2813 3874 momento,
2839 3809 2895 3862 in
2918 3807 3024 3861 i'ctu
3059 3805 3215 3870 oculi,
3243 3805 3298 3857 in
3327 3802 3622 3857 nouissima
3649 3803 3796 3864 tuba;

2211 3913 2358 3960 canet
2413 3901 2552 3957 enim
2591 3899 2715 3954 tuba
2740 3939 2756 3965 ,
2805 3907 2852 3952 et
2897 3896 3091 3951 mortui
3139 3904 3409 3964 resurgent
3468 3893 3795 3960 incompti;

2213 4007 2260 4054 et
2305 4013 2398 4051 nos
2432 3992 2864 4048 immutabimur:
2901 3997 3100 4060 oportet
3149 3987 3285 4041 enim
3330 3987 3683 4054 corruptibile
3711 3987 3798 4038 he:

2213 4089 2432 4145 induere
2459 4079 2920 4152 incorruptionem,
2950 4091 2998 4135 et
3043 4077 3262 4133 mortale
3302 4078 3402 4130 hoc
3443 4078 3670 4131 induere
3713 4079 3802 4127 ἐει-

2215 4178 2608 4236 mortalitatem.
2643 4175 2782 4230 Ecce
2801 4171 3091 4242 Apostolus
3115 4168 3562 4224 immutationem
3591 4179 3804 4222 sancto-

2217 4287 2359 4337 rum,
2390 4285 2496 4325 non
2525 4266 2841 4324 substantia:
2889 4264 3258 4329 amissionem,
3306 4261 3401 4316 sed
3453 4261 3782 4331 gloriﬁcatio

2219 4378 2344 4418 nem
2381 4361 2655 4432 praedicat,
2691 4356 2959 4421 videlicet,
2995 4364 3056 4410 ut
3095 4369 3316 4423 corpus,
3350 4354 3496 4422 quod
3527 4369 3653 4408 cum
3686 4367 3804 4405 cor-

2219 4455 2492 4528 ruptione,
2522 4451 2875 4524 ignobilitate,
2899 4456 2954 4505 et
2975 4447 3288 4503 inﬁrmitate
3318 4445 3610 4515 sepelitur,
3643 4445 3697 4499 in
3724 4443 3804 4499 illa

2220 4543 2636 4603 resurrectionis
2681 4539 3016 4597 beatitudine
3073 4539 3478 4606 incorruptum,
3533 4537 3806 4596 validum,

536 4655 693 4726 genis
743 4653 882 4709 scita
914 4651 1188 4717 concedis,
1235 4650 1327 4721 qui
1358 4649 1729 4721 multipliciter
1767 4651 1833 4707 de
1871 4666 2100 4708 resurre-

2226 4636 2629 4711 gloriosumque
2682 4639 2953 4702 resurgat.
3017 4629 3096 4684 ita
3147 4629 3201 4684 in
3240 4628 3475 4682 veritate
3525 4643 3642 4681 sua:
3693 4626 3805 4680 sub-

536 4747 719 4802 ctione
743 4745 1032 4808 disserens,
1065 4741 1540 4809 resurrectionem,
1564 4741 2121 4814 glorificationemque

537 4853 826 4910 corporum
856 4835 1130 4892 multoties
1160 4835 1478 4907 ingeminat,
1510 4835 1698 4892 carnis
1729 4850 1862 4890 vero
1891 4834 1977 4889 vel
1999 4850 2119 4890 om-

537 4931 668 4986 nino
695 4935 873 5002 negat,
906 4926 991 4983 vel
1013 4925 1236 4982 subdole
1262 4924 1522 4981 vocabulo
1553 4926 1796 4996 corporis
1825 4925 2028 4995 palliat.

571 5024 593 5053 ⁶
611 5022 846 5079 Proinde
869 5021 1021 5093 prius
1043 5019 1393 5090 quaerendum
1419 5018 1649 5084 videtur,
1681 5018 1810 5090 quid
1838 5019 1909 5074 sit
1928 5019 2118 5084 aether,

457 5141 465 5173 ;
538 5123 603 5170 ut
623 5123 1018 5187 consequenter
1058 5124 1254 5170 caetera
1285 5113 1679 5183 competentius
1703 5121 2120 5183 pertractentnr.
2152 5173 2157 5178 ,

544 5205 800 5280 [Ᾱῐιὶιεξν⁹
849 5216 909 5263 ιιι
942 5207 1183 5264 lsidorus
1227 5208 1305 5263 ait
1353 5206 1536 5279 (Orig.
1588 5206 1683 5262 lib.
1737 5222 1858 5270 xm,
1887 5223 1937 5262 c.
1973 5207 2027 5272 5,
2059 5206 2122 5278 7)

543 5299 696 5356 locus
720 5307 804 5356 est
829 5299 884 5356 in
909 5314 1016 5370 quo
1037 5300 1215 5356 sidera
1238 5309 1384 5366 sunt,
1407 5308 1462 5355 et
1487 5297 1758 5370 signiﬁcat
1775 5313 1898 5352 eum
1923 5299 2123 5369 ignem,

543 5391 638 5462 qui
679 5407 711 5446 a
739 5400 854 5448 toto
900 5393 1103 5448 mundo
1142 5393 1199 5447 in
1241 5391 1405 5447 altum
1429 5390 1562 5464 [al.,
1592 5391 1645 5446 in
1666 5389 1936 5462 alterum]
1966 5406 2126 5461 sepa-

544 5492 698 5539 ratus
722 5492 824 5539 est.
855 5482 999 5539 Sane
1019 5483 1188 5539 aether
1216 5492 1300 5539 est
1323 5484 1500 5554 ipsum
1529 5482 1878 5548 elementum,
1921 5483 2125 5537 mthera

527 5589 678 5631 «vero
705 5573 961 5645 splendor
981 5574 1221 5642 aetheris,
1246 5583 1302 5631 et
1328 5583 1414 5630 est
1436 5589 1617 5630 sermo
1645 5572 1884 5630 Graecus.
1913 5573 2024 5628 Aer
2045 5586 2132 5629 est

547 5666 786 5724 inanitas
809 5666 1102 5738 plurimum
1119 5667 1329 5723 habens
1357 5667 1650 5722 admistum
1677 5666 1941 5732 raritatis,
1965 5681 2128 5737 quam

550 5767 746 5850 caetera
774 5758 1062 5824 elementa,
1089 5759 1178 5814 hic
1205 5765 1384 5813 autem
1412 5758 1609 5829 partim
1643 5760 1710 5814 ad
1743 5767 1964 5818 terram,
1999 5771 2128 5828 par-

519 5841 653 5902 .iim
679 5847 744 5900 ad
779 5841 1058 5903 caelestem
1104 5847 1384 5902 materiam
1428 5847 1677 5916 pertinet.
1711 5845 1844 5900 Nam
1879 5847 1965 5901 ille
1999 5846 2129 5900 sub-

2225 4731 2440 4788 stantiae
2453 4736 2509 4784 et
2531 4727 2820 4798 palpabile,
2851 4733 2904 4780 et
2931 4721 3233 4789 tractabile,
3251 4721 3464 4777 visibile
3486 4721 3806 4781 subsistens,

2221 4831 2282 4878 ut
2309 4821 2477 4894 gloria
2501 4835 2599 4891 pro
2625 4817 2833 4874 meritis
2861 4817 2910 4872 ei
2931 4815 3004 4871 sit
3022 4814 3226 4878 addita,
3255 4827 3359 4866 non
3407 4821 3608 4866 natura
3634 4812 3688 4866 in
3720 4827 3808 4864 na-

2223 4922 2401 4969 turam
2429 4911 2590 4967 aliam
2613 4909 2854 4982 quolibet
2884 4913 3192 4962 commento
3219 4912 3444 4959 mutata.

2294 5023 2449 5080 Unde
2485 5030 2540 5078 et
2583 5029 2803 5077 sanctus
2832 5018 3192 5088 Hieronymus
3225 5015 3276 5069 in
3309 5013 3558 5084 Epistola
3608 5013 3676 5068 ad
3715 5013 3804 5084 Ga-

2230 5114 2411 5170 latas:
2456 5111 2638 5186 [Cum
2676 5111 2844 5174 enim,
2909 5107 3109 5178 inquit,
3150 5116 3337 5162 sancto
3373 5108 3616 5159 mundus
3661 5105 3806 5158 fuerit

2230 5203 2540 5266 cruciﬁxus,
2575 5200 2921 5270 Nequaquam
2958 5207 3032 5252 est
3055 5197 3102 5251 ei
3138 5195 3487 5259 circumcisio,
3526 5203 3580 5248 et
3617 5209 3814 5262 prepa-

2232 5297 2382 5362 tium,
2419 5309 2523 5348 non
2559 5291 2802 5356 Judatus,
2843 5306 2936 5344 nec
2961 5286 3204 5353 Gentilis,
3244 5287 3336 5342 sed
3382 5302 3516 5339 noro
3555 5296 3815 5346 creature,

2230 5387 2284 5442 in
2311 5402 2468 5456 quam
2498 5383 2907 5453 transﬁguratur
2931 5395 3118 5449 corpus
3139 5378 3450 5432 humilitatis
3481 5388 3680 5430 nostra:
3703 5392 3818 5428 coa-

2229 5478 2399 5547 forme
2426 5475 2656 5546 corporis
2689 5472 2870 5544 gloria:
2903 5470 3099 5543 Christi
3121 5487 3141 5524 ε
3175 5479 3342 5524 cetera
3370 5468 3573 5537 quippe
3603 5467 3820 5520 transie-

2231 5580 2374 5634 runt,
2399 5585 2514 5622 ecce
2535 5568 2678 5637 facta
2702 5575 2820 5620 sunt
2850 5563 3025 5618 omnia
3051 5578 3206 5628 nova,
3240 5570 3284 5615 et
3311 5559 3580 5630 quomodo
3611 5558 3722 5612 alia
3751 5569 3819 5609 est

2229 5659 2398 5733 gloria
2419 5658 2567 5724 solis,
2587 5655 2697 5710 alia
2734 5655 2894 5721 lunte,
2927 5653 3034 5708 alia
3062 5651 3353 5715 stellarum,
3377 5647 3530 5703 stella
3566 5649 3757 5718 quippe
3791 5663 3820 5697 α

2231 5753 2385 5807 stella
2411 5751 2588 5821 differt
2626 5751 2680 5804 in
2721 5748 2911 5820 gloria,
2950 5748 3025 5802 sic
3060 5755 3108 5800 et
3145 5743 3455 5799 resurrectio
3493 5753 3818 5794 mortuorum

2236 5841 2621 5913 (Cal.vt,15;
2653 5839 2764 5894 Col.
2797 5855 2876 5903 ιιι,
2911 5839 2964 5892 ιι
2996 5854 3010 5903 ;
3055 5835 3116 5889 II
3154 5834 3272 5888 Cor.
3310 5848 3358 5895 ν,
3389 5832 3486 5896 i7;
3517 5829 3697 5890 [σοι’.
3735 5843 3812 5884 ιτ.
