3974 6344
179 441 202 496 1
213 436 315 493 59.5

1023 431 1114 488 DE
1152 425 1822 490 PRAEDESTINATIONE
1857 422 2134 482 CONTRA
2174 425 2226 480 ,1.
2271 422 2570 482 SCO'I‘UM.

3295 427 3433 481 15⁸30
3533 381 3540 392 Ι

175 549 304 620 Η),
336 547 402 604 de
427 561 530 616 qua
577 551 632 602 et
659 544 848 601 Daniel
875 544 993 616 pari
1031 559 1163 600 voce
1193 542 1488 600 concordat
1513 541 1744 597 dicens:
1775 542 1824 602 Α
1852 538 2100 594 novimus
2143 552 2266 594 eum
2307 537 2604 594 secundum
2625 550 2869 594 carnem.
2899 535 3062 592 Certe
3103 536 3159 592 in
3185 551 3434 594 resurre-

177 636 400 693 Plurimi
437 635 806 690 dormientium
835 635 901 689 de
927 644 1082 689 terra:
1107 633 1318 705 pulvere
1357 640 1588 702 surgent,
1625 630 1682 684 hi
1706 630 1765 683 in

175 729 328 784 vitam
367 737 634 792 a’ternam,
664 727 798 781 et‘lri
831 727 888 780 in
929 725 1262 797 opprobrium
1308 734 1357 779 et
1406 723 1764 793 confusionem

175 829 458 875 trternam:
505 817 576 871 Et
616 816 962 887 intelligentes
992 815 1280 886 fulgebunt,
1333 814 1466 868 sicut
1519 811 1766 882 splendor

175 909 509 978 ﬁrmamenti,
537 907 686 962 etde
728 907 895 976 justis
932 905 1084 960 multi
1129 906 1267 960 sicut
1313 903 1477 958 stella:
1500 903 1556 956 in
1581 899 1764 971 sempi-

174 1005 374 1053 ternum
402 997 574 1070 (Dan.
600 1014 698 1063 xu,
727 998 783 1062 ‘2,
815 996 904 1070 5).
931 997 1115 1066 Neque
1144 995 1286 1050 enim
1313 995 1367 1049 in
1393 993 1507 1049 sole
1534 1000 1588 1047 et
1610 991 1761 1062 luna,

177 1088 513 1144 ﬁrmamento
559 1101 614 1144 et
653 1088 821 1144 stellis
869 1087 1210 1144 circumcisio
1252 1086 1456 1156 aliquid
1482 1085 1626 1140 valet
1669 1085 1765 1137 aut

173 1179 508 1250 praeputium;
539 1179 635 1234 sed
665 1187 748 1234 est
777 1194 916 1234 nova
962 1178 1204 1235 conditio
1235 1177 1353 1232 sine
1383 1176 1468 1231 his
1509 1173 1760 1246 partibus

175 1283 481 1339 corporum,
511 1284 631 1339 qum
669 1277 895 1340 possunt
915 1269 1108 1324 secari.
1139 1269 1219 1322 lta
1245 1269 1410 1338 igitur
1429 1275 1482 1322 et
1523 1280 1624 1321 nos
1666 1263 1760 1334 qui

175 1359 442 1431 diligimus
474 1360 643 1414 Deum
692 1368 746 1414 et
791 1367 1088 1429 pneparata
1133 1369 1260 1414 sunt
1305 1357 1491 1422 nobis,
1520 1373 1638 1427 qua:
1667 1372 1760 1410 nec

173 1450 352 1505 oculus
379 1450 526 1512 vidit,
562 1466 656 1504 nec
700 1451 845 1503 auris
889 1449 1108 1515 audivit,
1163 1464 1255 1503 nec
1298 1449 1354 1502 in
1401 1463 1492 1501 cor
1529 1447 1758 1502 hominis

176 1543 516 1598 ascenderunt
560 1541 620 1614 (I
643 1539 765 1597 Cor.
811 1558 874 1608 ιι,
901 1542 993 1614 9),
1027 1557 1149 1598 cum
1178 1543 1245 1596 de
1271 1556 1499 1612 corpore
1531 1540 1756 1596 humili-

175 1636 297 1690 tatis
334 1633 702 1690 transformati
755 1633 1016 1689 fuerimus
1070 1634 1122 1688 in
1171 1647 1367 1704 corpus
1411 1632 1598 1702 gloriae
1644 1633 1753 1686 Do-

175 1727 303 1782 mini
334 1725 460 1781 Jesu
485 1725 708 1781 Christi.
737 1725 875 1780 Illud
917 1725 1235 1780 habebimus
1260 1741 1456 1796 corpus
1482 1725 1624 1796 quod
1653 1739 1753 1780 nec

1865 629 2043 686 ctione
2081 629 2268 685 eadem
2308 629 2416 685 erit
2454 642 2741 699 corporum
2775 626 3074 684 substantia
3100 667 3117 694 ,
3163 642 3268 698 qua
3294 642 3441 686 nunc

1865 722 2086 788 utimur,
2116 720 2244 777 licet
2267 721 2477 777 auctior
2501 721 2671 791 gloria
2698 733 2714 774 :
2738 735 2862 778 nam
2887 731 2945 776 et
2965 718 3216 778 Salvator
3233 723 3292 778 in
3319 731 3440 780 tan-

1865 820 1979 866 tum
2024 811 2200 882 ipsum
2251 825 2450 881 corpus
2487 810 2678 866 habuit
2722 821 2847 882 post
2895 810 3124 880 inferos,
3168 813 3224 870 in
3247 831 3357 886 quo
3383 826 3441 874 et

1862 903 2156 960 cruciﬁxus
2181 914 2298 970 est,
2331 902 2398 958 Ut
2428 920 2614 958 manus
2645 903 2940 974 perforatas
2979 905 3138 962 clauis
3172 918 3221 963 et
3257 908 3440 966 lateris

1862 993 2049 1049 vulnus
2073 991 2360 1050 ostenderet
2387 994 2570 1066 (Joan.
2600 1010 2692 1060 xx,
2713 995 2784 1050 20
2812 1005 2869 1051 et
2895 997 3008 1068 27).
3033 997 3204 1056 Porro
3222 1002 3268 1059 si
3293 1003 3440 1059 clau.

1861 1084 1933 1138 sis
1955 1085 2220 1155 ingressus
2245 1094 2320 1139 est
2347 1084 2493 1139 ostiis
2521 1083 2712 1156 (Ibid.,
2745 1086 2831 1152 15,
2861 1085 2972 1158 26),
3001 1091 3148 1158 quod
3176 1091 3440 1150 humano-

1861 1187 1982 1228 rum
2006 1188 2291 1244 corporum
2315 1182 2510 1228 natura
2546 1189 2652 1236 non
2675 1176 2919 1247 ,patitur;
2953 1191 3082 1250 ergo
3128 1190 3186 1235 et
3221 1178 3441 1239 Petrum

1860 1274 1917 1322 et
1941 1265 2222 1321 Dominum
2260 1267 2576 1338 negabimus
2601 1282 2729 1323 vera
2757 1269 3013 1328 habuisse
3051 1287 3280 1344 corpora
3301 1316 3318 1343 ,
3349 1279 3443 1350 qui

1857 1357 2252 1412 ambulaverunt
2277 1375 2433 1429 super
2449 1375 2614 1430 aquas
2639 1359 2854 1429 (Matth.
2870 1377 2983 1428 xw,
2998 1361 3070 1419 25
3085 1373 3132 1419 et
3153 1365 3270 1437 29),
3297 1370 3441 1438 quod

1857 1457 2042 1504 contra
2074 1457 2323 1503 naturam
2350 1457 2452 1506 BSL
2477 1449 2544 1504 In
2564 1453 2941 1506 resurrectione
2975 1465 3304 1512 mortuorum
3335 1474 3441 1514 non

1855 1542 2070 1606 nubent,
2091 1559 2251 1612 neque
2272 1542 2548 1607 nubentur,
2565 1543 2656 1598 sed
2670 1544 2865 1600 similes
2885 1556 3038 1602 erunt
3059 1549 3257 1620 angelis
3275 1550 3437 1623 (Luc.

1853 1649 1949 1699 xx,
2002 1634 2090 1700 55,
2129 1635 2242 1707 '56),
2289 1635 2433 1706 quod
2468 1635 2558 1690 alii
2589 1645 2772 1708 postea
2801 1637 2855 1692 in
2894 1639 3047 1697 ctelis
3076 1635 3242 1698 futuri
3271 1654 3439 1712 sunt,

1853 1724 1957 1780 hoc
1975 1725 2214 1795 virgines
2258 1726 2312 1781 in
2347 1734 2492 1782 terra
2520 1741 2644 1810 esse
2681 1739 2983 1803 cmperunt.
3032 1730 3090 1786 Si
3119 1731 3437 1804 angelorum

174 1818 384 1874 sudans
407 1822 578 1892 possit
605 1823 870 1887 incidere,
901 1838 1002 1878 nec
1030 1838 1152 1878 cum
1193 1822 1456 1894 praeputio
1477 1821 1750 1877 custodire
1784 1897 1827 1910 ﬁ
1850 1817 2008 1872 nobis
2028 1817 2322 1910 similitudo
2345 1819 2696 1888 promittitur,
2721 1820 2864 1877 inter
2883 1822 3102 1910 angelos
3123 1835 3306 1880 autem
3328 1841 3439 1881 non

174 1909 417 1979 Gentilis,
449 1928 623 1984 neque
647 1913 790 1968 aliud
821 1913 951 1986 [al.,
978 1929 1084 1968 non
1117 1913 1289 1986 quod]
1311 1913 1464 1982 juxta
1504 1913 1756 1970 substau-
1783 1897 1830 1957 Β
1857 1913 1942 1962 εει
1983 1913 2146 1963 Sexus
2182 1907 2489 1976 diVCI'SilaS,
2541 1917 2636 1965 θυι
2670 1911 2787 1967 Sine
2831 1905 2968 1968 ὕεια
2997 1913 3203 1971 erimus
3229 1955 3244 1982 9
3291 1916 3438 1986 quod

175 2003 302 2058 tiam
339 2006 427 2071 sit,
457 2007 548 2061 sed
577 2023 684 2077 quo
704 2007 858 2077 juxta
891 2007 1116 2078 gloriam
1146 2008 1218 2062 sit
1247 2005 1565 2080 diversum]

241 2095 282 2164 ἰ·
317 2095 463 2150 Idem
489 2097 541 2150 in
570 2099 906 2169 expositione
933 2097 1081 2153 Jonze
1111 2099 1404 2169 prophetze.
1449 2097 1555 2170 [Et
1579 2097 1751 2155 suble-

172 2185 311 2239 vabis
339 2185 403 2240 de
432 2189 764 2258 corruptione
785 2189 941 2242 vitam
966 2204 1154 2252 meam,
1187 2188 1406 2243 Domine
1442 2189 1579 2244 Deus
1604 2206 1754 2245 meus

172 2275 328 2345 (Jan.
369 2291 432 2343 ll,
473 2276 558 2347 7).
609 2277 958 2350 Septuaginta
995 2298 1008 2334 :
1044 2279 1118 2334 Et
1155 2282 1396 2334 ascendet
1435 2281 1500 2335 de
1537 2297 1755 2351 corrup-

171 2367 310 2421 tione
353 2370 458 2422 vita
485 2385 618 2432 mea,
669 2371 885 2427 Domine
917 2372 1053 2426 Deus
1082 2389 1250 2428 meus.
1287 2371 1580 2444 Propterea
1621 2375 1759 2430 dixit

173 2455 501 2522 sublevabis,
557 2459 639 2512 vel
686 2461 939 2516 ascendet
985 2463 1052 2517 de
1101 2464 1448 2532 corruptione
1475 2465 1586 2518 vita
1612 2479 1753 2529 mea,

171 2546 298 2614 quia
328 2548 394 2602 ad
419 2549 818 2619 corruptionem
843 2560 898 2606 et
923 2553 990 2607 ad
1013 2551 1222 2607 inferna
1246 2553 1618 2608 descenderat.
1644 2553 1759 2608 Hoc

170 2647 256 2692 est
284 2641 425 2708 quod
447 2642 673 2710 apostoli
712 2643 1136 2713 interpretantur
1162 2644 1374 2700 decimo
1411 2645 1598 2715 quinto
1619 2645 1758 2717 psal-

171 2741 262 2781 mo
287 2743 354 2781 cx
381 2743 610 2797 persona
639 2731 848 2786 Domini
894 2735 1276 2803 prophetatum
1302 2749 1317 2788 :
1353 2733 1614 2800 Quoniam
1652 2752 1757 2791 non

175 2815 500 2888 derelingues
526 2820 756 2875 animam
795 2838 961 2875 meam
987 2825 1042 2877 in
1069 2823 1294 2893 inferno,
1330 2841 1422 2878 nec
1453 2824 1601 2878 dabis
1633 2842 1755 2880 san-

171 2915 312 2958 ctum
341 2915 490 2961 tuum
515 2908 684 2964 videre
713 2911 1114 2981 corruptionem,
1143 2913 1285 2984 quod
1315 2914 1483 2968 David
1525 2915 1752 2982 scilicet,

173 3004 230 3050 et
257 3007 501 3054 mortuus
546 3001 616 3055 sit
657 3010 710 3056 et
755 3003 1035 3072 sepultus:
1067 3003 1363 3061 Salvatoris
1403 3018 1583 3061 autem
1629 3021 1756 3062 caro

173 3103 280 3142 non
309 3091 456 3145 videt
500 3091 626 3164 [al.,
654 3094 890 3166 videbit]
920 3099 1338 3168 corruptionem.
1371 3097 1474 3151 Alii
1504 3113 1636 3154 vero
1674 3099 1756 3154 in-

175 3189 564 3249 terpretantur,
606 3185 745 3253 quod
771 3187 840 3240 ad
883 3189 1338 3257 comparationem
1365 3189 1598 3245 caelestis
1627 3191 1754 3245 bea-

175 3271 422 3328 titudinis
449 3284 504 3329 et
527 3277 678 3331 verbi
702 3277 795 3332 Dei
819 3278 1114 3334 humanum
1137 3295 1333 3350 corpus
1361 3283 1634 3352 corruptio
1659 3283 1750 3350 sit,

173 3365 320 3434 quod
360 3366 658 3422 seminatur
685 3369 738 3423 in
765 3371 1134 3440 corruptione,
1161 3381 1216 3428 et
1243 3373 1299 3428 in
1337 3375 1636 3429 centesimo
1672 3389 1760 3431 se-

174 3456 354 3512 cundo
402 3459 614 3528 psalmo
671 3464 736 3516 ex
779 3477 1008 3533 persona
1051 3463 1184 3534 justi
1231 3466 1612 3538 signiﬁcetur:
1654 3468 1758 3535 Qui

172 3557 333 3600 sanat
363 3565 538 3604 omnes
566 3551 897 3620 inﬁrmitates
919 3564 1060 3622 tuas,
1095 3557 1186 3627 qui
1211 3558 1424 3613 redemit
1443 3575 1508 3613 ea:
1533 3559 1756 3634 [al.,de]

171 3641 389 3696 interitu
414 3644 575 3697 vitam
609 3656 774 3700 tuam.
805 3647 960 3704 Unde
987 3657 1041 3705 et
1060 3649 1350 3720 Apostolus
1374 3643 1554 3708 dicat:
1596 3653 1758 3710 Miser

173 3749 269 3802 ego
291 3735 468 3802 homo,
499 3739 615 3808 quis
640 3755 722 3793 me
749 3739 988 3796 liberabit
1023 3743 1088 3798 de
1109 3760 1322 3816 corpore
1355 3747 1538 3800 mortis
1561 3747 1760 3818 hujus?

173 3825 194 3896 (
214 3823 367 3878 Rom.
392 3841 486 3891 vn,
513 3827 638 3899 24),
663 3838 719 3884 et
741 3832 1038 3902 appelletur
1056 3849 1244 3905 corpus
1266 3837 1447 3890 mortis
1468 3836 1550 3890 vel
1567 3853 1756 3905 corpus

171 3914 506 3972 Itumiliratis.
537 3919 650 3974 Hoc
685 3921 757 3974 illi
802 3923 870 3977 ad
915 3925 1252 3978 occasionem
1284 3939 1394 3978 sum
1423 3925 1621 3979 ducant
1649 3927 1758 3980 hac-

171 4020 379 4072 reseos,
406 4018 465 4062 ut
485 4010 584 4064 sub
614 4024 841 4080 persona
871 4011 1070 4066 Christi
1113 4013 1446 4066 mentiantur
1483 4012 1756 4068 Antichri-

172 4106 356 4164 stum,
401 4099 668 4155 Ecclesias
695 4109 946 4168 teneant,
980 4112 1041 4158 ut
1065 4111 1306 4159 ventrem
1346 4105 1754 4176 pinguissimum

170 4193 439 4258 nutriant,
481 4202 536 4250 ct
576 4195 867 4250 carnaliter
893 4197 1154 4263 viventes,
1183 4207 1370 4253 contra
1400 4200 1756 4257 carncm'dis-

168 4291 363 4351 putent
408 4302 422 4338 :
465 4291 565 4340 nes
602 4297 779 4342 autem
826 4290 1027 4344 scimus
1077 4288 1143 4343 de
1192 4290 1502 4361 incorrupta
1549 4291 1755 4361 virgine

169 4389 370 4445 corpus
403 4387 708 4448 asumptum
756 4395 862 4434 non
901 4381 1303 4450 corruptionem
1331 4381 1533 4437 Christi
1565 4383 1750 4450 fuisse,

169 4466 268 4520 sed
313 4469 589 4538 templum.
641 4469 793 4535 Quod
837 4470 880 4524 si
931 4471 983 4524 in
1031 4470 1274 4540 Apostoli
1325 4475 1390 4528 ad
1446 4472 1754 4530 Corinthios

170 4556 234 4627 (1
266 4557 390 4612 Cor.
421 4574 509 4622 xv,
535 4559 636 4630 44)
665 4561 985 4616 sententiam
1019 4561 1301 4627 trahimur,
1332 4563 1383 4616 in
1425 4578 1531 4633 qua
1557 4579 1752 4634 corpus

167 4647 372 4701 dicitur
409 4650 668 4718 spiritale,
707 4665 774 4704 ne
817 4653 1140 4706 contentiosi
1179 4654 1477 4721 videamur,
1509 4656 1750 4712 dicemus

169 4737 350 4806 ipsum
376 4741 590 4808 quidem
619 4757 817 4812 corpus
843 4752 896 4798 ct
925 4746 1166 4799 eamdem
1199 4761 1416 4800 carnem
1445 4763 1746 4819 resurgere,

169 4845 294 4900 qua:
321 4831 526 4902 sepulta
557 4843 658 4900 est,
687 4851 807 4904 qua:
834 4835 886 4890 in
919 4837 1082 4892 humo
1109 4839 1320 4892 condita
1351 4848 1433 4894 est
1452 4881 1466 4905 ,
1499 4841 1590 4895 sed
1635 4858 1749 4895 mu-

169 4932 294 4978 tare
344 4939 464 4979 eam
509 4925 756 4997 gloriam,
794 4944 900 4985 non
960 4939 1169 4986 mutare
1211 4943 1481 4988 naturam.
1535 4934 1748 5006 Oportet

168 5014 310 5067 enim
338 5017 691 5086 corruptivum
707 5019 802 5073 hoc
814 5020 1031 5075 induere
1053 5021 1515 5092 incorruptionem,
1538 5035 1585 5078 et
1610 5041 1748 5079 mor-

169 5103 278 5158 tale
302 5105 398 5160 Itoc
432 5108 646 5163 induere
674 5109 1136 5178 immortalitatem,
1160 5114 1373 5183 quando
1394 5114 1594 5170 dicitur
1623 5117 1748 5182 hoc,

169 5197 571 5264 quodammodo
591 5200 798 5256 duobus
819 5202 1058 5274 digitulis
1082 5207 1528 5275 comprehensum
1553 5223 1750 5278 corpus

171 5289 495 5356 ostenditur,
529 5290 631 5344 hoc
672 5293 724 5346 in
766 5308 872 5362 quo
912 5295 1204 5362 nascimur,
1235 5296 1338 5351 hoc
1371 5297 1425 5350 in
1475 5312 1582 5366 quo
1632 5314 1749 5352 mo-

171 5379 368 5444 rimur,
400 5379 504 5435 hoc
532 5383 674 5452 quod
706 5383 897 5438 timent
923 5375 1181 5455 recipere,
1200 5388 1290 5457 qui
1315 5389 1571 5458 puniendi
1599 5399 1745 5456 sunt,

172 5471 278 5526 hoc
305 5475 444 5542 quod
478 5475 758 5544 virginitas
793 5487 1069 5554 exspectat
1110 5479 1176 5533 ad
1216 5482 1539 5550 praemium;
1591 5483 1746 5538 adul-

173 5562 370 5616 terium
399 5564 651 5620 formidat
678 5568 744 5622 ad
776 5567 1036 5642 pannum]

243 5654 285 5722 -ι-
320 5653 464 5707 ldem
511 5655 563 5708 in
614 5655 751 5710 libro
799 5666 985 5711 contra
1041 5657 1381 5715 Jovtuianum
1429 5661 1490 5716 l:
1526 5663 1650 5735 [Qui
1693 5665 1744 5721 in

172 5739 448 5798 Christum
479 5745 751 5802 credimus
798 5748 998 5805 Christi
1026 5759 1298 5806 sectamur
1346 5755 1591 5824 exempla
1647 5759 1744 5813 etsi

175 5848 498 5892 noveramus
548 5837 694 5894 illum
735 5839 884 5897 iuxta
931 5856 1169 5911 carnem,
1217 5844 1308 5901 sed
1334 5844 1446 5916 jam
1472 5863 1611 5904 nunc
1641 5865 1743 5905 non

1855 1998 2029 2070 angeli
2063 2012 2190 2056 sunt
2215 2010 2308 2056 aut
2327 2010 2479 2057 certe
2504 2002 2648 2073 quod
2675 2003 2879 2076 liquido
2908 2008 3316 2079 comprobatur.
3349 2026 3440 2066 rc-

1855 2097 2140 2160 surgentes
2189 2092 2244 2146 in
2281 2091 2504 2163 proprio
2559 2107 2689 2149 sexu
2715 2133 2731 2160 ,
2777 2110 2941 2154 sexus
2993 2113 3102 2154 non
3152 2097 3442 2170 fungemur

1853 2176 2081 2252 ofﬁcim]

1923 2269 1965 2340 -ξο
1992 2269 2325 2342 Augustinus
2377 2273 2434 2327 in
2476 2273 2615 2330 libro
2657 2275 3008 2334 Enchiridion
3053 2280 3196 2352 (cap.
3255 2281 3362 2355 88)
3416 2303 3430 2340 :

1857 2357 1997 2431 [Non
2026 2360 2171 2415 enim
2198 2363 2339 2432 perit
2364 2364 2474 2419 Deo
2495 2373 2708 2422 terrena
2741 2370 3016 2436 materies,
3052 2371 3120 2426 de
3147 2389 3254 2444 qua
3285 2390 3435 2431 mor-

1856 2449 2046 2504 talium
2093 2461 2314 2507 creatur
2356 2469 2532 2510 caro:
2582 2457 2678 2512 sed
2721 2458 2777 2512 in
2824 2461 3118 2530 quemlibet
3160 2464 3448 2533 pulverem

1855 2541 2163 2599 cineremve
2199 2545 2478 2613 solvatur,
2528 2549 2584 2604 in
2629 2551 2902 2620 quoslibet
2941 2553 3140 2611 halitus
3169 2571 3439 2629 aurasque

1856 2629 2119 2700 dill'ugiat,
2143 2633 2198 2688 in
2223 2649 2602 2709 quamcunque
2619 2641 2848 2697 aliorum
2875 2659 3160 2715 corporum
3189 2649 3441 2705 substan-

1855 2721 1987 2776 tiam
2014 2724 2098 2778 vel
2131 2725 2184 2779 in
2213 2725 2326 2796 ipsa
2357 2727 2625 2784 elementa
2648 2737 2918 2801 vertatur,
2971 2735 3026 2790 in
3067 2753 3437 2807 quorumcun-

1855 2827 1959 2883 que
1985 2807 2299 2895 animalium
2320 2819 2482 2874 etiam
2510 2821 2786 2878 hominum
2807 2826 2986 2880 cibum
3008 2828 3168 2883 cedat
3191 2845 3440 2887 carnem-

1855 2919 1958 2974 que
2002 2916 2278 2976 mutetur,
2313 2911 2388 2965 illi
2417 2912 2612 2968 anima:
2664 2915 2913 2972 humanae
2952 2929 3153 2988 puncto
3181 2925 3438 2993 temporis

1854 2997 1996 3053 redit
2024 2998 2143 3071 [al.,
2177 3003 2395 3076 reddit],
2422 3020 2542 3075 quae
2579 3007 2725 3064 illam
2753 3011 3004 3081 primitus
3023 3054 3038 3081 ,
3063 3023 3124 3070 ut
3143 3014 3318 3073 homo
3345 3019 3441 3074 ﬁe-

1855 3099 1952 3154 ret,
1976 3102 2269 3162 cresceret,
2291 3097 2520 3164 viveret,
2549 3100 2857 3175 animavit.]

1780 3241 1826 3302 C
1925 3204 1967 3276 -ι-
1997 3204 2062 3260 Ει
2087 3214 2209 3277 post
2235 3206 2414 3278 aliqua
2441 3209 2627 3282 (lbid.,
2674 3229 2794 3284 cap.
2823 3215 2952 3287 9]):
2996 3216 3301 3291 Resurgent
3330 3219 3435 3294 igi-

1862 3303 1950 3351 tur
1981 3307 2292 3354 sanctorum
2325 3316 2550 3372 corpora
2579 3304 2697 3359 sine
2726 3305 2832 3360 ullo
2857 3307 3021 3374 vitio,
3066 3309 3184 3365 sine
3212 3310 3318 3366 ulla
3343 3313 3441 3368 de-

1859 3383 2159 3452 formitate,
2203 3389 2344 3445 sicut
2371 3391 2490 3447 sine
2519 3392 2626 3448 ulla
2662 3398 3036 3467 corruptione,
3068 3415 3253 3468 onere,
3293 3403 3436 3458 difﬁ-

1859 3477 2084 3546 cultate,
2144 3480 2200 3535 in
2227 3481 2426 3552 quibus
2464 3492 2611 3540 tanta
2656 3487 2911 3556 facilitas,
2965 3503 3166 3560 quanta
3206 3493 3440 3553 felicitas

1857 3568 1983 3622 erit.
2017 3567 2246 3640 Propter
2269 3574 2412 3643 quod
2441 3583 2496 3629 et
2521 3577 2784 3646 spiritalia
2817 3580 2960 3634 dicta
2992 3591 3137 3649 sunt,
3167 3599 3289 3638 cum
3311 3603 3438 3656 pro-

1857 3659 1944 3714 cul
1961 3661 2123 3717 dubio
2145 3678 2370 3735 corpora
2400 3666 2510 3722 sint
2534 3667 2736 3735 futura,
2769 3687 2874 3725 non
2907 3674 3144 3742 spiritus.
3165 3675 3271 3732 Sed
3295 3680 3438 3735 sicut

1858 3768 2002 3807 nunc
2029 3769 2224 3824 corpus
2253 3756 2488 3812 animale
2538 3759 2754 3826 dicitur,
2808 3765 2950 3832 quod
3001 3773 3180 3823 tamen
3214 3783 3435 3840 corpus,

1858 3861 1964 3899 non
1995 3845 2176 3900 anima
2206 3855 2290 3902 est
2313 3889 2329 3914 ,
2362 3849 2436 3922 ita
2460 3867 2604 3906 nunc
2632 3853 2874 3922 spiritale
2903 3871 3098 3929 corpus
3123 3861 3226 3914 erit
3251 3879 3266 3914 :
3318 3878 3438 3918 cor-

1857 3948 1956 4002 pus
1983 3942 2186 4001 tamen,
2221 3953 2327 3994 non
2359 3941 2581 4010 spiritus
2604 3943 2729 3998 erit.
2762 3941 2994 4002 Proinde
3021 3960 3280 4020 quantum
3305 3957 3436 4008 atti-

1858 4033 1952 4079 net
1977 4025 2045 4079 ad
2070 4029 2494 4099 corruptionem,
2536 4048 2654 4102 qua:
2696 4052 2840 4092 nunc
2877 4050 3136 4110 aggravet
3192 4045 3434 4101 animam

1858 4113 2006 4187 (Sap.
2027 4131 2104 4182 Ix,
2122 4118 2210 4190 15)
2233 4121 2370 4178 etad
2389 4122 2539 4188 vitia,
2556 4125 2751 4196 quibus
2777 4144 2903 4183 caro
2925 4131 3179 4188 adversus
3192 4135 3434 4204 spiritum

1855 4210 2169 4280 concupiscit
2185 4211 2329 4284 (Gal.
2359 4215 2441 4278 v,l
2455 4215 2530 4286 7),
2549 4225 2678 4272 tunc
2693 4235 2797 4274 non
2819 4221 2922 4276 erit
2936 4239 2997 4278 ea
3007 4239 3085 4290 ro,
3103 4227 3194 4281 sed
3209 4243 3431 4298 corpus,

1855 4298 1980 4368 quia
2010 4309 2064 4353 et
2092 4301 2334 4358 coelestia
2362 4321 2590 4374 corpora
2634 4311 3007 4381 perhibentur,
3036 4329 3260 4388 propter
3287 4323 3430 4391 quod

1856 4389 2058 4445 dictum
2088 4401 2206 4448 est:
2235 4393 2369 4450 Caro
2396 4407 2443 4450 et
2481 4401 2694 4470 sanguis
2732 4419 2946 4474 regnum
2992 4406 3093 4462 Dei
3126 4427 3232 4464 non
3260 4389 3432 4482 possi-

1855 4485 2136 4552 debunt,et
2160 4497 2415 4560 tanquam
2437 4506 2713 4566 exponens
2729 4497 2857 4566 quid
2879 4499 3077 4556 dixerit
3096 4520 3108 4556 :
3129 4503 3311 4576 Neque
3324 4525 3434 4562 cor-

1857 4577 2046 4647 ruptio,
2066 4577 2258 4648 inquit,
2275 4581 2711 4654 incorruptionem
2724 4590 3004 4657 possidebit
3023 4591 3077 4664 (1
3090 4592 3429 4666 Cor.xv,50).

1853 4666 2006 4735 Quod
2053 4671 2203 4740 prius
2243 4672 2416 4726 dixit:
2458 4671 2594 4729 Caro
2639 4687 2686 4731 et
2721 4683 2959 4750 sanguis,
3010 4683 3114 4738 hoc
3162 4688 3433 4756 posterius

1852 4759 1988 4813 dixit
2015 4763 2318 4844 corruptio;
2349 4772 2404 4818 et
2425 4766 2566 4834 quod
2595 4767 2746 4838 prius
2771 4787 2984 4840 regnum
3026 4773 3145 4839 Dei,
3180 4776 3283 4832 hoc
3307 4792 3431 4848 pos-

1852 4850 2022 4906 terius
2068 4851 2529 4923 incorruptionem.
2583 4857 2853 4924 Quantum
2901 4872 3080 4918 autem
3135 4865 3330 4921 attinet
3361 4868 3430 4921 ad

1851 4939 2229 5007 substantiam,
2256 4944 2418 4998 etiam
2457 4953 2581 5002 tunc
2607 4964 2736 5004 caro
2765 4951 2888 5005 erit.
2921 4952 3148 5024 Propter
3182 4953 3326 5025 quod
3375 4968 3433 5013 et

1847 5037 1970 5098 post
2009 5033 2457 5090 resurrectionem
2505 5052 2702 5108 corpus
2740 5039 2940 5096 Christi
2989 5059 3117 5100 caro
3161 5047 3429 5117 appellata

1855 5117 1984 5194 [al.,
2014 5121 2377 5197 appellatum]
2401 5134 2481 5181 est
2506 5126 2668 5198 (Luc.
2701 5145 2849 5195 xxtv,
2887 5131 3012 5204 39).
3043 5133 3148 5188 Sed
3194 5135 3314 5191 ideo
3350 5137 3429 5193 ait

1852 5212 2176 5281 Apostolus:
2203 5215 2507 5272 Seminatur
2526 5237 2712 5289 corpus
2737 5223 2986 5290 animale,
3012 5239 3186 5297 surget
3211 5227 3328 5300 [al.,
3353 5247 3430 5286 re-

1851 5301 2060 5375 surget]
2107 5321 2293 5376 corpus
2335 5307 2568 5378 spiritale
2611 5309 2673 5381 (1
2699 5311 2820 5366 Cor.
2862 5329 2951 5381 xv,
2999 5315 3124 5386 44),
3171 5321 3426 5389 quoniam

1855 5399 2005 5446 tanta
2032 5395 2136 5450 erit
2163 5405 2289 5452 tunc
2317 5399 2605 5454 concordia
2652 5403 2832 5459 carnis
2882 5415 2936 5460 et
2978 5408 3225 5478 spiritus,
3253 5412 3430 5466 viviﬁ-

1856 5494 2015 5542 cante
2043 5489 2256 5557 Spiritu,
2289 5490 2406 5546 sine
2451 5496 2820 5552 sustentaculo
2849 5497 3077 5572 alicujus
3117 5502 3425 5575 indigentia:

1853 5576 2365 5650 [al.,sustentaculi
2411 5582 2736 5660 indigentia]
2787 5590 3056 5647 subditam
3098 5608 3343 5663 carnem,
3369 5604 3430 5652 ut

1854 5667 1986 5722 nihil
2016 5667 2170 5723 nobis
2203 5681 2462 5743 repugnet
2491 5689 2556 5729 ex
2587 5676 2742 5733 nobis
2767 5720 2783 5744 ,
2814 5680 2908 5736 sed
2958 5682 3098 5738 sicut
3141 5683 3274 5741 foris
3322 5702 3423 5743 ne-

1854 5759 2053 5815 minem
2086 5776 2187 5817 nec
2232 5762 2305 5818 ita
2334 5765 2480 5822 intus
2507 5784 2606 5824 nos
2637 5770 2782 5840 ipsos
2808 5780 3078 5844 patiamur
3103 5778 3393 5852 inimicos.’

1923 5853 1963 5923 ’ξ-
1999 5851 2289 5927 Gregorius
2319 5857 2371 5914 in
2396 5859 2581 5918 Moral.
2616 5863 2704 5920 lib.
2743 5882 2854 5938 xiv,
2883 5883 2931 5925 c.
2962 5869 3030 5928 58
3060 5889 3073 5926 :
3111 5870 3254 5945 [Sed
3293 5851 3425 5929 ecce

3940 4043 3941 4064 ι

3940 4141 3941 4164 ι

3939 4197 3941 4226 4

3939 4325 3941 4364 l
