3974 6344
608 381 746 438 ιδξι

1609 380 1666 437 S.
1708 382 2083 441 PBUDENTII
2119 382 2506 443 TRECENSIS
2542 383 2849 443 EPISCOPI

3643 393 3743 453 an

602 493 1058 553 resurrectionem
1084 494 1268 559 audio,
1316 492 1565 549 effectum
1600 501 1780 550 tamen
1809 493 2051 565 ejusdem
2100 511 2185 550 re-
2212 501 2261 558 Α
2300 493 2522 550 Verbum
2558 512 2682 551 caro
2718 495 2918 562 factum
2940 500 3040 559 est,
3069 503 3116 549 et
3143 493 3376 551 habitavit
3398 497 3447 552 in
3474 502 3737 571 noenum

608 587 969 647 surrection'is
996 588 1258 658 exquiro:
1292 586 1453 641 credo
1494 602 1728 656 namque
1753 588 1881 656 quia
1910 602 2187 643 resurrec-

518 714 523 719 -
602 691 761 736 turns
786 695 927 743 sum,
968 679 1065 735 sed
1100 678 1239 742 volo,
1290 688 1348 732 ιιι
1396 678 1611 732 audiam
1665 679 1860 749 qualis,
1908 679 2188 735 sciendum

602 771 804 843 quippe
828 771 959 826 mibi
990 778 1099 834 est,
1128 778 1308 823 utrum
1356 768 1409 822 in
1453 768 1687 836 quodam
1715 768 1821 823 alio
1850 767 2055 833 subtili,
2084 767 2192 822 for-

604 872 751 918 tasse
782 861 1077 924 vclaereo,
1099 875 1168 913 an
1197 859 1251 913 in
1282 874 1349 911 co
1376 874 1484 928 quo
1519 859 1722 913 moriar
1749 873 1978 928 corpore
2008 873 2191 913 resur-

604 968 750 1023 gam.
778 951 931 1019 Quod
957 951 1009 1006 si
1036 951 1088 1005 in
1113 965 1274 1006 aereo
1298 965 1528 1020 corpore
1559 966 1925 1014 resurrexero,
1949 949 2062 1018 jam
2088 964 2191 1022 ego

600 1058 710 1098 non
739 1056 861 1106 ero,
890 1040 981 1111 qui
1014 1054 1239 1112 resurgo
1278 1058 1295 1094 :
1326 1056 1451 1095 nam
1496 1042 1771 1111 quomodo
1795 1052 1879 1097 est
1925 1058 2055 1097 vera
2100 1057 2189 1098 re-

601 1134 887 1199 surrectio,
912 1133 957 1188 si
982 1149 1111 1189 vera
1138 1147 1261 1189 esse
1289 1148 1394 1187 non
1414 1133 1617 1202 poterit
1644 1149 1771 1189 caro
1791 1133 1815 1187 ἳ
1838 1133 2038 1206 Aperta
2060 1149 2191 1206 ergo

599 1224 739 1278 ratio
768 1223 1028 1295 suggerit,
1042 1224 1168 1293 quia
1188 1223 1235 1279 si
1258 1239 1386 1278 vera
1409 1238 1539 1278 caro
1560 1238 1666 1278 non
1688 1223 1873 1288 fuerit,
1891 1225 2191 1293 proculdu-

597 1313 688 1367 bio
704 1314 1033 1368 resurrectio
1043 1327 1175 1367 vera
1191 1329 1296 1369 non
1324 1313 1458 1378 crit;
1487 1328 1662 1382 neque
1682 1312 1827 1369 enim
1842 1322 1989 1369 recte
2014 1328 2193 1369 resur-

598 1403 773 1459 rectio
792 1403 899 1459 diei
924 1411 1122 1473 potest,
1148 1403 1239 1459 ubi
1270 1420 1374 1458 non
1400 1404 1631 1474 resurgit
1662 1404 1806 1474 quod
1833 1403 2050 1459 cecidit.
2082 1404 2189 1460 Sed

598 1493 698 1547 lxas
720 1493 903 1558 nobis,
928 1492 1087 1548 beate
1104 1492 1226 1558 Job,
1256 1493 1546 1548 dubietatis
1569 1493 1792 1549 nebulas
1821 1494 1968 1557 tolle,
1989 1503 2046 1549 et
2061 1482 2188 1564 quia

595 1600 694 1653 per
734 1593 1015 1655 acceptam
1065 1584 1239 1640 sancti
1282 1584 1516 1654 Spiritus
1559 1586 1786 1657 gratiam
1813 1587 1880 1645 de
1906 1600 2001 1657 spe
2034 1588 2191 1643 nobis

599 1677 746 1745 Intltti
773 1686 973 1733 nostra:
999 1676 1423 1733 resurrectionis
1442 1678 1681 1748 cepisti,
1701 1691 1887 1748 aperte
1909 1677 2114 1748 judica,
2140 1679 2187 1733 si

597 1784 728 1825 caro
751 1777 939 1825 nostra
968 1768 1239 1825 veraciter
1262 1778 1529 1841 resurgat.
1554 1768 1812 1840 Sequitur
1835 1790 1853 1826 :
1882 1770 1949 1825 Et
1978 1787 2189 1827 rursum

2293 602 2334 649 t.
2366 587 2489 656 ib);
2523 602 2654 643 caro
2686 601 2819 643 vero
2839 587 2994 657 juxta
3022 584 3253 656 culpam,
3278 587 3408 642 sicut
3430 591 3641 660 scriptum
3656 609 3739 651 εςις

2296 677 2420 733 Non
2455 678 2773 748 permanebit
2800 677 2855 731 in
2878 676 3173 731 hominibus
3197 675 3302 731 istis
3333 675 3532 748 Spiritus
3551 697 3684 747 meus,
3702 703 3741 739 et

2289 768 2428 839 quod
2451 776 2571 822 sunt
2601 784 2725 822 caro
2760 763 2911 836 (Cen.
2940 781 3016 830 γι,
3046 764 3135 837 3);
3164 773 3218 821 et
3247 766 3377 823 sicut
3402 766 3633 843 Psalmista
3659 775 3739 831 ait:

2292 859 2620 913 Memoratus
2648 867 2732 912 est
2754 858 2880 927 quia
2906 872 3031 910 caro
3063 865 3202 920 sunt,
3227 857 3423 927 spiritus
3452 858 3604 913 eadem
3625 873 3743 917 aras

2291 952 2495 1005 rediens
2520 948 2694 1020 (Psal.
2728 964 2936 1013 Lxxvtt,
2966 948 3094 1020 59);
3130 947 3265 1002 unde
3284 955 3335 1003 et
3360 949 3594 1020 discipulis
3610 952 3741 1010 Paulus

2290 1038 2507 1095 dicebat
2537 1057 2552 1093 :
2585 1037 2691 1093 Vos
2711 1048 2886 1093 autem
2912 1038 2967 1093 in
2995 1054 3155 1092 carne
3192 1053 3289 1091 non
3310 1039 3440 1099 estis,
3462 1040 3537 1093 sed
3555 1042 3597 1094 in
3617 1044 3740 1112 spirit;

2291 1130 2472 1201 (Rom.
2508 1146 2628 1196 vnt,
2662 1129 2740 1201 9);
2773 1144 2951 1200 neque
2975 1129 3121 1185 enim
3154 1129 3207 1184 in
3242 1144 3393 1184 carne
3418 1146 3509 1186 non
3530 1137 3742 1203 erantqui-

2289 1221 2393 1277 bus
2420 1219 2689 1290 Epistolas
2720 1218 3143 1282 transmittebant,
3171 1217 3262 1273 sed
3287 1218 3402 1287 quia
3424 1220 3647 1289 passiones
3660 1238 3741 1276 car-

2289 1311 2493 1367 nalium
2523 1310 2917 1366 desideriorum
2939 1309 3212 1372 vicerant,
3239 1308 3349 1379 jam
3370 1306 3507 1365 liberi
3542 1314 3742 1382 pervia-

2291 1412 2400 1458 tem
2431 1401 2673 1471 spiritus,
2712 1401 2765 1457 in
2791 1413 2956 1457 carne
2978 1415 3093 1455 non
3122 1410 3293 1457 erant.
3332 1400 3472 1468 Quod
3492 1417 3597 1473 ergo
3615 1402 3743 1459 Paulus

2290 1490 2565 1561 apostolus
2584 1489 2717 1545 dicit
2745 1501 2762 1545 :
2794 1487 2933 1555 Quia
2946 1506 3071 1543 caro
3096 1501 3146 1544 et
3165 1491 3373 1560 sanguis
3392 1506 3571 1560 regnum
3581 1489 3652 1545 Dei
3666 1509 3739 1560 por

2286 1584 2458 1638 sidere
2486 1600 2591 1638 non
2629 1591 2847 1654 possunt
2889 1580 2940 1652 (ι
2968 1580 3091 1636 Cor.
3119 1598 3225 1648 xv,
3250 1581 3565 1653 50),carneut
3586 1581 3669 1637 vult
3692 1598 3743 1639 se-

2290 1676 2523 1731 cundum
2549 1674 2763 1743 culpam
2792 1673 3041 1746 intelligi,
3074 1690 3181 1730 non
3209 1689 3419 1730 carnem
3438 1677 3741 1731 secundums-

2291 1776 2502 1833 tnram;
2528 1767 2671 1822 unde
2699 1776 2755 1821 et
2781 1782 2905 1822 mox
2932 1782 3061 1837 quia
3085 1782 3305 1823 carnem
3333 1767 3585 1821 secundum
3603 1768 3742 1838 culpae

607 1860 979 1917 circumdabor
1026 1858 1160 1930 pelle
1185 1875 1301 1915 mea
1332 1850 1465 1932 (Job
1516 1876 1633 1925 xtx,
1653 1860 1724 1915 25
1738 1858 1778 1931 ).
1838 1860 1974 1916 Dum
2004 1872 2189 1932 aperte
2220 1878 2264 1938 Β
2291 1859 2518 1924 diceret,
2542 1857 2779 1913 ostendit
2810 1857 3047 1913 subdens
3077 1874 3090 1910 :
3126 1855 3304 1926 Neque
3331 1858 3561 1927 corruptio
3590 1856 3743 1911 iacem-

604 1950 766 2025 pcllis
780 1949 1000 2017 dicitur,
1024 1949 1203 2006 omnis
1218 1949 1484 2029 dubitatio
1503 1964 1647 2005 verae
1665 1951 2075 2007 resurrectionis
2098 1968 2193 2007 au-

600 2042 796 2109 fertur,
833 2042 963 2113 quia
1000 2056 1108 2097 non
1136 2041 1276 2097 sicut
1303 2041 1546 2111 Enticins
1583 2041 2195 2110 Constantinopolitance

601 2134 760 2188 urbis
781 2125 1069 2204 episcopus
1082 2132 1317 2203 scripsit,
1342 2147 1539 2203 corpus
1552 2141 1795 2189 nostrum
1812 2133 1863 2188 in
1888 2133 1989 2189 alia
2007 2149 2189 2190 resur-

599 2222 859 2295 rectionis
881 2220 1048 2293 gloria
1075 2220 1181 2277 erit
1202 2220 1565 2293 impalpabilc,
1581 2223 1773 2291 ventis,
1802 2236 2037 2292 aereque
2063 2224 2191 2278 sub-

601 2314 789 2381 tilius;
831 2313 886 2369 in
904 2302 909 2307 ’
928 2311 1017 2369 illa
1046 2311 1191 2369 enim
1221 2314 1640 2369 resurrectionis
1680 2312 1851 2384 gloria
1870 2312 2188 2384 eritcorpus

599 2417 847 2465 nostrum
871 2405 1069 2463 subtile
1095 2405 1314 2475 quidem
1332 2420 1429 2476 per
1451 2404 1702 2463 eil‘ectum
1729 2405 1986 2476 spiritalis
2001 2415 2186 2476 poten-

600 2503 714 2570 tia,
747 2502 843 2557 sed
862 2498 1128 2572 palpabile
1151 2512 1250 2569 per
1287 2499 1568 2555 veritatem
1604 2508 1829 2553 natura}.
1846 2497 2000 2554 Unde
2025 2497 2187 2552 etiam

599 2592 935 2662 Redemptor
959 2597 1146 2645 noster
1165 2574 1536 2644 dubitantibus
1565 2589 1633 2645 de
1655 2604 1752 2645 sua
1788 2589 2188 2645 resurrectione

599 2679 910 2752 discipulis,
944 2675 1184 2733 Ostendit
1217 2694 1436 2743 manus,
1472 2687 1520 2732 et
1554 2677 1694 2733 latus
1714 2719 1730 2745 ,
1764 2678 2029 2748 palpanda
2064 2693 2186 2734 ossa

599 2782 929 2839 carnemque
964 2762 1195 2837 praebuit
1226 2765 1413 2821 dicens
1443 2783 1457 2820 :
1492 2762 1715 2836 Palpate
1756 2777 1804 2821 et
1838 2765 2026 2832 videte,
2052 2768 2189 2837 'quia

601 2865 817 2937 spiritus
839 2881 957 2918 ossa
978 2871 1026 2917 et
1049 2876 1259 2917 carnem
1281 2877 1385 2915 non
1407 2860 1582 2926 liabet,
1604 2861 1738 2915 sicut
1764 2877 1846 2916 me
1874 2861 2058 2917 ridetis
2090 2861 2189 2915 Ita-

606 2957 725 3013 bere
755 2954 908 3028 (Luc.
936 2969 1092 3021 xxiv,
1111 2952 1226 3025 38).
1253 2951 1358 3021 Qui
1384 2967 1507 3009 cum
1537 2952 1749 3008 Eutieio
1773 2954 1944 3009 eidem
1970 2952 2024 3008 in
2049 2952 2189 3009 Con-

601 3045 1076 3116 stantinopolitana
1092 3043 1225 3098 urbe
1244 3041 1454 3113 positus
1468 3042 1570 3097 boc
1581 3040 1851 3113 Evangelii
1866 3039 1991 3113 {al.,
2008 3041 2187 3095 Evan-

603 3136 785 3213 gelica:
828 3132 1110 3207 veritatis]
1146 3130 1512 3189 testimonium
1539 3131 1905 3203 protulissem,
1934 3131 2011 3186 ait
2050 3149 2063 3185 :
2101 3130 2188 3186 ld-

2254 1978 2261 1990 -
2291 1951 2480 2024 ptelam
2504 1950 2805 2021 possidebit.
2847 1948 2905 2005 In
2932 1949 3023 2005 illa
3054 1964 3190 2020 ergo
3223 1949 3447 2007 celestis
3483 1950 3605 2021 regni
3634 1949 3741 2019 gloria

2291 2058 2418 2099 caro
2446 2041 2740 2098 secundum
2782 2050 3037 2097 naturam
3057 2041 3186 2107 erit,
3210 2041 3303 2097 sed
3338 2040 3590 2097 secundum
3608 2040 3739 2095 deside

2290 2133 2371 2187 ria
2400 2132 2668 2203 passionis
2698 2130 3175 2204 [al.,passionum]
3203 2146 3309 2187 non
3340 2132 3456 2197 erit,
3479 2132 3584 2201 quia
3605 2132 3739 2185 devicto

2290 2223 2484 2281 mortis
2506 2221 2694 2279 aculeo
2720 2224 2773 2277 in
2792 2231 2997 2278 aeterna
3024 2221 3421 2293 incorruptione
3440 2222 3649 2293 regnabit.
3662 2219 3739 2286 Qui-

2289 2317 2391 2374 bus
2446 2310 2611 2373 dictis
2670 2315 2811 2372 idem
2866 2316 3113 2373 Euticins
3155 2315 3452 2372 consentire
3491 2329 3540 2372 se
3581 2316 3739 2385 pmtinas

2290 2409 2585 2480 respondit.
2615 2407 2723 2464 Sed
2758 2416 2939 2465 tamen
2965 2406 3146 2463 adhuc
3170 2422 3364 2476 corpus
3386 2404 3609 2477 palpabile
3624 2418 3736 2458 remr-

2288 2517 2415 2573 gcre
2442 2516 2600 2569 posse
2627 2499 2952 2569 denegabat,
2982 2498 3076 2568 qui
3106 2499 3275 2555 etiam
3303 2499 3355 2553 in
3381 2496 3557 2563 libello,
3573 2493 3739 2565 queui:

2288 2590 2705 2647 Resnrrectione
2758 2588 3092 2658 scripserat,
3155 2586 3307 2643 Pauli
3367 2600 3553 2656 quoque
3595 2580 3740 2654 apostoli

2288 2681 2655 2739 testimonium
2677 2680 2947 2736 indiderat
2970 2679 3238 2735 dicentis:
3261 2678 3335 2733 Tu
3355 2679 3480 2750 quod
3499 2677 3740 2731 sentinam

2288 2771 2599 2842 viriﬁcatur,
2630 2770 2729 2825 nisi
2755 2766 2902 2841 prius
2931 2771 3228 2836 moriatur;
3250 2779 3298 2826 et
3321 2769 3450 2841 quod
3469 2767 3656 2829 seminat,
3677 2779 3739 2817 aut

2288 2877 2475 2932 corpus
2502 2859 2643 2931 quod
2665 2859 2905 2929 futurum
2931 2868 3028 2925 est,
3071 2861 3325 2925 seminus,
3376 2858 3458 2914 sed
3488 2857 3641 2912 ulla
3667 2867 3739 2922 grs-

2287 2966 2411 3005 num
2445 2947 2497 3021 (I
2521 2948 2644 3004 Cor.
2666 2963 2759 3013 xv,
2795 2947 2920 3020 56);
2952 2948 3055 3003 boc
3096 2948 3360 3003 nimirqu
3389 2945 3623 3003 ostendere
3650 2938 3738 2995 festi-

2286 3053 2427 3097 nans
2448 3040 2574 3111 quia
2598 3054 2727 3095 caro
2756 3040 2840 3095 vel
2887 3039 3272 3111 impalpabilis,
3301 3041 3383 3096 vel
3420 3041 3520 3110 ipsa
3557 3052 3637 3091 non
3665 3034 3737 3093 erit.

2287 3132 2413 3188 dum
2435 3140 2654 3188 sanctus
2678 3130 2953 3202 apostolus
2990 3132 3059 3187 de
3101 3130 3503 3188 resurrectionis
3521 3141 3646 3200 agens
3672 3123 3737 3194 3b-

605 3227 749 3282 circo
774 3227 878 3282 hoc
920 3225 1181 3281 Dominus
1220 3222 1369 3290 fecit,
1418 3232 1478 3280 ut
1517 3223 1908 3281 dubitationem
1942 3236 2185 3280 resurre-
2212 3233 2256 3296 (ζ
2288 3224 2370 3278 ria
2398 3241 2411 3278 :
2444 3221 2562 3278 Non
2594 3236 2791 3292 corpus
2817 3220 2963 3292 quod
2988 3220 3235 3277 futurum
3248 3229 3328 3277 est
3361 3218 3582 3275 seminari
3601 3214 3739 3271 dixerit.

604 3316 802 3373 ctionis
822 3330 934 3370 sua:
957 3313 1022 3369 de
1051 3312 1431 3382 discipulorum
1458 3313 1713 3370 cordibus
1737 3324 2029 3371 amoveret.
2062 3314 2183 3380 Cui,

605 3421 845 3479 mquam.
895 3404 1034 3460 mira
1057 3411 1141 3460 est
1170 3418 1258 3460 res
1286 3403 1441 3460 valde
1472 3418 1634 3474 quam
1683 3402 1902 3469 astrnis,
1953 3412 2013 3459 ut
2060 3402 2186 3461 inde

604 3499 762 3559 nobis
794 3496 1042 3553 dubietas
1078 3503 1305 3568 surgat,
1350 3493 1493 3551 unde
1531 3492 1912 3565 discipulorum
1950 3492 2111 3550 corda
2153 3509 2185 3549 a

603 3590 880 3651 dubietate
916 3592 1103 3643 sanata
1130 3595 1277 3642 sunt.
1307 3584 1447 3654 Quid
1471 3585 1616 3641 enim
1662 3584 1901 3641 deterius
1941 3585 2046 3640 dici
2089 3600 2185 3655 po-

603 3693 708 3741 tcst
749 3697 910 3757 quam
951 3688 1011 3738 ut
1040 3680 1144 3737 boc
1169 3676 1326 3734 nobis
1355 3679 1421 3735 de
1462 3675 1580 3746 ejus
1608 3692 1737 3734 vera
1772 3691 1935 3733 carne
1963 3675 2184 3733 dubium

604 3776 722 3842 ﬁat,
765 3791 864 3849 per
897 3768 1040 3847 quod
1065 3768 1311 3845 discipuli
1346 3771 1462 3843 ejus
1495 3770 1564 3826 ad
1601 3770 1758 3825 iidem
1790 3758 1863 3826 ab
1885 3768 2033 3825 omni
2060 3774 2185 3824 sunt

602 3865 878 3925 dubietate
903 3862 1175 3935 reparati‘!
1203 3859 1301 3937 [αι.
1321 3901 1337 3928 ,
1366 3860 1601 3933 separati
1614 3859 1661 3934 ἳ]
1689 3861 1743 3917 Si
1768 3861 1910 3917 enim
1945 3861 2048 3917 hoc
2075 3876 2182 3916 non

606 3952 861 4013 habuisse
904 3953 1165 4010 astruitur
1208 3951 1351 4024 quod
1395 3951 1662 4018 ostendit;
1716 3951 1861 4007 unde
1905 3950 2037 4008 lich
2076 3951 2183 4007 dis-

601 4044 794 4120 cipulis
822 4044 941 4115 ejus
976 4044 1295 4102 confirmata
1331 4052 1434 4111 est,
1477 4043 1601 4100 inde
1638 4052 1826 4099 nostra
1866 4043 2184 4108 destruitur,

601 4137 695 4209 qui
738 4134 1076 4207 adiungebat
1131 4133 1300 4190 etiam
1350 4132 1536 4191 dicens
1586 4150 1601 4189 :
1652 4131 1860 4204 Corpus
1916 4131 2184 4203 palpabile

602 4226 825 4291 habuit,
855 4223 997 4295 quod
1022 4222 1258 4279 ostendit
1296 4236 1312 4277 :
1359 4222 1455 4278 sed
1495 4231 1619 4297 post
1666 4223 1985 4280 confirmata
2019 4222 2183 4278 corda

602 4314 956 4391 palpantium,
986 4330 1149 4371 omne
1170 4314 1299 4370 illud
1327 4315 1382 4370 in
1419 4315 1647 4371 Domino
1676 4315 1819 4391 quod
1847 4313 2052 4386 palpari
2088 4329 2187 4385 po-

603 4409 713 4466 tuit
754 4408 808 4464 in
847 4406 1198 4463 subtilitatem
1232 4412 1317 4462 est
1351 4405 1582 4475 aliquam
1620 4407 1916 4461 redactum.
1947 4404 2030 4459 Ad
2072 4405 2187 4461 haec

604 4502 723 4575 ipse
754 4496 1034 4571 respondit
1060 4496 1247 4552 dicens
1276 4494 1603 4577 {Scriptum
1631 4504 1715 4551 est
1744 4513 1759 4551 :
1791 4494 2030 4553 Christus
2061 4512 2184 4551 sur-

2289 3311 2394 3368 Sed
2424 3312 2491 3369 ad
2522 3311 2639 3367 haec
2664 3311 2825 3367 citius
2843 3310 3225 3382 respondetur,
3274 3324 3395 3365 nam
3423 3308 3588 3363 Paulus
3606 3310 3738 3373 aposto-

2284 3402 2370 3459 lus
2393 3402 2579 3459 diccus
2601 3418 2615 3455 :
2644 3400 2769 3456 Non
2784 3416 2983 3473 corpus
2996 3401 3137 3472 quod
3164 3401 3399 3473 futurum
3410 3410 3477 3455 est
3493 3389 3736 3457 scalisaut!

2286 3497 2487 3553 nudum
2512 3513 2763 3568 granum,
2784 3511 3008 3567 granum
3030 3494 3138 3551 ltoc
3164 3495 3399 3550 insinuat
3418 3491 3544 3564 quod
3569 3488 3737 3543 videmus.

2284 3588 2419 3660 quia
2440 3604 2662 3660 granum
2684 3602 2807 3643 cum
2832 3585 3009 3642 culmo
3038 3593 3093 3642 et
3120 3584 3268 3642 foliis
3286 3585 3525 3650 nascitur,
3548 3577 3736 3652 quodsiat

2285 3680 2465 3737 culmo
2510 3688 2569 3735 et
2609 3679 2754 3735 foliis
2804 3678 3127 3734 seminatur.
3154 3677 3252 3733 llle
3279 3678 3451 3746 itaque
3481 3675 3527 3729 in
3552 3676 3736 3739 augmento

2285 3770 2469 3845 gloria:
2506 3769 2919 3827 resurrectionis
2944 3784 3052 3825 non
3090 3769 3232 3825 dixit
3249 3783 3411 3841 grano
3434 3760 3738 3822 seminudus:

2284 3863 2430 3935 quod
2452 3870 2594 3930 erat,
2628 3862 2724 3919 sed
2754 3861 2945 3917 adesse
2999 3858 3146 3931 quod
3196 3875 3304 3916 non
3346 3864 3476 3915 erat.
3518 3855 3600 3909 lste
3631 3856 3733 3904 autem

2285 3954 2413 4010 dum
2439 3968 2629 4008 verum
2675 3967 2871 4022 corpus
2903 3965 3189 4021 resurgere
3228 3950 3468 4021 denegat,
3508 3948 3738 4013 nequit]iam

2285 4044 2416 4101 dicit
2445 4040 2632 4101 adesse
2657 4044 2801 4114 quod
2831 4043 3039 4105 deerat,
3062 4041 3160 4097 sed
3177 4040 3365 4098 deesse
3385 4038 3512 4110 quod
3531 4042 3633 4090 erat.
3648 4026 3737 4081 Tum

2284 4134 2470 4206 itaque
2496 4133 2602 4190 hac
2627 4133 2697 4190 de
2720 4148 2778 4188 re
2808 4132 2862 4188 in
2889 4131 3047 4205 longa
3084 4131 3431 4187 contentione
3457 4118 3650 4200 perducti
3664 4128 3737 4185 tte

2283 4224 2505 4280 vissima
2528 4239 2559 4279 a
2578 4224 2735 4280 nobis
2759 4224 3023 4296 coepimus
3047 4224 3215 4281 simul
3239 4220 3440 4279 ratione
3456 4216 3638 4273 resilire.
3657 4206 3738 4261 CIIII

2285 4312 2389 4385 piae
2415 4315 2691 4370 memoria:
2720 4310 2974 4369 Tiberius
2993 4313 3382 4370 Constantinus
3416 4310 3664 4379 imperator.
3687 4307 3737 4349 κ’

2285 4416 2436 4465 creto
2454 4423 2542 4464 me
2562 4418 2618 4464 et
2647 4408 2796 4463 illum
2809 4408 3126 4479 suscipiens,
3145 4409 3276 4480 quid
3292 4407 3427 4461 inter
3451 4418 3536 4459 nos
3558 4389 3741 4453 discordi!

2286 4508 2600 4555 versaretur
2627 4498 2866 4571 agnovit,
2895 4508 2951 4553 et
2991 4499 3277 4570 utriusque
3298 4496 3459 4569 partis
3479 4486 3742 4560 allegationum

602 4573 787 4665 genta
828 4588 1049 4644 mortuis
1084 4586 1200 4657 jam
1242 4573 1346 4640 non
1384 4586 1625 4652 moritur,
1662 4601 1805 4641 mors
1831 4586 1879 4641 ei
1908 4585 2048 4642 ultra
2079 4604 2184 4643 non
2216 4601 2264 4663 ι)
2289 4605 2545 4662 pensans,
2575 4589 2824 4644 eumdem
2888 4587 3086 4644 librum
3129 4604 3293 4659 quem
3331 4588 3394 4644 de
3445 4573 3742 4665 Restiti-etiisne

603 4682 963 4742 dominabitur
986 4680 1157 4756 (Rom.
1189 4697 1266 4748 vr,
1296 4680 1383 4753 9);
1422 4680 1467 4737 si
1504 4680 1632 4752 quid
1666 4695 1797 4751 ergo
1822 4681 1876 4736 in
1916 4680 2033 4753 ejus
2072 4696 2188 4736 cor-

603 4788 739 4849 pore
773 4780 911 4845 post'
938 4771 1388 4828 resurrectionem
1428 4770 1607 4841 potuit
1652 4772 1947 4841 immutari,
1996 4783 2187 4829 contra

602 4868 900 4924 vet'idicam
939 4865 1089 4920 Pauli
1140 4863 1502 4929 sententiam,
1560 4871 1682 4935 post
1733 4864 2184 4919 resurrectionem

608 4957 824 5013 Domini
848 4956 1005 5012 rediit
1037 4956 1090 5012 in
1121 4964 1384 5021 mortem;
1420 4952 1562 5025 quod
1601 4953 1725 5025 quis
1749 4953 1927 5008 dicere
1950 4952 2035 5009 vel
2061 4952 2191 5008 stul-

607 5058 694 5104 tus
716 5054 1028 5118 praesumat,
1054 5044 1157 5101 nisi
1179 5044 1270 5114 qui
1285 5059 1470 5101 veram
1497 5043 1680 5099 carnis
1699 5041 1816 5111 ejus
1838 5043 2187 5099 resurrectio-

605 5150 733 5191 nem
758 5134 1023 5205 denegat?
1052 5141 1181 5188 tunc
1217 5131 1350 5188 mibi
1387 5130 1584 5202 objecit
1616 5131 1801 5186 dicens
1831 5149 1845 5186 :
1884 5132 2017 5187 Cum
2048 5132 2185 5187 scri-

605 5234 761 5296 ptum
788 5224 860 5279 sit
896 5242 910 5279 :
955 5221 1093 5279 Caro
1117 5231 1164 5277 et
1195 5220 1407 5293 sanguis
1428 5237 1642 5292 regnum
1673 5220 1767 5275 Dei
1790 5222 2054 5294 possidere
2085 5238 2188 5276 non

606 5311 898 5386 possunt“
922 5312 1042 5369 Cor.
1088 5324 1180 5378 xv,
1221 5312 1312 5383 50)
1330 5352 1346 5379 ,
1373 5327 1482 5383 qua
1510 5311 1723 5369 ratione
1749 5313 2075 5368 credendum
2104 5322 2188 5369 est

606 5390 1198 5482 resurgerevcraciter
1221 5422 1472 5474 carnem;
1502 5406 1624 5474 cui,
1651 5407 1891 5485 inquam,
1935 5407 1990 5463 in
2034 5421 2189 5465 sacro

608 5501 829 5572 eloquio
854 5498 1013 5555 aliter
1033 5513 1161 5555 caro
1182 5498 1380 5554 dicitur
1403 5496 1558 5567 juxta
1584 5508 1856 5570 naturam,
1897 5505 2060 5568 atque
2089 5498 2186 5553 ali-

610 5602 695 5651 ter
730 5591 884 5663 juxta
929 5591 1142 5662 culpam
1187 5588 1267 5646 vel
1302 5590 1706 5660 corruptionem
1753 5608 1766 5644 :
1814 5604 1942 5646 caro
1989 5589 2187 5662 quippe

608 5680 759 5749 iusta
794 5690 1073 5748 naturam,
1117 5679 1258 5736 sicut
1282 5679 1542 5751 scriptum
1575 5688 1659 5736 est
1690 5694 1707 5736 :
1740 5679 1855 5735 Hoc
1883 5697 2021 5736 nunc
2041 5696 2097 5736 os
2121 5680 2187 5736 de

606 5754 812 5831 aedibus
846 5773 997 5836 meis,
1025 5782 1070 5825 et
1098 5787 1221 5825 caro
1246 5770 1310 5825 de
1342 5786 1499 5825 carne
1518 5787 1631 5827 mea
1656 5770 1809 5843 (Gen.
1832 5788 1894 5837 tt,
1925 5772 2037 5843 23).
2069 5771 2135 5828 Et
2167 5789 2182 5827 :

2293 4660 2607 4751 scripserat,
2632 4679 2746 4735 suis
2775 4694 2987 4749 quoque
3006 4677 3415 4751 allegationibus
3433 4676 3667 4731 destructa.
3686 4660 3741 4714 ἅθ’

2292 4772 2543 4829 liberavit
2569 4783 2630 4827 ut
2680 4769 2911 4826 flammis
2961 4770 3191 4827 cremari
3245 4769 3518 4826 debuisset.
3552 4760 3586 4816 Δ
3611 4752 3743 4828 quo!“

2292 4865 2496 4938 egressi
2539 4880 2762 4930 sumus,
2801 4878 2888 4919 me
2930 4861 3194 4935 aegritudo
3225 4860 3413 4927 valida,
3438 4855 3635 4915 eumdem
3666 4852 3741 4895 Vm

2294 4950 2571 5010 Enticium‘
2610 4950 2874 5026 aegritudo
2927 4961 2984 5008 et
3029 4968 3177 5009 mors
3220 4952 3459 5024 protinus
3496 4953 3563 5001 est
3600 4942 3740 4994 seculi:

2292 5059 2400 5116 quo
2427 5051 2662 5111 mortuo,
2688 5042 2815 5113 quia
2836 5056 2974 5113 pene
3001 5041 3179 5100 nullus
3203 5032 3323 5098 crat
3355 5039 3439 5112 qui
3459 5034 3556 5104 eius
3579 5028 3741 5116 die“?

2291 5112 2567 5206 queretur.
2599 5112 2933 5191 dissimulavi
2962 5144 3138 5206 coepta
3158 5131 3423 5207 prosequi,
3449 5143 3508 5183 ne
3533 5126 3578 5180 in
3603 5112 3743 5173 labi-le

2293 5221 2425 5297 [al.,
2464 5220 2708 5295 favillas]
2740 5222 2955 5280 viderer
2990 5224 3159 5280 verba
3201 5219 3441 5294 jaculari.
3478 5212 3594 5270 Dntu
3631 5210 3742 5258 ιιιωθε
3834 5268 3835 5297 ἰ

2293 5316 2470 5371 adhuc
2488 5315 2694 5371 viveret
2712 5323 2767 5369 et
2786 5328 2888 5387 ego
2906 5314 3247 5373 validissimis
3268 5312 3491 5369 febribus
3506 5303 3743 5373 egrotanti.

2292 5408 2598 5479 quicunque
2638 5407 2750 5463 noti
2781 5407 2889 5462 mei
2923 5406 2991 5461 ad
3014 5421 3138 5463 eum
3166 5399 3488 5461 salutationis
3509 5389 3641 5465 gratia
3666 5392 3742 5479 μετέ

2292 5478 2512 5572 gebatit,
2561 5509 2623 5555 ut
2664 5512 2849 5555 eorum
2896 5497 3157 5554 relatione
3203 5491 3439 5567 cognovi,
3483 5493 3586 5542 ante
3622 5478 3742 5572 es“?

2290 5566 2474 5649 oculos
2514 5591 2709 5664 pellem
2754 5607 2945 5647 manus
2971 5606 3083 5647 sua!
3109 5566 3321 5646 tenebat
3345 5585 3536 5642 dicens:

2291 5682 2416 5752 quia
2456 5697 2646 5749 omnes
2678 5666 2742 5738 in
2781 5682 2888 5740 bac
2927 5696 3093 5739 carne
3126 5689 3472 5752 resurgemns,
3514 5661 3626 5741 quod
3655 5656 3744 5752 δίθξί

2293 5773 2393 5844 ipsi
2434 5773 2759 5843 fatebantur,
2801 5774 3022 5831 omnino
3062 5773 3209 5844 prius
3239 5746 3431 5842 negare
3472 5746 3739 5821 masteran
