3974 6344
191 433 194 436 .
213 381 342 440 1529

1053 379 1144 434 DE
1183 369 1856 432 PREDESTINATIONE
1893 369 2168 426 CONTRA
2209 367 2262 424 J.
2304 369 2606 426 SCOTUM.

3325 373 3462 428 1330

211 497 312 552 Sed
337 509 437 550 nos
471 495 572 548 Ista
615 495 1020 564 postponentes,
1049 489 1102 542 in
1139 488 1282 544 beati
1309 485 1410 540 Job
1440 486 1852 544 scrmonibusA
1883 482 1978 535 Dei
1999 499 2102 534 non
2127 481 2458 552 possidebunt
2487 482 2536 553 (1
2566 481 2690 536 Cor.
2709 499 2794 548 xv,
2819 481 2942 552 50),
2969 499 3073 538 non
3099 485 3464 558 intelligentes

191 587 472 644 subtiliter
503 585 876 654 quuiramus,
921 581 966 636 si
1003 595 1126 634 vera
1165 580 1270 634 erit
1307 577 1634 632 resurrectio
1681 589 1776 630 ve-

213 677 434 747 rumque
455 689 652 745 corpus
673 674 726 728 in
753 673 1170 728 resurrectione.
1217 671 1352 725 Ecce
1385 671 1532 724 enim
1573 669 1684 738 jam
1713 668 1780 722 de

191 783 300 838 .spe
327 763 736 822 resurrectionis
763 763 1010 818 dubitare
1043 777 1140 818 nos
1185 775 1470 830 possumus
1497 761 1624 813 dum
1666 759 1778 812 ait:

212 860 276 914 Et
291 862 346 914 in
369 859 646 912 novissimo
669 857 752 910 die
775 855 838 910 de
861 863 1000 910 terra
1019 863 1350 918 surrecturus
1375 869 1490 908 sum
1511 851 1632 922 (Job
1657 867 1780 916 xxv,

209 949 328 1020 26).
376 947 712 1004 Dubietatem
753 961 966 1016 quoque
1011 945 1076 1000 de
1121 943 1458 1014 reparatione
1495 957 1622 996 vera
1665 957 1786 996 eor-

197 1039 354 1108 .poris
377 1037 616 1102 abstulit,
646 1037 872 1106 quiuit:
915 1035 980 1088 Et
1025 1051 1232 1090 rursum
1273 1033 1638 1088 circumdabor
1653 1031 1786 1102 pelle

209 1145 342 1182 mea.
369 1127 470 1196 Qui
497 1127 670 1182 adhuc
695 1127 760 1180 ad
791 1127 1110 1182 auferendus
1133 1127 1388 1194 ambages
1407 1133 1602 1180 nostra:
1635 1123 1784 1196 cogi-

213 1219 430 1274 tationis
459 1219 676 1274 subdit:
709 1217 778 1272 Et
817 1219 874 1272 in
915 1234 1072 1272 carne
1099 1235 1212 1272 mea
1233 1217 1410 1272 videbo
1433 1216 1618 1270 Deum.
1651 1215 1786 1270 Ecce

211 1307 658 1362 resurrectionem
677 1347 694 1372 ,
741 1321 868 1362 ecce
905 1305 1127 1375 pellem,
1169 1321 1298 1362 ecce
1327 1319 1546 1360 carnem
1587 1305 1788 1374 apertis

215 1389 432 1454 vocibus
459 1397 658 1454 fatetur
685 1413 698 1452 :
723 1397 848 1468 quid
877 1413 1008 1466 ergo
1031 1407 1270 1452 remanet
1289 1399 1432 1452 unde
1451 1399 1622 1468 possit
1639 1411 1788 1452 tuens

195 1499 396 1544 nostra
429 1487 712 1564 dubitare?
741 1489 798 1542 Si
843 1489 1022 1558 itaque
1061 1489 1162 1544 iste
1189 1489 1271 1542 vir
1311 1497 1530 1542 sanctus
1557 1497 1684 1542 ante
1706 1489 1786 1542 ef-

199 1579 412 1646 fectum
438 1579 856 1636 resurrectionis
881 1579 1172 1634 Dominicae
1195 1579 1550 1634 reducendum
1573 1593 1788 1634 carnem

139 1697 142 1702 -
215 1671 268 1724 in
295 1669 504 1740 integro
543 1677 686 1726 statu
715 1670 962 1736 credidit,
991 1671 1080 1740 qui
1113 1671 1218 1724 erit
1257 1677 1666 1748 reatus’nostrte
1693 1670 1790 1724 du-

213 1759 510 1824 bitationis,
541 1759 587 1814 si
613 1774 742 1814 vera
769 1759 946 1813 carnis
969 1757 1318 1822 resurrectio,
1343 1749 1448 1812 nee'
1467 1767 1588 1826 post
1609 1771 1791 1811 exem-
1867 1783 1870 1788 -

1878 572 2022 642 qttod
2053 573 2166 642 ipse
2199 573 2326 626 dicit
2365 573 2654 643 Apostolus
2685 591 2698 625 :
2741 573 2954 645 Oportet
2991 577 3326 647 corruptibili:
3363 581 3462 634 hoc

1880 667 2096 720 induere
2133 667 2590 734 incorruptionem,
2636 677 2684 720 et
2733 667 2954 722 mortale
2997 669 3096 722 hoc
3121 671 3336 724 induere
3361 673 3462 726 im-

1881 755 2248 810 mortalitate»:
2271 755 2458 826 (lbid.,
2485 757 2578 822 53,
2619 756 2708 826 5-1)
2737 775 2748 810 :
2779 771 2902 812 cum
2925 759 3070 812 enim
3115 759 3216 814 hoc
3259 759 3462 816 factum

1883 845 2064 912 fuerit,
2104 845 2216 915 jam
2257 863 2362 900 non
2401 847 2506 900 euit
2545 863 2674 904 caro
2719 857 2774 904 et
2815 849 3056 918 sanguis,
3107 852 3202 906 sed
3243 851 3466 908 cmleste

1883 951 2118 1008 corpus:
2149 953 2254 992 non
2283 938 2364 992 sic
2403 939 2774 1007 accipiendum
2809 947 2894 994 est
2939 940 3092 1010 quasi
3139 943 3318 996 carnis
3355 939 3466 996 non

1883 1029 1956 1084 sit
2006 1029 2202 1084 futurae
2245 1029 2564 1095 substantia,
2615 1031 2706 1086 sed
2745 1033 2926 1087 carnis
2961 1041 3018 1088 et
3065 1033 3340 1104 sanguinis
3373 1049 3468 1088 no-

1885 1121 2030 1177 mine
2059 1123 2228 1190 ipsam
2277 1121 2676 1192 corruptionem
2707 1124 2888 1180 carnis
2915 1133 2972 1180 et
3003 1111 3278 1194 sanguinis
3309 1125 3466 1180 intel-

1885 1213 2132 1284 ligendus
2163 1221 2246 1268 est
2275 1213 2564 1284 Apostolus
2605 1229 2976 1286 nuncupasse;
3027 1233 3146 1286 quae
3183 1217 3370 1286 utique
3413 1217 3468 1270 in

1865 1317 2054 1376 regno
2115 1303 2206 1359 illo
2245 1319 2350 1358 non
2401 1305 2526 1370 erit,
2571 1305 2660 1358 ubi
2701 1321 2830 1360 caro
2883 1305 3306 1376 incorrttptibil-is
3341 1307 3464 1362 erit.

1887 1397 2148 1464 Quamvis
2173 1405 2234 1452 et
2259 1397 2416 1452 aliter
2445 1399 2610 1468 possit
2639 1399 2888 1470 intelligi,
2915 1407 2976 1452 ut
2993 1407 3212 1454 carnem
3247 1409 3302 1454 et
3343 1417 3470 1454 san-

1887 1489 2104 1558 guinem
2131 1503 2294 1558 opera
2323 1489 2502 1544 carnis
2527 1497 2582 1544 et
2611 1489 2888 1560 sanguinis
2917 1489 3118 1544 dixisse
3139 1491 3472 1560 accipiamus

1889 1581 2224 1652 Apostolum,
2249 1591 2302 1637 et
2339 1597 2432 1636 eos
2459 1581 2552 1636 Dei
2585 1599 2810 1654 regnum
2849 1599 2954 1638 non
2985 1599 3352 1654 possessuros,
3381 1587 3472 1656 qui

1891 1679 2302 1740 perseveranter
2323 1671 2426 1726 ista
2451 1669 2772 1726 dilexerunt.
2797 1671 2818 1744 ]
3037 1707 3049 1718 ι
3335 1689 3338 1692 ·

1957 1761 2002 1830 -ιε
2037 1759 2168 1814 Item
2187 1762 2254 1814 .in
2277 1763 2664 1818 retractatione
2685 1763 2804 1818 libri
2837 1763 2904 1818 de
2933 1762 3064 1818 Fide
3089 1772 3141 1818 et
3169 1763 3426 1836 Symbolo
3451 1782 3466 1820 :

191 1851 356 1920 .plum
383 1851 621 1906 creditur
661 1849 1074 1918 Redemptoris?
1115 1847 1172 1902 Si
1201 1848 1346 1906 enim
1379 1857 1792 1918 postresnrrec—
1823 1851 1868 1910 B
1893 1851 1986 1922 [-ln
2018 1851 2122 1906 hoc
2149 1851 2288 1906 libro
2313 1867 2436 1906 cum
2463 1853 2528 1908 de
2555 1855 2950 1910 resurrectione
2977 1855 3162 1910 carnis
3187 1865 3474 1928 ageretur:

211 1949 412 2001 tionem
461 1961 658 2015 corpus
711 1943 976 2014 palpabile
1027 1959 1134 1998 non
1175 1943 1302 2008 erit,
1349 1941 1594 2012 profecto
1645 1939 1788 1996 aliud

211 2037 406 2102 surgit,
435 2051 596 2104 quam
637 2036 886 2100 moritur,
917 2043 972 2089 et
1017 2035 1160 2104 quod
1195 2035 1342 2090 dictu
1381 2035 1532 2088 nefas
1567 2041 1652 2088 est
1673 2047 1790 2088 cre-

211 2127 360 2188 dere,
385 2127 508 2194 quia
530 2141 628 2196 ego
651 2123 854 2180 morior
875 2133 930 2180 et
957 2123 1096 2180 alius
1117 2133 1384 2196 resurgat.
1415 2125 1588 2188 Unde,
1609 2139 1790 2194 quaeso

191 2226 286 2281 .te,
317 2217 474 2272 beate
509 2215 632 2282 Job,
675 2213 934 2288 subiunge
955 2225 958 2230 '
981 2233 1100 2286 qua:
1131 2217 1328 2279 sentis,
1371 2225 1432 2272 et
1453 2215 1610 2285 hujus
1635 2217 1790 2272 nobis

209 2307 521 2376 qtuestionis
549 2307 860 2376 scrupulum
899 2307 1040 2362 tolle.
1065 2307 1322 2378 Sequitur
1341 2327 1358 2362 :
1395 2307 1560 2374 Quem
1585 2309 1790 2362 uisurus

191 2415 326 2466 sum
355 2415 446 2468 ego
471 2399 596 2466 ipse,
631 2408 678 2452 et
718 2397 856 2466 oculi
889 2399 988 2452 mei
1031 2399 1352 2468 conspecturi
1389 2407 1532 2464 sunt,
1589 2408 1636 2452 et
1685 2413 1792 2452 non

201 2487 354 2542 .alius
411 2485 610 2556 (Ibid.,
659 2485 780 2556 27).
814 2485 876 2544 Si
899 2487 1062 2552 enim,
1109 2487 1252 2542 sicut
1281 2487 1496 2557 quidam
1545 2503 1790 2542 errorum

213 2591 482 2646 sequaces
515 2577 870 2642 arbitrantur,
893 2579 1016 2648 quia
1045 2587 1168 2648 post
1195 2579 1642 2633 resurrectionem
1675 2595 1793 2634 cor-

209 2683 316 2736 pus
337 2667 610 2738 palpabile
643 2683 748 2746 non
777 2669 900 2734 erit,
929 2669 1022 2724 sed
1043 2669 1326 2740 invisibilis
1347 2671 1590 2740 corporis
1621 2671 1792 2724 subti-

213 2759 338 2812 litas
383 2773 508 2812 caro
545 2758 842 2824 vocabitur,
869 2758 1118 2828 quamvis
1155 2761 1452 2814 substantia
1485 2761 1664 2816 carnis
1687 2775 1792 2816 non

211 2849 304 2912 sit,
343 2833 588 2922 profecto
631 2847 770 2902 alius
797 2855 880 2904 est
921 2849 1012 2918 qui
1046 2850 1292 2916 moritur,
1337 2860 1392 2906 et
1432 2851 1568 2906 alius
1589 2853 1680 2922 qui
1709 2867 1792 2906 re-

212 2939 406 3008 surgit.
441 2936 546 2992 Sed
576 2939 764 2994 beatus
787 2937 886 2994 Job
921 2941 1058 2996 hanc
1089 2940 1144 2996 in
1179 2941 1258 2998 eis
1295 2943 1618 2998 sententiam
1655 2945 1794 2998 veri-

191 3033 336 3100 dica
375 3049 504 3088 voce
543 3033 792 3100 destruit,
825 3033 916 3104 qui
958 3035 1073 3090 ait:
1105 3035 1268 3100 Quem
1313 3037 1516 3090 uisurus
1553 3055 1668 3092 sum
1701 3053 1794 3106 ego

213 3127 325 3194 ipse
365 3135 412 3180 et
457 3141 558 3180 non
589 3125 748 3190 alius,
777 3135 824 3180 et
865 3127 1002 3180 oculi
1041 3128 1142 3180 mei
1163 3129 1486 3198 conspecturi
1515 3139 1654 3184 sunt.
1686 3127 1794 3184 Nos

1897 1939 2190 2012 Resurget,
2245 1941 2496 2012 inq‘uam',
2533 1959 2730 2016 corpus
2765 1947 3060 2002 secundum
3103 1945 3472 2002 Christianam

1893 2031 2076 2096 ﬁdem,
2121 2047 2240 2100 qua:
2281 2031 2468 2088 fallere
2513 2049 2618 2088 non
2665 2043 2862 2106 potest.
2925 2035 3078 2104 Quod
3105 2037 3212 2090 'cui
3259 2037 3476 2092 videtur

1891 2121 2246 2187 incredibile,
2296 2123 2472 2194 qualis
2520 2125 2591 2180 sit
2633 2141 2778 2180 nunc
2815 2121 2948 2180 caro
2991 2127 3260 2192 attendit;
3301 2127 3478 2198 qualis

1891 2219 2072 2268 autem
2101 2212 2282 2268 futura
2307 2213 2396 2278 sit,
2429 2228 2534 2268 non
2557 2215 2906 2270 considerat:
2945 2216 3072 2286 quia
3107 2215 3200 2272 illo
3235 2225 3478 2286 tempore

1891 2303 2284 2360 immolationis
2309 2305 2566 2376 angelica:
2595 2320 2700 2360 non
2719 2305 2832 2376 jam
2859 2321 2990 2362 caro
3015 2308 3120 2362 erit
3159 2317 3214 2362 et
3233 2309 3478 2380 sanguis,

1891 2393 1986 2446 sed
2011 2402 2218 2448 tantum
2249 2409 2466 2464 corpus,
2499 2404 2554 2450 et
2581 2405 2776 2450 czetera
2815 2411 2936 2468 qua:
2981 2398 3052 2452 ibi
3093 2400 3160 2454 de
3191 2407 3480 2468 corpmum

1897 2485 2338 2538 terrestriuut'in
2391 2503 2618 2554 corpora
2663 2487 2964 2544 ccelestium
3011 2490 3314 2544 mutatione
3365 2491 3480 2546 dis-

1893 2573 2058 2628 serui.
2102 2571 2368 2640 Quoniam
2415 2577 2552 2632 dixit
2599 2577 2888 2646 Apostolus
2939 2595 3058 2632 cum
3115 2579 3238 2632 inde
3293 2579 3480 2650 loque-

1894 2673 2041 2718 retur
2071 2683 2082 2718 :
2117 2663 2254 2720 Caro
2285 2675 2330 2720 et
2371 2669 2584 2738 sanguis
2627 2685 2844 2740 regnum.
2873 2669 2966 2722 Dei
3009 2687 3110 2724 non
3137 2672 3480 2740 possidebunt

1895 2757 1958 2830 (Ι
1985 2749 2108 2812 Cor.
2167 2757 2410 2830 xv,'50).
2447 2759 2550 2814 Sed
2573 2762 2820 2832 quisquis
2843 2775 2904 2816 ea
2935 2761 3014 2816 sic
3041 2762 3238 2830 accipit
3263 2771 3322 2816 ut
3361 2763 3480 2818 exi-

1893 2851 2077 2906 stimet
2105 2851 2180 2904 ita
2207 2865 2404 2920 corpus
2437 2861 2732 2918 terrenum,
2765 2851 2924 2922 quale
2949 2867 3092 2906 nunc
3115 2853 3396 2918 habemus,
3425 2855 3478 2908 in

1893 2955 2088 3010 corpus
2115 2940 2334 2996 cmleste
2367 2943 2766 2998 resurrectione
2787 2942 3086 3006 mutari,ut
3117 2958 3222 2997 nec
3241 2941 3480 2996 membra

1899 3033 2022 3096 ista,
2055 3049 2154 3088 nec
2177 3033 2358 3088 carnis
2399 3033 2468 3088 sit
2511 3033 2688 3088 futura
2721 3033 3046 3100 substantia,
3083 3033 3266 3102 procul
3317 3034 3482 3088 dubio

1899 3121 2252 3191 corrigendos
2277 3129 2361 3176 est
2385 3163 2400 3186 ,
2454 3123 2816 3178 commonitus
2857 3123 2924 3178 de
2969 3139 3194 3192 corpore
3233 3123 3480 3186 Domini,

213 3225 398 3270 ειυιριιι
447 3215 590 3269 beati
639 3213 741 3270 Job
793 3215 954 3270 ﬁdem
991 3197 1299 3286 sequentes,
1335 3219 1796 3298 ct‘ﬂcdemploris
1823 3197 1870 3262 C
1903 3211 1996 3280 qui
2043 3223 2168 3282 post
2213 3215 2662 3268 resurrectionem
2709 3215 2762 3268 in
2815 3215 3020 3270 eisdem
3069 3215 3329 3288 membris
3375 3231 3480 3268 utut

213 3307 386 3362 nostri
405 3315 528 3386 post
547 3307 1004 3388 resurrectionch
1025 3323 1222 3378 corpus
1245 3308 1508 3380 palpabile
1533 3311 1800 3366 veraciter

213 3385 520 3464 credentes,
551 3397 786 3454 fatemur
823 3385 1042 3456 carnem
1093 3389 1334 3456 nostram
1381 3409 1500 3470 post
1529 3417 1799 3476 resurrec-

215 3489 422 3544 tionem
453 3489 690 3544 futuram
729 3499 784 3544 et
824 3490 1070 3544 eamdem
1111 3499 1166 3544 et
1193 3489 1501 3558 diversam;
1553 3495 1798 3548 eamdem

211 3597 316 3658 per
345 3591 612 3650 naturam,
638 3583 902 3658 diversam
937 3601 1036 3654 per
1063 3585 1286 3654 gloriare
1313 3601 1328 3650 ;
1361 3593 1414 3640 et
1433 3586 1676 3641 eamdem
1705 3603 1802 3658 per

213 3673 524 3739 veritatem,
553 3675 820 3730 diversam
851 3691 947 3746 per
971 3677 1284 3744 potentiattt.
1317 3675 1432 3732 Erit
1457 3677 1638 3746 itaque
1677 3679 1800 3734 sub-

191 3764 330 3830 tilis
383 3763 510 3836 [al.,
567 3766 882 3839 spiritalis],
921 3769 1044 3838 quia
1093 3777 1148 3822 ct
1195 3769 1652 3839 incorruptibilis;
1699 3769 1806 3823 erit

211 3857 518 3928 palpabilis,
551 3859 674 3928 quia
703 3875 806 3914 non
835 3861 1044 3916 amittet
1081 3863 1370 3916 essentiam
1403 3863 1646 3916 veritatis
1667 3861 1802 3932 [al.,

212 3945 414 4020 vertit]
439 3955 662 4002 natura}.
681 3947 700 4018 ]

193 4085 200 4092 -
291 4061 332 4128 -ἱ-
369 4060 584 4116 Veritas
627 4059 816 4131 utique
853 4063 1052 4127 carnis,
1083 4071 1138 4116 et
1165 4063 1370 4118 ossium
1411 4064 1806 4132 quantumlibet

213 4151 694 4220 glorilieandorum
723 4153 778 4205 in
807 4151 896 4206 illa
943 4153 1359 4208 resurrectionis
1387 4153 1556 4226 gloria
1587 4157 1654 4211 ab
1683 4169 1804 4210 om-

215 4241 382 4296 nibus
423 4241 764 4297 coneortliter
811 4241 1154 4311 prmdicatur,
1189 4253 1244 4300 et
1293 4259 1324 4298 a
1369 4245 1518 4300 nullo
1561 4245 1810 4300 aetherem

215 4333 500 4402 qualitatis
535 4333 840 4388 immutatio
863 4335 1198 4403 perdocetur.
1225 4335 1424 4390 Verum
1449 4351 1516 4392 ne
1539 4353 1604 4392 ex
1627 4339 1810 4394 verbis

215 4425 506 4496 Augustini
555 4425 710 4480 nobis
761 4425 1214 4496 pravjudicandum
1259 4439 1432 4498 putes,
1469 4431 1560 4498 qui
1589 4429 1642 4484 in
1671 4431 1810 4486 libro

199 4517 594 4582 .Qumstionum
643 4519 914 4588 octoginta
947 4520 1106 4572 trium
1129 4519 1332 4574 dixisse
1355 4521 1550 4592 legitur
1569 4523 1808 4594 angelica

217 4629 454 4682 corpora
483 4613 660 4680 qualia
691 4627 790 4666 nos
829 4625 1110 4680 speramus
1155 4611 1432 4666 habituros
1477 4607 1808 4668 lucidissima

217 4713 390 4774 atque
421 4707 650 4760 aetherea
693 4721 816 4760 esse
839 4699 1166 4760 credendum
1191 4711 1314 4770 est,”
1337 4705 1458 4759 audi
1483 4705 1610 4776 quid
1647 4723 1810 4778 super

225 4803 334 4856 hoc
363 4801 506 4856 dicto
549 4803 662 4872 ipse
693 4801 1084 4856 retractaverit.
1775 4799 1782 4846 ἓ

207 4903 214 4912 ’
299 4911 344 4984 ιι-
367 4913 694 4984 Angustiuus
725 4911 1016 4984 (Retract.,
1049 4913 1084 4966 l.
1117 4929 1154 4978 ι,
1188 4927 1236 4968 c.
1263 4913 1368 4982 26)
1397 4931 1408 4966 :
1441 4913 1534 4986 [Si
1565 4915 1689 4982 hoc,
1727 4917 1808 4972 in-

225 5005 445 5076 quiens,
499 5007 615 5061 sine
657 5005 936 5072 membris,
983 5021 1101 5076 quae
1131 5019 1272 5059 nunc
1314 5007 1572 5063 habemus
1613 5018 1667 5064 et
1691 5011 1808 5066 sine

229 5099 576 5164 substantia,
635 5099 880 5168 quamvis
939 5097 1359 5167 incorruptibilis
1413 5107 1590 5152 tamen
1629 5103 1810 5156 carnis

229 5191 556 5261 accipiatur,
599 5179 852 5256 erratur;
889 5191 1053 5245 multo
1083 5199 1262 5248 autem
1311 5191 1502 5248 melius
1548 5193 1600 5246 in
1648 5211 1812 5266 opere

229 5281 300 5336 de
327 5281 554 5337 Civitate
583 5281 678 5336 Dei
708 5282 931 5352 qumstio
963 5283 1061 5336 ista
1091 5289 1316 5336 tractata
1341 5293 1442 5338 est.

217 5459 226 5466 _
304 5391 344 5462 οἱ·
379 5393 522 5447 ldem
569 5401 868 5452 retractans
897 5391 1094 5444 librum
1129 5407 1284 5445 suum
1333 5395 1396 5448 de
1436 5393 1620 5464 Agone
1650 5396 1810 5450 Chri-

217 5479 624 5554 'stiano(ldem,
671 5483 824 5548 ibid.,
875 5483 966 5538 lib.
1009 5469 1076 5542 ἰι,
1123 5498 1170 5538 c.
1208 5483 1292 5554 5).
1325 5483 1414 5556 [In
1449 5501 1576 5556 quo,
1615 5487 1810 5558 inquit,

215 5569 366 5632 illud
393 5577 532 5648 quod
561 5577 792 5648 positum
819 5585 928 5632 est:
958 5577 1068 5633 Nec
1091 5593 1184 5632 eos
1214 5579 1494 5634 audiamus
1517 5581 1608 5650 qui
1629 5583 1812 5638 carnis

215 5661 690 5742 ;resurrcctitmem
742 5665 976 5720 futuram
1027 5675 1226 5738 negant
1277 5677 1332 5722 et
1387 5681 1814 5726 commemorant

213 5745 380 5832 ‘quod
409 5761 488 5814 ait
519 5760 790 5836 apostolus
819 5760 1050 5818 Paulus:
1083 5759 1218 5822 Caro
1253 5771 1300 5816 ct
1341 5763 1554 5834 sanguis
1597 5781 1810 5836 regnum

1903 3303 2078 3358 solum
2118 3303 2528 3374 conspiciendus
2569 3305 2762 3372 oculis,
2795 3321 2978 3361 verum
3023 3307 3190 3360 etiam
3233 3307 3482 3366 manibus

1907 3393 2206 3466 tangendos
2253 3395 2538 3464 apparuit,
2582 3411 2908 3468 carnemque
2963 3413 3024 3452 se
3079 3397 3278 3454 habere
3319 3397 3482 3452 etiam

1903 3501 2154 3542 sermone
2185 3487 2420 3542 ﬁrmavit
2449 3489 2634 3544 dicens
2663 3509 2676 3542 :
2709 3487 2950 3560 Palpate,
2975 3499 3022 3544 et
3047 3491 3209 3546 ridete
3227 3491 3352 3556 quia
3380 3491 3486 3559 spi-

1905 3579 2036 3632 ritus
2063 3595 2274 3634 rantem
2313 3589 2362 3633 et
2393 3597 2512 3634 ossa
2539 3597 2642 3634 non
2665 3579 2840 3642 habet,
2877 3582 3010 3634 sicut
3043 3595 3124 3633 me
3165 3579 3350 3634 ridetis
3387 3581 3486 3634 Ita-

1905 3670 2024 3724 bere
2075 3669 2236 3740 (Luc.
2267 3686 2328 3734 ll,
2373 3669 2496 3740 59).
2547 3669 2698 3726 Unde
2751 3677 2964 3724 constat
3011 3671 3322 3740 Apostolum
3377 3687 3482 3726 non

1906 3757 2088 3812 carnis
2127 3757 2484 3814 substantiam
2521 3773 2748 3828 negasse
2795 3759 2850 3812 in
2895 3759 2988 3814 Dei
3029 3775 3194 3829 regno
3223 3761 3486 3826 futuram,

1907 3849 2000 3904 sed
2027 3855 2120 3902 aut
2147 3849 2392 3904 homines
2415 3851 2504 3918 qui
2535 3851 2830 3904 secundum
2851 3867 3068 3906 carnem
3097 3853 3286 3908 vivunt
3307 3855 3488 3916 carnis

1906 3949 1962 3996 et
1987 3941 2264 4010 sanguinis
2309 3941 2524 3996 nomine
2563 3957 2922 4012 nuncupasse,
2967 3953 3060 3998 aut
3107 3947 3488 4015 ipsamcarnis

1907 4029 2326 4099 corruptionem,
2353 4047 2472 4100 qua:
2505 4039 2630 4086 tunc
2659 4033 2844 4102 utique
2883 4033 3024 4088 nulla
3047 4035 3216 4106 erit}
3279 4063 3282 4086 ;
3361 4045 3364 4050 ·

1889 4161 1892 4164 .
1977 4123 2018 4192 -ξο
2057 4121 2200 4176 Idem
2249 4121 2304 4176 in
2365 4122 2504 4176 libro
2553 4123 2810 4178 vicesimo
2859 4125 3112 4184 secundo.
3139 4127 3204 4182 de
3259 4125 3490 4184 Civitate

1909 4214 2060 4284 (cap.
2091 4213 2230 4286 24):
2265 4211 2436 4284 [Quae
2471 4213 2635 4284 igitur
2663 4215 2750 4268 illa
2779 4225 2920 4278 sunt,
2957 4217 3232 4286 inquiens,
3251 4221 3296 4274 si
3325 4229 3404 4276 tot
3425 4237 3489 4277 ac

1885 4301 2034 4356 .talia
2073 4311 2128 4356 et
2159 4311 2304 4358 tanta
2335 4311 2458 4358 sunt
2483 4305 2621 4358 ista?
2647 4303 2786 4372 Quid
2811 4307 2961 4360 dabit
2989 4309 3068 4364 eis
3105 4325 3244 4379 quos
3283 4317 3490 4386 praulc-

1887 4393 2132 4464 ,stinavit
2159 4395 2225 4448 ad
2260 4393 2448 4460 vitam,
2478 4395 2568 4464 qui
2595 4396 2710 4450 hare
2727 4397 3164 4457 deditetiamcis
3189 4417 3324 4472 quos
3355 4421 3490 4474 prm-

1911 4485 2202 4540 tlestinavit
2235 4487 2304 4540 ad
2331 4487 2595 4556 mortem?
2619 4487 2748 4554 Quze
2787 4489 2934 4546 bona
2977 4491 3030 4544 in
3061 4491 3158 4546 illa
3191 4493 3348 4548 beata
3379 4497 3488 4550 vita

1841 4561 1887 4619 Ι)
1917 4575 2076 4630 faciet
2117 4593 2212 4632 eos
2243 4593 2479 4642 sumere,
2516 4593 2614 4648 pro
2641 4579 2838 4648 quibus
2873 4581 2930 4636 in
2967 4583 3068 4638 hac
3113 4585 3330 4644 miseria
3371 4589 3494 4642 uni--

1909 4667 2148 4737 genitum
2181 4665 2374 4722 Filium
2403 4685 2556 4730 suum
2591 4669 2762 4732 voluit
2789 4687 2960 4740 usque
2987 4673 3056 4728 ad
3091 4683 3318 4731 mortem
3345 4679 3488 4734 mala

1893 4763 2060 4812 tanta
2089 4755 2352 4826 perferre.
2387 4757 2540 4816 Unde
2563 4757 2856 4827 Apostolus
2889 4761 2960 4816 de
2983 4761 3116 4831 ipsis
3151 4763 3204 4816 in
3237 4765 3368 4820 illud
3407 4783 3492 4822 re-

1911 4863 2072 4918 gnum
2121 4849 2530 4920 prmdestinatis.
2555 4851 2780 4920 loquens
2809 4871 2822 4906 :
2857 4853 2962 4918 Qui
2991 4855 3202 4922 pr0prio
3221 4895 3236 4922 ,
3273 4857 3446 4928 inquit
3474 4903 3488 4922 ,

1893 4939 2055 4994 .Filio
2095 4957 2198 4996 non
2249 4943 2496 5012 pepercit,
2525 4943 2614 4998 sed
2653 4961 2746 5014 pro
2793 4943 2940 4998 nobis
2987 4946 3226 5000 omnibus
3269 4949 3490 5004 tradidit

1911 5031 2058 5084 illum
2089 5047 2108 5086 :
2137 5033 2392 5102 quomodo
2419 5051 2520 5088 non
2555 5035 2710 5088 etiam
2737 5051 2854 5088 cum
2885 5034 2978 5088 illo
3005 5039 3182 5092 omnia
3213 5039 3360 5094 nobis
3389 5041 3488 5096 do-

1905 5127 2092 5190 navit?
2119 5127 2306 5198 (Rom.
2337 5145 2454 5194 vm,
2483 5129 2608 5200 5‘2.)
2633 5115 2768 5184 Cum
2789 5131 2906 5186 lunc
2939 5125 3490 5208 promiSsio‘comple-

1911 5217 2078 5284 bitur,
2109 5217 2234 5288 quid
2259 5219 2486 5284 erimus,
2523 5219 2712 5288 quales
2749 5221 2972 5286 erimus,
2997 5221 3116 5291 qua:
3147 5225 3284 5280 bona
3314 5227 3366 5280 in
3399 5229 3492 5284 illo

1911 5323 2078 5380 regno
2107 5310 2376 5380 accepturi
2407 5311 2632 5366 sumus?
2659 5311 3093 5382 quandoquidem
3121 5315 3350 5374 Christo.
3377 5337 3492 5376 mo-

1915 5401 2088 5456 riente
2117 5417 2216 5472 pro
2245 5401 2398 5458 nobis
2425 5400 2530 5456 tale
2567 5401 2680 5471 jam
2709 5403 2902 5474 pignus
2937 5407 3280 5476 accepimus;
3313 5411 3490 5480 qualis
3525 5463 3534 5472 .

1913 5491 2020 5546 erit
2045 5492 2266 5562 spiritus
2293 5491 2554 5558 hominis,
2581 5493 2782 5572 nullum
2803 5495 3032 5566 omnino
3055 5499 3258 5555 habens
3275 5501 3488 5568 vitium,

1916 5599 2016 5640 nec
2047 5583 2146 5638 sub
2170 5599 2278 5652 quo
2295 5583 2516 5654 jacebit,
2547 5599 2646 5640 nec
2671 5585 2756 5640 cui
2781 5587 2954 5654 cedat,
2993 5603 3092 5644 nec
3121 5583 3306 5646 contra
3349 5597 3492 5662 quod

1901 5675 2108 5736 saltem
2139 5675 2482 5732 laudabiliter
2511 5679 2748 5744 dimicet,
2773 5681 3114 5750 pacatissima
3145 5683 3344 5740 virtute
3369 5701 3494 5758 per-

1919 5767 2136 5824 fectus?
2171 5767 2368 5826 Rerum
2403 5769 2474 5828 ibi
2505 5771 2746 5828 omnium
2785 5779 3006 5850 quanta,
3033 5787 3198 5844 quam
3223 5775 3500 5846 speciosa,
