3974 6344
644 392 778 449 4551

1637 387 1694 442 S.
1734 386 2108 445 PRUDENTII
2149 385 2529 472 TBECENSJS
2565 391 2872 450 EPISCOPI

3677 408 3764 469 on

642 525 806 583 quam
838 516 988 577 certa
1015 508 1266 574 scientia,
1311 508 1428 562 sine
1456 521 1642 562 errore
1665 505 1867 578 aliquo,
1892 507 1976 561 vel
2017 505 2221 569 labore,
2252 509 2298 567 Λ
2327 510 2580 564 mutanda
2608 511 2695 566 vel
2725 511 3042 578 transitura,
3071 512 3164 568 sed
3189 514 3364 570 eadem
3407 531 3512 587 qua:
3547 527 3764 592 temporali.

641 603 734 660 ubi
771 601 868 658 Dei
897 601 1161 672 sapientia
1201 601 1269 656 de
1315 599 1432 672 ipso
1459 614 1559 655 suo
1599 599 1747 654 fonte
1786 601 2062 671 potabitur
2097 614 2219 656 cum

641 709 852 752 summa
882 675 1157 750 -ielicitate
1205 692 1322 747 sine
1371 689 1480 744 ulla
1524 689 1876 746 dillicultate?
1921 690 2090 758 Quale
2116 689 2221 745 erit

641 799 859 856 corpus,
881 783 1026 855 quod
1069 781 1380 838 omnimodo
1425 779 1638 850 spiritui
1691 780 1988 845 subditum,
2033 788 2222 849 etquo

643 876 763 950 [al.,
785 874 872 947 eo]
899 872 1228 929 suﬂicienter
1253 870 1586 926 viviﬁcatum
1605 870 1766 926 nullis
1789 870 2058 926 alimoniis
2085 871 2138 925 in
2161 870 2222 926 tl-

560 1030 578 1050 ,
641 967 837 1040 gebit?
861 963 978 1020 Non
1013 964 1159 1019 enim
1181 961 1436 1028 animale,
1466 961 1561 1017 sed
1591 961 1834 1032 spiritale
1859 961 1985 1026 erit,
2017 962 2222 1018 habens

639 1057 856 1128 quidem
907 1055 1106 1119 carnis,
1154 1053 1249 1110 sed
1295 1053 1412 1110 sine
1469 1051 1576 1108 ulla
1628 1052 1831 1108 carnali
1880 1053 2222 1124 corruptione

639 1144 1044 1219 substantiam]

707 1237 928 1310 itidem
973 1237 1026 1292 in
1077 1237 1296 1292 bomilia
1344 1237 1566 1292 Pasclm
1606 1234 1812 1306 (Serm.
1862 1237 1960 1308 l8)
1991 1255 2004 1292 :
2035 1237 2218 1311 [Audi,

639 1331 910 1401 imperite,
937 1339 1122 1386 contra
1144 1329 1488 1401 quotidianus
1515 1328 1806 1386 lectionum
1828 1341 2008 1394 voces,
2035 1331 2221 1393 surde.

638 1426 764 1482 audi
799 1425 1071 1495 quomodo
1120 1425 1260 1480 redit
1309 1424 1376 1479 ad
1421 1437 1619 1492 corpus
1662 1421 1910 1494 quidem,
1966 1416 2059 1477 sed
2115 1437 2221 1478 non

638 1518 831 1572 mortis
856 1517 1014 1588 hujus
1045 1535 1058 1572 :
1089 1532 1196 1572 non
1225 1517 1350 1587 quia
1373 1515 1519 1570 aliud
1549 1515 1656 1572 erit
1695 1530 1919 1587 corpus,
1959 1514 2054 1571 sed
2095 1515 2221 1585 quia

637 1616 836 1680 oportet
896 1606 1232 1678 corruptibile
1275 1606 1374 1662 hoc
1425 1607 1640 1662 induere
1688 1606 2131 1676 incorruptionem
2173 1615 2223 1662 et

637 1700 858 1755 mortale
877 1701 976 1755 hoc
1008 1701 1223 1754 induere
1261 1700 1706 1754 immortalitatem
1737 1698 1800 1770 (Ι
1818 1697 1940 1754 Cor.
1973 1715 2064 1764 xv,
2093 1699 2218 1769 52).

638 1789 861 1848 Fratres
902 1791 1264 1862 mei,quando
1291 1791 1506 1846 dicebat
1541 1788 1849 1860 Apostolus,
1888 1789 2222 1860 corruptibile

2325 610 2406 654 ter
2427 607 2634 655 mortua
2682 599 2918 669 fuerant,
2967 613 3294 669 surrectura,
3327 614 3383 660 ut
3417 606 3466 661 in
3494 609 3656 667 eisdem
3678 613 3796 674 radi

2322 685 2470 753 piant
2496 687 2640 756 quod
2673 696 2970 743 merentur.
3015 689 3152 744 Hinc
3196 690 3352 746 etiam
3393 693 3469 748 vel
3495 698 3678 756 maxime
3708 715 3764 759 tua

2323 776 2650 846 impudentia
2675 779 3112 850 deprehenditur,
3134 783 3276 853 quod
3299 784 3659 846 immutationem
3670 794 3764 850 dun-

2323 869 2466 923 natis
2498 870 2787 935 attribuas,
2830 886 2992 942 quam
3044 873 3174 929 solis
3211 875 3401 931 sanctis
3422 876 3653 947 Apostolus
3673 900 3765 942 con-

2322 959 2591 1030 promittit
2639 960 2827 1016 dicens
2860 980 2876 1017 :
2929 961 3122 1018 Omnes
3155 966 3354 1035 quidem
3393 985 3676 1040 resurgentes,
3709 981 3764 1031 ut

2323 1063 2428 1104 non
2456 1064 2633 1104 omnes
2684 1050 3081 1106 immutabimur
3108 1053 3158 1123 (ι
3202 1052 3321 1110 Cor.
3364 1061 3563 1130 xv,5l).
3593 1062 3761 1122 Etitem:

2323 1139 2522 1196 Μοτιαὶ
2567 1153 2834 1213 resurgent
2879 1145 3188 1216 incorrupti.
3229 1145 3298 1201 Et
3343 1166 3428 1204 nos
3478 1151 3760 1210 immutabinsr

2323 1232 2512 1306 (lbid.,
2560 1235 2671 1307 52).
2698 1235 2809 1293 Nec
2854 1240 3050 1293 mirum
3096 1239 3140 1295 si
3185 1249 3368 1296 contra
3389 1258 3610 1314 sequaces
3627 1259 3764 1317 aposto-

2323 1327 2441 1384 lica:
2463 1327 2722 1385 doctrinae
2742 1339 2796 1386 et
2823 1331 2943 1386 ﬁdei
2975 1331 3257 1401 impudens
3275 1335 3545 1406 obstrepas,
3557 1340 3626 1407 qui
3642 1351 3762 1394 contra

2323 1417 2676 1488 apostolicam
2707 1419 3093 1476 sublimitatem
3115 1437 3280 1478 ausus
3301 1438 3358 1478 es
3377 1425 3636 1496 obgannire.
3651 1426 3764 1498 Neque

2324 1523 2354 1565 a
2387 1510 2664 1579 superiore
2685 1510 2828 1581 igne,
2860 1521 2920 1567 ut
2940 1511 3162 1578 deliras,
3197 1513 3468 1584 impiorum
3511 1532 3680 1588 corpora
3705 1534 3764 1588 pa-

2325 1601 2548 1666 tientur,
2578 1602 2672 1658 sed
2707 1604 2763 1657 in
2809 1619 2870 1658 eo
2918 1605 3039 1675 igne
3075 1605 3556 1661 ineommntabiliter
3577 1609 3762 1674 ardebant

2323 1695 2412 1765 qui
2453 1704 2785 1764 preparatus
2825 1703 2900 1749 est
2939 1695 3152 1750 diabolo
3184 1705 3235 1750 et
3274 1697 3461 1766 angelis
3503 1699 3597 1768 ejus
3619 1699 3754 1768 (leui.

2324 1801 2452 1853 xxv,
2481 1786 2596 1857 41).
2629 1787 2765 1844 Hinc
2794 1789 3128 1861 Augustinus
3171 1791 3226 1846 in
3263 1789 3396 1846 libro
3419 1806 3500 1846 ut
3535 1793 3589 1848 de
3619 1793 3765 1850 (fuitne

625 1881 758 1950 'ltoe,
805 1883 1025 1939 mortale
1061 1861 1180 1949 bac,
1206 1883 1603 1953 quodammodo
1631 1897 1850 1938 carnem
1895 1897 2049 1937 suam
2085 1897 2218 1938 voce
2247 1861 2294 1922 Β
2323 1877 2418 1932 Dei
2447 1877 2585 1948 (cap.
2625 1878 2702 1950 4).
2741 1879 2759 1952 [
2785 1880 2924 1948 Quid
2953 1881 3131 1937 adhuc
3155 1897 3184 1936 a
3219 1882 3372 1938 nobis
3395 1897 3552 1938 rerum
3574 1896 3765 1954 poscuntur

634 1975 913 2046 tangebat,
949 1991 1057 2030 non
1092 1990 1223 2045 ergo
1249 1975 1412 2028 aliud.
1442 1973 1581 2040 Non,
1610 1973 1804 2044 inquit,
1845 1989 1992 2043 pono
2021 1989 2218 2046 corpus

637 2080 920 2128 terrenum
968 2078 1024 2126 et
1059 2068 1267 2139 accipio
1308 2083 1504 2138 corpus
1557 2082 1812 2130 aereum,
1860 2075 1954 2122 aut
2013 2068 2220 2139 accipio

637 2177 827 2231 corpus
853 2161 1172 2225 :etbereum,
1202 2160 1372 2228 ipsum
1397 2158 1623 2227 accipio,
1651 2158 1745 2214 sed
1759 2158 1874 2229 jam
1907 2175 2011 2214 non
2037 2159 2219 2216 mortis

633 2251 817 2322 hujus,
847 2252 974 2322 quia
1002 2260 1198 2321 oportet
1228 2249 1582 2320 corruptibile,
1626 2265 1733 2304 non
1775 2251 1941 2316 aliud,
1970 2251 2062 2306 sed
2099 2251 2217 2318 hoc,

633 2349 855 2403 induere
878 2347 1281 2416 corruptionem,
1310 2356 1358 2400 et
1382 2345 1620 2412 mortale,
1651 2361 1757 2401 non
1787 2345 1952 2412 aliud,
1978 2346 2072 2401 sed
2097 2346 2217 2411 hoc,

632 2443 853 2498 induere
875 2441 1337 2498 immortalitatem.
1356 2440 1376 2512 Ῑ

707 2534 750 2604 -ι-
795 2531 1049 2590 Omnium
1105 2533 1286 2605 itaque
1332 2531 1756 2588 ortltodoxorum
1825 2531 1926 2587 ista
1979 2545 2222 2587 resurre-

633 2624 1124 2694 ctioniscorporum
1139 2623 1491 2678 humanorum
1506 2637 1733 2678 concors
1752 2621 2023 2677 sententia
2045 2629 2145 2683 est,
2163 2629 2222 2676 ut

635 2715 690 2772 in
713 2730 862 2781 vera,
884 2715 994 2770 imo
1012 2714 1196 2769 eadem
1221 2728 1387 2769 carne
1411 2729 1516 2783 qua
1540 2712 1796 2768 dissoluta
1820 2720 1968 2776 sunt,
1986 2720 2149 2783 atque
2165 2711 2218 2766 in

633 2805 970 2876 putredinem
987 2804 1368 2876 pulveremque
1379 2805 1610 2867 redacta,
1633 2805 1685 2858 in
1699 2805 1902 2860 eisdem
1917 2804 2149 2870 ossibus,
2165 2805 2218 2859 in

633 2897 840 2952 eisdem
857 2895 1116 2950 membris
1148 2895 1459 2965 eisdemque
1479 2894 1674 2950 ofﬁciis
1701 2903 2074 2950 resurrectura
2103 2909 2220 2950 cre-

635 2987 853 3050 dantur,
868 2985 1044 3040 addita
1057 2984 1309 3040 omnibus
1324 2983 1749 3048 immortalitate,
1766 2984 1858 3039 sed
1873 2983 2002 3038 solis
2019 2975 2222 3038 sanctis

634 3075 1024 3147 gloriﬁcatione
1046 3083 1328 3147 perpetua,
1343 3076 1523 3146 impiis
1539 3083 1745 3131 natura:
1761 3085 1990 3140 tantum,
2008 3075 2134 3130 licet
2153 3074 2220 3128 ad

2317 1967 2565 2039 exempla
2592 1969 2789 2039 quibus
2816 1971 3112 2028 doceamus
3168 1988 3276 2028 non
3323 1988 3437 2028 esse
3479 1974 3711 2030 incredibile
3731 1987 3764 2030 ut

2320 2057 2596 2114 hominum
2627 2075 2857 2131 corpora
2911 2063 3248 2133 sempiterno
3295 2064 3533 2135 supplicio
3562 2067 3762 2136 punitorum

2319 2155 2374 2204 et
2393 2148 2516 2219 igne
2564 2151 2800 2206 animam
2852 2167 2960 2208 non
3011 2154 3267 2208 amittant
3314 2163 3368 2209 et
3413 2156 3517 2210 sine
3551 2156 3762 2212 detrimento

2320 2240 2541 2307 adeant,
2571 2249 2626 2298 et
2655 2243 2773 2298 sine
2805 2243 3025 2300 interitu
3053 2245 3292 2301 doleant.
3329 2245 3538 2303 Habebit
3573 2250 3675 2303 enim
3691 2259 3761 2303 tunc

2317 2331 2423 2387 ista
2493 2333 2674 2389 carnis
2727 2335 3030 2390 substantia
3094 2337 3409 2406 qualitatem
3472 2340 3530 2393 ab
3573 2340 3640 2394 illo
3682 2340 3761 2393 indi-

2322 2432 2453 2489 tam,
2521 2425 2614 2494 qui
2663 2433 2773 2480 tam
2827 2427 2994 2481 miras
3036 2434 3091 2481 et
3142 2429 3327 2484 varias
3378 2439 3450 2484 tot
3492 2432 3619 2485 rebus
3651 2431 3760 2484 indidit

2319 2530 2457 2584 quas
2479 2516 2744 2582 videmus,
2775 2524 2837 2571 ut
2880 2532 2994 2581 eas,
3027 2518 3154 2588 quia
3203 2519 3382 2576 multa:
3405 2531 3532 2585 sunt,
3570 2536 3647 2575 non
3664 2519 3760 2574 Iniu-

2322 2609 2491 2682 mur.]

2391 2711 2431 2781 1-
2469 2710 2527 2766 In
2558 2712 2745 2768 eodem
2797 2712 2914 2786 (lib.
2965 2731 3077 2780 stt,
3130 2731 3254 2786 cap.
3301 2717 3354 2788 9)
3402 2735 3415 2772 :
3475 2716 3632 2790 [Quod
3667 2715 3761 2784 igitur

2325 2802 2391 2857 de
2434 2802 2766 2871 sempiterno
2811 2805 3075 2876 supplicio
3136 2808 3499 2864 damnatorum
3559 2822 3630 2878 per
3673 2820 3760 2860 suum

2320 2891 2634 2961 prophetam
2689 2892 2832 2948 Deus
2881 2895 3017 2950 dixit
3062 2896 3202 2962 ﬁeri,
3256 2897 3466 2951 omnino
3503 2895 3602 2950 ﬁet:
3646 2892 3761 2946 limit

2322 2998 2500 3036 eorum
2529 3000 2630 3037 non
2654 2984 2923 3051 morietur,
2959 2995 3006 3039 et
3027 2985 3164 3056 ignis
3202 3003 3380 3042 eorum
3409 3004 3500 3041 non
3529 2988 3760 3054 exstinguat:

2324 3072 2456 3144 (lea.
2491 3090 2637 3139 vat,
2671 3074 2788 3146 24).
2826 3075 2906 3131 Ad
2937 3078 3038 3132 hoc
3061 3078 3208 3133 enim
3236 3079 3571 3135 vehementius
3595 3090 3759 3132 commot-

637 3181 885 3237 pmnam,
935 3165 1338 3221 immortalitate
1369 3174 1604 3222 servata.
1631 3165 1899 3235 Quidquid
1928 3164 2127 3220 etenim
2157 3163 2223 3218 de
2252 3220 2292 3237 η
2325 3163 2560 3218 dandum
2587 3165 2750 3220 etiam
2780 3165 3036 3222 Dominus
3053 3166 3213 3224 Jesus
3239 3185 3358 3224 cum
3380 3164 3759 3236 membra,qu

640 3220 1034 3325 resurgentium
1065 3257 1382 3325 corporibus
1417 3255 1682 3312 fallaciter
1701 3220 1968 3310 autlumnri
1999 3262 2053 3308 et
2073 3267 2220 3308 men.
2249 3220 2292 3280 Ο
2323 3257 2522 3311 minem
2545 3258 2933 3326 scandalizant,
2960 3275 3059 3330 pro
3082 3261 3167 3316 his
3186 3263 3433 3318 omnibus
3450 3220 3758 3332 poneret'quostl

637 3346 850 3402 daciter
884 3344 1009 3416 tingi
1039 3354 1272 3415 poterat,
1299 3348 1581 3401 evacuavit
1609 3347 1809 3402 veritas
1835 3345 2016 3401 carnis
2048 3359 2222 3399 resur-
2320 3363 2416 3402 sua
2451 3349 2694 3404 membra
2731 3351 2919 3405 dextra
2947 3351 3176 3422 quisque
3208 3354 3399 3424 diligit,
3447 3367 3587 3421 eaque
3607 3347 3757 3420 pruritu

637 3441 818 3512 gentis
847 3440 1060 3495 Domini
1089 3439 1256 3494 nostri
1289 3437 1416 3494 Jesu
1438 3439 1662 3500 Christi,
1696 3453 1856 3507 quam
1901 3435 2220 3506 palpabilem
2323 3446 2406 3492 ret
2429 3438 2698 3508 amputari
2723 3455 2738 3493 :
2765 3438 2971 3494 Bonum
2997 3451 3071 3495 est
3097 3442 3216 3507 tibi,
3240 3430 3756 3512 inquit,debitemintroirt

639 3541 700 3589 et
734 3531 1050 3588 mortalibus
1083 3530 1253 3586 oculis
1294 3530 1582 3594 visibilem,
1615 3528 1962 3584 cicatricibus
2003 3542 2220 3597 quoque
2320 3529 2374 3584 in
2403 3529 2561 3584 vitam
2583 3539 2854 3597 wternam,
2892 3549 3048 3604 quam
3076 3533 3213 3588 duas
3245 3552 3425 3589 manus
3444 3534 3650 3587 habentem
3675 3525 3750 3579 mitti

638 3623 1058 3696 cognoscibiiem
1083 3621 1392 3694 praebendo,
1415 3621 1542 3692 quid
1563 3622 1630 3675 de
1657 3620 1910 3676 membris
1932 3618 2048 3688 ejus
2073 3619 2218 3674 credi

638 3716 864 3772 deberet
915 3715 1169 3779 ostendit,
1216 3714 1466 3770 videticct
1512 3728 1851 3784 nequaquam
1883 3713 1935 3767 in
1983 3713 2223 3767 :cthereo

640 3809 728 3864 vel
765 3823 927 3864 aereo
961 3823 1190 3877 corpore
1218 3817 1546 3871 surrectura,
1581 3806 1673 3862 sed
1697 3806 1749 3860 in
1781 3820 1846 3861 eo
1887 3806 1939 3860 in
1967 3821 2074 3875 quo
2113 3805 2224 3861 dis-

640 3899 778 3956 solvi
804 3907 1092 3968 potuerant
1111 3898 1407 3968 quamlibet
1426 3897 1748 3970 gloriﬁcato.
1762 3896 1872 3952 Nec
1888 3897 2028 3956 illud.
2045 3895 2223 3952 minus

637 3989 920 4062 probabile
952 3989 1077 4044 huic
1116 3989 1401 4046 assertioni
1431 3989 1662 4053 additur,
1704 3988 1847 4059 quod
1886 4003 2008 4043 cum
2041 3987 2094 4040 in
2129 3985 2222 4055 ju-

640 4083 784 4138 dicio
812 4095 1000 4136 omnes
1035 4081 1198 4136 etiam
1235 4090 1548 4151 peccatores
1577 4079 1742 4134 visuri
1791 4081 1898 4136 sint
1934 4079 2222 4134 Dominum

645 4172 1004 4238 Salvatorem,
1041 4173 1344 4228 nullatenus
1391 4172 1442 4228 in
1471 4173 1708 4228 :ctltcrco
1751 4185 1996 4242 corpore,
2046 4171 2138 4226 sed
2166 4170 2222 4226 in

641 4279 806 4318 carne
825 4264 954 4319 licet
979 4264 1267 4319 immortali
1289 4279 1411 4320 cum
1435 4263 1601 4319 visuri
1621 4263 1936 4326 creduntur,
1966 4262 2223 4332 quoniam

661 4350 912 4406 Videbunt
947 4353 1001 4408 in
1043 4369 1194 4424 quem
1223 4363 1655 4422 compunxerunt.
1708 4351 1999 4409 Cicatrices
2027 4352 2224 4423 quippe

643 4441 698 4496 in
736 4443 977 4498 rcthereo
1017 4458 1246 4514 corpore
1298 4445 1456 4499 nullae
1492 4453 1638 4510 sunt,
1683 4453 1778 4500 aut
1813 4459 1935 4500 esse
1972 4452 2222 4516 possunt,

2320 3623 2374 3676 in
2399 3623 2685 3693 gehennam
2713 3625 2848 3694 ignis
2891 3626 3334 3697 inexstinguibilis
3362 3626 3470 3700 [al.,
3515 3627 3559 3678 in
3585 3625 3696 3692 ignem
3714 3619 3754 3668 ir

2320 3715 2794 3789 exstinguibilem],
2851 3717 2938 3771 ubi
2977 3719 3165 3772 vermis
3204 3736 3382 3774 eorum
3411 3735 3501 3773 non
3523 3716 3752 3772 morietur,"

2321 3805 2455 3875 ignis
2479 3822 2658 3860 eorum
2711 3823 2815 3861 non
2851 3809 3209 3878 exstinguetur
3241 3809 3426 3880 (Marc.
3471 3824 3536 3865 tt.
3560 3805 3642 3872 l‘i).
3665 3799 3754 3854 Sinti-

2322 3895 2446 3952 liter
2489 3897 2556 3951 de
2611 3898 2768 3967 pede.
2810 3897 3013 3952 Bonum
3057 3908 3132 3953 est
3175 3900 3293 3966 tibi,
3327 3899 3502 3970 inquit,
3531 3889 3756 3949 clauda-in-

2323 3990 2484 4042 troire
2503 3988 2556 4042 in
2587 3991 2744 4042 vitam
2771 3999 3039 4055 (sternam,
3095 4007 3256 4060 quam
3285 3991 3412 4044 duos
3448 3987 3574 4059 pedes
3595 3983 3757 4036 brba!!-

2321 4082 2458 4136 mitti
2509 4083 2564 4136 in
2611 4082 2899 4152 gehennam
2935 4083 3070 4152 ignis
3106 4067 3757 4153 inexstinguibiliswbirm

2321 4188 2500 4226 eorum
2527 4187 2630 4226 non
2661 4171 2926 4234 morietur,
2960 4182 3007 4226 et
3034 4173 3169 4242 ignis
3199 4190 3302 4228 non
3325 4156 3756 4242 exstingueterUlM-l

2322 4261 2438 4317 Non
2488 4261 2644 4318 aliter
2670 4263 2745 4317 ait
2780 4270 2835 4317 et
2872 4262 2939 4317 de
2986 4263 3182 4319 oculo:
3213 4263 3414 4318 Bonum
3435 4273 3502 4317 est
3539 4259 3610 4313 tibi
3641 4254 3757 4306 tua!

2303 4355 2541 4412 .intraire
2571 4355 2625 4409 in
2656 4371 2869 4425 regnum
2901 4354 3019 4420 Dei,
3047 4373 3205 4427 quam
3231 4358 3362 4411 duos
3404 4352 3555 4408 oculos
3592 4346 3757 4403 balatu

2323 4445 2459 4498 mitti
2504 4445 2558 4500 in
2601 4445 2888 4515 gehennam
2917 4446 3052 4516 ignis
3079 4443 3518 4517 inexstinguibilis,
3553 4439 3618 4492 ubi
3651 4428 3757 4486 mli:

641 4542 812 4589 restat
831 4547 962 4605 ergo
985 4543 1044 4589 ut
1068 4534 1121 4589 in
1151 4543 1378 4591 terrenae
1405 4535 1736 4599 substantiae,
1773 4534 2067 4605 quamlibet
2103 4550 2219 4614 om;
2248 4568 2300 4627 D
2324 4549 2504 4588 eorum
2536 4549 2636 4587 non
2657 4535 2933 4599 morietur,
2961 4545 3008 4589 et
3034 4536 3170 4606 ignis
3195 4552 3300 4590 non
3335 4517 3756 4627 ρῖιιίιιςκειινψίξη

639 4626 761 4682 testi
785 4613 2220 4699 atqueincorruptibiliposthac,imoineliabili,gloria
2248 4613 2294 4627 ν
2320 4621 2434 4695 ⁴Π).
2494 4621 2614 4678 Non
2675 4639 2800 4680 eum
2845 4619 3019 4696 piguit
3065 4627 3320 4682 uno'loco
3354 4622 3530 4681 'cadetn
3569 4613 3682 4672 verba
3713 4615 3757 4658 let

641 4719 858 4780 donato,
891 4732 1117 4788 corpore
1139 4718 1385 4772 videatur
1407 4718 1459 4772 in
1489 4732 1596 4788 quo
1627 4718 1912 4774 cicatrices
1938 4718 2219 4789 plagarum
2321 4719 2532 4786 dicere;
2578 4735 2742 4792 quem
2787 4737 2892 4776 non
2947 4730 3147 4778 terreat
3199 4723 3304 4778 ista
3353 4715 3570 4790 repetitio
3605 4719 3644 4764 ct
3677 4702 3755 4758 illi“

639 4808 864 4863 videant
891 4808 1075 4879 impii;
1124 4822 1261 4878 quas
1309 4807 1619 4874 crudeliter,
1660 4816 1718 4864 et
1765 4807 2104 4878 iniquissime
2140 4808 2221 4863 in-
2319 4824 2495 4880 poena:
2515 4811 2912 4866 commendatio
2939 4811 3057 4884 [al.,
3085 4809 3446 4880 comminatio]
3465 4817 3554 4862 tam
3574 4801 3754 4855 Vellem“

639 4896 914 4963 lliserunt,
955 4914 1092 4968 quas
1143 4899 1535 4954 contumaciter
1572 4907 1628 4954 et
1663 4899 2048 4970 superbissime
2085 4914 2217 4955 eon-
2320 4914 2418 4956 ore
2443 4900 2644 4956 divino.
2676 4900 2988 4972 Utrumque,
3009 4912 3189 4958 autem
3220 4899 3601 4972 horumhignem
3632 4884 3752 4972 scilicet

641 4994 979 5055 tempserunt
1005 5001 1072 5040 ac.
1112 4986 1437 5043 deriserunt.
1466 4985 1577 5043 Nisi
1608 4968 1746 5045 forte
1780 5003 1905 5044 cum
1944 4989 2220 5045 Marcione
2320 5001 2481 5063 atque
2503 4995 2868 5063 vermem,qui
2889 4968 3086 5048 nolunt
3109 4995 3176 5048 ad
3190 4968 3475 5050 animarum
3501 4986 3596 5060 [αισι
3615 4968 3751 5063 animi
3831 5035 3833 5038 ι

622 5074 867 5146 ejusque
890 5078 1244 5148 complicibus
1289 5080 1530 5136 dicturus
1557 5095 1618 5136 es
1653 5080 1936 5136 Dominum
1969 5089 2216 5136 nostrum
2323 5059 2530 5154 pinnas,
2571 5100 2677 5138 non
2701 5084 2766 5138 ad
2793 5059 3038 5154 corporis
3057 5086 3344 5155 pertinere,
3383 5059 3546 5137 dicunt
3578 5059 3752 5129 etiamnti

641 5161 826 5220 Iesum
855 5164 1129 5222 Christum
1155 5167 1582 5234 tabernaculum,
1611 5168 1667 5224 id
1693 5176 1776 5224 est
1796 5185 1994 5241 corpus
2035 5186 2216 5238 suum,

641 5257 1027 5313 ascendentem
1070 5259 1125 5313 in
1153 5259 1352 5315 ctutum
1377 5260 1708 5330 deposuisse,
1745 5268 1801 5316 et
1821 5270 1916 5316 aut
1950 5262 2066 5318 sine
2090 5277 2214 5318 cor-

641 5365 774 5420 pore
795 5348 850 5404 in
874 5350 1012 5407 emlo
1045 5353 1362 5418 consistere,
1393 5362 1488 5408 aut
1514 5353 1658 5409 aliud
1678 5349 1762 5408 vel
1783 5354 2102 5420 aethereum,
2131 5354 2216 5412 vel

621 5440 1005 5511 ,quodcuuque
1033 5442 1252 5500 libuerit
1285 5445 1664 5516 resumpsisse.
1687 5445 1859 5513 Quam
1884 5446 2210 5516 impietatem

633 5529 753 5600 jam
773 5532 901 5588 olim
915 5533 1278 5592 ecclesiastica
1287 5537 1472 5608 pietas
1479 5553 1601 5594 cum
1614 5538 1730 5594 suis
1742 5538 2056 5594 auctoribus
2076 5543 2213 5608 υκε-

643 5621 938 5677 damnavit.

625 5763 630 5768 .
713 5709 932 5772 Certum
969 5724 1056 5772 est
1090 5716 1258 5786 igitur
1309 5717 1454 5773 nulla
1510 5729 1820 5775 sanctorum
1877 5733 2108 5788 corpora
2159 5719 2214 5773 in

644 5799 1125 5862 altercamatulla
1149 5809 1498 5864 reoroboruut
1537 5810 1592 5864 iu
1635 5823 1850 5864 aeream
1899 5809 2212 5874 qualitatem

2320 5173 2506 5229 dolore
2549 5174 2712 5229 animi
2765 5173 2887 5248 [al.,
2918 5176 3135 5250 animae]
3174 5192 3314 5241 sero,
3348 5184 3496 5243 atque
3539 5164 3753 5223 intractu!)se

2320 5265 2644 5336 poenitentes
2665 5280 2776 5328 eos.
2806 5267 2898 5335 qui
2947 5249 3147 5323 fuerint
3175 5285 3204 5322 a
3243 5284 3401 5338 regno
3427 5264 3508 5320 Dei
3531 5249 3751 5329 separaui"

2321 5357 2443 5412 idco
2481 5356 2656 5426 ignem
2687 5373 2784 5426 pro
2826 5357 2930 5412 isto
2969 5359 3152 5415 dolore
3183 5369 3414 5414 urentem
3452 5370 3539 5410 non
3565 5350 3751 5411 ineunt!“

2319 5450 2445 5521 poni
2475 5450 2718 5519 potuisse
2758 5452 3107 5506 contendunt.
3151 5452 3298 5508 Unde
3321 5449 3440 5506 illud
3469 5437 3748 5521 Δροδιοιίδίξ

2323 5516 2454 5606 bnis
2477 5516 2896 5607 scandalizatur,
2923 5552 2970 5596 et
2997 5559 3089 5614 ego
3118 5560 3220 5597 non
3242 5542 3398 5596 uror!
3419 5537 3494 5608 (II
3511 5516 3615 5589 iCor.
3640 5542 3681 5588 tt,
3697 5516 3749 5576 19}

2319 5631 2567 5684 eumdem
2597 5631 2760 5685 etiam
2787 5648 3024 5687 vermcm
3067 5643 3253 5704 putant
3299 5625 3636 5698 intelligendum
3666 5624 3747 5666 cis"-

2325 5719 2458 5774 Nam
2483 5721 2746 5790 scriptum
2767 5730 2870 5788 est,
2892 5721 3177 5794 i’nquiunt:
3209 5724 3349 5780 Sicut
3372 5722 3494 5774 tinea
3507 5711 3748 5794 cestimim

2325 5822 2370 5864 et
2403 5813 2586 5865 vermis
2615 5811 2832 5880 lignum,
2864 5814 2937 5868 sic
2962 5831 3150 5870 mmor
3179 5814 3424 5871 excruciat
3451 5824 3526 5863 cor
3545 5801 3617 5858 τίπὶ
3637 5793 3745 5857 (pm
3825 5843 3827 5860 .
