3974 6344
221 345 356 404 1553
584 393 586 396 ,
795 371 804 377 -
1079 341 1165 394 ut.
1201 332 1826 418 rumussnaarton

1931 331 2193 388 IONTRA
2229 331 2280 390 Ι.
2322 333 2612 392 SCOTUM.
3344 327 3478 384 1335

219 480 346 529 xxv,
383 460 625 532 2i).‘Qui
652 473 784 516 vero
813 469 1007 529 pcenas
1055 465 1108 513 et
1147 455 1312 511 an.‘mi
1345 453 1465 526 (aL,
1493 451 1709 523 animae]
1736 460 1790 506 et
1821 451 1867 512 Α
1897 451 2048 522 ignes
2075 452 2413 523 ipsi,quibus
2437 452 2808 517 adhaerebunt,
2823 467 3011 508 eorum
3031 450 3282 523 junctura
3316 449 3482 520 inspi-

221 555 465 628 corporis
497 553 642 608 nullo
665 551 928 622 supplicio
970 547 1179 604 futuras
1231 561 1352 603 esse
1397 561 1504 600 non
1553 544 1803 599 dubitant
1905 553 2115 611 rentur,
2143 555 2200 601 et
2248 547 2502 602 animalia
2543 547 2696 611 ﬂant,
2746 561 2867 617 quae
2897 555 3142 602 constent
3191 546 3381 616 spiritu
3425 553 3485 600 et

219 651 343 720 igne
369 647 454 702 uri
485 660 701 716 corpus,
732 644 973 698 animum
1024 641 1144 714 [al.,
1179 637 1442 710 animam]
1473 645 1652 692 autem
1683 635 1805 690 rodi‘
1899 651 2157 706 corpore;
2192 637 2307 703 sed,
2347 645 2410 692 ut
2459 637 2593 702 dixi,
2630 637 2784 692 miris
2812 646 2868 692 et
2919 635 3277 692 ineffabilibus
3306 634 3483 690 modis

223 735 620 808 quodammodo
650 747 834 789 verme
865 731 1119 788 maeroris
1161 727 1446 784 aﬂirmant.
1495 725 1648 794 Quod
1675 733 1730 779 et
1753 722 1802 778 si

224 826 534 884 credibilius
581 825 798 890 dicitur,
851 823 978 894 quia
1010 821 1197 890 utique
1233 817 1528 875 absurdum
1575 823 1691 881 est,
1728 813 1810 869 ibi.

225 916 464 972 dolorem
485 923 578 970 aut
607 912 855 985 corporis.
890 919 983 966 aut
1009 909 1178 966 animi
1202 907 1324 980 [al.,
1352 903 1567 976 animae]
1591 903 1810 960 defutu-

226 1024 378 1064 rum:
407 1022 508 1078 ego
553 1015 735 1061 tamen
780 1003 993 1060 facilius
1037 1012 1122 1059 est
1177 999 1302 1074 (aL.
1351 997 1626 1071 existimo]
1654 1005 1714 1052 ut
1736 996 1816 1051 ad‘

225 1113 422 1168 corpus
450 1098 624 1153 dicam
653 1105 945 1166 utrumque
994 1093 1267 1165 pertinere
1295 1105 1457 1161 quam
1507 1098 1801 1154 neutrum;

223 1199 282 1244 et
319 1190 436 1246 ideo
469 1190 688 1245 tacitura
719 1190 773 1244 in
801 1189 904 1244 illis
934 1187 1127 1244 divinae
1154 1186 1451 1256 Scriptura!
1477 1183 1657 1238 verbis
1691 1181 1807 1236 aui-

229 1282 300 1336 mi
349 1281 612 1348 dolorem,
645 1280 896 1350 quoniam
926 1292 1263 1348 consequens
1295 1291 1418 1333 esse
1469 1273 1812 1345 intelligitur,

231 1372 442 1428 etiamsi
483 1387 589 1427 non
638 1372 870 1435 dicatur,
918 1379 979 1426 ut
1015 1384 1242 1439 corpore
1288 1368 1366 1423 sic
1411 1367 1646 1431 dolente,
1687 1365 1806 1420 ani-

127 1493 139 1510 .
227 1476 350 1540 (nius
395 1476 608 1532 quoque
654 1460 824 1517 sterili
870 1459 1187 1531 paenitentia
1227 1457 1523 1513 crucietur.
1589 1455 1811 1526 Legitur

229 1554 427 1624 quippe
469 1561 526 1608 et
571 1554 624 1608 in
654 1554 926 1610 veteribus
975 1551 1317 1622 Scripturis:
1364 1549 1606 1604 Vindicta
1635 1549 1809 1603 carnis

231 1645 396 1716 impii,
429 1645 566 1714 ignis
589 1653 637 1698 et
661 1645 845 1699 vermis
873 1642 1068 1715 (Eccli.
1095 1659 1192 1708 vn,
1229 1641 1338 1712 l9).
1370 1641 1554 1696 Potuit
1594 1639 1811 1696 brevius

232 1737 357 1803 dici,
387 1735 630 1791 Vindicta
654 1736 820 1806 impii,
845 1751 942 1791 cur
960 1749 1090 1806 ergo
1115 1735 1318 1790 dictum
1339 1732 1612 1788 estcarnis
1637 1730 1808 1801 impii,

1901 727 2244 794 adhaarendo,
2270 728 2602 798 accipientes
2628 743 2694 783 ex
2720 727 2932 799 ignibus
2949 743 3184 799 poenam,
3215 739 3321 780 non
3351 725 3486 780 dan-

1903 827 1984 872 tes
2007 816 2224 888 ignibus
2251 816 2441 872 vitam.
2461 816 2597 882 Quia
2620 825 2676 872 et
2701 819 2802 873 iste
2823 816 2963 872 alius
2991 815 3203 882 modus,
3233 829 3341 886 quo
3364 830 3488 870 cor-

1901 909 2125 979 poribus
2148 909 2428 964 adhaarent
2459 910 2702 980 spiritus,
2726 918 2780 965 et
2808 909 3058 964 animalia
3081 910 3236 974 llunt,
3264 907 3484 963 omnino

1905 999 2078 1056 mirus
2105 1008 2219 1066 est,
2254 1014 2356 1056 nec
2383 1000 2768 1072 comprehendi
2819 1001 2887 1056 ab
2937 1000 3159 1058 homine
3203 1009 3402 1070 potest,
3433 1006 3489 1052 et

1902 1093 2010 1148 hoc
2031 1094 2144 1164 ipse
2159 1094 2322 1149 homo
2343 1101 2447 1149 est.
2466 1093 2711 1149 Dicerem
2733 1093 2952 1164 quidem
2980 1111 2994 1148 :
3019 1093 3100 1148 sic
3128 1107 3348 1148 arsuros
3374 1091 3490 1146 sine
3567 1123 3584 1129 -

1905 1185 2014 1241 ullo
2043 1201 2140 1242 suo
2177 1199 2406 1256 corpore
2427 1185 2672 1257 Spiritus,
2698 1185 2839 1242 sicut
2868 1185 3091 1240 ardebat
3125 1180 3264 1254 apud
3290 1183 3490 1237 inferos

1907 1279 1995 1334 ille
2024 1279 2192 1343 dives,
2224 1278 2440 1350 quando
2488 1279 2742 1334 dicebat:
2767 1277 2992 1334 Crucior
3028 1274 3082 1332 in
3131 1279 3230 1332 hac
3274 1280 3491 1348 ﬂmnmn

1909 1369 2061 1441 (Luc.
2092 1365 2204 1436 xvi,
2233 1371 2360 1443 24);
2403 1371 2510 1428 nisi
2551 1371 2936 1426 convenienter
2961 1370 3273 1441 responderi
3300 1383 3494 1424 cerne-

1909 1476 2045 1527 rem,
2073 1461 2236 1517 talem
2265 1461 2433 1518 fuisse
2463 1462 2609 1517 illam
2639 1460 2930 1527 ﬂammam,
2973 1460 3163 1533 quales
3190 1459 3328 1516 oculi
3358 1473 3494 1528 quos

1908 1548 2140 1616 levavit,
2185 1558 2240 1606 et
2286 1551 2604 1606 Eleazarum
2639 1549 2760 1623 [al.,
2807 1549 3283 1624 Lazarum]~'vidit,
3318 1548 3496 1619 qualis

1908 1639 2116 1711 lingua,
2145 1641 2230 1696 cui
2265 1642 2552 1697 humorem
2593 1643 2851 1712 exiguum
2884 1641 3212 1698 desideravit
3259 1639 3492 1702 infundi,

1910 1731 2087 1801 qualis
2112 1732 2312 1801 digitus
2339 1731 2584 1788 Eleazari
2612 1732 2680 1788 de
2705 1746 2813 1802 quo
2851 1733 2906 1789 id
2943 1733 3044 1788 sibi
3089 1732 3206 1788 ﬂeri
3248 1730 3491 1802 postula-

233 1828 333 1884 nisi
363 1828 509 1898 quia,
532 1837 842 1898 utrumque,
876 1827 928 1883 id
957 1836 1040 1883 est
1071 1835 1128 1882 et
1155 1825 1296 1896 ignis
1319 1833 1376 1882 et
1399 1825 1620 1890 vermis,
1648 1838 1806 1893 paena
1839 1810 1884 1869 Β
1913 1822 2022 1888 vit;
2049 1821 2137 1876 ubi
2168 1831 2346 1878 tamen
2375 1830 2532 1878 erant
2555 1821 2672 1878 sine
2686 1821 3006 1892 corporibus
3019 1821 3340 1877 animat.Sic
3365 1835 3497 1890 ergo

234 1917 334 1972 crit
373 1918 588 1973 carnis?
619 1917 728 1972 Aut
754 1918 798 1973 si
837 1919 1130 1974 vindictam
1166 1915 1349 1972 carnis
1396 1921 1680 1985 propterea
1731 1913 1812 1969 di-
1907 1912 2264 1982 incorporalis
2287 1911 2456 1968 et‘illa
2486 1911 2702 1968 ﬂamma
2727 1928 2834 1984 qua
2863 1914 3086 1979 exarsit,
3105 1923 3160 1969 et
3181 1913 3267 1968 illa
3290 1911 3497 1983 guttula

229 2024 356 2064 cere
389 2009 562 2064 voluit
592 2009 718 2079 quia
765 2010 868 2066 hoc
913 2009 970 2065 in
1013 2007 1233 2063 homine
1262 2004 1645 2070 vindicabitur,
1668 2006 1810 2075 quod
1911 2019 2074 2074 quam
2100 2003 2364 2074 poposcit,
2397 2005 2576 2075 qualia
2609 1991 2737 2061 sunt
2757 2006 2924 2062 etiam
2944 2007 3057 2061 visa
3091 2002 3494 2069 dormientium,

232 2101 534 2154 secundum
557 2114 780 2155 carnem
809 2098 1004 2154 vixerit
1029 2116 1043 2153 :
1071 2105 1294 2168 propter
1323 2097 1427 2152 hoc
1460 2095 1603 2152 enim
1634 2093 1814 2148 veniet
1913 2095 2028 2152 sive
2059 2097 2117 2151 in
2145 2095 2347 2152 exstasi
2377 2097 2715 2152 cernentium
2745 2111 2834 2153 res
2870 2097 3266 2168 incorporales,
3297 2095 3500 2151 haben-

235 2190 287 2244 in
319 2199 551 2245 mortem
580 2191 900 2257 secundam,
943 2205 1108 2260 quam
1155 2185 1481 2258 significavit
1526 2183 1816 2255 Apostolus
1915 2195 1999 2242 tes
2041 2194 2220 2241 tamen
2274 2185 2683 2241 similitudinem
2740 2201 3048 2257 corporum.
3098 2186 3233 2240 Nam
3284 2193 3340 2240 et
3387 2185 3501 2254 ipse

231 2282 420 2337 dicens
450 2300 463 2336 :
492 2281 554 2338 Si
575 2283 713 2336 enim
749 2281 1034 2336 secundum
1077 2295 1288 2335 carnem
1335 2276 1590 2341 vixzrt'tis,
1627 2276 1816 2330 morie—
1918 2277 2079 2333 homo
2103 2292 2230 2332 cum
2260 2275 2476 2346 spiritu,
2509 2292 2618 2332 non
2644 2291 2892 2346 corpore,
2919 2276 2994 2332 sit
3036 2277 3090 2332 in
3119 2275 3322 2345 talibus
3344 2275 3500 2337 visis,

231 2371 362 2424 mini
390 2369 561 2441 (Rom.
618 2370 766 2440 vnn);
815 2371 980 2440 eligat
1025 2369 1258 2440 quisque
1309 2368 1455 2438 quod
1495 2367 1690 2435 placet,
1725 2373 1820 2419 aut
1919 2369 1994 2424 ita
2028 2383 2088 2424 se
2131 2377 2314 2422 tamen
2370 2375 2498 2424 tunc
2547 2367 2782 2423 similem
2835 2383 2936 2424 suo
2980 2367 3195 2438 corpori
3227 2365 3393 2432 videt,
3444 2375 3503 2418 ut

237 2475 414 2531 ignem
437 2461 672 2515 tribuere
692 2460 930 2531 corpori,
945 2459 1126 2514 animo
1150 2473 1394 2513 vermem
1411 2476 1424 2511 :
1442 2458 1546 2513 hoc
1569 2456 1808 2527 proprie,

1931 2463 2232 2518 discernere
2259 2461 2481 2516 omnino
2509 2476 2618 2515 non
2647 2460 2836 2530 possit.
2869 2460 2937 2514 At
2966 2475 3095 2516 vero
3121 2460 3365 2531 gehenna
3391 2458 3501 2520 illa,

237 2549 368 2603 illud
399 2565 504 2604 non
528 2551 741 2620 proprie
771 2549 890 2622 [al.,
919 2547 1264 2620 trnpicc,del.
1295 2548 1426 2620 non]
1452 2565 1467 2614 ;
1496 2557 1589 2602 aut
1611 2557 1821 2603 utrum-
1923 2554 2066 2624 quod
2111 2553 2277 2608 etiam
2325 2562 2572 2622 stagnum
2616 2553 2752 2622 ignis
2781 2562 2828 2606 et
2869 2552 3135 2622 sulphuris
3183 2551 3386 2606 dictum
3421 2560 3506 2604 est

233 2656 344 2710 que
373 2642 594 2712 proprie
639 2643 876 2713 corpori.
927 2642 1048 2698 Jam
1095 2642 1227 2697 satis
1264 2641 1512 2712 superius
1555 2641 1824 2710 disputavi
1926 2645 2108 2716 (Apoc.
2138 2659 2228 2712 xx,
2253 2644 2331 2716 9),
2362 2657 2660 2714 corporeus
2691 2645 2829 2714 ignis
2858 2643 2984 2710 erit,
3013 2652 3068 2699 et
3096 2643 3362 2699 cruciabit
3390 2656 3505 2697 cor-

231 2750 402 2804 .posse
459 2736 714 2790 animalia
751 2737 916 2792 etiam
968 2736 1022 2790 in
1060 2736 1275 2806 ignibus
1319 2735 1501 2789 vivere
1529 2733 1583 2789 in
1615 2734 1825 2790 ustione
1924 2753 2057 2808 pora
2075 2739 2586 2802 damnatorum,aut
2611 2745 2664 2792 et
2694 2737 2971 2792 hominum
2991 2744 3051 2792 et
3070 2732 3396 2800 daemonum,
3419 2749 3508 2788 so-

239 2817 360 2880 sine
385 2828 818 2898 consumptione,
861 2827 913 2882 in
956 2826 1142 2883 dolore
1179 2827 1295 2886 sine
1325 2834 1516 2894 morte,
1548 2841 1646 2896 per
1664 2826 1826 2880 mira-

237 2916 426 2970 culum
455 2917 967 2987 omnipotentissimi
990 2916 1276 2972 creatoris.
1302 2915 1322 2988 ]

315 3007 355 3077 ἰ-
371 3008 436 3062 Ει
457 3008 614 3077 paulo
631 3017 753 3078 post
777 3008 986 3080 (Ibid.).
1015 3007 1212 3080 [Eligat
1231 3023 1360 3079 ergo
1379 3023 1546 3062 unum
1569 3023 1600 3063 e
1621 3007 1829 3063 duobus

240 3099 474 3168 quisque
498 3099 639 3170 quod
665 3099 857 3169 placet,
876 3111 1055 3154 utrum
1073 3107 1127 3154 et
1151 3114 1386 3153 vermem
1401 3099 1468 3153 ad
1495 3112 1692 3168 corpus
1706 3113 1830 3168 pro-

1927 2831 2033 2887 lida
2049 2831 2348 2896 hominum,
2375 2843 2532 2885 aerea
2546 2830 2844 2885 daemonum
2862 2845 2877 2895 ;
2902 2836 2995 2883 aut
3009 2836 3214 2883 tantum
3225 2827 3506 2882 hominum

1928 2936 2152 2992 ecrpora
2176 2937 2298 2976 cum
2325 2921 2624 2990 spiritibus,
2647 2919 2920 2975 dtemones
2941 2928 3122 2974 autem
3141 2918 3365 2989 spiritus
3389 2916 3510 2970 sine

1931 3015 2269 3084 corporibus,
2297 3013 2566 3068 hairentes
2593 3013 2853 3068 sumendo
2878 3025 3092 3082 pinnam
3113 3050 3129 3076 ,
3153 3025 3264 3066 non
3310 3010 3510 3078 imper-

1935 3104 2118 3160 tiendo
2165 3103 2334 3158 vitam
2385 3101 2760 3172 corporalibus
2815 3101 3050 3172 ignibus.
3106 3099 3262 3157 Unus
3309 3098 3513 3168 quippe

249 3189 365 3258 prie
387 3205 454 3242 an
479 3189 546 3243 ad
566 3189 823 3256 animam,
843 3189 1103 3245 translato
1124 3205 1154 3244 a
1177 3189 1544 3258 corporalibus
1567 3190 1634 3244 ad
1659 3190 1834 3245 incor—
1862 3193 1907 3254 C
1937 3198 2180 3266 utrisque
2219 3194 2358 3264 ignis
2383 3194 2506 3259 erit,
2535 3194 2675 3249 sicut
2699 3191 2912 3247 Veritas
2939 3190 3109 3246 dixit:

249 3278 452 3348 poralia
475 3277 752 3344 vocabulo,
768 3280 1042 3335 existimet
1060 3281 1350 3350 pertinere,
1368 3289 1470 3334 etc.
1494 3280 1629 3334 Dum
1651 3288 1832 3336 tamen

252 3373 397 3427 nullo
425 3373 582 3426 modo
617 3372 703 3427 illa
734 3387 961 3443 corpora
990 3373 1116 3426 talia
1147 3372 1328 3427 futura
1363 3388 1483 3428 esse
1525 3373 1831 3436 credamus,

253 3471 312 3516 ut
359 3463 518 3518 nullis
565 3463 633 3518 ab
687 3463 809 3532 igne
859 3462 1162 3518 afﬁciantur
1210 3463 1485 3520 doloribus
1513 3465 1668 3536 (cap.
1720 3464 1830 3529 10).

253 3553 351 3607 llic
373 3554 615 3608 occurrit
653 3569 897 3623 qntcrerc
926 3553 970 3608 si
1013 3568 1118 3608 non
1163 3554 1270 3610 erit
1307 3554 1446 3627 ignis
1483 3555 1836 3626 incorporalis

254 3645 468 3712 noxius,
497 3645 635 3700 sicut
677 3653 759 3701 est
786 3645 952 3700 animi
984 3645 1154 3710 dolor,
1181 3645 1276 3701 sed
1321 3647 1654 3716 corporalis,
1689 3655 1834 3702 tactu

253 3737 468 3800 noxius,
499 3745 560 3791 ut
585 3752 650 3792 eo
679 3737 886 3806 possint
927 3753 1156 3808 corpora
1185 3737 1453 3804 cruciari;
1486 3739 1756 3809 quomodo
1780 3737 1833 3792 in

251 3841 321 3882 eo
359 3825 464 3880 erit
515 3827 678 3881 etiam
709 3839 868 3896 poana
913 3828 1200 3897 spirituum
1255 3827 1652 3898 malignorum?
1691 3827 1834 3882 Idem

255 3919 452 3988 quippe
474 3917 612 3988 ignis
657 3918 763 3972 erit
790 3918 1052 3988 supplicio
1081 3917 1582 3972 scilicethomiuum
1607 3917 1837 3972 attribu-

257 4016 347 4060 tus
385 4015 441 4061 et
475 4007 799 4072 (Immonum,
824 4007 1040 4060 dicente
1065 4005 1284 4060 Christo
1329 4023 1341 4060 :
1371 4005 1634 4060 Discedite
1658 4022 1690 4058 a
1733 4022 1835 4072 me,

257 4098 545 4163 maledicti,
575 4098 628 4152 in
653 4097 822 4168 ignem
851 4106 1133 4160 arternum,
1157 4097 1250 4166 qui
1269 4106 1486 4166 paratus
1518 4106 1593 4151 est
1627 4097 1836 4152 diabolo

256 4200 306 4244 et
337 4189 533 4260 angelis
565 4191 679 4261 ejus
711 4188 925 4262 (Matth.
953 4203 1078 4251 xxv,
1102 4187 1214 4252 41).
1239 4187 1350 4242 Nisi
1381 4188 1505 4258 quia
1548 4196 1674 4243 sunt
1695 4203 1840 4258 quat-

258 4279 382 4333 dam
409 4294 507 4334 sua
547 4279 710 4334 etiam
733 4278 1065 4334 dremonibus
1094 4293 1340 4356 corpora,
1372 4279 1512 4333 sicut
1545 4279 1717 4334 doctis
1741 4279 1838 4334 ho-

259 4372 493 4427 minibus
515 4372 688 4427 visum
710 4378 812 4436 est,
831 4386 897 4425 ex
929 4371 1032 4426 isto
1050 4385 1175 4426 aere
1194 4385 1380 4426 crasso
1408 4377 1572 4440 atque
1595 4370 1834 4436 humido,

254 4463 414 4530 cujus
459 4463 718 4533 impulsus
755 4470 914 4517 vento
964 4460 1126 4516 ﬂante
1172 4461 1427 4516 sentitur.
1469 4461 1621 4528 Quod
1667 4477 1838 4531 genus

1999 3289 2041 3359 δι’
2076 3287 2222 3342 Idem
2251 3286 2303 3340 in
2332 3284 2469 3340 libro
2505 3282 2858 3339 Enchiridion
2898 3279 3039 3352 (cap.
3081 3279 3212 3351 92):
3244 3279 3514 3352 [Quicun-

1933 3394 2038 3449 que
2066 3393 2196 3434 vero
2224 3376 2292 3432 ab
2311 3376 2397 3430 illa
2425 3375 2744 3446 perditionis
2771 3389 2968 3438 massa,
3000 3389 3120 3444 quae
3147 3372 3284 3428 facta
3313 3381 3395 3427 est
3415 3387 3514 3442 per

1935 3469 2208 3524 hominem
2237 3466 2492 3538 primum,
2525 3480 2630 3520 non
2661 3465 2958 3520 liberantur
2986 3479 3088 3534 per
3129 3477 3292 3517 unum
3317 3461 3515 3517 Media-

1935 3570 2106 3616 torem
2137 3558 2231 3615 Dei
2257 3566 2313 3614 et
2337 3557 2639 3623 hominum,
2675 3564 2958 3628 resurgent
2980 3555 3197 3625 quidem
3223 3554 3387 3609 etiam
3411 3553 3513 3624 ipsi

1935 3650 2303 3720 unusquisque
2331 3663 2451 3703 cum
2497 3662 2593 3701 sua
2636 3661 2799 3700 carne
2827 3644 2879 3715 (I
2913 3643 3049 3698 Tim.
3083 3659 3144 3709 ιι,
3187 3643 3265 3714 5),
3317 3643 3411 3698 sed
3455 3651 3514 3702 ut

1935 3754 2059 3796 cum
2088 3736 2302 3793 diabolo
2335 3745 2390 3790 et
2427 3734 2542 3804 ejus
2571 3733 2777 3804 angelis
2811 3733 3122 3803 puniantur.
3166 3731 3356 3789 Utrum
3382 3745 3514 3794 sane

1937 3829 2039 3898 ipsi
2065 3842 2189 3882 cum
2213 3825 2361 3880 vitiis
2402 3833 2458 3879 et
2485 3823 2916 3879 dcformitatibus
2953 3837 3186 3878 suorum
3228 3835 3513 3890 corporum

1936 3926 2242 3988 resurgant,
2272 3927 2606 3986 quacunque
2631 3913 2754 3984 (aL,
2783 3911 3112 3984 quicunque]
3137 3913 3190 3967 in
3217 3913 3297 3968 eis
3322 3911 3515 3968 vitiosa

1937 4018 1993 4064 et
2033 4007 2293 4064 deformia
2325 4005 2566 4062 membra
2594 4011 2894 4074 gestarunt,
2927 4003 2981 4060 in
3011 4003 3336 4074 requirendo
3365 4003 3516 4058 labo-

1939 4113 2062 4154 rare
2085 4095 2215 4166 quid
2261 4109 2397 4165 opus
2418 4094 2536 4149 est?
2565 4092 2748 4162 Neque
2774 4091 2918 4148 enim
2959 4091 3188 4160 fatigare
3235 4105 3334 4147 nos
3360 4091 3528 4150 debet.

1941 4189 2145 4244 incerta
2193 4200 2380 4242 eorum
2429 4184 2686 4240 habitudo
2729 4181 2813 4238 vel
2853 4181 3229 4252 pulchritudo,
3285 4196 3517 4251 quorum

1938 4280 2045 4335 erit
2065 4287 2214 4335 certa
2239 4285 2296 4333 et
2319 4277 2642 4347 sempiterna
2669 4273 2964 4330 damnatio.
2996 4272 3107 4330 Nec
3131 4284 3346 4330 moveat
3377 4288 3519 4344 quo-

1927 4371 2101 4426 modo
2123 4370 2228 4425 erit
2253 4370 2306 4425 in
2343 4369 2425 4424 eis
2446 4381 2642 4439 corpus
2667 4365 3090 4438 incorruptibile,
3117 4367 3164 4422 si
3199 4365 3390 4423 dolere
3426 4382 3519 4437 ρος

1942 4462 2088 4528 terit,
2115 4469 2209 4516 aut
2233 4459 2500 4531 quomodo
2525 4457 2894 4528 corruptibile,
2916 4457 2962 4514 si
2991 4457 3127 4514 mori
3160 4473 3267 4512 non
3299 4457 3516 4528 poterit.

261 4554 511 4608 elementi
541 4555 587 4608 si
629 4553 762 4608 nihil
787 4551 858 4606 ab
901 4553 1022 4622 igne
1046 4551 1252 4621 perpeti
1293 4558 1494 4620 posset,
1523 4567 1628 4605 non
1655 4560 1838 4606 ureret
1863 4544 1914 4605 Ι)
1940 4551 2058 4608 Non
2102 4559 2188 4606 est
2230 4549 2376 4605 enim
2421 4563 2549 4603 vera
2597 4546 2708 4604 vita
2753 4547 2868 4607 nisi,
2907 4548 3014 4604 ubi.
3045 4545 3274 4603 feliciter
3296 4548 3531 4610 vivitur,

259 4641 588 4699 fervefactus
617 4645 672 4699 in
715 4643 939 4698 balneis.
985 4643 1056 4700 Ut
1105 4643 1248 4698 enim
1278 4651 1420 4708 urat,
1458 4643 1608 4712 prior
1635 4643 1831 4709 uritur,

261 4731 504 4802 factique
529 4733 670 4803 quod
695 4733 914 4804 patitur.
949 4731 1006 4788 Si
1035 4744 1215 4787 autem
1241 4732 1527 4804 quisquam
1567 4732 1710 4788 nulla
1743 4733 1839 4787 ba-

257 4825 394 4881 bere
422 4838 644 4894 corpora
671 4825 942 4879 daemones
971 4831 1279 4888 asseverat,
1309 4837 1415 4878 non
1441 4830 1526 4878 est
1561 4823 1752 4878 de-liac
1780 4839 1839 4879 re

266 4920 360 4964 aut
407 4910 761 4968 laborandum
807 4921 1037 4984 operesa
1069 4913 1437 4983 inquisitione,
1475 4922 1570 4968 aut
1619 4924 1842 4970 conten-

270 5005 406 5059 tiosa
441 5004 803 5076 disputatione
845 5006 1182 5061 certandum.
1217 5004 1327 5061 Cur
1363 5005 1510 5060 enim
1554 5021 1660 5060 non
1691 5005 1842 5061 dica-

269 5111 412 5161 mus,
434 5097 680 5166 quamvis
704 5097 878 5162 miris,
907 5105 1084 5152 tamen
1111 5096 1255 5152 veris
1275 5096 1465 5161 modis,
1495 5096 1656 5150 etiam
1679 5097 1842 5166 spiri-

270 5195 356 5242 tus
398 5187 743 5256 incorporeos
769 5203 928 5258 posse
967 5197 1126 5258 pmna
1154 5187 1454 5257 corporalis
1495 5188 1633 5259 ignis
1657 5185 1840 5258 aﬂligi,

266 5277 314 5331 si
341 5277 561 5345 spiritus
591 5277 890 5343 hominum,
917 5279 1079 5332 etiam
1109 5278 1210 5346 ipsi
1250 5277 1490 5348 profecto
1518 5279 1840 5349 incorporei,

268 5376 326 5421 et
355 5384 495 5424 nunc
524 5377 809 5439 potuerunt
841 5370 1038 5424 includi
1073 5371 1444 5440 corporalibus
1481 5371 1754 5438 membris,
1789 5380 1846 5430 et

271 5469 399 5516 tunc
439 5468 693 5530 poterunt
719 5477 1004 5530 corporum
1031 5475 1252 5516 suorum
1282 5463 1514 5518 vinculis
1543 5462 1842 5519 insolubili-

272 5560 358 5606 ter
383 5552 611 5624 alligari.
643 5553 1006 5609 Adhterehunt
1035 5569 1181 5624 ergo,
1209 5554 1253 5608 si
1283 5555 1364 5610 eis
1391 5555 1532 5610 nulla
1562 5564 1688 5611 sunt
1730 5567 1846 5610 cor-

273 5659 423 5714 pora,
459 5645 679 5716 spiritus
707 5647 1031 5710 daamonum,
1060 5645 1168 5701 imo
1213 5646 1436 5716 spiritus
1466 5646 1846 5710 dmmones,li-

271 5745 362 5792 cet
393 5737 722 5810 incorporei,
757 5737 1030 5808 corporeis
1060 5738 1269 5807 ignibus
1303 5737 1580 5794 crucianzli
1611 5757 1624 5792 :
1656 5755 1760 5794 non
1787 5747 1846 5793 ut

1939 4658 2041 4700 nec
2087 4657 2212 4699 vera
2263 4640 2649 4710 incorruptio,
2677 4640 2779 4696 nisi
2826 4641 2918 4697 ubi
2957 4639 3105 4696 salus
3149 4639 3297 4694 nullo
3336 4638 3524 4694 dolore

1939 4733 2325 4803 corrumpitur.
2357 4731 2458 4790 Ubi
2487 4740 2668 4786 autem
2697 4730 2879 4791 infelix
2895 4731 3040 4788 mori
3079 4745 3186 4786 non
3212 4729 3429 4792 sinitur,
3462 4737 3526 4782 ut

1935 4825 2018 4880 ita
2071 4825 2272 4887 dicam,
2321 4837 2466 4877 mors
2507 4821 2620 4892 ipsa
2674 4831 2781 4876 no‘n
2822 4820 3098 4886 moritur;
3129 4827 3184 4875 et
3235 4818 3327 4874 ubi
3368 4818 3523 4874 dolor

1941 4924 2234 4989 perpetuus
2272 4929 2380 4970 non
2408 4913 2690 4976 interimit,
2722 4913 2836 4968 sed
2861 4911 3065 4982 afﬂigit,
3099 4910 3213 4980 ipsa
3249 4909 3522 4980 corruptio

1946 5024 2052 5065 non
2082 5006 2298 5072 finitur;
2331 5007 2446 5062 haec
2475 5005 2528 5062 in
2554 5004 2758 5060 sanctis
2781 5002 3080 5074 Scripturis
3107 5002 3342 5058 secunda
3373 5016 3522 5056 mors

1945 5099 2162 5154 dicitur.
2186 5096 2294 5152 Nec
2320 5097 2494 5168 prima
2533 5104 2736 5160 tamen,
2777 5109 2883 5164 qua
2928 5108 3086 5150 suum
3113 5108 3312 5164 corpus
3339 5092 3522 5148 anima

1947 5189 2250 5259 relinquere
2269 5187 2498 5260 cogitur,
2520 5201 2620 5241 nec
2661 5185 2918 5249 secunda,
2957 5199 3063 5255 qua
3092 5183 3304 5255 pmnale
3323 5197 3522 5258 corpus

1945 5280 2126 5338 anima
2157 5279 2460 5348 relinquere
2481 5291 2586 5331 non
2607 5275 2954 5348 permittitur,
2993 5276 3196 5332 homini
3235 5273 3523 5331 accidisset

1945 5371 1992 5426 si
2020 5385 2182 5425 nemo
2206 5365 2531 5439 peccasset.]
2558 5367 2600 5437 -ι-
2625 5365 2769 5422 Satis
2795 5367 3133 5436 dilucideque
3162 5371 3519 5422 monstratum

1945 5469 2034 5517 est
2060 5461 2422 5525 auctoritate;
2449 5459 2780 5530 Patrumque
2807 5458 3095 5515 concordia
3148 5472 3374 5528 corpora
3415 5456 3521 5512 huc

1949 5568 2110 5608 mana
2136 5551 2546 5608 resurrectionis
2573 5558 2814 5620 tempore
2843 5563 3019 5621 neque
3057 5549 3315 5614 aetherea,
3345 5561 3521 5617 neque

1951 5659 2111 5700 aerea
2139 5643 2340 5709 futura,
2370 5643 2465 5699 sed
2490 5656 2707 5707 carnea,
2741 5656 2862 5712 quae
2895 5639 3218 5710 sempiterna
3245 5638 3520 5693 immorta-

1955 5737 2107 5792 litate
2135 5734 2330 5792 donata
2356 5749 2454 5804 pro
2481 5733 2692 5794 meritis
2725 5733 2840 5790 suis
2868 5732 2950 5787 vel
2976 5731 3199 5801 gloriam
3222 5729 3526 5804 percipiant
