3974 6344
579 310 746 376 ,1555

1601 313 1659 370 S.
1699 311 2070 370 PRUDENTII
2111 311 2492 370 TRECENSIS
2529 315 2844 374 EPISCOPI

3631 335 3726 396 1336

610 429 691 485 vel
725 429 1107 501 ignominiam.
1138 430 1256 486 Jam
1305 447 1464 501 porro
1511 440 1702 486 caetera
1731 446 1851 500 quin
1879 438 2176 501 sequuntur
2203 431 2252 490 Α
2279 428 2354 484 ris
2391 430 2636 496 vinculo,
2658 432 2729 486 ita
2757 431 3146 502 superiOribus,
3175 423 3228 491 id
3251 446 3328 492 est
3365 435 3481 510 igni,
3515 445 3672 512 cedant,
3692 464 3731 510 ui

603 534 726 574 cum
751 535 817 576 ex
845 520 1114 590 prioribus
1139 521 1396 576 frustrata
1423 530 1585 590 atque
1607 521 1674 575 ad
1703 521 1926 576 nihilum
1957 520 2174 576 redacta

573 591 750 686 :sint,
803 598 872 666 ad
933 611 1034 668 hoc
1079 620 1280 666 tantum
1336 612 1582 680 ponenda
1641 612 1927 675 videnlur,
1984 619 2044 665 ut
2087 625 2177 666 vo-

603 703 832 760 mituuin
905 712 1114 758 tuorum
1186 717 1400 758 nauseae
1457 703 1627 759 cuivis
1695 701 1904 760 facilius
1964 703 2174 760 innote—

603 803 778 852 δροηι.

1145 881 1369 922 ιοΑΝΝεε
1405 882 1621 926 θεοτυε.

675 982 826 1053 (Cap.
865 983 949 1046 l9,
993 998 1140 1038 num.
1173 983 1228 1048 4,
1266 991 1400 1039 sect.
1445 984 1528 1055 2.)
1564 993 1605 1040 Θ
1642 983 1782 1040 Hinc
1831 993 1929 1048 est,
1975 985 2172 1054 inquis,

599 1075 738 1144 quod
763 1073 1001 1128 diabolus
1024 1085 1136 1144 post
1160 1073 1366 1146 lapsum
1385 1075 1630 1135 detrusus
1657 1076 1721 1130 ab
1743 1077 1963 1130 tet/terea
1980 1076 2172 1145 spatio,

599 1164 905 1234 mljunctum
938 1174 1014 1219 est
1041 1165 1090 1220 ei
1128 1165 1286 1221 invito
1317 1182 1526 1220 aereum
1549 1183 1753 1236 corpus,
1777 1167 1831 1220 in
1850 1183 1953 1234 qua
1995 1181 2172 1234 plenas

599 1271 711 1310 sua:
752 1256 1008 1326 superbia:
1050 1256 1186 1323 luat,
1236 1258 1369 1312 miro
1399 1268 1552 1330 atque
1576 1258 1832 1328 ineffabili
1861 1268 2171 1312 naturarum

595 1347 751 1401 modo
781 1348 1079 1418 peragitur;
1109 1349 1310 1402 occulto
1349 1358 1521 1402 tanten
1561 1349 1806 1421 jusloque
1846 1348 2076 1419 judicio,
2115 1358 2170 1402 ut

595 1441 734 1510 quod
763 1440 1014 1499 elementa
1040 1443 1218 1496 mundi
1240 1444 1375 1496 inter
1395 1459 1467 1507 se,
1494 1443 1645 1513 quasi
1666 1443 1892 1514 quodam
1915 1441 2170 1496 naturalis

594 1535 790 1588 amoris
819 1533 1045 1598 uinculo,
1089 1534 1357 1602 complexa
1403 1533 1916 1604 inseparabiliterque
1951 1535 2160 1600 conjun-

594 1633 703 1688 cta,
733 1623 1124 1678 ordinatissime
1153 1635 1295 1678 mam
1335 1636 1601 1696 appetunt,
1655 1627 1920 1681 ceritatem
1951 1625 2169 1678 odienti—

597 1712 691 1766 bus
737 1722 969 1766 uertatur
1012 1715 1068 1768 in
1114 1715 1442 1784 suppltcium.
1504 1715 1667 1786 Ignea
1709 1717 1895 1786 quippe
1943 1714 2169 1784 qualitas

595 1803 833 1870 superior
853 1803 1086 1858 naturali
1111 1804 1158 1858 vi
1179 1804 1488 1873 inferiorum
1507 1805 1872 1859 elementorum
1891 1805 2168 1876 qualitates

596 1897 652 1950 in
680 1913 735 1950 se
767 1898 1358 1968 transfunderevsemper
1382 1901 1574 1968 appetit
1602 1899 1832 1953 naturali
1853 1903 1995 1952 motu
2016 1898 2169 1970 quasi

591 1988 858 2059 quoddam
885 1990 968 2044 sui
1002 1989 1326 2044 alimentum.
1366 1988 1498 2045 Cum
1537 2007 1680 2061 ergo,
1712 1999 1767 2044 ut
1803 1991 2051 2054 diximus,
2084 2005 2170 2043 su-

591 2094 773 2147 prema
821 2079 1051 2133 omnium
1077 2072 1351 2149 corporum
1377 2080 1624 2151 qualitas,
1664 2095 1780 2150 qua:
1808 2089 1884 2135 est
1921 2080 2163 2144 tetlterea,

595 2169 873 2240 inferiores
901 2171 1178 2242 qualitates
1217 2181 1263 2226 et
1294 2173 1432 2226 intra
1453 2189 1508 2226 se
1532 2173 1804 2227 ambiendo
1828 2182 2079 2237 coarctat,
2118 2182 2166 2226 et

577 2265 648 2332 in
675 2274 917 2334 se.prout
945 2265 1030 2326 lea:
1052 2275 1360 2320 naturarum
1383 2267 1529 2326 sinit,
1560 2282 1876 2320 commovere
1905 2283 2007 2320 non
2030 2266 2167 2318 desi-

591 2365 706 2418 nat,
747 2366 1060 2410 naturarum
1101 2357 1242 2410 intra
1282 2373 1336 2410 se
1375 2356 1618 2410 mirabile.
1659 2355 1858 2425 per/icit
1891 2355 2162 2426 gaudium.

593 2448 857 2502 malarum
924 2462 1041 2501 vero
1103 2445 1426 2501 voluntatum
1497 2447 1762 2516 ine/fabile
1831 2455 2162 2501 tormentum.

593 2535 828 2591 Proinde
857 2537 1133 2608 impiorum
1174 2539 1427 2604 omnium,
1461 2538 1765 2609 angelorum
1801 2538 2032 2593 videlicet
2073 2539 2168 2593 ho-

592 2631 892 2703 minumque
952 2647 1342 2701 perversurum,
1382 2646 1600 2700 corpora
1640 2631 1717 2685 ita
1755 2613 1874 2684 sunt
1913 2627 2167 2700 supplicia

593 2723 728 2794 ignis
754 2723 935 2776 teterni
958 2739 1288 2792 perpessum,
1317 2731 1372 2774 ut
1398 2720 1692 2792 integritate
1722 2735 1901 2773 eorum
1927 2717 2169 2773 substan-

591 2815 694 2878 tiae,
729 2812 872 2867 nullo
905 2813 1056 2867 modo
1085 2813 1339 2884 peritura,
1371 2828 1550 2866 eorum
1590 2809 1980 2880 pulchritudine
2023 2808 2168 2863 nullo

592 2905 747 2958 modo
769 2903 1035 2974 defutura,
1081 2921 1260 2958 eorum
1285 2902 1517 2959 naturali
1543 2901 1899 2956 incolumitate
1935 2917 2170 2970 perman-

593 3013 740 3060 sura,
771 2995 1010 3052 omnibus
1051 2994 1237 3050 deinde
1280 3004 1483 3049 natura:
1513 2993 1658 3050 bouis
1707 2993 1777 3045 ad
1814 2991 2165 3046 universitatis

595 3097 960 3141 ornamentum
999 3086 1228 3150 mirabili
1265 3085 1447 3140 ordine
1483 3084 1778 3154 refulsuris,
1811 3094 2021 3158 excepta
2047 3083 2169 3136 bea-

594 3177 816 3230 titudine
839 3194 941 3246 qua
964 3177 1330 3246 privabantur,
1354 3192 1469 3246 qua:
1499 3192 1601 3237 non
1630 3184 1704 3229 est
1747 3192 1813 3230 ea:
1838 3185 2048 3236 natura,
2078 3173 2168 3227 sed
2195 3157 2240 3220 (ἶ

593 3281 660 3321 e1:
705 3267 914 3335 gratia;
963 3266 1246 3334 superioris
1290 3266 1424 3334 ignis
1469 3266 1703 3335 corporei
1741 3280 1857 3318 cum
1904 3263 2168 3331 inferioris

595 3355 732 3409 aeris
756 3353 1056 3424 corporibus
1083 3352 1330 3423 qualitate
1361 3353 1705 3416 conluctante,
1731 3351 1961 3406 naturali
1983 3352 2029 3406 vi
2054 3368 2168 3405 ser-

595 3455 714 3499 vata
736 3443 1025 3513 infelicium
1056 3445 1358 3497 animarum
1377 3443 1594 3496 intentio
1625 3443 1688 3496 de
1731 3441 2032 3512 corporibus
2058 3442 2169 3496 suis

595 3545 819 3590 wternas
847 3535 1082 3604 patiatur
1104 3550 1390 3598 (erumnas,
1428 3534 1503 3587 ita
1533 3532 1763 3588 videlicet
1803 3542 1860 3586 ut
1899 3533 2037 3587 idem
2063 3533 2170 3602 ipse

594 3628 730 3698 ignis
760 3627 999 3681 omnibus
1047 3625 1347 3696 corporibus
1381 3625 1476 3694 ﬁat
1516 3625 1686 3696 gloria
1727 3641 1830 3696 quo
1856 3624 2170 3679 damnandis

595 3717 870 3772 animabus
912 3720 1226 3774 intrinsecus
1263 3717 1536 3787 iniquitate
1575 3717 1808 3788 prepria,
1850 3718 2168 3776 extrinsecus

595 3808 946 3870 cumulabitur
967 3826 1138 3880 paena.
1228 3843 1232 3847 -

1225 3915 1538 3956 CORRECTIO.

664 3993 705 4063 ει-
746 3992 838 4047 llis
868 4001 971 4048 tute
996 3992 1368 4063 perversitatis
1389 3991 1822 4047 exhalationibus
1868 3989 2173 4060 responsio-

593 4101 717 4140 nem
749 4085 980 4140 breviter
1017 4085 1502 4156 perstringendam,
1531 4099 1596 4138 ex
1621 4084 1912 4140 abundanti
1961 4099 2066 4138 non
2094 4084 2172 4137 in-

2277 523 2393 593 ejus
2419 524 2734 580 alimentum
2779 526 2896 582 lieri
2942 543 3047 584 non
3091 529 3401 598 detrectent,
3429 536 3590 592 mirum
3624 543 3732 600 siille

2276 615 2524 684 superior
2553 616 2692 685 ignis
2736 617 3016 674 elementis
3057 620 3390 680 inferioribus
3421 637 3566 698 egeat,
3589 641 3733 692 utnon-

2277 707 2382 760 nisi
2403 720 2589 762 eorum
2613 709 2824 780 pabulis
2844 711 3042 776 alatur,
3064 713 3354 770 subsistere
3372 729 3529 786 queat.
3543 721 3732 782 Debueras

2261 799 2541 869 siquidem
2577 801 2780 857 eodem
2815 803 2975 858 modo
3016 805 3081 860 de
3128 807 3335 862 caeteris
3379 817 3604 879 tractare,
3634 817 3733 886 cujus

2277 889 2712 962 unumquodque,
2743 900 2802 948 ut
2843 895 3140 952 subsistere
3167 899 3354 967 possit,
3400 900 3611 972 indigeat.
3646 906 3732 963 Nam

2259 981 2444 1052 huius
2461 982 2632 1039 nostri
2659 981 3010 1056 ignis'natura
3037 997 3141 1055 est,
3176 999 3253 1056 ut,
3283 994 3501 1063 exceptis
3523 998 3731 1067 miraculis,

2263 1073 2532 1145 quidquid
2574 1077 2810 1146 attigerit
2831 1088 3128 1134 consumat.
3160 1080 3270 1136 Cur
3296 1097 3415 1154 ergo
3435 1085 3509 1138 ille
3541 1103 3621 1142 non
3652 1106 3734 1145 cou-

2275 1165 2438 1220 sumit
2481 1176 2675 1222 caetera
2721 1165 2984 1224 elementa
3009 1211 3025 1236 ,
3079 1171 3125 1226 si
3170 1171 3286 1240 ejus
3329 1181 3445 1228 sunt
3483 1175 3734 1236 alimentum!

2274 1257 2516 1330 Cumque
2543 1259 2782 1332 legamus
2802 1270 2861 1317 et
2889 1263 3267 1320 incunctanter
3287 1269 3600 1324 certissimum
3617 1271 3735 1327 tenea-

2274 1367 2394 1406 mus
2446 1362 2736 1424 conspectu
2782 1353 2980 1424 judicis
3035 1357 3301 1412 tremendi
3333 1359 3491 1429 ignem
3526 1364 3736 1420 accenden-

2273 1446 2422 1512 dum,
2467 1462 2578 1518 quo
2600 1445 2795 1503 coelum
2824 1455 2879 1504 et
2907 1456 3070 1512 terra,
3115 1450 3171 1505 id
3214 1458 3297 1506 est
3324 1467 3410 1506 aer
3445 1453 3736 1520 nebulosus,et

2275 1545 2501 1591 terrenae
2566 1537 2812 1594 materiei
2862 1537 3223 1607 superficies,
3287 1549 3573 1607 transeant,
3616 1546 3736 1600 nescio

2273 1628 2402 1697 quid
2427 1642 2648 1684 necesse
2674 1629 2746 1683 sit
2771 1625 2921 1683 illum
2955 1637 3101 1684 tanta
3129 1630 3543 1688 manifestatione
3564 1643 3734 1702 tantoque

2273 1725 2480 1773 terrore
2525 1719 2590 1772 ad
2621 1719 2736 1775 haec
2766 1713 3071 1774 renovanda
3116 1722 3360 1786 accendi,
3386 1737 3494 1776 eum
3520 1724 3735 1791 possentil-

2199 1782 2245 1846 Β
2273 1811 2377 1865 lius
2415 1791 2660 1876 mtherei,
2703 1819 2764 1865 ut
2791 1809 2948 1878 dicis,
2981 1811 3240 1866 alimento
3268 1782 3481 1868 absumi.
3512 1782 3735 1870 b‘alsumest

2271 1905 2455 1974 igitur,
2493 1905 2634 1960 intra
2670 1905 2808 1958 hunc
2845 1905 3014 1975 ignem
3049 1897 3329 1958 tctltereum
3363 1914 3528 1958 cuncta
3551 1905 3735 1958 ambiendo

2271 1996 2552 2060 coarctari,
2583 2004 2738 2066 atque
2764 1996 2902 2048 intra
2917 1988 3046 2048 eum
3070 2003 3382 2048 naturarum
3407 1993 3604 2047 mirabile
3622 1995 3735 2062 perﬁci

2270 2086 2546 2157 gaudium,
2587 2085 2948 2156 oratorumque
2980 2077 3310 2140 voluntatum
3331 2086 3566 2155 ineffabile
3588 2095 3735 2138 lt)th-

2271 2187 2399 2231 tum.
2441 2177 2719 2245 Quomodo
2749 2177 2893 2231 enim
2919 2179 3246 2232 convenient
3277 2178 3509 2248 gaudium
3533 2186 3653 2246 atque
3670 2185 3734 2230 tor.

2273 2265 2548 2321 mentum?
2569 2261 2754 2321 Nullus
2777 2267 2975 2337 quippe
2999 2267 3127 2322 dum
3153 2276 3430 2337 torquetur
3459 2268 3632 2338 gaudet,
3647 2281 3732 2336 pne-

2271 2365 2353 2411 ter
2403 2356 2524 2411 illos
2571 2356 2660 2425 qui
2715 2365 2907 2427 sponte
2949 2365 3218 2412 tormenta
3271 2357 3508 2421 subeunt,
3550 2355 3655 2424 quod
3685 2352 3734 2408 rel

2269 2447 2504 2503 maxime
2544 2448 2597 2501 in
2621 2449 2828 2504 sanetis
2870 2441 3124 2504 omnibus
3150 2447 3348 2502 elucet.
3391 2447 3457 2500 At
3480 2461 3581 2500 cum
3617 2457 3734 2496 omnes

2267 2539 2812 2610 pmnascorporibus
2864 2553 3118 2594 amoveas
3144 2577 3160 2603 ,
3209 2548 3266 2593 et
3310 2538 3514 2606 insuper
3551 2533 3732 2602 gaudium,

2267 2627 2722 2700 pulchritudinem
2746 2625 3118 2700 fulgoremque
3137 2629 3390 2683 omnibus
3414 2625 3580 2696 impiis,
3604 2623 3734 2692 angelis

2268 2727 2428 2788 atque
2452 2718 2760 2790 hominibus
2802 2717 3079 2784 adhibeas,
3101 2717 3507 2786 voluntatesque
3535 2713 3641 2768 solus
3669 2721 3736 2764 tor.

2268 2820 2510 2867 mentum
2560 2812 2676 2882 pati
2727 2812 3030 2882 perhibeas,
3080 2807 3220 2880 quas
3267 2810 3484 2864 intentio
3527 2808 3733 2861 animarum

2270 2902 2565 2958 infelicium
2604 2902 2669 2958 de
2700 2902 2814 2957 suis
2840 2903 3158 2973 corporibus
3185 2901 3422 2972 patiatur
3442 2908 3732 2953 :emmnasnon

2268 2993 2456 3048 video?
2479 2992 2536 3048 Si
2566 2993 2709 3050 enim
2738 2993 3061 3064 gaudebunt,
3086 2993 3134 3050 si
3157 3007 3370 3047 omnem
3393 2986 3732 3061 pulchritudinem

2270 3083 2544 3138 habebunt
2585 3099 2776 3140 eorum
2811 3098 3060 3154 corpora,
3115 3083 3166 3137 si
3212 3081 3546 3151 refulgebunt,
3576 3073 3732 3145 siglurii

2269 3176 2519 3231 omnibus
2569 3174 2674 3230 erit
2724 3173 3057 3244 corporibus,
3093 3181 3149 3228 et
3201 3174 3509 3228 intrinsecus
3546 3167 3732 3236 iniquitate

2270 3266 2486 3334 prepria
2520 3265 2896 3320 tantummodo
2911 3264 3338 3327 damnabuntur,
3367 3276 3478 3331 qum
3505 3259 3588 3312 illis
3603 3253 3734 3308 extrin-

2271 3371 2428 3411 secus
2467 3355 2830 3410 cumulabitur
2873 3355 3079 3424 poena?—
3111 3353 3168 3408 Si
3229 3369 3400 3423 neque
3443 3351 3732 3406 dolebumcur-

2271 3460 2423 3515 Ρονον
2451 3461 2626 3516 neque
2647 3449 2860 3517 pmnam
2889 3446 3144 3510 sentient,
3177 3445 3313 3514 quid
3343 3443 3512 3498 earum
3546 3435 3733 3492 animabus

2270 3541 2609 3595 extrinsecus
2654 3539 3016 3595 cumulabitur
3058 3535 3272 3610 poeitae?
3333 3537 3388 3592 Si
3437 3547 3652 3602 nunquam
3683 3526 3732 3580 ille

2273 3634 2413 3704 ignis
2458 3635 2708 3688 omnibus
2753 3631 3068 3702 corporibus
3117 3631 3211 3686 fiet
3267 3630 3450 3701 gloria,
3493 3623 3674 3693 sequitur
3701 3627 3734 3669 ut

2271 3726 2415 3780 nulla
2461 3726 2795 3780 extrinsecus
2843 3723 3124 3776 animabus
3173 3721 3473 3776 cumuletur
3505 3729 3644 3787 poma.
3670 3710 3730 3762 Atti

2272 3832 2374 3888 qua
2405 3816 2611 3870 ratione
2635 3816 2702 3868 ab
2727 3815 2808 3868 eis
2832 3811 3222 3867 beatitudinem
3245 3809 3458 3879 excipis,
3495 3805 3644 3876 quibus
3658 3811 3727 3888 gu-

2269 3884 2420 3963 dium
2451 3902 2922 3976 pulchritudinem,
2955 3900 3216 3970 fulgorem
3246 3899 3552 3970 gloriamque
3582 3884 3732 3945 nonali-

2271 3998 2412 4054 mis?
2447 3996 2573 4062 Quae
2621 4009 2784 4064 quam
2813 3991 2922 4046 sint
2961 3989 3152 4045 frivola
3199 3998 3258 4044 et
3301 3987 3433 4042 ratio
3467 3995 3514 4038 et
3538 3976 3733 4036 auctoritas

2269 4099 2517 4161 patenter
2542 4086 2803 4142 insinuat.
2831 4084 3057 4139 Luctum
3083 4095 3214 4136 vero
3243 4076 3518 4150 superioris
3543 4071 3732 4161 ignistﬂll

595 4192 890 4246 congruum
914 4176 1150 4244 judicavi
1192 4177 1258 4230 de
1305 4175 1477 4230 aereis
1509 4176 1806 4230 daemonum
1831 4175 2168 4244 corporibus,
2257 4156 2588 4249 corporibus
2622 4175 2796 4229 aereis
2843 4187 3004 4243 quam
3055 4170 3290 4225 ridicule
3325 4167 3546 4238 garrias,
3583 4156 3734 4230 ρηιάεηε

595 4266 722 4334 quid
767 4265 1016 4319 Pati-ibus
1066 4265 1238 4322 visqu
1281 4266 1352 4319 sit
1398 4264 1727 4322 sullicienter
1777 4281 1963 4321 eorum
2011 4264 2170 4320 dietis

594 4355 787 4422 conjici
819 4356 979 4410 valet.
1006 4355 1171 4427 Magis
1189 4358 1407 4426 quippe,
1424 4365 1484 4410 ut
1505 4357 1585 4411 eis
1607 4357 1780 4411 visum
1803 4365 1906 4420 est,
1922 4353 2174 4416 substan-

598 4449 669 4508 tia
696 4448 935 4518 propria,
965 4464 1124 4518 quam
1160 4449 1209 4502 in
1241 4449 1558 4517 corporibus
1601 4449 1954 4515 undecunque
1978 4461 2172 4501 conro-

593 4541 733 4609 gatis
771 4549 933 4609 atque
985 4541 1250 4596 condictis
1301 4551 1492 4608 poenas
1547 4539 1659 4592 suis
1704 4537 1912 4592 meritis
1960 4537 2169 4592 debitas

595 4637 761 4690 luent.
803 4637 956 4700 Quod
1001 4635 1162 4690 etiam
1207 4641 1428 4687 sanctus
1465 4629 1777 4700 Fulgentius
1829 4631 1896 4683 ad
1948 4629 2167 4684 Petrum

587 4729 878 4784 ~confirmat
897 4743 1017 4783 cum
1042 4727 1171 4780 dicit
1194 4743 1206 4778 :

665 4820 958 4893 [Quosdam
983 4819 1145 4888 igitur
1167 4817 1386 4886 spiritus
1407 4816 1484 4871 sic
1506 4817 1643 4872 Deus
1663 4817 1865 4871 creavit
1883 4824 1940 4869 ut
1955 4828 2169 4884 semper

591 4919 794 4970 essent,
843 4909 1104 4976 quosdam
1151 4923 1295 4969 vero,
1350 4914 1548 4960 utesse
1580 4907 1801 4976 spiritus
1847 4907 2168 4976 quandoque
2264 4937 2266 4940 ν

593 4999 952 5056 desinerent:
1007 4997 1122 5052 illos
1171 4999 1351 5072 itaque
1409 4995 1713 5060 desituros,
1785 4994 2041 5065 quosdam
2099 5010 2166 5049 ex
2226 5021 2238 5028 -

593 5106 752 5158 aqua,
796 5089 1054 5158 quosdam
1104 5105 1250 5151 vero,
1285 5088 1411 5158 quia
1453 5087 1530 5142 sic
1583 5087 1748 5140 voluit
1792 5085 2165 5155 Omnipotens,

593 5182 846 5250 produxit
875 5197 941 5235 ex
991 5191 1166 5250 terra;
1205 5180 1511 5247 superiores
1547 5193 1674 5232 vero
1718 5177 1938 5246 spiritus
1965 5177 2164 5231 nullum

592 5287 717 5327 cum
767 5272 1045 5340 corporeis
1081 5271 1360 5326 elementis
1387 5272 1586 5324 habere
1615 5269 1742 5323 fecit
1770 5268 2016 5338 naturale
2039 5283 2162 5323 con-

593 5361 866 5432 sortitum]
902 5362 941 5430 1-
973 5361 1029 5415 Si
1067 5361 1574 5430 igiturfauctoritati
1625 5360 1756 5414 tanti
1807 5359 2044 5414 doctoris
2073 5375 2167 5414 ac-

593 5457 955 5525 quiescimus,
992 5469 1162 5522 neque
1205 5455 1461 5516 aztherea,
1495 5459 1670 5523 neque
1717 5467 1876 5508 aerea
1911 5452 2168 5522 angelicis

591 5546 875 5613 spiritibus
897 5559 1128 5612 corpora
1161 5544 1604 5598 commodamus.‘

671 5639 812 5691 Sane
839 5639 978 5707 quod
1003 5638 1068 5690 de
1085 5637 1478 5707 elementorum
1505 5637 1739 5691 amicitia
1766 5636 1988 5691 fabellas
2023 5636 2172 5690 vani-

598 5732 726 5791 tatis
755 5739 984 5792 eructas,
1024 5728 1172 5798 quasi
1206 5727 1458 5782 inferiora
1494 5744 1736 5798 qumque,
1764 5729 1992 5796 quodam
2024 5741 2170 5784 anto-

2271 4271 2502 4342 quisque
2533 4269 2793 4324 facilitate
2833 4280 2938 4335 qua
2967 4263 3219 4327 advertit,
3253 4259 3456 4317 evertit.
3486 4254 3639 4308 Verum
3655 4255 3735 4342 que-

2265 4364 2441 4418 .modo.
2469 4375 2697 4432 corpora
2727 4373 2942 4428 semper
2966 4371 3154 4410 arsura
3181 4352 3481 4422 subiungas,
3515 4357 3610 4400 cum
3628 4349 3735 4432 eam

2276 4456 2350 4511 hil
2377 4427 2581 4525 perpeti
2611 4461 2759 4506 tanta
2785 4447 3085 4520 pervicacia
3123 4454 3376 4515 tantaque
3397 4432 3659 4509 impudentia
3679 4427 3734 4479 ln-

2273 4555 2462 4602 ctenus
2495 4547 2779 4600 exseCutus
2803 4541 2898 4601 sis,
2927 4539 3147 4594 minime
3170 4528 3625 4609 perpenderevaleu
3641 4541 3651 4575 ε
3669 4531 3735 4616 ll“?

2269 4645 2432 4708 pacto
2456 4636 2654 4690 etenim
2702 4633 2915 4688 ardebit
2951 4631 3174 4701 quodet
3203 4629 3334 4684 nihil
3361 4627 3566 4697 patietur
3587 4623 3734 4708 eterna!

2271 4701 2708 4799 pulchritudine,
2751 4725 2959 4796 fulgore
3019 4729 3074 4778 et
3122 4721 3290 4794 gloria
3344 4711 3646 4776 dcc-ambitur.
3677 4701 3735 4754 Ais

2273 4835 2417 4875 cntm
2449 4835 2467 4872 2

2839 4943 3062 4983 massas
3100 4931 3311 4981 scores.

2295 5088 2302 5093 ’
2347 5084 2500 5155 (Cap.
2526 5083 2612 5148 l9,
2646 5095 2792 5135 num.
2825 5081 2882 5145 ες,
2909 5088 3044 5133 sect.
3069 5078 3146 5147 4.)
3180 5085 3220 5132 Θ
3251 5071 3460 5142 Quodsi
3480 5059 3732 5155 aliculam.“

2269 5143 2463 5230 .t'libile-
2482 5143 2686 5229 videtur
2715 5143 2934 5241 corpora
2981 5143 3188 5239 quidem
3234 5181 3424 5232 semper
3447 5171 3615 5250 “""f"
3642 5143 3732 5250 ξ’,δῗ

2275 5269 2507 5337 ipsorum
2539 5263 2668 5318 nihil
2697 5236 3225 5332 periturum‘natura,
3251 5260 3412 5312 rideat
3435 5250 3560 5306 illum
3579 5236 3732 5341 lapidi:

2271 5334 2365 5429 qui
2407 5358 2462 5409 in
2507 5354 2734 5408 Arcadia
2771 5353 2864 5406 sub
2905 5361 3079 5406 monte
3128 5351 3360 5404 nascitur
3381 5334 3731 5429 Erimantln'

2269 5427 2394 5505 cum
2421 5451 2489 5502 sit
2533 5446 2691 5516 ferrei
2717 5446 2901 5499 trituris
2941 5453 3082 5497 tactu
3119 5455 3378 5502 accensus,
3407 5435 3464 5488 ab
3491 5428 3576 5500 igni
3598 5427 3732 5516 tulit:

2277 5541 2366 5610 gui
2409 5539 2602 5608 nequit,
2638 5553 2790 5608 quem
2835 5534 3009 5590 Graeci
3059 5535 3262 5586 nomine
3303 5544 3414 5584 vero
3461 5499 3730 5610 asbettuuqﬂl

2277 5594 2352 5686 est
2410 5594 2882 5698 inexstinguibilem
2945 5635 3269 5686 memorant,
3337 5621 3405 5672 ita
3461 5622 3506 5666 ut
3558 5617 3594 5660 et

2281 5723 2326 5778 ei
2377 5685 2671 5792 pra’beatur
2715 5720 2867 5790 ignea
2929 5727 3148 5782 natura,
3195 5726 3240 5772 et
3296 5707 3415 5767 nihil
3459 5704 3664 5758 minuatur
3689 5685 3728 5736 4‘
