  <div class='ocr_page' id='page_1' title='image "/cluster/home/n/w/nwhite01/storage/ocr_20150623/115/hvd.32044015466873/672.png"; bbox 0 0 3974 6344; ppageno 0'>
   <div class='ocr_carea' id='block_1_1' title="bbox 167 335 296 392">
    <p class='ocr_par' dir='ltr' id='par_1_1' title="bbox 167 335 296 392">
     <span class='ocr_line' id='line_1_1' title="bbox 167 335 296 392; baseline -0.016 -2"><span class='ocrx_word' id='word_1_1' title='bbox 167 335 296 392; x_wconf 73' lang='grc'><strong>1⁸537</strong></span> 
     </span>
    </p>
   </div>
   <div class='ocr_carea' id='block_1_2' title="bbox 162 441 674 512">
    <p class='ocr_par' dir='ltr' id='par_1_2' title="bbox 162 441 674 512">
     <span class='ocr_line' id='line_1_2' title="bbox 162 441 674 512; baseline 0 -16"><span class='ocrx_word' id='word_1_2' title='bbox 162 445 270 512; x_wconf 83' lang='lat' dir='ltr'><strong>ejus</strong></span> <span class='ocrx_word' id='word_1_3' title='bbox 319 441 608 498; x_wconf 68' lang='lat' dir='ltr'><strong>substantia</strong></span> <span class='ocrx_word' id='word_1_4' title='bbox 655 456 674 496; x_wconf 89' lang='lat'><strong>:</strong></span> 
     </span>
    </p>
   </div>
   <div class='ocr_carea' id='block_1_3' title="bbox 165 545 370 592">
    <p class='ocr_par' dir='ltr' id='par_1_3' title="bbox 165 545 370 592">
     <span class='ocr_line' id='line_1_3' title="bbox 165 545 370 592; baseline -0.01 0"><span class='ocrx_word' id='word_1_5' title='bbox 165 545 370 592; x_wconf 67' lang='lat' dir='ltr'><strong>rentum.</strong></span> 
     </span>
    </p>
   </div>
   <div class='ocr_carea' id='block_1_4' title="bbox 131 619 1102 686">
    <p class='ocr_par' dir='ltr' id='par_1_4' title="bbox 131 619 1102 686">
     <span class='ocr_line' id='line_1_4' title="bbox 131 619 1102 686; baseline -0.007 5"><span class='ocrx_word' id='word_1_6' title='bbox 131 619 134 622; x_wconf 21' lang='grc' dir='ltr'>λ</span> <span class='ocrx_word' id='word_1_7' title='bbox 777 645 1102 686; x_wconf 71' lang='lat' dir='ltr'><strong>coenae-rio.</strong></span> 
     </span>
    </p>
   </div>
   <div class='ocr_carea' id='block_1_5' title="bbox 127 741 1730 814">
    <p class='ocr_par' dir='ltr' id='par_1_5' title="bbox 127 741 1730 814">
     <span class='ocr_line' id='line_1_5' title="bbox 127 741 1730 814; baseline 0 -14"><span class='ocrx_word' id='word_1_8' title='bbox 127 797 166 812; x_wconf 86' lang='lat'><strong>._</strong></span> <span class='ocrx_word' id='word_1_9' title='bbox 227 741 268 812; x_wconf 67' lang='grc' dir='ltr'><strong>-ι-</strong></span> <span class='ocrx_word' id='word_1_10' title='bbox 305 741 434 810; x_wconf 65' lang='lat' dir='ltr'><strong>Quae</strong></span> <span class='ocrx_word' id='word_1_11' title='bbox 489 757 612 798; x_wconf 86' lang='lat' dir='ltr'><strong>eum</strong></span> <span class='ocrx_word' id='word_1_12' title='bbox 663 755 732 798; x_wconf 74' lang='lat' dir='ltr'><strong>ex</strong></span> <span class='ocrx_word' id='word_1_13' title='bbox 777 743 920 798; x_wconf 88' lang='lat' dir='ltr'><strong>beati</strong></span> <span class='ocrx_word' id='word_1_14' title='bbox 977 741 1260 814; x_wconf 79' lang='lat' dir='ltr'><strong>Augustini</strong></span> <span class='ocrx_word' id='word_1_15' title='bbox 1311 743 1466 800; x_wconf 81' lang='lat' dir='ltr'><strong>libris</strong></span> <span class='ocrx_word' id='word_1_16' title='bbox 1515 753 1730 800; x_wconf 87' lang='lat' dir='ltr'><strong>mutua-</strong></span> 
     </span>
    </p>
   </div>
   <div class='ocr_carea' id='block_1_6' title="bbox 161 833 1730 908">
    <p class='ocr_par' dir='ltr' id='par_1_6' title="bbox 161 833 1730 908">
     <span class='ocr_line' id='line_1_6' title="bbox 161 833 1730 908; baseline 0.004 -20"><span class='ocrx_word' id='word_1_17' title='bbox 161 833 322 898; x_wconf 81' lang='lat' dir='ltr'><strong>veris,</strong></span> <span class='ocrx_word' id='word_1_18' title='bbox 351 833 436 888; x_wconf 90' lang='lat' dir='ltr'><strong>vel</strong></span> <span class='ocrx_word' id='word_1_19' title='bbox 485 833 664 904; x_wconf 91' lang='lat' dir='ltr'><strong>potius</strong></span> <span class='ocrx_word' id='word_1_20' title='bbox 707 835 1100 903; x_wconf 88' lang='lat' dir='ltr'><strong>compilaveris,</strong></span> <span class='ocrx_word' id='word_1_21' title='bbox 1143 835 1250 890; x_wconf 87' lang='lat' dir='ltr'><strong>alio</strong></span> <span class='ocrx_word' id='word_1_22' title='bbox 1301 837 1516 908; x_wconf 88' lang='lat' dir='ltr'><strong>penitus</strong></span> <span class='ocrx_word' id='word_1_23' title='bbox 1569 853 1730 894; x_wconf 90' lang='lat' dir='ltr'><strong>sensu</strong></span> 
     </span>
    </p>
   </div>
   <div class='ocr_carea' id='block_1_7' title="bbox 161 923 1730 996">
    <p class='ocr_par' dir='ltr' id='par_1_7' title="bbox 161 923 1730 996">
     <span class='ocr_line' id='line_1_7' title="bbox 161 923 1730 996; baseline 0.006 -20"><span class='ocrx_word' id='word_1_24' title='bbox 161 939 318 994; x_wconf 88' lang='lat' dir='ltr'><strong>quam</strong></span> <span class='ocrx_word' id='word_1_25' title='bbox 349 923 416 978; x_wconf 83' lang='lat' dir='ltr'><strong>ab</strong></span> <span class='ocrx_word' id='word_1_26' title='bbox 447 939 512 978; x_wconf 88' lang='lat' dir='ltr'><strong>eo</strong></span> <span class='ocrx_word' id='word_1_27' title='bbox 553 923 764 978; x_wconf 81' lang='lat' dir='ltr'><strong>fuerant</strong></span> <span class='ocrx_word' id='word_1_28' title='bbox 793 925 966 994; x_wconf 88' lang='lat' dir='ltr'><strong>posita</strong></span> <span class='ocrx_word' id='word_1_29' title='bbox 995 927 1264 996; x_wconf 90' lang='lat' dir='ltr'><strong>protulisti</strong></span> <span class='ocrx_word' id='word_1_30' title='bbox 1299 945 1312 980; x_wconf 93' lang='lat'><strong>:</strong></span> <span class='ocrx_word' id='word_1_31' title='bbox 1359 927 1448 983; x_wconf 88' lang='lat' dir='ltr'><strong>ille</strong></span> <span class='ocrx_word' id='word_1_32' title='bbox 1475 929 1620 984; x_wconf 89' lang='lat' dir='ltr'><strong>enim</strong></span> <span class='ocrx_word' id='word_1_33' title='bbox 1663 931 1730 985; x_wconf 83' lang='lat' dir='ltr'><strong>ad</strong></span> 
     </span>
    </p>
   </div>
   <div class='ocr_carea' id='block_1_8' title="bbox 163 1013 1730 1081">
    <p class='ocr_par' dir='ltr' id='par_1_8' title="bbox 163 1013 1730 1081">
     <span class='ocr_line' id='line_1_8' title="bbox 163 1013 1730 1081; baseline 0.004 -13"><span class='ocrx_word' id='word_1_34' title='bbox 163 1015 260 1068; x_wconf 81' lang='lat' dir='ltr'><strong>hoc</strong></span> <span class='ocrx_word' id='word_1_35' title='bbox 307 1013 374 1070; x_wconf 92' lang='lat' dir='ltr'><strong>de</strong></span> <span class='ocrx_word' id='word_1_36' title='bbox 427 1015 664 1078; x_wconf 84' lang='lat' dir='ltr'><strong>ashesto,</strong></span> <span class='ocrx_word' id='word_1_37' title='bbox 713 1015 1074 1081; x_wconf 79' lang='lat' dir='ltr'><strong>salamandra,</strong></span> <span class='ocrx_word' id='word_1_38' title='bbox 1125 1027 1182 1070; x_wconf 87' lang='lat' dir='ltr'><strong>et</strong></span> <span class='ocrx_word' id='word_1_39' title='bbox 1231 1019 1506 1074; x_wconf 75' lang='lat' dir='ltr'><strong>montibus</strong></span> <span class='ocrx_word' id='word_1_40' title='bbox 1549 1019 1730 1076; x_wconf 64' lang='lat' dir='ltr'><strong>Etuta</strong></span> 
     </span>
    </p>
   </div>
   <div class='ocr_carea' id='block_1_9' title="bbox 159 1107 1730 1180">
    <p class='ocr_par' dir='ltr' id='par_1_9' title="bbox 159 1107 1730 1180">
     <span class='ocr_line' id='line_1_9' title="bbox 159 1107 1730 1180; baseline 0.004 -20"><span class='ocrx_word' id='word_1_41' title='bbox 159 1107 560 1162; x_wconf 74' lang='lat' dir='ltr'><strong>similitudinem</strong></span> <span class='ocrx_word' id='word_1_42' title='bbox 623 1107 938 1178; x_wconf 83' lang='lat' dir='ltr'><strong>proposuit,</strong></span> <span class='ocrx_word' id='word_1_43' title='bbox 1003 1119 1062 1164; x_wconf 88' lang='lat' dir='ltr'><strong>ut</strong></span> <span class='ocrx_word' id='word_1_44' title='bbox 1123 1125 1454 1180; x_wconf 78' lang='lat' dir='ltr'><strong>paganorum</strong></span> <span class='ocrx_word' id='word_1_45' title='bbox 1517 1121 1730 1168; x_wconf 84' lang='lat' dir='ltr'><strong>contra-</strong></span> 
     </span>
    </p>
   </div>
   <div class='ocr_carea' id='block_1_10' title="bbox 159 1197 1730 1273">
    <p class='ocr_par' dir='ltr' id='par_1_10' title="bbox 159 1197 1730 1273">
     <span class='ocr_line' id='line_1_10' title="bbox 159 1197 1730 1273; baseline 0.004 -21"><span class='ocrx_word' id='word_1_46' title='bbox 159 1197 484 1254; x_wconf 86' lang='lat' dir='ltr'><strong>dictionibus</strong></span> <span class='ocrx_word' id='word_1_47' title='bbox 511 1197 758 1268; x_wconf 73' lang='lat' dir='ltr'><strong>excmplo</strong></span> <span class='ocrx_word' id='word_1_48' title='bbox 801 1199 1176 1268; x_wconf 83' lang='lat' dir='ltr'><strong>temporalium</strong></span> <span class='ocrx_word' id='word_1_49' title='bbox 1209 1217 1388 1260; x_wconf 84' lang='lat' dir='ltr'><strong>rerum</strong></span> <span class='ocrx_word' id='word_1_50' title='bbox 1439 1203 1730 1273; x_wconf 85' lang='lat' dir='ltr'><strong>multisque</strong></span> 
     </span>
    </p>
   </div>
   <div class='ocr_carea' id='block_1_11' title="bbox 159 1291 1732 1364">
    <p class='ocr_par' dir='ltr' id='par_1_11' title="bbox 159 1291 1732 1364">
     <span class='ocr_line' id='line_1_11' title="bbox 159 1291 1732 1364; baseline 0.005 -22"><span class='ocrx_word' id='word_1_51' title='bbox 159 1305 268 1344; x_wconf 73' lang='lat' dir='ltr'><strong>non.</strong></span> <span class='ocrx_word' id='word_1_52' title='bbox 293 1291 594 1358; x_wconf 83' lang='lat' dir='ltr'><strong>ignotarum</strong></span> <span class='ocrx_word' id='word_1_53' title='bbox 633 1297 962 1354; x_wconf 84' lang='lat' dir='ltr'><strong>occurreret,</strong></span> <span class='ocrx_word' id='word_1_54' title='bbox 999 1291 1088 1359; x_wconf 88' lang='lat' dir='ltr'><strong>qui</strong></span> <span class='ocrx_word' id='word_1_55' title='bbox 1121 1293 1388 1362; x_wconf 85' lang='lat' dir='ltr'><strong>negabant</strong></span> <span class='ocrx_word' id='word_1_56' title='bbox 1417 1293 1530 1348; x_wconf 84' lang='lat' dir='ltr'><strong>tieri</strong></span> <span class='ocrx_word' id='word_1_57' title='bbox 1573 1309 1732 1364; x_wconf 82' lang='lat' dir='ltr'><strong>posse</strong></span> 
     </span>
    </p>
   </div>
   <div class='ocr_carea' id='block_1_12' title="bbox 159 1375 1728 1454">
    <p class='ocr_par' dir='ltr' id='par_1_12' title="bbox 159 1375 1728 1454">
     <span class='ocr_line' id='line_1_12' title="bbox 159 1375 1728 1454; baseline 0.004 -22"><span class='ocrx_word' id='word_1_58' title='bbox 159 1389 214 1432; x_wconf 89' lang='lat' dir='ltr'><strong>ut</strong></span> <span class='ocrx_word' id='word_1_59' title='bbox 235 1393 460 1448; x_wconf 84' lang='lat' dir='ltr'><strong>corpora</strong></span> <span class='ocrx_word' id='word_1_60' title='bbox 491 1377 596 1448; x_wconf 87' lang='lat' dir='ltr'><strong>igni</strong></span> <span class='ocrx_word' id='word_1_61' title='bbox 629 1379 880 1434; x_wconf 83' lang='lat' dir='ltr'><strong>arderent</strong></span> <span class='ocrx_word' id='word_1_62' title='bbox 909 1389 966 1434; x_wconf 88' lang='lat' dir='ltr'><strong>et</strong></span> <span class='ocrx_word' id='word_1_63' title='bbox 1003 1375 1244 1436; x_wconf 85' lang='lat' dir='ltr'><strong>consumi</strong></span> <span class='ocrx_word' id='word_1_64' title='bbox 1277 1382 1580 1438; x_wconf 82' lang='lat' dir='ltr'><strong>nullatenus</strong></span> <span class='ocrx_word' id='word_1_65' title='bbox 1603 1399 1728 1454; x_wconf 91' lang='lat' dir='ltr'><strong>pos-</strong></span> 
     </span>
    </p>
   </div>
   <div class='ocr_carea' id='block_1_13' title="bbox 159 1471 1730 1542">
    <p class='ocr_par' dir='ltr' id='par_1_13' title="bbox 159 1471 1730 1542">
     <span class='ocr_line' id='line_1_13' title="bbox 159 1471 1730 1542; baseline 0.001 -16"><span class='ocrx_word' id='word_1_66' title='bbox 159 1481 302 1536; x_wconf 73' lang='lat' dir='ltr'><strong>sent;</strong></span> <span class='ocrx_word' id='word_1_67' title='bbox 333 1471 400 1524; x_wconf 90' lang='lat' dir='ltr'><strong>ad</strong></span> <span class='ocrx_word' id='word_1_68' title='bbox 427 1471 530 1524; x_wconf 91' lang='lat' dir='ltr'><strong>hoc</strong></span> <span class='ocrx_word' id='word_1_69' title='bbox 569 1487 698 1540; x_wconf 84' lang='lat' dir='ltr'><strong>ergo</strong></span> <span class='ocrx_word' id='word_1_70' title='bbox 721 1471 804 1526; x_wconf 88' lang='lat' dir='ltr'><strong>bis</strong></span> <span class='ocrx_word' id='word_1_71' title='bbox 843 1481 898 1526; x_wconf 92' lang='lat' dir='ltr'><strong>et</strong></span> <span class='ocrx_word' id='word_1_72' title='bbox 919 1471 1039 1526; x_wconf 87' lang='lat' dir='ltr'><strong>aliis</strong></span> <span class='ocrx_word' id='word_1_73' title='bbox 1077 1473 1338 1542; x_wconf 70' lang='lat' dir='ltr'><strong>exemplis</strong></span> <span class='ocrx_word' id='word_1_74' title='bbox 1379 1489 1564 1528; x_wconf 89' lang='lat' dir='ltr'><strong>eorum</strong></span> <span class='ocrx_word' id='word_1_75' title='bbox 1609 1473 1730 1530; x_wconf 82' lang='lat' dir='ltr'><strong>infi-</strong></span> 
     </span>
    </p>
   </div>
   <div class='ocr_carea' id='block_1_14' title="bbox 157 1569 1728 1644">
    <p class='ocr_par' dir='ltr' id='par_1_14' title="bbox 157 1569 1728 1644">
     <span class='ocr_line' id='line_1_14' title="bbox 157 1569 1728 1644; baseline 0.004 -22"><span class='ocrx_word' id='word_1_76' title='bbox 157 1569 358 1624; x_wconf 85' lang='lat' dir='ltr'><strong>delitati</strong></span> <span class='ocrx_word' id='word_1_77' title='bbox 405 1585 720 1638; x_wconf 81' lang='lat' dir='ltr'><strong>responsum</strong></span> <span class='ocrx_word' id='word_1_78' title='bbox 765 1577 866 1636; x_wconf 86' lang='lat' dir='ltr'><strong>est,</strong></span> <span class='ocrx_word' id='word_1_79' title='bbox 917 1586 1026 1640; x_wconf 80' lang='lat' dir='ltr'><strong>quo</strong></span> <span class='ocrx_word' id='word_1_80' title='bbox 1075 1571 1728 1644; x_wconf 72' lang='lat' dir='ltr'><strong>docerentur-impiorum</strong></span> 
     </span>
    </p>
   </div>
   <div class='ocr_carea' id='block_1_15' title="bbox 157 1657 1730 1732">
    <p class='ocr_par' dir='ltr' id='par_1_15' title="bbox 157 1657 1730 1732">
     <span class='ocr_line' id='line_1_15' title="bbox 157 1657 1730 1732; baseline 0.003 -18"><span class='ocrx_word' id='word_1_81' title='bbox 157 1673 378 1728; x_wconf 87' lang='lat' dir='ltr'><strong>corpora</strong></span> <span class='ocrx_word' id='word_1_82' title='bbox 405 1657 494 1712; x_wconf 91' lang='lat' dir='ltr'><strong>illo</strong></span> <span class='ocrx_word' id='word_1_83' title='bbox 532 1659 640 1730; x_wconf 83' lang='lat' dir='ltr'><strong>igni</strong></span> <span class='ocrx_word' id='word_1_84' title='bbox 663 1669 716 1714; x_wconf 91' lang='lat' dir='ltr'><strong>et</strong></span> <span class='ocrx_word' id='word_1_85' title='bbox 739 1673 952 1730; x_wconf 81' lang='lat' dir='ltr'><strong>semper</strong></span> <span class='ocrx_word' id='word_1_86' title='bbox 983 1661 1292 1724; x_wconf 87' lang='lat' dir='ltr'><strong>cremanda,</strong></span> <span class='ocrx_word' id='word_1_87' title='bbox 1325 1669 1380 1716; x_wconf 90' lang='lat' dir='ltr'><strong>et</strong></span> <span class='ocrx_word' id='word_1_88' title='bbox 1407 1677 1620 1732; x_wconf 87' lang='lat' dir='ltr'><strong>semper</strong></span> <span class='ocrx_word' id='word_1_89' title='bbox 1639 1663 1730 1718; x_wconf 82' lang='lat' dir='ltr'><strong>do-</strong></span> 
     </span>
    </p>
   </div>
   <div class='ocr_carea' id='block_1_16' title="bbox 157 1751 1722 1822">
    <p class='ocr_par' dir='ltr' id='par_1_16' title="bbox 157 1751 1722 1822">
     <span class='ocr_line' id='line_1_16' title="bbox 157 1751 1722 1822; baseline 0.001 -18"><span class='ocrx_word' id='word_1_90' title='bbox 157 1753 338 1816; x_wconf 78' lang='lat' dir='ltr'><strong>litura,</strong></span> <span class='ocrx_word' id='word_1_91' title='bbox 355 1751 446 1806; x_wconf 90' lang='lat' dir='ltr'><strong>sed</strong></span> <span class='ocrx_word' id='word_1_92' title='bbox 471 1767 744 1822; x_wconf 82' lang='lat' dir='ltr'><strong>nunquam</strong></span> <span class='ocrx_word' id='word_1_93' title='bbox 765 1753 1148 1812; x_wconf 87' lang='lat' dir='ltr'><strong>consumenda.</strong></span> <span class='ocrx_word' id='word_1_94' title='bbox 1169 1767 1440 1821; x_wconf 88' lang='lat' dir='ltr'><strong>mmquam</strong></span> <span class='ocrx_word' id='word_1_95' title='bbox 1465 1753 1722 1822; x_wconf 89' lang='lat' dir='ltr'><strong>peritura;</strong></span> 
     </span>
    </p>
   </div>
   <div class='ocr_carea' id='block_1_17' title="bbox 155 1841 1728 1914">
    <p class='ocr_par' dir='ltr' id='par_1_17' title="bbox 155 1841 1728 1914">
     <span class='ocr_line' id='line_1_17' title="bbox 155 1841 1728 1914; baseline 0.003 -20"><span class='ocrx_word' id='word_1_96' title='bbox 155 1843 400 1898; x_wconf 88' lang='lat' dir='ltr'><strong>videlicet</strong></span> <span class='ocrx_word' id='word_1_97' title='bbox 425 1851 478 1896; x_wconf 90' lang='lat' dir='ltr'><strong>ut</strong></span> <span class='ocrx_word' id='word_1_98' title='bbox 527 1857 622 1912; x_wconf 88' lang='lat' dir='ltr'><strong>per</strong></span> <span class='ocrx_word' id='word_1_99' title='bbox 663 1857 724 1896; x_wconf 89' lang='lat' dir='ltr'><strong>ea</strong></span> <span class='ocrx_word' id='word_1_100' title='bbox 771 1843 1130 1912; x_wconf 83' lang='lat' dir='ltr'><strong>integritatem</strong></span> <span class='ocrx_word' id='word_1_101' title='bbox 1173 1841 1486 1898; x_wconf 73' lang='lat' dir='ltr'><strong>substantia:</strong></span> <span class='ocrx_word' id='word_1_102' title='bbox 1513 1857 1728 1914; x_wconf 89' lang='lat' dir='ltr'><strong>semper</strong></span> 
     </span>
    </p>
   </div>
   <div class='ocr_carea' id='block_1_18' title="bbox 111 1935 1726 1998">
    <p class='ocr_par' dir='ltr' id='par_1_18' title="bbox 111 1935 1726 1998">
     <span class='ocr_line' id='line_1_18' title="bbox 111 1935 1726 1998; baseline 0.001 -10"><span class='ocrx_word' id='word_1_103' title='bbox 111 1951 422 1990; x_wconf 76' lang='lat' dir='ltr'><strong>.-mansurm</strong></span> <span class='ocrx_word' id='word_1_104' title='bbox 467 1935 808 1990; x_wconf 77' lang='lat' dir='ltr'><strong>fidelissimus</strong></span> <span class='ocrx_word' id='word_1_105' title='bbox 839 1937 1026 1992; x_wconf 89' lang='lat' dir='ltr'><strong>doctor</strong></span> <span class='ocrx_word' id='word_1_106' title='bbox 1069 1943 1370 1998; x_wconf 84' lang='lat' dir='ltr'><strong>astrueret,</strong></span> <span class='ocrx_word' id='word_1_107' title='bbox 1421 1951 1520 1992; x_wconf 90' lang='lat' dir='ltr'><strong>nec</strong></span> <span class='ocrx_word' id='word_1_108' title='bbox 1547 1945 1726 1990; x_wconf 89' lang='lat' dir='ltr'><strong>tamen</strong></span> 
     </span>
    </p>
   </div>
   <div class='ocr_carea' id='block_1_19' title="bbox 153 2023 1728 2096">
    <p class='ocr_par' dir='ltr' id='par_1_19' title="bbox 153 2023 1728 2096">
     <span class='ocr_line' id='line_1_19' title="bbox 153 2023 1728 2096; baseline 0.001 -18"><span class='ocrx_word' id='word_1_109' title='bbox 153 2027 232 2080; x_wconf 88' lang='lat' dir='ltr'><strong>eis</strong></span> <span class='ocrx_word' id='word_1_110' title='bbox 257 2027 530 2080; x_wconf 79' lang='lat' dir='ltr'><strong>cruciatus</strong></span> <span class='ocrx_word' id='word_1_111' title='bbox 563 2025 882 2096; x_wconf 84' lang='lat' dir='ltr'><strong>doloresque</strong></span> <span class='ocrx_word' id='word_1_112' title='bbox 905 2037 1192 2096; x_wconf 86' lang='lat' dir='ltr'><strong>perpetuos</strong></span> <span class='ocrx_word' id='word_1_113' title='bbox 1215 2023 1478 2090; x_wconf 80' lang='lat' dir='ltr'><strong>auferret,</strong></span> <span class='ocrx_word' id='word_1_114' title='bbox 1505 2027 1646 2096; x_wconf 87' lang='lat' dir='ltr'><strong>quod</strong></span> <span class='ocrx_word' id='word_1_115' title='bbox 1678 2035 1728 2080; x_wconf 92' lang='lat' dir='ltr'><strong>le</strong></span> 
     </span>
    </p>
   </div>
   <div class='ocr_carea' id='block_1_20' title="bbox 155 2115 1730 2188">
    <p class='ocr_par' dir='ltr' id='par_1_20' title="bbox 155 2115 1730 2188">
     <span class='ocr_line' id='line_1_20' title="bbox 155 2115 1730 2188; baseline 0.003 -18"><span class='ocrx_word' id='word_1_116' title='bbox 155 2117 330 2170; x_wconf 75' lang='lat' dir='ltr'><strong>facere</strong></span> <span class='ocrx_word' id='word_1_117' title='bbox 355 2115 692 2180; x_wconf 87' lang='lat' dir='ltr'><strong>manifestas,</strong></span> <span class='ocrx_word' id='word_1_118' title='bbox 713 2117 806 2186; x_wconf 86' lang='lat' dir='ltr'><strong>qui</strong></span> <span class='ocrx_word' id='word_1_119' title='bbox 829 2117 1228 2172; x_wconf 88' lang='lat' dir='ltr'><strong>conclusionem</strong></span> <span class='ocrx_word' id='word_1_120' title='bbox 1265 2115 1424 2186; x_wconf 77' lang='lat' dir='ltr'><strong>hujus</strong></span> <span class='ocrx_word' id='word_1_121' title='bbox 1449 2117 1730 2188; x_wconf 70' lang='lat' dir='ltr'><strong>pravitatis</strong></span> 
     </span>
    </p>
   </div>
   <div class='ocr_carea' id='block_1_21' title="bbox 153 2207 770 2264">
    <p class='ocr_par' dir='ltr' id='par_1_21' title="bbox 153 2207 770 2264">
     <span class='ocr_line' id='line_1_21' title="bbox 153 2207 770 2264; baseline 0.002 -3"><span class='ocrx_word' id='word_1_122' title='bbox 153 2209 252 2264; x_wconf 90' lang='lat' dir='ltr'><strong>hoc</strong></span> <span class='ocrx_word' id='word_1_123' title='bbox 284 2209 388 2264; x_wconf 78' lang='lat' dir='ltr'><strong>(inc</strong></span> <span class='ocrx_word' id='word_1_124' title='bbox 419 2207 770 2264; x_wconf 73' lang='lat' dir='ltr'><strong>determines.</strong></span> 
     </span>
    </p>
   </div>
   <div class='ocr_carea' id='block_1_22' title="bbox 607 2311 1180 2356">
    <p class='ocr_par' dir='ltr' id='par_1_22' title="bbox 607 2311 1180 2356">
     <span class='ocr_line' id='line_1_22' title="bbox 607 2311 1180 2356; baseline -0.003 0"><span class='ocrx_word' id='word_1_125' title='bbox 607 2353 610 2356; x_wconf 89' lang='lat'><strong>.</strong></span> <span class='ocrx_word' id='word_1_126' title='bbox 696 2313 920 2354; x_wconf 60' lang='lat' dir='ltr'><strong>MAN-DIES</strong></span> <span class='ocrx_word' id='word_1_127' title='bbox 963 2311 1180 2356; x_wconf 79' lang='lat' dir='ltr'><strong>SCOTUS.</strong></span> 
     </span>
    </p>
   </div>
   <div class='ocr_carea' id='block_1_23' title="bbox 220 2409 1726 2482">
    <p class='ocr_par' dir='ltr' id='par_1_23' title="bbox 220 2409 1726 2482">
     <span class='ocr_line' id='line_1_23' title="bbox 220 2409 1726 2482; baseline 0.003 -20"><span class='ocrx_word' id='word_1_128' title='bbox 220 2409 374 2478; x_wconf 88' lang='lat' dir='ltr'><strong>(Cap.</strong></span> <span class='ocrx_word' id='word_1_129' title='bbox 407 2411 496 2474; x_wconf 77' lang='grc'><strong>19,</strong></span> <span class='ocrx_word' id='word_1_130' title='bbox 530 2427 584 2464; x_wconf 83' lang='grc' dir='ltr'><strong>ιι.</strong></span> <span class='ocrx_word' id='word_1_131' title='bbox 617 2409 681 2474; x_wconf 87' lang='grc' dir='ltr'><strong>ϐ,</strong></span> <span class='ocrx_word' id='word_1_132' title='bbox 713 2421 846 2466; x_wconf 88' lang='lat' dir='ltr'><strong>sect.</strong></span> <span class='ocrx_word' id='word_1_133' title='bbox 883 2411 972 2482; x_wconf 69' lang='grc'><strong>4.)</strong></span> <span class='ocrx_word' id='word_1_134' title='bbox 993 2421 1034 2468; x_wconf 85' lang='grc' dir='ltr'>Θ</span> <span class='ocrx_word' id='word_1_135' title='bbox 1066 2411 1226 2478; x_wconf 81' lang='lat' dir='ltr'><strong>Iliae,</strong></span> <span class='ocrx_word' id='word_1_136' title='bbox 1255 2411 1532 2481; x_wconf 85' lang='lat' dir='ltr'><strong>inquiens,</strong></span> <span class='ocrx_word' id='word_1_137' title='bbox 1560 2421 1726 2482; x_wconf 80' lang='lat' dir='ltr'><strong>potest</strong></span> 
     </span>
    </p>
   </div>
   <div class='ocr_carea' id='block_1_24' title="bbox 149 2501 1724 2573">
    <p class='ocr_par' dir='ltr' id='par_1_24' title="bbox 149 2501 1724 2573">
     <span class='ocr_line' id='line_1_24' title="bbox 149 2501 1724 2573; baseline 0.003 -21"><span class='ocrx_word' id='word_1_138' title='bbox 149 2501 338 2568; x_wconf 82' lang='lat' dir='ltr'><strong>conjici</strong></span> <span class='ocrx_word' id='word_1_139' title='bbox 381 2517 484 2554; x_wconf 88' lang='lat' dir='ltr'><strong>non</strong></span> <span class='ocrx_word' id='word_1_140' title='bbox 529 2501 904 2568; x_wconf 76' lang='lat' dir='ltr'><strong>substantiam,</strong></span> <span class='ocrx_word' id='word_1_141' title='bbox 945 2519 1104 2573; x_wconf 83' lang='lat' dir='ltr'><strong>neque</strong></span> <span class='ocrx_word' id='word_1_142' title='bbox 1153 2503 1266 2572; x_wconf 83' lang='lat' dir='ltr'><strong>ejus</strong></span> <span class='ocrx_word' id='word_1_143' title='bbox 1305 2501 1582 2573; x_wconf 79' lang='lat' dir='ltr'><strong>qualitates</strong></span> <span class='ocrx_word' id='word_1_144' title='bbox 1633 2519 1724 2572; x_wconf 86' lang='lat' dir='ltr'><strong>ge-</strong></span> 
     </span>
    </p>
   </div>
   <div class='ocr_carea' id='block_1_25' title="bbox 147 2591 1726 2662">
    <p class='ocr_par' dir='ltr' id='par_1_25' title="bbox 147 2591 1726 2662">
     <span class='ocr_line' id='line_1_25' title="bbox 147 2591 1726 2662; baseline 0.003 -20"><span class='ocrx_word' id='word_1_145' title='bbox 147 2591 360 2644; x_wconf 75' lang='lat' dir='ltr'><strong>Itennali</strong></span> <span class='ocrx_word' id='word_1_146' title='bbox 389 2593 602 2660; x_wconf 77' lang='lat' dir='ltr'><strong>ﬂamma</strong></span> <span class='ocrx_word' id='word_1_147' title='bbox 639 2593 952 2662; x_wconf 78' lang='lat' dir='ltr'><strong>torquendus</strong></span> <span class='ocrx_word' id='word_1_148' title='bbox 973 2633 986 2656; x_wconf 90' lang='lat'><strong>,</strong></span> <span class='ocrx_word' id='word_1_149' title='bbox 1027 2593 1116 2646; x_wconf 84' lang='lat' dir='ltr'><strong>sed</strong></span> <span class='ocrx_word' id='word_1_150' title='bbox 1142 2609 1350 2646; x_wconf 85' lang='lat' dir='ltr'><strong>sensum</strong></span> <span class='ocrx_word' id='word_1_151' title='bbox 1393 2593 1648 2662; x_wconf 85' lang='lat' dir='ltr'><strong>patienter</strong></span> <span class='ocrx_word' id='word_1_152' title='bbox 1675 2601 1726 2647; x_wconf 89' lang='lat' dir='ltr'><strong>et</strong></span> 
     </span>
    </p>
   </div>
   <div class='ocr_carea' id='block_1_26' title="bbox 147 2679 1460 2738">
    <p class='ocr_par' dir='ltr' id='par_1_26' title="bbox 147 2679 1460 2738">
     <span class='ocr_line' id='line_1_26' title="bbox 147 2679 1460 2738; baseline 0.005 -6"><span class='ocrx_word' id='word_1_153' title='bbox 147 2679 382 2734; x_wconf 87' lang='lat' dir='ltr'><strong>animum</strong></span> <span class='ocrx_word' id='word_1_154' title='bbox 415 2681 716 2736; x_wconf 84' lang='lat' dir='ltr'><strong>reluctantis</strong></span> <span class='ocrx_word' id='word_1_155' title='bbox 745 2693 940 2737; x_wconf 62' lang='lat' dir='ltr'><strong>aeterna</strong></span> <span class='ocrx_word' id='word_1_156' title='bbox 969 2685 1180 2738; x_wconf 76' lang='lat' dir='ltr'><strong>miseria</strong></span> <span class='ocrx_word' id='word_1_157' title='bbox 1211 2683 1460 2738; x_wconf 73' lang='lat' dir='ltr'><strong>iecturos.</strong></span> 
     </span>
    </p>
   </div>
   <div class='ocr_carea' id='block_1_27' title="bbox 767 2809 1084 2850">
    <p class='ocr_par' dir='ltr' id='par_1_27' title="bbox 767 2809 1084 2850">
     <span class='ocr_line' id='line_1_27' title="bbox 767 2809 1084 2850; baseline -0.006 0"><span class='ocrx_word' id='word_1_158' title='bbox 767 2809 1084 2850; x_wconf 69' lang='lat' dir='ltr'><strong>CORI’iECTlO.</strong></span> 
     </span>
    </p>
   </div>
   <div class='ocr_carea' id='block_1_28' title="bbox 235 2905 1724 2964">
    <p class='ocr_par' dir='ltr' id='par_1_28' title="bbox 235 2905 1724 2964">
     <span class='ocr_line' id='line_1_28' title="bbox 235 2905 1724 2964; baseline 0 -4"><span class='ocrx_word' id='word_1_159' title='bbox 235 2905 374 2962; x_wconf 79' lang='lat' dir='ltr'><strong>Ecce</strong></span> <span class='ocrx_word' id='word_1_160' title='bbox 427 2905 842 2962; x_wconf 80' lang='lat' dir='ltr'><strong>consuetissima</strong></span> <span class='ocrx_word' id='word_1_161' title='bbox 875 2905 968 2960; x_wconf 87' lang='lat' dir='ltr'><strong>tibi</strong></span> <span class='ocrx_word' id='word_1_162' title='bbox 1009 2905 1396 2964; x_wconf 81' lang='lat' dir='ltr'><strong>contrarietate</strong></span> <span class='ocrx_word' id='word_1_163' title='bbox 1447 2905 1724 2964; x_wconf 88' lang='lat' dir='ltr'><strong>miseriam</strong></span> 
     </span>
    </p>
   </div>
   <div class='ocr_carea' id='block_1_29' title="bbox 143 2995 1722 3066">
    <p class='ocr_par' dir='ltr' id='par_1_29' title="bbox 143 2995 1722 3066">
     <span class='ocr_line' id='line_1_29' title="bbox 143 2995 1722 3066; baseline -0.003 -12"><span class='ocrx_word' id='word_1_164' title='bbox 143 3005 406 3054; x_wconf 64' lang='lat' dir='ltr'><strong>aeternam</strong></span> <span class='ocrx_word' id='word_1_165' title='bbox 437 2995 654 3058; x_wconf 80' lang='lat' dir='ltr'><strong>indicis,</strong></span> <span class='ocrx_word' id='word_1_166' title='bbox 689 2997 888 3065; x_wconf 86' lang='lat' dir='ltr'><strong>quibus</strong></span> <span class='ocrx_word' id='word_1_167' title='bbox 925 2995 1082 3064; x_wconf 88' lang='lat' dir='ltr'><strong>paulo</strong></span> <span class='ocrx_word' id='word_1_168' title='bbox 1107 3005 1232 3050; x_wconf 84' lang='lat' dir='ltr'><strong>ante</strong></span> <span class='ocrx_word' id='word_1_169' title='bbox 1273 2995 1558 3066; x_wconf 79' lang='lat' dir='ltr'><strong>gaudium,</strong></span> <span class='ocrx_word' id='word_1_170' title='bbox 1605 2995 1722 3064; x_wconf 75' lang='lat' dir='ltr'><strong>pul-</strong></span> 
     </span>
    </p>
   </div>
   <div class='ocr_carea' id='block_1_30' title="bbox 143 3083 1720 3158">
    <p class='ocr_par' dir='ltr' id='par_1_30' title="bbox 143 3083 1720 3158">
     <span class='ocr_line' id='line_1_30' title="bbox 143 3083 1720 3158; baseline -0.001 -16"><span class='ocrx_word' id='word_1_171' title='bbox 143 3085 530 3150; x_wconf 76' lang='lat' dir='ltr'><strong>chritudinem,</strong></span> <span class='ocrx_word' id='word_1_172' title='bbox 565 3083 826 3156; x_wconf 74' lang='lat' dir='ltr'><strong>fulgorem</strong></span> <span class='ocrx_word' id='word_1_173' title='bbox 881 3087 1214 3158; x_wconf 72' lang='lat' dir='ltr'><strong>gloriamque</strong></span> <span class='ocrx_word' id='word_1_174' title='bbox 1251 3085 1580 3144; x_wconf 66' lang='lat' dir='ltr'><strong>contuleras.</strong></span> <span class='ocrx_word' id='word_1_175' title='bbox 1613 3085 1720 3140; x_wconf 87' lang='lat' dir='ltr'><strong>Sed</strong></span> 
     </span>
    </p>
   </div>
   <div class='ocr_carea' id='block_1_31' title="bbox 148 3177 1358 3248">
    <p class='ocr_par' dir='ltr' id='par_1_31' title="bbox 148 3177 1358 3248">
     <span class='ocr_line' id='line_1_31' title="bbox 148 3177 1358 3248; baseline 0 -18"><span class='ocrx_word' id='word_1_176' title='bbox 148 3181 216 3238; x_wconf 83' lang='lat' dir='ltr'><strong>de</strong></span> <span class='ocrx_word' id='word_1_177' title='bbox 245 3179 424 3238; x_wconf 89' lang='lat' dir='ltr'><strong>animo</strong></span> <span class='ocrx_word' id='word_1_178' title='bbox 443 3179 676 3248; x_wconf 87' lang='lat' dir='ltr'><strong>patiente</strong></span> <span class='ocrx_word' id='word_1_179' title='bbox 701 3177 1160 3234; x_wconf 81' lang='lat' dir='ltr'><strong>audi‘sententiam</strong></span> <span class='ocrx_word' id='word_1_180' title='bbox 1185 3177 1358 3232; x_wconf 87' lang='lat' dir='ltr'><strong>sancti</strong></span> 
     </span>
    </p>
   </div>
   <div class='ocr_carea' id='block_1_32' title="bbox 145 3269 1720 3338">
    <p class='ocr_par' dir='ltr' id='par_1_32' title="bbox 145 3269 1720 3338">
     <span class='ocr_line' id='line_1_32' title="bbox 145 3269 1720 3338; baseline 0.001 -12"><span class='ocrx_word' id='word_1_181' title='bbox 145 3270 364 3334; x_wconf 74' lang='lat' dir='ltr'><strong>brevem</strong></span> <span class='ocrx_word' id='word_1_182' title='bbox 393 3269 614 3338; x_wconf 87' lang='lat' dir='ltr'><strong>quidem</strong></span> <span class='ocrx_word' id='word_1_183' title='bbox 643 3269 842 3334; x_wconf 86' lang='lat' dir='ltr'><strong>verbis,</strong></span> <span class='ocrx_word' id='word_1_184' title='bbox 863 3285 1024 3324; x_wconf 88' lang='lat' dir='ltr'><strong>sensu</strong></span> <span class='ocrx_word' id='word_1_185' title='bbox 1057 3278 1234 3324; x_wconf 88' lang='lat' dir='ltr'><strong>tamen</strong></span> <span class='ocrx_word' id='word_1_186' title='bbox 1265 3279 1318 3324; x_wconf 90' lang='lat' dir='ltr'><strong>et</strong></span> <span class='ocrx_word' id='word_1_187' title='bbox 1349 3269 1470 3326; x_wconf 85' lang='lat' dir='ltr'><strong>ﬁdei</strong></span> <span class='ocrx_word' id='word_1_188' title='bbox 1493 3271 1720 3328; x_wconf 79' lang='lat' dir='ltr'><strong>veritate</strong></span> 
     </span>
    </p>
   </div>
   <div class='ocr_carea' id='block_1_33' title="bbox 149 3361 1722 3432">
    <p class='ocr_par' dir='ltr' id='par_1_33' title="bbox 149 3361 1722 3432">
     <span class='ocr_line' id='line_1_33' title="bbox 149 3361 1722 3432; baseline 0.002 -16"><span class='ocrx_word' id='word_1_189' title='bbox 149 3363 456 3428; x_wconf 85' lang='lat' dir='ltr'><strong>sublimem,</strong></span> <span class='ocrx_word' id='word_1_190' title='bbox 489 3363 580 3431; x_wconf 89' lang='lat' dir='ltr'><strong>qui</strong></span> <span class='ocrx_word' id='word_1_191' title='bbox 605 3363 656 3416; x_wconf 91' lang='lat' dir='ltr'><strong>in</strong></span> <span class='ocrx_word' id='word_1_192' title='bbox 683 3363 918 3432; x_wconf 79' lang='lat' dir='ltr'><strong>Epistola</strong></span> <span class='ocrx_word' id='word_1_193' title='bbox 957 3363 1026 3416; x_wconf 90' lang='lat' dir='ltr'><strong>ad</strong></span> <span class='ocrx_word' id='word_1_194' title='bbox 1051 3363 1314 3432; x_wconf 82' lang='lat' dir='ltr'><strong>Ephesios</strong></span> <span class='ocrx_word' id='word_1_195' title='bbox 1343 3363 1416 3418; x_wconf 90' lang='lat' dir='ltr'><strong>ita</strong></span> <span class='ocrx_word' id='word_1_196' title='bbox 1459 3361 1618 3430; x_wconf 84' lang='lat' dir='ltr'><strong>hujus</strong></span> <span class='ocrx_word' id='word_1_197' title='bbox 1643 3363 1722 3420; x_wconf 88' lang='lat' dir='ltr'><strong>rei</strong></span> 
     </span>
    </p>
   </div>
   <div class='ocr_carea' id='block_1_34' title="bbox 145 3453 1720 3524">
    <p class='ocr_par' dir='ltr' id='par_1_34' title="bbox 145 3453 1720 3524">
     <span class='ocr_line' id='line_1_34' title="bbox 145 3453 1720 3524; baseline 0 -16"><span class='ocrx_word' id='word_1_198' title='bbox 145 3453 344 3524; x_wconf 82' lang='lat' dir='ltr'><strong>legitur</strong></span> <span class='ocrx_word' id='word_1_199' title='bbox 393 3453 732 3516; x_wconf 74' lang='lat' dir='ltr'><strong>meminisse,</strong></span> <span class='ocrx_word' id='word_1_200' title='bbox 765 3469 1040 3524; x_wconf 77' lang='lat' dir='ltr'><strong>exponens</strong></span> <span class='ocrx_word' id='word_1_201' title='bbox 1069 3455 1213 3524; x_wconf 88' lang='lat' dir='ltr'><strong>quod</strong></span> <span class='ocrx_word' id='word_1_202' title='bbox 1261 3455 1336 3508; x_wconf 88' lang='lat' dir='ltr'><strong>ait</strong></span> <span class='ocrx_word' id='word_1_203' title='bbox 1385 3453 1720 3524; x_wconf 85' lang='lat' dir='ltr'><strong>Apostolus:</strong></span> 
     </span>
    </p>
   </div>
   <div class='ocr_carea' id='block_1_35' title="bbox 147 3544 1722 3618">
    <p class='ocr_par' dir='ltr' id='par_1_35' title="bbox 147 3544 1722 3618">
     <span class='ocr_line' id='line_1_35' title="bbox 147 3544 1722 3618; baseline 0.003 -20"><span class='ocrx_word' id='word_1_204' title='bbox 147 3544 320 3600; x_wconf 72' lang='lat' dir='ltr'><strong>Nemo</strong></span> <span class='ocrx_word' id='word_1_205' title='bbox 347 3563 436 3601; x_wconf 82' lang='lat' dir='ltr'><strong>vos</strong></span> <span class='ocrx_word' id='word_1_206' title='bbox 465 3545 686 3614; x_wconf 78' lang='lat' dir='ltr'><strong>decipiat</strong></span> <span class='ocrx_word' id='word_1_207' title='bbox 711 3545 952 3600; x_wconf 84' lang='lat' dir='ltr'><strong>inanibus</strong></span> <span class='ocrx_word' id='word_1_208' title='bbox 981 3547 1146 3602; x_wconf 80' lang='lat' dir='ltr'><strong>verbis</strong></span> <span class='ocrx_word' id='word_1_209' title='bbox 1171 3559 1188 3598; x_wconf 90' lang='lat'><strong>:</strong></span> <span class='ocrx_word' id='word_1_210' title='bbox 1217 3557 1424 3618; x_wconf 83' lang='lat' dir='ltr'><strong>propter</strong></span> <span class='ocrx_word' id='word_1_211' title='bbox 1449 3549 1558 3602; x_wconf 78' lang='lat' dir='ltr'><strong>lucc</strong></span> <span class='ocrx_word' id='word_1_212' title='bbox 1585 3547 1722 3602; x_wconf 88' lang='lat' dir='ltr'><strong>enim</strong></span> 
     </span>
    </p>
   </div>
   <div class='ocr_carea' id='block_1_36' title="bbox 69 3635 1516 3710">
    <p class='ocr_par' dir='ltr' id='par_1_36' title="bbox 69 3635 1516 3710">
     <span class='ocr_line' id='line_1_36' title="bbox 69 3635 1516 3710; baseline 0 -18"><span class='ocrx_word' id='word_1_213' title='bbox 69 3641 76 3648; x_wconf 86' lang='grc'><strong>”</strong></span> <span class='ocrx_word' id='word_1_214' title='bbox 145 3639 280 3694; x_wconf 76' lang='lat' dir='ltr'><strong>venit</strong></span> <span class='ocrx_word' id='word_1_215' title='bbox 311 3637 392 3690; x_wconf 88' lang='lat' dir='ltr'><strong>ira</strong></span> <span class='ocrx_word' id='word_1_216' title='bbox 419 3635 520 3696; x_wconf 84' lang='lat' dir='ltr'><strong>Dei</strong></span> <span class='ocrx_word' id='word_1_217' title='bbox 539 3637 592 3692; x_wconf 87' lang='lat' dir='ltr'><strong>in</strong></span> <span class='ocrx_word' id='word_1_218' title='bbox 613 3635 756 3706; x_wconf 75' lang='lat' dir='ltr'><strong>ﬁlios</strong></span> <span class='ocrx_word' id='word_1_219' title='bbox 785 3637 1080 3708; x_wconf 65' lang='lat' dir='ltr'><strong>diffidentia:</strong></span> <span class='ocrx_word' id='word_1_220' title='bbox 1109 3637 1326 3710; x_wconf 84' lang='lat' dir='ltr'><strong>(Epltes.</strong></span> <span class='ocrx_word' id='word_1_221' title='bbox 1357 3653 1410 3704; x_wconf 88' lang='lat' dir='ltr'><strong>v,</strong></span> <span class='ocrx_word' id='word_1_222' title='bbox 1439 3637 1516 3708; x_wconf 89' lang='lat'><strong>6).</strong></span> 
     </span>
    </p>
   </div>
   <div class='ocr_carea' id='block_1_37' title="bbox 219 3725 1722 3800">
    <p class='ocr_par' dir='ltr' id='par_1_37' title="bbox 219 3725 1722 3800">
     <span class='ocr_line' id='line_1_37' title="bbox 219 3725 1722 3800; baseline 0 -18"><span class='ocrx_word' id='word_1_223' title='bbox 219 3725 440 3798; x_wconf 85' lang='lat' dir='ltr'><strong>[Vcrba,</strong></span> <span class='ocrx_word' id='word_1_224' title='bbox 473 3727 750 3796; x_wconf 83' lang='lat' dir='ltr'><strong>inquiens,</strong></span> <span class='ocrx_word' id='word_1_225' title='bbox 793 3745 913 3800; x_wconf 74' lang='lat' dir='ltr'><strong>qure</strong></span> <span class='ocrx_word' id='word_1_226' title='bbox 945 3729 1216 3798; x_wconf 86' lang='lat' dir='ltr'><strong>decipiunt</strong></span> <span class='ocrx_word' id='word_1_227' title='bbox 1257 3737 1419 3798; x_wconf 88' lang='lat' dir='ltr'><strong>atque</strong></span> <span class='ocrx_word' id='word_1_228' title='bbox 1465 3727 1722 3800; x_wconf 84' lang='lat' dir='ltr'><strong>supplan-</strong></span> 
     </span>
    </p>
   </div>
   <div class='ocr_carea' id='block_1_38' title="bbox 149 3817 1724 3892">
    <p class='ocr_par' dir='ltr' id='par_1_38' title="bbox 149 3817 1724 3892">
     <span class='ocr_line' id='line_1_38' title="bbox 149 3817 1724 3892; baseline -0.001 -18"><span class='ocrx_word' id='word_1_229' title='bbox 149 3825 288 3882; x_wconf 86' lang='lat' dir='ltr'><strong>tant,</strong></span> <span class='ocrx_word' id='word_1_230' title='bbox 315 3817 492 3872; x_wconf 86' lang='lat' dir='ltr'><strong>inania</strong></span> <span class='ocrx_word' id='word_1_231' title='bbox 529 3827 654 3874; x_wconf 90' lang='lat' dir='ltr'><strong>sunt</strong></span> <span class='ocrx_word' id='word_1_232' title='bbox 691 3829 746 3874; x_wconf 90' lang='lat' dir='ltr'><strong>et</strong></span> <span class='ocrx_word' id='word_1_233' title='bbox 791 3837 994 3888; x_wconf 86' lang='lat' dir='ltr'><strong>vacua;</strong></span> <span class='ocrx_word' id='word_1_234' title='bbox 1035 3837 1156 3892; x_wconf 75' lang='lat' dir='ltr'><strong>qua:</strong></span> <span class='ocrx_word' id='word_1_235' title='bbox 1179 3835 1308 3876; x_wconf 87' lang='lat' dir='ltr'><strong>vero</strong></span> <span class='ocrx_word' id='word_1_236' title='bbox 1333 3819 1604 3876; x_wconf 65' lang='lat' dir='ltr'><strong>aedificant</strong></span> <span class='ocrx_word' id='word_1_237' title='bbox 1627 3835 1724 3874; x_wconf 89' lang='lat' dir='ltr'><strong>au-</strong></span> 
     </span>
    </p>
   </div>
   <div class='ocr_carea' id='block_1_39' title="bbox 141 3907 1722 3980">
    <p class='ocr_par' dir='ltr' id='par_1_39' title="bbox 141 3907 1722 3980">
     <span class='ocr_line' id='line_1_39' title="bbox 141 3907 1722 3980; baseline 0 -18"><span class='ocrx_word' id='word_1_238' title='bbox 141 3909 380 3970; x_wconf 75' lang='lat' dir='ltr'><strong>dientes,</strong></span> <span class='ocrx_word' id='word_1_239' title='bbox 409 3907 584 3980; x_wconf 87' lang='lat' dir='ltr'><strong>plena,</strong></span> <span class='ocrx_word' id='word_1_240' title='bbox 611 3911 898 3974; x_wconf 87' lang='lat' dir='ltr'><strong>cunmlata,</strong></span> <span class='ocrx_word' id='word_1_241' title='bbox 947 3911 1210 3966; x_wconf 86' lang='lat' dir='ltr'><strong>conferta.</strong></span> <span class='ocrx_word' id='word_1_242' title='bbox 1241 3909 1378 3978; x_wconf 83' lang='lat' dir='ltr'><strong>Quia</strong></span> <span class='ocrx_word' id='word_1_243' title='bbox 1407 3911 1568 3980; x_wconf 88' lang='lat' dir='ltr'><strong>igitur</strong></span> <span class='ocrx_word' id='word_1_244' title='bbox 1597 3916 1722 3964; x_wconf 89' lang='lat' dir='ltr'><strong>sunt</strong></span> 
     </span>
    </p>
   </div>
   <div class='ocr_carea' id='block_1_40' title="bbox 145 3997 1724 4070">
    <p class='ocr_par' dir='ltr' id='par_1_40' title="bbox 145 3997 1724 4070">
     <span class='ocr_line' id='line_1_40' title="bbox 145 3997 1724 4070; baseline 0 -20"><span class='ocrx_word' id='word_1_245' title='bbox 145 3997 394 4068; x_wconf 82' lang='lat' dir='ltr'><strong>plerique</strong></span> <span class='ocrx_word' id='word_1_246' title='bbox 443 3999 534 4068; x_wconf 89' lang='lat' dir='ltr'><strong>qui</strong></span> <span class='ocrx_word' id='word_1_247' title='bbox 579 3999 766 4050; x_wconf 88' lang='lat' dir='ltr'><strong>dicunt</strong></span> <span class='ocrx_word' id='word_1_248' title='bbox 817 4015 921 4054; x_wconf 89' lang='lat' dir='ltr'><strong>non</strong></span> <span class='ocrx_word' id='word_1_249' title='bbox 977 3997 1158 4060; x_wconf 74' lang='lat' dir='ltr'><strong>fultura</strong></span> <span class='ocrx_word' id='word_1_250' title='bbox 1199 4013 1296 4070; x_wconf 88' lang='lat' dir='ltr'><strong>pro</strong></span> <span class='ocrx_word' id='word_1_251' title='bbox 1327 3999 1564 4068; x_wconf 88' lang='lat' dir='ltr'><strong>peccatis</strong></span> <span class='ocrx_word' id='word_1_252' title='bbox 1601 4011 1724 4052; x_wconf 87' lang='lat' dir='ltr'><strong>esse</strong></span> 
     </span>
    </p>
   </div>
   <div class='ocr_carea' id='block_1_41' title="bbox 149 4085 1722 4156">
    <p class='ocr_par' dir='ltr' id='par_1_41' title="bbox 149 4085 1722 4156">
     <span class='ocr_line' id='line_1_41' title="bbox 149 4085 1722 4156; baseline 0.001 -17"><span class='ocrx_word' id='word_1_253' title='bbox 149 4087 436 4156; x_wconf 85' lang='lat' dir='ltr'><strong>supplicia,</strong></span> <span class='ocrx_word' id='word_1_254' title='bbox 469 4103 566 4140; x_wconf 90' lang='lat' dir='ltr'><strong>nec</strong></span> <span class='ocrx_word' id='word_1_255' title='bbox 591 4085 930 4140; x_wconf 72' lang='lat' dir='ltr'><strong>extrinsecus</strong></span> <span class='ocrx_word' id='word_1_256' title='bbox 953 4087 1258 4140; x_wconf 84' lang='lat' dir='ltr'><strong>adhibenda</strong></span> <span class='ocrx_word' id='word_1_257' title='bbox 1285 4094 1582 4152; x_wconf 85' lang='lat' dir='ltr'><strong>tormenta,</strong></span> <span class='ocrx_word' id='word_1_258' title='bbox 1625 4085 1722 4142; x_wconf 86' lang='lat' dir='ltr'><strong>sed</strong></span> 
     </span>
    </p>
   </div>
   <div class='ocr_carea' id='block_1_42' title="bbox 149 4173 1722 4244">
    <p class='ocr_par' dir='ltr' id='par_1_42' title="bbox 149 4173 1722 4244">
     <span class='ocr_line' id='line_1_42' title="bbox 149 4173 1722 4244; baseline 0.003 -16"><span class='ocrx_word' id='word_1_259' title='bbox 149 4177 324 4242; x_wconf 87' lang='lat' dir='ltr'><strong>ipsum</strong></span> <span class='ocrx_word' id='word_1_260' title='bbox 351 4181 632 4244; x_wconf 86' lang='lat' dir='ltr'><strong>peceatum</strong></span> <span class='ocrx_word' id='word_1_261' title='bbox 653 4181 706 4228; x_wconf 88' lang='lat' dir='ltr'><strong>et</strong></span> <span class='ocrx_word' id='word_1_262' title='bbox 730 4173 1114 4228; x_wconf 85' lang='lat' dir='ltr'><strong>conscientiam</strong></span> <span class='ocrx_word' id='word_1_263' title='bbox 1139 4173 1318 4228; x_wconf 86' lang='lat' dir='ltr'><strong>delicti</strong></span> <span class='ocrx_word' id='word_1_264' title='bbox 1341 4173 1578 4230; x_wconf 80' lang='lat' dir='ltr'><strong>futurum</strong></span> <span class='ocrx_word' id='word_1_265' title='bbox 1601 4191 1722 4232; x_wconf 83' lang='lat' dir='ltr'><strong>esse</strong></span> 
     </span>
    </p>
   </div>
   <div class='ocr_carea' id='block_1_43' title="bbox 147 4263 1722 4336">
    <p class='ocr_par' dir='ltr' id='par_1_43' title="bbox 147 4263 1722 4336">
     <span class='ocr_line' id='line_1_43' title="bbox 147 4263 1722 4336; baseline 0.004 -20"><span class='ocrx_word' id='word_1_266' title='bbox 147 4281 246 4336; x_wconf 81' lang='lat' dir='ltr'><strong>pro</strong></span> <span class='ocrx_word' id='word_1_267' title='bbox 275 4281 454 4336; x_wconf 65' lang='lat' dir='ltr'><strong>paena,</strong></span> <span class='ocrx_word' id='word_1_268' title='bbox 483 4265 608 4318; x_wconf 89' lang='lat' dir='ltr'><strong>dum</strong></span> <span class='ocrx_word' id='word_1_269' title='bbox 639 4265 836 4318; x_wconf 87' lang='lat' dir='ltr'><strong>vermis</strong></span> <span class='ocrx_word' id='word_1_270' title='bbox 877 4265 928 4320; x_wconf 88' lang='lat' dir='ltr'><strong>in</strong></span> <span class='ocrx_word' id='word_1_271' title='bbox 969 4263 1136 4320; x_wconf 89' lang='lat' dir='ltr'><strong>corde</strong></span> <span class='ocrx_word' id='word_1_272' title='bbox 1179 4279 1284 4320; x_wconf 89' lang='lat' dir='ltr'><strong>non</strong></span> <span class='ocrx_word' id='word_1_273' title='bbox 1313 4267 1558 4334; x_wconf 83' lang='lat' dir='ltr'><strong>moritur,</strong></span> <span class='ocrx_word' id='word_1_274' title='bbox 1583 4275 1638 4322; x_wconf 89' lang='lat' dir='ltr'><strong>et</strong></span> <span class='ocrx_word' id='word_1_275' title='bbox 1665 4267 1722 4322; x_wconf 90' lang='lat' dir='ltr'><strong>in</strong></span> 
     </span>
    </p>
   </div>
   <div class='ocr_carea' id='block_1_44' title="bbox 147 4353 1722 4428">
    <p class='ocr_par' dir='ltr' id='par_1_44' title="bbox 147 4353 1722 4428">
     <span class='ocr_line' id='line_1_44' title="bbox 147 4353 1722 4428; baseline 0.004 -22"><span class='ocrx_word' id='word_1_276' title='bbox 147 4353 332 4414; x_wconf 81' lang='lat' dir='ltr'><strong>animo</strong></span> <span class='ocrx_word' id='word_1_277' title='bbox 357 4353 492 4428; x_wconf 88' lang='lat' dir='ltr'><strong>ignis</strong></span> <span class='ocrx_word' id='word_1_278' title='bbox 514 4353 824 4412; x_wconf 82' lang='lat' dir='ltr'><strong>accenditur</strong></span> <span class='ocrx_word' id='word_1_279' title='bbox 849 4371 861 4406; x_wconf 89' lang='lat'><strong>:</strong></span> <span class='ocrx_word' id='word_1_280' title='bbox 889 4353 940 4406; x_wconf 89' lang='lat' dir='ltr'><strong>in</strong></span> <span class='ocrx_word' id='word_1_281' title='bbox 975 4353 1382 4412; x_wconf 87' lang='lat' dir='ltr'><strong>similitudinem</strong></span> <span class='ocrx_word' id='word_1_282' title='bbox 1409 4353 1574 4410; x_wconf 82' lang='lat' dir='ltr'><strong>febris</strong></span> <span class='ocrx_word' id='word_1_283' title='bbox 1602 4372 1722 4426; x_wconf 76' lang='lat' dir='ltr'><strong>qua:</strong></span> 
     </span>
    </p>
   </div>
   <div class='ocr_carea' id='block_1_45' title="bbox 149 4445 1720 4516">
    <p class='ocr_par' dir='ltr' id='par_1_45' title="bbox 149 4445 1720 4516">
     <span class='ocr_line' id='line_1_45' title="bbox 149 4445 1720 4516; baseline 0.002 -18"><span class='ocrx_word' id='word_1_284' title='bbox 149 4461 258 4500; x_wconf 83' lang='lat' dir='ltr'><strong>non</strong></span> <span class='ocrx_word' id='word_1_285' title='bbox 301 4451 514 4514; x_wconf 84' lang='lat' dir='ltr'><strong>torquet</strong></span> <span class='ocrx_word' id='word_1_286' title='bbox 559 4445 898 4504; x_wconf 80' lang='lat' dir='ltr'><strong>extrinsecus</strong></span> <span class='ocrx_word' id='word_1_287' title='bbox 943 4453 1312 4516; x_wconf 72' lang='lat' dir='ltr'><strong>mgrotantem,</strong></span> <span class='ocrx_word' id='word_1_288' title='bbox 1361 4447 1456 4500; x_wconf 85' lang='lat' dir='ltr'><strong>sed</strong></span> <span class='ocrx_word' id='word_1_289' title='bbox 1493 4463 1720 4516; x_wconf 82' lang='lat' dir='ltr'><strong>corpora</strong></span> 
     </span>
    </p>
   </div>
   <div class='ocr_carea' id='block_1_46' title="bbox 1025 337 2572 402">
    <p class='ocr_par' dir='ltr' id='par_1_46' title="bbox 1025 337 2572 402">
     <span class='ocr_line' id='line_1_46' title="bbox 1025 337 2572 402; baseline 0.004 -10"><span class='ocrx_word' id='word_1_290' title='bbox 1025 337 1116 392; x_wconf 88' lang='lat' dir='ltr'><strong>DE</strong></span> <span class='ocrx_word' id='word_1_291' title='bbox 1153 337 1826 396; x_wconf 63' lang='lat' dir='ltr'><strong>PlirEDESTINATIONE</strong></span> <span class='ocrx_word' id='word_1_292' title='bbox 1863 339 2144 396; x_wconf 79' lang='lat' dir='ltr'><strong>CONTRA</strong></span> <span class='ocrx_word' id='word_1_293' title='bbox 2181 339 2232 402; x_wconf 76' lang='grc' dir='ltr'><strong>ι.</strong></span> <span class='ocrx_word' id='word_1_294' title='bbox 2273 339 2572 400; x_wconf 81' lang='lat' dir='ltr'><strong>SCOTU—M.</strong></span> 
     </span>
    </p>
   </div>
   <div class='ocr_carea' id='block_1_47' title="bbox 719 443 3406 532">
    <p class='ocr_par' dir='ltr' id='par_1_47' title="bbox 719 443 3406 532">
     <span class='ocr_line' id='line_1_47' title="bbox 719 443 3406 532; baseline 0.009 -34"><span class='ocrx_word' id='word_1_295' title='bbox 719 445 886 500; x_wconf 83' lang='lat' dir='ltr'><strong>videat</strong></span> <span class='ocrx_word' id='word_1_296' title='bbox 933 443 1320 508; x_wconf 73' lang='lat' dir='ltr'><strong>salamandram</strong></span> <span class='ocrx_word' id='word_1_297' title='bbox 1381 449 1436 504; x_wconf 87' lang='lat' dir='ltr'><strong>in</strong></span> <span class='ocrx_word' id='word_1_298' title='bbox 1493 451 1608 520; x_wconf 75' lang='lat' dir='ltr'><strong>igne</strong></span> <span class='ocrx_word' id='word_1_299' title='bbox 1655 451 1728 504; x_wconf 67' lang='grc' dir='ltr'><strong>ινὶη</strong></span> <span class='ocrx_word' id='word_1_300' title='bbox 1753 453 1800 516; x_wconf 79' lang='grc' dir='ltr'><strong>Α</strong></span> <span class='ocrx_word' id='word_1_301' title='bbox 1829 466 1916 510; x_wconf 86' lang='lat' dir='ltr'><strong>res</strong></span> <span class='ocrx_word' id='word_1_302' title='bbox 1945 461 2240 522; x_wconf 81' lang='lat' dir='ltr'><strong>ponuntur,</strong></span> <span class='ocrx_word' id='word_1_303' title='bbox 2277 455 2374 524; x_wconf 85' lang='lat' dir='ltr'><strong>qui</strong></span> <span class='ocrx_word' id='word_1_304' title='bbox 2399 455 2452 510; x_wconf 90' lang='lat' dir='ltr'><strong>in</strong></span> <span class='ocrx_word' id='word_1_305' title='bbox 2475 455 3198 528; x_wconf 73' lang='lat' dir='ltr'><strong>futurojudieioctmmrore</strong></span> <span class='ocrx_word' id='word_1_306' title='bbox 3215 465 3406 532; x_wconf 86' lang='lat' dir='ltr'><strong>animi,</strong></span> 
     </span>
    </p>
   </div>
   <div class='ocr_carea' id='block_1_48' title="bbox 3267 349 3408 408">
    <p class='ocr_par' dir='ltr' id='par_1_48' title="bbox 3267 349 3408 408">
     <span class='ocr_line' id='line_1_48' title="bbox 3267 349 3408 408; baseline 0.014 -2"><span class='ocrx_word' id='word_1_307' title='bbox 3267 349 3408 408; x_wconf 71' lang='lat' dir='ltr'><strong>i338</strong></span> 
     </span>
    </p>
   </div>
   <div class='ocr_carea' id='block_1_49' title="bbox 1829 545 3410 626">
    <p class='ocr_par' dir='ltr' id='par_1_49' title="bbox 1829 545 3410 626">
     <span class='ocr_line' id='line_1_49' title="bbox 1829 545 3410 626; baseline 0.01 -28"><span class='ocrx_word' id='word_1_308' title='bbox 1829 553 1886 612; x_wconf 82' lang='lat' dir='ltr'><strong>et</strong></span> <span class='ocrx_word' id='word_1_309' title='bbox 1909 545 2106 614; x_wconf 70' lang='lat' dir='ltr'><strong>pmnali</strong></span> <span class='ocrx_word' id='word_1_310' title='bbox 2133 549 2532 606; x_wconf 81' lang='lat' dir='ltr'><strong>excruciatione</strong></span> <span class='ocrx_word' id='word_1_311' title='bbox 2573 555 2856 622; x_wconf 83' lang='lat' dir='ltr'><strong>torquendi</strong></span> <span class='ocrx_word' id='word_1_312' title='bbox 2893 565 3038 622; x_wconf 89' lang='lat' dir='ltr'><strong>sunt,</strong></span> <span class='ocrx_word' id='word_1_313' title='bbox 3065 557 3190 626; x_wconf 90' lang='lat' dir='ltr'><strong>quia</strong></span> <span class='ocrx_word' id='word_1_314' title='bbox 3215 567 3410 614; x_wconf 84' lang='lat' dir='ltr'><strong>contra</strong></span> 
     </span>
    </p>
   </div>
   <div class='ocr_carea' id='block_1_50' title="bbox 1831 637 3410 708">
    <p class='ocr_par' dir='ltr' id='par_1_50' title="bbox 1831 637 3410 708">
     <span class='ocr_line' id='line_1_50' title="bbox 1831 637 3410 708; baseline 0.011 -18"><span class='ocrx_word' id='word_1_315' title='bbox 1831 637 2046 708; x_wconf 88' lang='lat' dir='ltr'><strong>regulas</strong></span> <span class='ocrx_word' id='word_1_316' title='bbox 2073 639 2284 696; x_wconf 88' lang='lat' dir='ltr'><strong>Domini</strong></span> <span class='ocrx_word' id='word_1_317' title='bbox 2313 639 2586 698; x_wconf 78' lang='lat' dir='ltr'><strong>obstinata</strong></span> <span class='ocrx_word' id='word_1_318' title='bbox 2625 655 2802 700; x_wconf 88' lang='lat' dir='ltr'><strong>mente</strong></span> <span class='ocrx_word' id='word_1_319' title='bbox 2833 647 3106 704; x_wconf 77' lang='lat' dir='ltr'><strong>vixerunt.</strong></span> <span class='ocrx_word' id='word_1_320' title='bbox 3149 649 3410 708; x_wconf 87' lang='lat' dir='ltr'><strong>Dominus</strong></span> 
     </span>
    </p>
   </div>
   <div class='ocr_carea' id='block_1_51' title="bbox 1829 728 3408 810">
    <p class='ocr_par' dir='ltr' id='par_1_51' title="bbox 1829 728 3408 810">
     <span class='ocr_line' id='line_1_51' title="bbox 1829 728 3408 810; baseline 0.01 -30"><span class='ocrx_word' id='word_1_321' title='bbox 1829 728 2004 788; x_wconf 77' lang='lat' dir='ltr'><strong>inira</strong></span> <span class='ocrx_word' id='word_1_322' title='bbox 2049 747 2148 784; x_wconf 84' lang='lat' dir='ltr'><strong>sua</strong></span> <span class='ocrx_word' id='word_1_323' title='bbox 2201 731 2524 786; x_wconf 79' lang='lat' dir='ltr'><strong>conturbabit</strong></span> <span class='ocrx_word' id='word_1_324' title='bbox 2567 751 2652 788; x_wconf 86' lang='lat' dir='ltr'><strong>eos</strong></span> <span class='ocrx_word' id='word_1_325' title='bbox 2701 745 2748 788; x_wconf 86' lang='lat' dir='ltr'><strong>et</strong></span> <span class='ocrx_word' id='word_1_326' title='bbox 2795 737 3062 794; x_wconf 79' lang='lat' dir='ltr'><strong>devorabit</strong></span> <span class='ocrx_word' id='word_1_327' title='bbox 3111 757 3200 794; x_wconf 88' lang='lat' dir='ltr'><strong>eos</strong></span> <span class='ocrx_word' id='word_1_328' title='bbox 3249 741 3408 810; x_wconf 83' lang='lat' dir='ltr'><strong>ignis.</strong></span> 
     </span>
    </p>
   </div>
   <div class='ocr_carea' id='block_1_52' title="bbox 1829 819 3406 890">
    <p class='ocr_par' dir='ltr' id='par_1_52' title="bbox 1829 819 3406 890">
     <span class='ocr_line' id='line_1_52' title="bbox 1829 819 3406 890; baseline 0.007 -14"><span class='ocrx_word' id='word_1_329' title='bbox 1829 821 1976 876; x_wconf 89' lang='lat' dir='ltr'><strong>Ordo</strong></span> <span class='ocrx_word' id='word_1_330' title='bbox 2015 819 2204 890; x_wconf 87' lang='lat' dir='ltr'><strong>judicii</strong></span> <span class='ocrx_word' id='word_1_331' title='bbox 2253 823 2618 884; x_wconf 83' lang='lat' dir='ltr'><strong>pulcherrima</strong></span> <span class='ocrx_word' id='word_1_332' title='bbox 2671 829 2984 884; x_wconf 87' lang='lat' dir='ltr'><strong>narratione</strong></span> <span class='ocrx_word' id='word_1_333' title='bbox 3035 830 3406 886; x_wconf 87' lang='lat' dir='ltr'><strong>describitur:</strong></span> 
     </span>
    </p>
   </div>
   <div class='ocr_carea' id='block_1_53' title="bbox 1829 911 3408 988">
    <p class='ocr_par' dir='ltr' id='par_1_53' title="bbox 1829 911 3408 988">
     <span class='ocr_line' id='line_1_53' title="bbox 1829 911 3408 988; baseline 0.008 -24"><span class='ocrx_word' id='word_1_334' title='bbox 1829 911 1950 970; x_wconf 89' lang='lat' dir='ltr'><strong>illos</strong></span> <span class='ocrx_word' id='word_1_335' title='bbox 1977 913 2118 966; x_wconf 90' lang='lat' dir='ltr'><strong>enim</strong></span> <span class='ocrx_word' id='word_1_336' title='bbox 2163 923 2492 982; x_wconf 86' lang='lat' dir='ltr'><strong>peceatores,</strong></span> <span class='ocrx_word' id='word_1_337' title='bbox 2529 916 2620 986; x_wconf 87' lang='lat' dir='ltr'><strong>qui</strong></span> <span class='ocrx_word' id='word_1_338' title='bbox 2667 931 2726 972; x_wconf 90' lang='lat' dir='ltr'><strong>se</strong></span> <span class='ocrx_word' id='word_1_339' title='bbox 2775 933 2874 988; x_wconf 90' lang='lat' dir='ltr'><strong>pro</strong></span> <span class='ocrx_word' id='word_1_340' title='bbox 2919 927 3138 974; x_wconf 89' lang='lat' dir='ltr'><strong>actuum</strong></span> <span class='ocrx_word' id='word_1_341' title='bbox 3185 935 3408 977; x_wconf 90' lang='lat' dir='ltr'><strong>suorum</strong></span> 
     </span>
    </p>
   </div>
   <div class='ocr_carea' id='block_1_54' title="bbox 1831 1003 3414 1074">
    <p class='ocr_par' dir='ltr' id='par_1_54' title="bbox 1831 1003 3414 1074">
     <span class='ocr_line' id='line_1_54' title="bbox 1831 1003 3414 1074; baseline 0.009 -17"><span class='ocrx_word' id='word_1_342' title='bbox 1831 1003 2166 1074; x_wconf 86' lang='lat' dir='ltr'><strong>malignitate</strong></span> <span class='ocrx_word' id='word_1_343' title='bbox 2197 1005 2562 1074; x_wconf 84' lang='lat' dir='ltr'><strong>discruciant,</strong></span> <span class='ocrx_word' id='word_1_344' title='bbox 2611 1009 2690 1064; x_wconf 89' lang='lat' dir='ltr'><strong>ira</strong></span> <span class='ocrx_word' id='word_1_345' title='bbox 2721 1011 2932 1066; x_wconf 89' lang='lat' dir='ltr'><strong>Domini</strong></span> <span class='ocrx_word' id='word_1_346' title='bbox 2983 1013 3114 1068; x_wconf 91' lang='lat' dir='ltr'><strong>dicit</strong></span> <span class='ocrx_word' id='word_1_347' title='bbox 3153 1029 3274 1070; x_wconf 88' lang='lat' dir='ltr'><strong>esse</strong></span> <span class='ocrx_word' id='word_1_348' title='bbox 3305 1025 3414 1070; x_wconf 74' lang='grc' dir='ltr'><strong>[ιιι-«ι</strong></span> 
     </span>
    </p>
   </div>
   <div class='ocr_carea' id='block_1_55' title="bbox 1827 1097 3412 1175">
    <p class='ocr_par' dir='ltr' id='par_1_55' title="bbox 1827 1097 3412 1175">
     <span class='ocr_line' id='line_1_55' title="bbox 1827 1097 3412 1175; baseline 0.005 -23"><span class='ocrx_word' id='word_1_349' title='bbox 1827 1097 2074 1164; x_wconf 87' lang='lat' dir='ltr'><strong>bandos,</strong></span> <span class='ocrx_word' id='word_1_350' title='bbox 2127 1101 2340 1168; x_wconf 86' lang='lat' dir='ltr'><strong>quando</strong></span> <span class='ocrx_word' id='word_1_351' title='bbox 2383 1101 2602 1156; x_wconf 89' lang='lat' dir='ltr'><strong>audient</strong></span> <span class='ocrx_word' id='word_1_352' title='bbox 2643 1121 2656 1158; x_wconf 91' lang='lat'><strong>:</strong></span> <span class='ocrx_word' id='word_1_353' title='bbox 2705 1103 2788 1158; x_wconf 82' lang='lat' dir='ltr'><strong>Ite</strong></span> <span class='ocrx_word' id='word_1_354' title='bbox 2835 1105 2890 1158; x_wconf 88' lang='lat' dir='ltr'><strong>in</strong></span> <span class='ocrx_word' id='word_1_355' title='bbox 2941 1105 3110 1175; x_wconf 81' lang='lat' dir='ltr'><strong>ignem</strong></span> <span class='ocrx_word' id='word_1_356' title='bbox 3157 1117 3412 1162; x_wconf 68' lang='lat' dir='ltr'><strong>internum</strong></span> 
     </span>
    </p>
   </div>
   <div class='ocr_carea' id='block_1_56' title="bbox 1831 1189 3412 1266">
    <p class='ocr_par' dir='ltr' id='par_1_56' title="bbox 1831 1189 3412 1266">
     <span class='ocr_line' id='line_1_56' title="bbox 1831 1189 3412 1266; baseline 0.007 -22"><span class='ocrx_word' id='word_1_357' title='bbox 1831 1189 2044 1264; x_wconf 73' lang='lat' dir='ltr'><strong>(Matth.</strong></span> <span class='ocrx_word' id='word_1_358' title='bbox 2069 1207 2228 1256; x_wconf 62' lang='lat' dir='ltr'><strong>sunt,</strong></span> <span class='ocrx_word' id='word_1_359' title='bbox 2253 1193 2342 1263; x_wconf 73' lang='grc'><strong>4-1)</strong></span> <span class='ocrx_word' id='word_1_360' title='bbox 2359 1233 2376 1257; x_wconf 92' lang='grc'><strong>,</strong></span> <span class='ocrx_word' id='word_1_361' title='bbox 2415 1203 2470 1248; x_wconf 87' lang='lat' dir='ltr'><strong>et</strong></span> <span class='ocrx_word' id='word_1_362' title='bbox 2497 1193 2598 1250; x_wconf 88' lang='lat' dir='ltr'><strong>ista</strong></span> <span class='ocrx_word' id='word_1_363' title='bbox 2617 1199 2882 1252; x_wconf 89' lang='lat' dir='ltr'><strong>sententia</strong></span> <span class='ocrx_word' id='word_1_364' title='bbox 2905 1207 3324 1266; x_wconf 89' lang='lat' dir='ltr'><strong>consequentur,</strong></span> <span class='ocrx_word' id='word_1_365' title='bbox 3351 1209 3412 1256; x_wconf 82' lang='lat' dir='ltr'><strong>ut</strong></span> 
     </span>
    </p>
   </div>
   <div class='ocr_carea' id='block_1_57' title="bbox 1827 1280 3410 1354">
    <p class='ocr_par' dir='ltr' id='par_1_57' title="bbox 1827 1280 3410 1354">
     <span class='ocr_line' id='line_1_57' title="bbox 1827 1280 3410 1354; baseline 0.006 -21"><span class='ocrx_word' id='word_1_366' title='bbox 1827 1293 2082 1350; x_wconf 88' lang='lat' dir='ltr'><strong>perpetua</strong></span> <span class='ocrx_word' id='word_1_367' title='bbox 2111 1280 2324 1336; x_wconf 84' lang='lat' dir='ltr'><strong>flanuna</strong></span> <span class='ocrx_word' id='word_1_368' title='bbox 2349 1283 2696 1350; x_wconf 89' lang='lat' dir='ltr'><strong>devorentur,</strong></span> <span class='ocrx_word' id='word_1_369' title='bbox 2725 1301 2848 1340; x_wconf 88' lang='lat' dir='ltr'><strong>nam</strong></span> <span class='ocrx_word' id='word_1_370' title='bbox 2861 1285 3164 1354; x_wconf 89' lang='lat' dir='ltr'><strong>jussionem</strong></span> <span class='ocrx_word' id='word_1_371' title='bbox 3197 1289 3410 1344; x_wconf 87' lang='lat' dir='ltr'><strong>Domini</strong></span> 
     </span>
    </p>
   </div>
   <div class='ocr_carea' id='block_1_58' title="bbox 1831 1371 3412 1448">
    <p class='ocr_par' dir='ltr' id='par_1_58' title="bbox 1831 1371 3412 1448">
     <span class='ocr_line' id='line_1_58' title="bbox 1831 1371 3412 1448; baseline 0.004 -22"><span class='ocrx_word' id='word_1_372' title='bbox 1831 1371 1972 1426; x_wconf 89' lang='lat' dir='ltr'><strong>nulla</strong></span> <span class='ocrx_word' id='word_1_373' title='bbox 2011 1385 2160 1426; x_wconf 87' lang='lat' dir='ltr'><strong>mora</strong></span> <span class='ocrx_word' id='word_1_374' title='bbox 2197 1373 2568 1446; x_wconf 86' lang='lat' dir='ltr'><strong>subsequitur,</strong></span> <span class='ocrx_word' id='word_1_375' title='bbox 2599 1375 2692 1430; x_wconf 90' lang='lat' dir='ltr'><strong>sed</strong></span> <span class='ocrx_word' id='word_1_376' title='bbox 2721 1389 2844 1430; x_wconf 82' lang='lat' dir='ltr'><strong>mox</strong></span> <span class='ocrx_word' id='word_1_377' title='bbox 2869 1383 2928 1430; x_wconf 90' lang='lat' dir='ltr'><strong>ut</strong></span> <span class='ocrx_word' id='word_1_378' title='bbox 2953 1375 3196 1430; x_wconf 90' lang='lat' dir='ltr'><strong>decernit</strong></span> <span class='ocrx_word' id='word_1_379' title='bbox 3221 1377 3412 1448; x_wconf 83' lang='lat' dir='ltr'><strong>imple-</strong></span> 
     </span>
    </p>
   </div>
   <div class='ocr_carea' id='block_1_59' title="bbox 1829 1463 3410 1536">
    <p class='ocr_par' dir='ltr' id='par_1_59' title="bbox 1829 1463 3410 1536">
     <span class='ocr_line' id='line_1_59' title="bbox 1829 1463 3410 1536; baseline 0.003 -18"><span class='ocrx_word' id='word_1_380' title='bbox 1829 1471 1942 1518; x_wconf 89' lang='lat' dir='ltr'><strong>tum</strong></span> <span class='ocrx_word' id='word_1_381' title='bbox 1973 1469 2076 1528; x_wconf 89' lang='lat' dir='ltr'><strong>est,</strong></span> <span class='ocrx_word' id='word_1_382' title='bbox 2109 1463 2208 1520; x_wconf 89' lang='lat' dir='ltr'><strong>iste</strong></span> <span class='ocrx_word' id='word_1_383' title='bbox 2243 1473 2420 1520; x_wconf 89' lang='lat' dir='ltr'><strong>tamen</strong></span> <span class='ocrx_word' id='word_1_384' title='bbox 2459 1465 2710 1536; x_wconf 81' lang='lat' dir='ltr'><strong>iguis,sic</strong></span> <span class='ocrx_word' id='word_1_385' title='bbox 2753 1467 2990 1522; x_wconf 87' lang='lat' dir='ltr'><strong>absumit</strong></span> <span class='ocrx_word' id='word_1_386' title='bbox 3015 1475 3076 1522; x_wconf 88' lang='lat' dir='ltr'><strong>ut</strong></span> <span class='ocrx_word' id='word_1_387' title='bbox 3097 1477 3300 1532; x_wconf 77' lang='lat' dir='ltr'><strong>servet,</strong></span> <span class='ocrx_word' id='word_1_388' title='bbox 3329 1467 3410 1522; x_wconf 88' lang='lat' dir='ltr'><strong>sic</strong></span> 
     </span>
    </p>
   </div>
   <div class='ocr_carea' id='block_1_60' title="bbox 1829 1557 3418 1630">
    <p class='ocr_par' dir='ltr' id='par_1_60' title="bbox 1829 1557 3418 1630">
     <span class='ocr_line' id='line_1_60' title="bbox 1829 1557 3418 1630; baseline 0.004 -22"><span class='ocrx_word' id='word_1_389' title='bbox 1829 1563 2010 1610; x_wconf 89' lang='lat' dir='ltr'><strong>servat</strong></span> <span class='ocrx_word' id='word_1_390' title='bbox 2037 1561 2096 1610; x_wconf 89' lang='lat' dir='ltr'><strong>ut</strong></span> <span class='ocrx_word' id='word_1_391' title='bbox 2126 1557 2352 1622; x_wconf 88' lang='lat' dir='ltr'><strong>cruciet,</strong></span> <span class='ocrx_word' id='word_1_392' title='bbox 2383 1557 2706 1630; x_wconf 85' lang='lat' dir='ltr'><strong>dabiturque</strong></span> <span class='ocrx_word' id='word_1_393' title='bbox 2759 1558 2974 1616; x_wconf 88' lang='lat' dir='ltr'><strong>miseris</strong></span> <span class='ocrx_word' id='word_1_394' title='bbox 3017 1557 3126 1614; x_wconf 85' lang='lat' dir='ltr'><strong>vita</strong></span> <span class='ocrx_word' id='word_1_395' title='bbox 3167 1559 3418 1616; x_wconf 88' lang='lat' dir='ltr'><strong>mortalis.</strong></span> 
     </span>
    </p>
   </div>
   <div class='ocr_carea' id='block_1_61' title="bbox 1831 1645 2444 1720">
    <p class='ocr_par' dir='ltr' id='par_1_61' title="bbox 1831 1645 2444 1720">
     <span class='ocr_line' id='line_1_61' title="bbox 1831 1645 2444 1720; baseline 0 -20"><span class='ocrx_word' id='word_1_396' title='bbox 1831 1653 1886 1700; x_wconf 87' lang='lat' dir='ltr'><strong>et</strong></span> <span class='ocrx_word' id='word_1_397' title='bbox 1913 1658 2076 1716; x_wconf 78' lang='lat' dir='ltr'><strong>pcena</strong></span> <span class='ocrx_word' id='word_1_398' title='bbox 2119 1647 2404 1702; x_wconf 70' lang='lat' dir='ltr'><strong>servatrix.</strong></span> <span class='ocrx_word' id='word_1_399' title='bbox 2422 1645 2444 1720; x_wconf 88' lang='lat'>]</span> 
     </span>
    </p>
   </div>
   <div class='ocr_carea' id='block_1_62' title="bbox 1899 1757 3410 1834">
    <p class='ocr_par' dir='ltr' id='par_1_62' title="bbox 1899 1757 3410 1834">
     <span class='ocr_line' id='line_1_62' title="bbox 1899 1757 3410 1834; baseline 0.003 -22"><span class='ocrx_word' id='word_1_400' title='bbox 1899 1757 1942 1827; x_wconf 72' lang='grc' dir='ltr'><strong>-ῐ-</strong></span> <span class='ocrx_word' id='word_1_401' title='bbox 1969 1757 2112 1822; x_wconf 85' lang='lat' dir='ltr'><strong>ldem</strong></span> <span class='ocrx_word' id='word_1_402' title='bbox 2155 1759 2206 1814; x_wconf 90' lang='lat' dir='ltr'><strong>in</strong></span> <span class='ocrx_word' id='word_1_403' title='bbox 2235 1761 2440 1830; x_wconf 85' lang='lat' dir='ltr'><strong>psalmo</strong></span> <span class='ocrx_word' id='word_1_404' title='bbox 2463 1777 2652 1816; x_wconf 74' lang='lat' dir='ltr'><strong>nvm.</strong></span> <span class='ocrx_word' id='word_1_405' title='bbox 2697 1759 3052 1834; x_wconf 90' lang='lat' dir='ltr'><strong>[Peccatores</strong></span> <span class='ocrx_word' id='word_1_406' title='bbox 3079 1761 3220 1817; x_wconf 89' lang='lat' dir='ltr'><strong>enim</strong></span> <span class='ocrx_word' id='word_1_407' title='bbox 3253 1761 3306 1816; x_wconf 90' lang='lat' dir='ltr'><strong>in</strong></span> <span class='ocrx_word' id='word_1_408' title='bbox 3333 1761 3410 1816; x_wconf 90' lang='lat' dir='ltr'><strong>iu-</strong></span> 
     </span>
    </p>
   </div>
   <div class='ocr_carea' id='block_1_63' title="bbox 1831 1845 3414 1922">
    <p class='ocr_par' dir='ltr' id='par_1_63' title="bbox 1831 1845 3414 1922">
     <span class='ocr_line' id='line_1_63' title="bbox 1831 1845 3414 1922; baseline 0.005 -22"><span class='ocrx_word' id='word_1_409' title='bbox 1831 1845 1986 1902; x_wconf 89' lang='lat' dir='ltr'><strong>ferno</strong></span> <span class='ocrx_word' id='word_1_410' title='bbox 2015 1849 2218 1918; x_wconf 88' lang='lat' dir='ltr'><strong>positos</strong></span> <span class='ocrx_word' id='word_1_411' title='bbox 2251 1865 2398 1906; x_wconf 92' lang='lat' dir='ltr'><strong>mors</strong></span> <span class='ocrx_word' id='word_1_412' title='bbox 2425 1859 2628 1906; x_wconf 59' lang='lat' dir='ltr'><strong>aeterna</strong></span> <span class='ocrx_word' id='word_1_413' title='bbox 2659 1851 2920 1922; x_wconf 88' lang='lat' dir='ltr'><strong>depascit.</strong></span> <span class='ocrx_word' id='word_1_414' title='bbox 2953 1851 3088 1906; x_wconf 82' lang='lat' dir='ltr'><strong>Nam</strong></span> <span class='ocrx_word' id='word_1_415' title='bbox 3117 1853 3257 1908; x_wconf 90' lang='lat' dir='ltr'><strong>sicut</strong></span> <span class='ocrx_word' id='word_1_416' title='bbox 3281 1867 3414 1908; x_wconf 87' lang='lat' dir='ltr'><strong>oves</strong></span> 
     </span>
    </p>
   </div>
   <div class='ocr_carea' id='block_1_64' title="bbox 1829 1937 3418 2012">
    <p class='ocr_par' dir='ltr' id='par_1_64' title="bbox 1829 1937 3418 2012">
     <span class='ocr_line' id='line_1_64' title="bbox 1829 1937 3418 2012; baseline 0.004 -21"><span class='ocrx_word' id='word_1_417' title='bbox 1829 1937 1968 1992; x_wconf 77' lang='lat' dir='ltr'><strong>lana:</strong></span> <span class='ocrx_word' id='word_1_418' title='bbox 2003 1955 2114 1998; x_wconf 73' lang='lat' dir='ltr'><strong>sua:</strong></span> <span class='ocrx_word' id='word_1_419' title='bbox 2135 1941 2426 1996; x_wconf 86' lang='lat' dir='ltr'><strong>amissione</strong></span> <span class='ocrx_word' id='word_1_420' title='bbox 2467 1941 2670 2012; x_wconf 83' lang='lat' dir='ltr'><strong>jugiter</strong></span> <span class='ocrx_word' id='word_1_421' title='bbox 2715 1951 3086 2012; x_wconf 82' lang='lat' dir='ltr'><strong>perseverant,</strong></span> <span class='ocrx_word' id='word_1_422' title='bbox 3115 1943 3194 1997; x_wconf 88' lang='lat' dir='ltr'><strong>sic</strong></span> <span class='ocrx_word' id='word_1_423' title='bbox 3231 1943 3284 1998; x_wconf 90' lang='lat' dir='ltr'><strong>in</strong></span> <span class='ocrx_word' id='word_1_424' title='bbox 3315 1943 3418 1998; x_wconf 81' lang='lat' dir='ltr'><strong>illo</strong></span> 
     </span>
    </p>
   </div>
   <div class='ocr_carea' id='block_1_65' title="bbox 1829 2031 3408 2103">
    <p class='ocr_par' dir='ltr' id='par_1_65' title="bbox 1829 2031 3408 2103">
     <span class='ocr_line' id='line_1_65' title="bbox 1829 2031 3408 2103; baseline 0.003 -19"><span class='ocrx_word' id='word_1_425' title='bbox 1829 2045 2044 2100; x_wconf 88' lang='lat' dir='ltr'><strong>semper</strong></span> <span class='ocrx_word' id='word_1_426' title='bbox 2089 2031 2208 2086; x_wconf 88' lang='lat' dir='ltr'><strong>sine</strong></span> <span class='ocrx_word' id='word_1_427' title='bbox 2251 2031 2630 2088; x_wconf 87' lang='lat' dir='ltr'><strong>imminutione</strong></span> <span class='ocrx_word' id='word_1_428' title='bbox 2667 2033 2982 2088; x_wconf 77' lang='lat' dir='ltr'><strong>substantia:</strong></span> <span class='ocrx_word' id='word_1_429' title='bbox 3021 2033 3228 2088; x_wconf 88' lang='lat' dir='ltr'><strong>invenit</strong></span> <span class='ocrx_word' id='word_1_430' title='bbox 3261 2035 3408 2103; x_wconf 89' lang='lat' dir='ltr'><strong>quod</strong></span> 
     </span>
    </p>
   </div>
   <div class='ocr_carea' id='block_1_66' title="bbox 1829 2121 3412 2192">
    <p class='ocr_par' dir='ltr' id='par_1_66' title="bbox 1829 2121 3412 2192">
     <span class='ocr_line' id='line_1_66' title="bbox 1829 2121 3412 2192; baseline 0.005 -18"><span class='ocrx_word' id='word_1_431' title='bbox 1829 2135 1986 2192; x_wconf 71' lang='lat' dir='ltr'><strong>poena</strong></span> <span class='ocrx_word' id='word_1_432' title='bbox 2023 2121 2336 2177; x_wconf 87' lang='lat' dir='ltr'><strong>discrueiet.</strong></span> <span class='ocrx_word' id='word_1_433' title='bbox 2369 2121 2610 2192; x_wconf 86' lang='lat' dir='ltr'><strong>Depascit</strong></span> <span class='ocrx_word' id='word_1_434' title='bbox 2647 2125 2792 2178; x_wconf 87' lang='lat' dir='ltr'><strong>enim</strong></span> <span class='ocrx_word' id='word_1_435' title='bbox 2825 2137 2854 2176; x_wconf 93' lang='lat' dir='ltr'><strong>a</strong></span> <span class='ocrx_word' id='word_1_436' title='bbox 2885 2121 3140 2188; x_wconf 88' lang='lat' dir='ltr'><strong>iumentis</strong></span> <span class='ocrx_word' id='word_1_437' title='bbox 3171 2131 3412 2182; x_wconf 86' lang='lat' dir='ltr'><strong>tractum</strong></span> 
     </span>
    </p>
   </div>
   <div class='ocr_carea' id='block_1_67' title="bbox 1827 2211 3464 2282">
    <p class='ocr_par' dir='ltr' id='par_1_67' title="bbox 1827 2211 3464 2282">
     <span class='ocr_line' id='line_1_67' title="bbox 1827 2211 3464 2282; baseline 0.001 -14"><span class='ocrx_word' id='word_1_438' title='bbox 1827 2219 1930 2278; x_wconf 90' lang='lat' dir='ltr'><strong>est,</strong></span> <span class='ocrx_word' id='word_1_439' title='bbox 1963 2227 2080 2282; x_wconf 74' lang='lat' dir='ltr'><strong>qua:</strong></span> <span class='ocrx_word' id='word_1_440' title='bbox 2111 2211 2306 2268; x_wconf 86' lang='lat' dir='ltr'><strong>herbas</strong></span> <span class='ocrx_word' id='word_1_441' title='bbox 2333 2229 2440 2268; x_wconf 90' lang='lat' dir='ltr'><strong>non</strong></span> <span class='ocrx_word' id='word_1_442' title='bbox 2467 2213 2728 2269; x_wconf 86' lang='lat' dir='ltr'><strong>radicitus</strong></span> <span class='ocrx_word' id='word_1_443' title='bbox 2755 2213 2972 2278; x_wconf 84' lang='lat' dir='ltr'><strong>vellunt,</strong></span> <span class='ocrx_word' id='word_1_444' title='bbox 3003 2213 3099 2270; x_wconf 90' lang='lat' dir='ltr'><strong>sed</strong></span> <span class='ocrx_word' id='word_1_445' title='bbox 3125 2213 3412 2270; x_wconf 86' lang='lat' dir='ltr'><strong>abscidunt</strong></span> <span class='ocrx_word' id='word_1_446' title='bbox 3459 2265 3464 2270; x_wconf 89' lang='lat'><strong>.</strong></span> 
     </span>
    </p>
   </div>
   <div class='ocr_carea' id='block_1_68' title="bbox 1829 2301 2602 2378">
    <p class='ocr_par' dir='ltr' id='par_1_68' title="bbox 1829 2301 2602 2378">
     <span class='ocr_line' id='line_1_68' title="bbox 1829 2301 2602 2378; baseline -0.001 -20"><span class='ocrx_word' id='word_1_447' title='bbox 1829 2303 1974 2374; x_wconf 88' lang='lat' dir='ltr'><strong>ipsas</strong></span> <span class='ocrx_word' id='word_1_448' title='bbox 2009 2305 2190 2372; x_wconf 88' lang='lat' dir='ltr'><strong>potius</strong></span> <span class='ocrx_word' id='word_1_449' title='bbox 2215 2301 2602 2378; x_wconf 86' lang='lat' dir='ltr'><strong>summitates.]</strong></span> 
     </span>
    </p>
   </div>
   <div class='ocr_carea' id='block_1_69' title="bbox 1899 2423 3414 2494">
    <p class='ocr_par' dir='ltr' id='par_1_69' title="bbox 1899 2423 3414 2494">
     <span class='ocr_line' id='line_1_69' title="bbox 1899 2423 3414 2494; baseline 0.003 -18"><span class='ocrx_word' id='word_1_450' title='bbox 1899 2423 1940 2494; x_wconf 62' lang='grc' dir='ltr'><strong>-ετ</strong></span> <span class='ocrx_word' id='word_1_451' title='bbox 1967 2423 2080 2480; x_wconf 89' lang='lat' dir='ltr'><strong>Nec</strong></span> <span class='ocrx_word' id='word_1_452' title='bbox 2115 2425 2468 2486; x_wconf 84' lang='lat' dir='ltr'><strong>omittendum</strong></span> <span class='ocrx_word' id='word_1_453' title='bbox 2497 2423 2824 2484; x_wconf 81' lang='lat' dir='ltr'><strong>credidimus</strong></span> <span class='ocrx_word' id='word_1_454' title='bbox 2844 2423 2986 2494; x_wconf 88' lang='lat' dir='ltr'><strong>quod</strong></span> <span class='ocrx_word' id='word_1_455' title='bbox 3011 2439 3134 2480; x_wconf 90' lang='lat' dir='ltr'><strong>cum</strong></span> <span class='ocrx_word' id='word_1_456' title='bbox 3161 2423 3216 2478; x_wconf 87' lang='lat' dir='ltr'><strong>in</strong></span> <span class='ocrx_word' id='word_1_457' title='bbox 3247 2431 3414 2480; x_wconf 74' lang='lat' dir='ltr'><strong>crete-</strong></span> 
     </span>
    </p>
   </div>
   <div class='ocr_carea' id='block_1_70' title="bbox 1828 2513 3412 2588">
    <p class='ocr_par' dir='ltr' id='par_1_70' title="bbox 1828 2513 3412 2588">
     <span class='ocr_line' id='line_1_70' title="bbox 1828 2513 3412 2588; baseline 0.001 -20"><span class='ocrx_word' id='word_1_458' title='bbox 1828 2515 1904 2570; x_wconf 89' lang='lat' dir='ltr'><strong>ris</strong></span> <span class='ocrx_word' id='word_1_459' title='bbox 1948 2513 2166 2586; x_wconf 86' lang='lat' dir='ltr'><strong>Origeui</strong></span> <span class='ocrx_word' id='word_1_460' title='bbox 2197 2515 2348 2586; x_wconf 88' lang='lat' dir='ltr'><strong>paria</strong></span> <span class='ocrx_word' id='word_1_461' title='bbox 2373 2516 2572 2570; x_wconf 88' lang='lat' dir='ltr'><strong>sentire</strong></span> <span class='ocrx_word' id='word_1_462' title='bbox 2615 2515 2974 2586; x_wconf 87' lang='lat' dir='ltr'><strong>delegeris,in</strong></span> <span class='ocrx_word' id='word_1_463' title='bbox 3005 2529 3202 2588; x_wconf 83' lang='lat' dir='ltr'><strong>genere</strong></span> <span class='ocrx_word' id='word_1_464' title='bbox 3227 2531 3412 2584; x_wconf 67' lang='lat' dir='ltr'><strong>pinna-</strong></span> 
     </span>
    </p>
   </div>
   <div class='ocr_carea' id='block_1_71' title="bbox 1827 2603 3412 2678">
    <p class='ocr_par' dir='ltr' id='par_1_71' title="bbox 1827 2603 3412 2678">
     <span class='ocr_line' id='line_1_71' title="bbox 1827 2603 3412 2678; baseline -0.001 -20"><span class='ocrx_word' id='word_1_465' title='bbox 1827 2619 1948 2658; x_wconf 88' lang='lat' dir='ltr'><strong>rum</strong></span> <span class='ocrx_word' id='word_1_466' title='bbox 1971 2603 2150 2658; x_wconf 89' lang='lat' dir='ltr'><strong>abillo</strong></span> <span class='ocrx_word' id='word_1_467' title='bbox 2181 2605 2406 2658; x_wconf 87' lang='lat' dir='ltr'><strong>nmltum</strong></span> <span class='ocrx_word' id='word_1_468' title='bbox 2435 2605 2678 2660; x_wconf 86' lang='lat' dir='ltr'><strong>diversus</strong></span> <span class='ocrx_word' id='word_1_469' title='bbox 2701 2606 2918 2660; x_wconf 87' lang='lat' dir='ltr'><strong>abieris.</strong></span> <span class='ocrx_word' id='word_1_470' title='bbox 2953 2603 3086 2658; x_wconf 83' lang='lat' dir='ltr'><strong>Nam</strong></span> <span class='ocrx_word' id='word_1_471' title='bbox 3121 2605 3210 2660; x_wconf 90' lang='lat' dir='ltr'><strong>ille</strong></span> <span class='ocrx_word' id='word_1_472' title='bbox 3231 2605 3412 2678; x_wconf 75' lang='lat' dir='ltr'><strong>ignoui</strong></span> 
     </span>
    </p>
   </div>
   <div class='ocr_carea' id='block_1_72' title="bbox 1827 2693 3414 2766">
    <p class='ocr_par' dir='ltr' id='par_1_72' title="bbox 1827 2693 3414 2766">
     <span class='ocr_line' id='line_1_72' title="bbox 1827 2693 3414 2766; baseline 0 -18"><span class='ocrx_word' id='word_1_473' title='bbox 1827 2703 1880 2748; x_wconf 88' lang='lat' dir='ltr'><strong>et</strong></span> <span class='ocrx_word' id='word_1_474' title='bbox 1905 2707 2118 2752; x_wconf 80' lang='lat' dir='ltr'><strong>vermes</strong></span> <span class='ocrx_word' id='word_1_475' title='bbox 2145 2693 2430 2766; x_wconf 86' lang='lat' dir='ltr'><strong>impiorum</strong></span> <span class='ocrx_word' id='word_1_476' title='bbox 2459 2693 2818 2748; x_wconf 86' lang='lat' dir='ltr'><strong>conscientias</strong></span> <span class='ocrx_word' id='word_1_477' title='bbox 2855 2695 3144 2754; x_wconf 86' lang='lat' dir='ltr'><strong>criminum</strong></span> <span class='ocrx_word' id='word_1_478' title='bbox 3165 2693 3414 2764; x_wconf 86' lang='lat' dir='ltr'><strong>proprio-</strong></span> 
     </span>
    </p>
   </div>
   <div class='ocr_carea' id='block_1_73' title="bbox 1827 2775 3408 2856">
    <p class='ocr_par' dir='ltr' id='par_1_73' title="bbox 1827 2775 3408 2856">
     <span class='ocr_line' id='line_1_73' title="bbox 1827 2775 3408 2856; baseline 0.001 -17"><span class='ocrx_word' id='word_1_479' title='bbox 1827 2799 1946 2839; x_wconf 88' lang='lat' dir='ltr'><strong>rum</strong></span> <span class='ocrx_word' id='word_1_480' title='bbox 1978 2793 2032 2838; x_wconf 86' lang='lat' dir='ltr'><strong>et</strong></span> <span class='ocrx_word' id='word_1_481' title='bbox 2061 2785 2230 2838; x_wconf 87' lang='lat' dir='ltr'><strong>sensit</strong></span> <span class='ocrx_word' id='word_1_482' title='bbox 2253 2795 2306 2838; x_wconf 90' lang='lat' dir='ltr'><strong>et</strong></span> <span class='ocrx_word' id='word_1_483' title='bbox 2326 2785 2508 2838; x_wconf 89' lang='lat' dir='ltr'><strong>docuit</strong></span> <span class='ocrx_word' id='word_1_484' title='bbox 2541 2801 2554 2839; x_wconf 91' lang='lat'><strong>:</strong></span> <span class='ocrx_word' id='word_1_485' title='bbox 2591 2797 2644 2840; x_wconf 88' lang='grc' dir='ltr'><strong>ιιι</strong></span> <span class='ocrx_word' id='word_1_486' title='bbox 2669 2785 2845 2856; x_wconf 88' lang='lat' dir='ltr'><strong>ignem</strong></span> <span class='ocrx_word' id='word_1_487' title='bbox 2875 2787 2980 2840; x_wconf 92' lang='lat' dir='ltr'><strong>hoc</strong></span> <span class='ocrx_word' id='word_1_488' title='bbox 3009 2775 3260 2856; x_wconf 85' lang='lat' dir='ltr'><strong>quartum</strong></span> <span class='ocrx_word' id='word_1_489' title='bbox 3295 2785 3408 2840; x_wconf 88' lang='lat' dir='ltr'><strong>ele-</strong></span> 
     </span>
    </p>
   </div>
   <div class='ocr_carea' id='block_1_74' title="bbox 1825 2873 3408 2944">
    <p class='ocr_par' dir='ltr' id='par_1_74' title="bbox 1825 2873 3408 2944">
     <span class='ocr_line' id='line_1_74' title="bbox 1825 2873 3408 2944; baseline 0 -16"><span class='ocrx_word' id='word_1_490' title='bbox 1825 2883 2130 2928; x_wconf 80' lang='lat' dir='ltr'><strong>mentorum</strong></span> <span class='ocrx_word' id='word_1_491' title='bbox 2189 2873 2596 2942; x_wconf 85' lang='lat' dir='ltr'><strong>dogmatizaus,</strong></span> <span class='ocrx_word' id='word_1_492' title='bbox 2651 2883 2874 2944; x_wconf 79' lang='lat' dir='ltr'><strong>excepta</strong></span> <span class='ocrx_word' id='word_1_493' title='bbox 2919 2873 3254 2930; x_wconf 86' lang='lat' dir='ltr'><strong>beatitudine</strong></span> <span class='ocrx_word' id='word_1_494' title='bbox 3301 2889 3408 2944; x_wconf 83' lang='lat' dir='ltr'><strong>qua</strong></span> 
     </span>
    </p>
   </div>
   <div class='ocr_carea' id='block_1_75' title="bbox 1823 2963 3410 3034">
    <p class='ocr_par' dir='ltr' id='par_1_75' title="bbox 1823 2963 3410 3034">
     <span class='ocr_line' id='line_1_75' title="bbox 1823 2963 3410 3034; baseline 0.003 -18"><span class='ocrx_word' id='word_1_495' title='bbox 1823 2963 2126 3034; x_wconf 86' lang='lat' dir='ltr'><strong>priventur,</strong></span> <span class='ocrx_word' id='word_1_496' title='bbox 2161 2963 2356 3016; x_wconf 87' lang='lat' dir='ltr'><strong>nullam</strong></span> <span class='ocrx_word' id='word_1_497' title='bbox 2387 2963 2466 3018; x_wconf 88' lang='lat' dir='ltr'><strong>eis</strong></span> <span class='ocrx_word' id='word_1_498' title='bbox 2493 2977 2708 3034; x_wconf 76' lang='lat' dir='ltr'><strong>pmnam</strong></span> <span class='ocrx_word' id='word_1_499' title='bbox 2739 2963 3006 3019; x_wconf 90' lang='lat' dir='ltr'><strong>ullatenus</strong></span> <span class='ocrx_word' id='word_1_500' title='bbox 3033 2963 3116 3018; x_wconf 87' lang='lat' dir='ltr'><strong>vel</strong></span> <span class='ocrx_word' id='word_1_501' title='bbox 3147 2963 3200 3016; x_wconf 89' lang='lat' dir='ltr'><strong>in</strong></span> <span class='ocrx_word' id='word_1_502' title='bbox 3227 2963 3410 3020; x_wconf 83' lang='lat' dir='ltr'><strong>anima</strong></span> 
     </span>
    </p>
   </div>
   <div class='ocr_carea' id='block_1_76' title="bbox 1825 3045 3410 3124">
    <p class='ocr_par' dir='ltr' id='par_1_76' title="bbox 1825 3045 3410 3124">
     <span class='ocr_line' id='line_1_76' title="bbox 1825 3045 3410 3124; baseline 0 -16"><span class='ocrx_word' id='word_1_503' title='bbox 1825 3053 1910 3108; x_wconf 87' lang='lat' dir='ltr'><strong>vel</strong></span> <span class='ocrx_word' id='word_1_504' title='bbox 1953 3055 2006 3108; x_wconf 89' lang='lat' dir='ltr'><strong>in</strong></span> <span class='ocrx_word' id='word_1_505' title='bbox 2045 3069 2270 3124; x_wconf 90' lang='lat' dir='ltr'><strong>corpore</strong></span> <span class='ocrx_word' id='word_1_506' title='bbox 2302 3045 2684 3120; x_wconf 84' lang='lat' dir='ltr'><strong>adhibendam,</strong></span> <span class='ocrx_word' id='word_1_507' title='bbox 2726 3069 2888 3110; x_wconf 87' lang='lat' dir='ltr'><strong>eosve</strong></span> <span class='ocrx_word' id='word_1_508' title='bbox 2925 3069 3226 3110; x_wconf 86' lang='lat' dir='ltr'><strong>asseveras.</strong></span> <span class='ocrx_word' id='word_1_509' title='bbox 3275 3053 3410 3114; x_wconf 87' lang='lat' dir='ltr'><strong>Hinc</strong></span> 
     </span>
    </p>
   </div>
   <div class='ocr_carea' id='block_1_77' title="bbox 1385 3143 3410 3248">
    <p class='ocr_par' dir='ltr' id='par_1_77' title="bbox 1385 3143 3410 3248">
     <span class='ocr_line' id='line_1_77' title="bbox 1385 3143 3410 3248; baseline -0.001 -47"><span class='ocrx_word' id='word_1_510' title='bbox 1385 3175 1694 3248; x_wconf 58' lang='lat' dir='ltr'><strong>Hieronymi</strong></span> <span class='ocrx_word' id='word_1_511' title='bbox 1747 3159 1792 3222; x_wconf 70' lang='grc' dir='ltr'><strong>ρ</strong></span> <span class='ocrx_word' id='word_1_512' title='bbox 1823 3151 2042 3200; x_wconf 90' lang='lat' dir='ltr'><strong>sanctus</strong></span> <span class='ocrx_word' id='word_1_513' title='bbox 2069 3143 2426 3216; x_wconf 79' lang='lat' dir='ltr'><strong>Hieronymus</strong></span> <span class='ocrx_word' id='word_1_514' title='bbox 2457 3151 2644 3200; x_wconf 87' lang='lat' dir='ltr'><strong>contra</strong></span> <span class='ocrx_word' id='word_1_515' title='bbox 2681 3143 2936 3198; x_wconf 80' lang='lat' dir='ltr'><strong>Rufinum</strong></span> <span class='ocrx_word' id='word_1_516' title='bbox 2967 3153 3290 3200; x_wconf 86' lang='lat' dir='ltr'><strong>sectatorem</strong></span> <span class='ocrx_word' id='word_1_517' title='bbox 3327 3145 3410 3206; x_wconf 43' lang='lat' dir='ltr'><strong>in?</strong></span> 
     </span>
     <span class='ocr_line' id='line_1_78' title="bbox 1703 3225 3374 3248; baseline -0.001 0"><span class='ocrx_word' id='word_1_518' title='bbox 1703 3225 1718 3248; x_wconf 75' lang='grc' dir='ltr'><strong><em>ο</em></strong></span> <span class='ocrx_word' id='word_1_519' title='bbox 1825 3239 1934 3248; x_wconf 27' lang='grc' dir='ltr'><strong>.-γι</strong></span> <span class='ocrx_word' id='word_1_520' title='bbox 1988 3241 2141 3248; x_wconf 57' lang='lat'><strong><em>,.,,,</em></strong></span> <span class='ocrx_word' id='word_1_521' title='bbox 2208 3231 2338 3248; x_wconf 61' lang='lat' dir='ltr'><strong>,n-</strong></span> <span class='ocrx_word' id='word_1_522' title='bbox 2453 3233 2466 3244; x_wconf 71' lang='grc' dir='ltr'><strong>ι</strong></span> <span class='ocrx_word' id='word_1_523' title='bbox 2617 3233 2648 3248; x_wconf 70' lang='grc' dir='ltr'><strong>σι</strong></span> <span class='ocrx_word' id='word_1_524' title='bbox 2797 3233 2832 3248; x_wconf 76' lang='grc' dir='ltr'><strong>α-</strong></span> <span class='ocrx_word' id='word_1_525' title='bbox 2923 3233 2936 3248; x_wconf 90' lang='grc' dir='ltr'><strong>ι</strong></span> <span class='ocrx_word' id='word_1_526' title='bbox 3053 3235 3086 3248; x_wconf 77' lang='grc' dir='ltr'><strong>ο-</strong></span> <span class='ocrx_word' id='word_1_527' title='bbox 3179 3233 3296 3248; x_wconf 73' lang='grc' dir='ltr'><strong>ιινιι</strong></span> <span class='ocrx_word' id='word_1_528' title='bbox 3363 3235 3374 3246; x_wconf 83' lang='grc' dir='ltr'><strong>ο</strong></span> 
     </span>
    </p>
   </div>
   <div class='ocr_carea' id='block_1_78' title="bbox 1823 3231 3410 3306">
    <p class='ocr_par' dir='ltr' id='par_1_78' title="bbox 1823 3231 3410 3306">
     <span class='ocr_line' id='line_1_79' title="bbox 1823 3231 3410 3306; baseline 0.005 -20"><span class='ocrx_word' id='word_1_529' title='bbox 1823 3239 2224 3302; x_wconf 84' lang='lat' dir='ltr'><strong>terpretemque</strong></span> <span class='ocrx_word' id='word_1_530' title='bbox 2249 3231 2498 3304; x_wconf 86' lang='lat' dir='ltr'><strong>Origcnis</strong></span> <span class='ocrx_word' id='word_1_531' title='bbox 2525 3233 2768 3292; x_wconf 82' lang='lat' dir='ltr'><strong>scribens</strong></span> <span class='ocrx_word' id='word_1_532' title='bbox 2797 3233 2870 3288; x_wconf 88' lang='lat' dir='ltr'><strong>ita</strong></span> <span class='ocrx_word' id='word_1_533' title='bbox 2889 3233 3159 3304; x_wconf 89' lang='lat' dir='ltr'><strong>eloquitur</strong></span> <span class='ocrx_word' id='word_1_534' title='bbox 3175 3233 3410 3306; x_wconf 81' lang='lat' dir='ltr'><strong>(Videsis</strong></span> 
     </span>
    </p>
   </div>
   <div class='ocr_carea' id='block_1_79' title="bbox 1825 3319 3264 3400">
    <p class='ocr_par' dir='ltr' id='par_1_79' title="bbox 1825 3319 3264 3400">
     <span class='ocr_line' id='line_1_80' title="bbox 1825 3319 3264 3400; baseline 0.001 -24"><span class='ocrx_word' id='word_1_535' title='bbox 1825 3319 2044 3377; x_wconf 81' lang='lat' dir='ltr'><strong>ll‘ieron.</strong></span> <span class='ocrx_word' id='word_1_536' title='bbox 2075 3319 2270 3376; x_wconf 86' lang='lat' dir='ltr'><strong>Contra</strong></span> <span class='ocrx_word' id='word_1_537' title='bbox 2317 3319 2588 3392; x_wconf 81' lang='lat' dir='ltr'><strong>Ruﬁnum,</strong></span> <span class='ocrx_word' id='word_1_538' title='bbox 2623 3323 2717 3378; x_wconf 91' lang='lat' dir='ltr'><strong>lib.</strong></span> <span class='ocrx_word' id='word_1_539' title='bbox 2749 3339 2809 3388; x_wconf 86' lang='grc' dir='ltr'><strong>ιι,</strong></span> <span class='ocrx_word' id='word_1_540' title='bbox 2837 3323 2890 3378; x_wconf 89' lang='lat' dir='ltr'><strong>in</strong></span> <span class='ocrx_word' id='word_1_541' title='bbox 2929 3323 3216 3400; x_wconf 87' lang='lat' dir='ltr'><strong>principio)</strong></span> <span class='ocrx_word' id='word_1_542' title='bbox 3249 3339 3264 3378; x_wconf 87' lang='lat'><strong>:</strong></span> 
     </span>
    </p>
   </div>
   <div class='ocr_carea' id='block_1_80' title="bbox 1897 3445 3408 3520">
    <p class='ocr_par' dir='ltr' id='par_1_80' title="bbox 1897 3445 3408 3520">
     <span class='ocr_line' id='line_1_81' title="bbox 1897 3445 3408 3520; baseline 0.003 -22"><span class='ocrx_word' id='word_1_543' title='bbox 1897 3445 2070 3520; x_wconf 84' lang='lat' dir='ltr'><strong>[Quod</strong></span> <span class='ocrx_word' id='word_1_544' title='bbox 2099 3453 2280 3504; x_wconf 82' lang='lat' dir='ltr'><strong>autem</strong></span> <span class='ocrx_word' id='word_1_545' title='bbox 2309 3446 2626 3518; x_wconf 87' lang='lat' dir='ltr'><strong>imprecaris</strong></span> <span class='ocrx_word' id='word_1_546' title='bbox 2655 3445 2936 3514; x_wconf 82' lang='lat' dir='ltr'><strong>fratribus,</strong></span> <span class='ocrx_word' id='word_1_547' title='bbox 2965 3447 3066 3504; x_wconf 88' lang='lat' dir='ltr'><strong>hoc</strong></span> <span class='ocrx_word' id='word_1_548' title='bbox 3091 3455 3176 3506; x_wconf 83' lang='lat' dir='ltr'><strong>est</strong></span> <span class='ocrx_word' id='word_1_549' title='bbox 3217 3447 3408 3504; x_wconf 53' lang='lat' dir='ltr'><strong>crimis</strong></span> 
     </span>
    </p>
   </div>
   <div class='ocr_carea' id='block_1_81' title="bbox 1823 3537 3410 3610">
    <p class='ocr_par' dir='ltr' id='par_1_81' title="bbox 1823 3537 3410 3610">
     <span class='ocr_line' id='line_1_82' title="bbox 1823 3537 3410 3610; baseline 0.003 -18"><span class='ocrx_word' id='word_1_550' title='bbox 1823 3537 2108 3592; x_wconf 87' lang='lat' dir='ltr'><strong>natoribus</strong></span> <span class='ocrx_word' id='word_1_551' title='bbox 2133 3537 2260 3604; x_wconf 87' lang='lat' dir='ltr'><strong>tuis,</strong></span> <span class='ocrx_word' id='word_1_552' title='bbox 2287 3545 2518 3594; x_wconf 83' lang='lat' dir='ltr'><strong>:eternos</strong></span> <span class='ocrx_word' id='word_1_553' title='bbox 2555 3539 2706 3610; x_wconf 89' lang='lat' dir='ltr'><strong>ignes</strong></span> <span class='ocrx_word' id='word_1_554' title='bbox 2735 3553 2858 3594; x_wconf 89' lang='lat' dir='ltr'><strong>cum</strong></span> <span class='ocrx_word' id='word_1_555' title='bbox 2889 3537 3122 3602; x_wconf 87' lang='lat' dir='ltr'><strong>diabolo,</strong></span> <span class='ocrx_word' id='word_1_556' title='bbox 3151 3553 3260 3592; x_wconf 90' lang='lat' dir='ltr'><strong>non</strong></span> <span class='ocrx_word' id='word_1_557' title='bbox 3297 3545 3410 3596; x_wconf 88' lang='lat' dir='ltr'><strong>tam</strong></span> 
     </span>
    </p>
   </div>
   <div class='ocr_carea' id='block_1_82' title="bbox 1821 3629 3410 3700">
    <p class='ocr_par' dir='ltr' id='par_1_82' title="bbox 1821 3629 3410 3700">
     <span class='ocr_line' id='line_1_83' title="bbox 1821 3629 3410 3700; baseline 0.001 -18"><span class='ocrx_word' id='word_1_558' title='bbox 1821 3629 2020 3686; x_wconf 80' lang='lat' dir='ltr'><strong>fratres</strong></span> <span class='ocrx_word' id='word_1_559' title='bbox 2047 3629 2178 3684; x_wconf 88' lang='lat' dir='ltr'><strong>mihi</strong></span> <span class='ocrx_word' id='word_1_560' title='bbox 2209 3629 2410 3686; x_wconf 88' lang='lat' dir='ltr'><strong>videris</strong></span> <span class='ocrx_word' id='word_1_561' title='bbox 2437 3645 2706 3700; x_wconf 88' lang='lat' dir='ltr'><strong>premere,</strong></span> <span class='ocrx_word' id='word_1_562' title='bbox 2733 3645 2894 3698; x_wconf 87' lang='lat' dir='ltr'><strong>quam</strong></span> <span class='ocrx_word' id='word_1_563' title='bbox 2923 3629 3194 3684; x_wconf 89' lang='lat' dir='ltr'><strong>diabolum</strong></span> <span class='ocrx_word' id='word_1_564' title='bbox 3227 3629 3410 3686; x_wconf 81' lang='lat' dir='ltr'><strong>suble-</strong></span> 
     </span>
    </p>
   </div>
   <div class='ocr_carea' id='block_1_83' title="bbox 1821 3717 3408 3788">
    <p class='ocr_par' dir='ltr' id='par_1_83' title="bbox 1821 3717 3408 3788">
     <span class='ocr_line' id='line_1_84' title="bbox 1821 3717 3408 3788; baseline 0 -14"><span class='ocrx_word' id='word_1_565' title='bbox 1821 3735 1974 3784; x_wconf 85' lang='lat' dir='ltr'><strong>vare,</strong></span> <span class='ocrx_word' id='word_1_566' title='bbox 2001 3735 2122 3774; x_wconf 90' lang='lat' dir='ltr'><strong>eum</strong></span> <span class='ocrx_word' id='word_1_567' title='bbox 2161 3719 2350 3774; x_wconf 89' lang='lat' dir='ltr'><strong>iisdem</strong></span> <span class='ocrx_word' id='word_1_568' title='bbox 2381 3719 2576 3786; x_wconf 87' lang='lat' dir='ltr'><strong>quibus</strong></span> <span class='ocrx_word' id='word_1_569' title='bbox 2605 3719 2850 3776; x_wconf 86' lang='lat' dir='ltr'><strong>homines</strong></span> <span class='ocrx_word' id='word_1_570' title='bbox 2870 3717 3162 3774; x_wconf 85' lang='lat' dir='ltr'><strong>Christiani</strong></span> <span class='ocrx_word' id='word_1_571' title='bbox 3189 3717 3408 3788; x_wconf 82' lang='lat' dir='ltr'><strong>ignibus</strong></span> 
     </span>
    </p>
   </div>
   <div class='ocr_carea' id='block_1_84' title="bbox 1823 3795 3408 3880">
    <p class='ocr_par' dir='ltr' id='par_1_84' title="bbox 1823 3795 3408 3880">
     <span class='ocr_line' id='line_1_85' title="bbox 1823 3795 3408 3880; baseline 0.003 -18"><span class='ocrx_word' id='word_1_572' title='bbox 1823 3811 2128 3880; x_wconf 90' lang='lat' dir='ltr'><strong>puniendus</strong></span> <span class='ocrx_word' id='word_1_573' title='bbox 2149 3811 2240 3864; x_wconf 89' lang='lat' dir='ltr'><strong>sit.</strong></span> <span class='ocrx_word' id='word_1_574' title='bbox 2269 3809 2424 3878; x_wconf 83' lang='lat' dir='ltr'><strong>Ignes</strong></span> <span class='ocrx_word' id='word_1_575' title='bbox 2449 3817 2628 3864; x_wconf 86' lang='lat' dir='ltr'><strong>autem</strong></span> <span class='ocrx_word' id='word_1_576' title='bbox 2667 3819 2900 3866; x_wconf 65' lang='lat' dir='ltr'><strong>aeternos</strong></span> <span class='ocrx_word' id='word_1_577' title='bbox 2927 3825 3064 3880; x_wconf 85' lang='lat' dir='ltr'><strong>quos</strong></span> <span class='ocrx_word' id='word_1_578' title='bbox 3103 3795 3408 3880; x_wconf 78' lang='lat' dir='ltr'><strong>intelligere</strong></span> 
     </span>
    </p>
   </div>
   <div class='ocr_carea' id='block_1_85' title="bbox 1825 3899 3404 3970">
    <p class='ocr_par' dir='ltr' id='par_1_85' title="bbox 1825 3899 3404 3970">
     <span class='ocr_line' id='line_1_86' title="bbox 1825 3899 3404 3970; baseline 0 -14"><span class='ocrx_word' id='word_1_579' title='bbox 1825 3899 2268 3970; x_wconf 87' lang='lat' dir='ltr'><strong>solctOrigenes,</strong></span> <span class='ocrx_word' id='word_1_580' title='bbox 2315 3907 2446 3970; x_wconf 92' lang='lat' dir='ltr'><strong>puto</strong></span> <span class='ocrx_word' id='word_1_581' title='bbox 2491 3901 2634 3970; x_wconf 72' lang='lat' dir='ltr'><strong>quod</strong></span> <span class='ocrx_word' id='word_1_582' title='bbox 2677 3909 2728 3954; x_wconf 89' lang='lat' dir='ltr'><strong>te</strong></span> <span class='ocrx_word' id='word_1_583' title='bbox 2757 3915 2862 3954; x_wconf 91' lang='lat' dir='ltr'><strong>non</strong></span> <span class='ocrx_word' id='word_1_584' title='bbox 2897 3901 3086 3970; x_wconf 82' lang='lat' dir='ltr'><strong>fugiat,</strong></span> <span class='ocrx_word' id='word_1_585' title='bbox 3119 3901 3404 3956; x_wconf 87' lang='lat' dir='ltr'><strong>conscien-</strong></span> 
     </span>
    </p>
   </div>
   <div class='ocr_carea' id='block_1_86' title="bbox 1823 3991 3402 4062">
    <p class='ocr_par' dir='ltr' id='par_1_86' title="bbox 1823 3991 3402 4062">
     <span class='ocr_line' id='line_1_87' title="bbox 1823 3991 3402 4062; baseline 0.001 -18"><span class='ocrx_word' id='word_1_586' title='bbox 1823 3991 1954 4044; x_wconf 89' lang='lat' dir='ltr'><strong>tiam</strong></span> <span class='ocrx_word' id='word_1_587' title='bbox 1985 3991 2232 4046; x_wconf 88' lang='lat' dir='ltr'><strong>videlicet</strong></span> <span class='ocrx_word' id='word_1_588' title='bbox 2263 3999 2630 4060; x_wconf 89' lang='lat' dir='ltr'><strong>peccatorum,</strong></span> <span class='ocrx_word' id='word_1_589' title='bbox 2671 3999 2726 4046; x_wconf 90' lang='lat' dir='ltr'><strong>ct</strong></span> <span class='ocrx_word' id='word_1_590' title='bbox 2751 3991 3140 4062; x_wconf 64' lang='lat' dir='ltr'><strong>paenitudinem</strong></span> <span class='ocrx_word' id='word_1_591' title='bbox 3187 3993 3402 4046; x_wconf 86' lang='lat' dir='ltr'><strong>interna</strong></span> 
     </span>
    </p>
   </div>
   <div class='ocr_carea' id='block_1_87' title="bbox 1823 4079 3398 4154">
    <p class='ocr_par' dir='ltr' id='par_1_87' title="bbox 1823 4079 3398 4154">
     <span class='ocr_line' id='line_1_88' title="bbox 1823 4079 3398 4154; baseline 0 -18"><span class='ocrx_word' id='word_1_592' title='bbox 1823 4083 2000 4136; x_wconf 88' lang='lat' dir='ltr'><strong>cordis</strong></span> <span class='ocrx_word' id='word_1_593' title='bbox 2067 4091 2310 4138; x_wconf 86' lang='lat' dir='ltr'><strong>urentem</strong></span> <span class='ocrx_word' id='word_1_594' title='bbox 2369 4100 2382 4136; x_wconf 91' lang='lat'><strong>:</strong></span> <span class='ocrx_word' id='word_1_595' title='bbox 2443 4083 2510 4138; x_wconf 91' lang='lat' dir='ltr'><strong>de</strong></span> <span class='ocrx_word' id='word_1_596' title='bbox 2577 4097 2682 4154; x_wconf 91' lang='lat' dir='ltr'><strong>qua</strong></span> <span class='ocrx_word' id='word_1_597' title='bbox 2739 4091 2794 4138; x_wconf 92' lang='lat' dir='ltr'><strong>ct</strong></span> <span class='ocrx_word' id='word_1_598' title='bbox 2849 4083 3028 4142; x_wconf 78' lang='lat' dir='ltr'><strong>Isaias.</strong></span> <span class='ocrx_word' id='word_1_599' title='bbox 3073 4079 3326 4152; x_wconf 86' lang='lat' dir='ltr'><strong>loquatur</strong></span> <span class='ocrx_word' id='word_1_600' title='bbox 3383 4099 3398 4136; x_wconf 90' lang='lat'><strong>:</strong></span> 
     </span>
    </p>
   </div>
   <div class='ocr_carea' id='block_1_88' title="bbox 1829 4173 3406 4246">
    <p class='ocr_par' dir='ltr' id='par_1_88' title="bbox 1829 4173 3406 4246">
     <span class='ocr_line' id='line_1_89' title="bbox 1829 4173 3406 4246; baseline -0.003 -14"><span class='ocrx_word' id='word_1_601' title='bbox 1829 4173 2031 4232; x_wconf 75' lang='lat' dir='ltr'><strong>Vermis</strong></span> <span class='ocrx_word' id='word_1_602' title='bbox 2087 4189 2266 4228; x_wconf 82' lang='lat' dir='ltr'><strong>eorum</strong></span> <span class='ocrx_word' id='word_1_603' title='bbox 2315 4191 2418 4228; x_wconf 90' lang='lat' dir='ltr'><strong>non</strong></span> <span class='ocrx_word' id='word_1_604' title='bbox 2465 4177 2736 4240; x_wconf 87' lang='lat' dir='ltr'><strong>morietur,</strong></span> <span class='ocrx_word' id='word_1_605' title='bbox 2779 4185 2826 4230; x_wconf 90' lang='lat' dir='ltr'><strong>et</strong></span> <span class='ocrx_word' id='word_1_606' title='bbox 2883 4176 3016 4246; x_wconf 86' lang='lat' dir='ltr'><strong>ignis</strong></span> <span class='ocrx_word' id='word_1_607' title='bbox 3063 4191 3242 4234; x_wconf 78' lang='lat' dir='ltr'><strong>eorum</strong></span> <span class='ocrx_word' id='word_1_608' title='bbox 3299 4191 3406 4236; x_wconf 80' lang='lat' dir='ltr'><strong>non</strong></span> 
     </span>
    </p>
   </div>
   <div class='ocr_carea' id='block_1_89' title="bbox 1821 4263 3406 4338">
    <p class='ocr_par' dir='ltr' id='par_1_89' title="bbox 1821 4263 3406 4338">
     <span class='ocr_line' id='line_1_90' title="bbox 1821 4263 3406 4338; baseline 0.001 -16"><span class='ocrx_word' id='word_1_609' title='bbox 1821 4267 2182 4336; x_wconf 72' lang='lat' dir='ltr'><strong>exstinguetur</strong></span> <span class='ocrx_word' id='word_1_610' title='bbox 2229 4263 2362 4336; x_wconf 81' lang='lat' dir='ltr'><strong>(Isa.</strong></span> <span class='ocrx_word' id='word_1_611' title='bbox 2415 4281 2568 4332; x_wconf 80' lang='grc' dir='ltr'><strong>ωινι,</strong></span> <span class='ocrx_word' id='word_1_612' title='bbox 2623 4268 2716 4338; x_wconf 76' lang='lat' dir='ltr'><strong>2t)</strong></span> <span class='ocrx_word' id='word_1_613' title='bbox 2771 4283 2788 4322; x_wconf 86' lang='lat'><strong>:</strong></span> <span class='ocrx_word' id='word_1_614' title='bbox 2839 4277 2894 4322; x_wconf 89' lang='lat' dir='ltr'><strong>et</strong></span> <span class='ocrx_word' id='word_1_615' title='bbox 2945 4267 3014 4322; x_wconf 91' lang='lat' dir='ltr'><strong>ad</strong></span> <span class='ocrx_word' id='word_1_616' title='bbox 3077 4266 3406 4338; x_wconf 78' lang='lat' dir='ltr'><strong>Babylonem</strong></span> 
     </span>
    </p>
   </div>
   <div class='ocr_carea' id='block_1_90' title="bbox 1823 4355 3404 4430">
    <p class='ocr_par' dir='ltr' id='par_1_90' title="bbox 1823 4355 3404 4430">
     <span class='ocr_line' id='line_1_91' title="bbox 1823 4355 3404 4430; baseline -0.003 -16"><span class='ocrx_word' id='word_1_617' title='bbox 1823 4357 2084 4430; x_wconf 84' lang='lat' dir='ltr'><strong>scriptum</strong></span> <span class='ocrx_word' id='word_1_618' title='bbox 2137 4357 2254 4412; x_wconf 85' lang='lat' dir='ltr'><strong>sit:</strong></span> <span class='ocrx_word' id='word_1_619' title='bbox 2293 4355 2468 4410; x_wconf 84' lang='lat' dir='ltr'><strong>Habes</strong></span> <span class='ocrx_word' id='word_1_620' title='bbox 2515 4357 2762 4412; x_wconf 84' lang='lat' dir='ltr'><strong>carbones</strong></span> <span class='ocrx_word' id='word_1_621' title='bbox 2811 4358 3034 4428; x_wconf 84' lang='lat' dir='ltr'><strong>ignibus,</strong></span> <span class='ocrx_word' id='word_1_622' title='bbox 3067 4358 3266 4428; x_wconf 71' lang='lat' dir='ltr'><strong>sedebit</strong></span> <span class='ocrx_word' id='word_1_623' title='bbox 3317 4373 3404 4412; x_wconf 82' lang='lat' dir='ltr'><strong>su-</strong></span> 
     </span>
    </p>
   </div>
   <div class='ocr_carea' id='block_1_91' title="bbox 1823 4447 3404 4522">
    <p class='ocr_par' dir='ltr' id='par_1_91' title="bbox 1823 4447 3404 4522">
     <span class='ocr_line' id='line_1_92' title="bbox 1823 4447 3404 4522; baseline 0.001 -20"><span class='ocrx_word' id='word_1_624' title='bbox 1823 4465 1914 4518; x_wconf 85' lang='lat' dir='ltr'><strong>per</strong></span> <span class='ocrx_word' id='word_1_625' title='bbox 1951 4465 2036 4506; x_wconf 81' lang='lat' dir='ltr'><strong>eos</strong></span> <span class='ocrx_word' id='word_1_626' title='bbox 2073 4467 2086 4502; x_wconf 89' lang='lat'><strong>:</strong></span> <span class='ocrx_word' id='word_1_627' title='bbox 2131 4449 2186 4504; x_wconf 87' lang='lat' dir='ltr'><strong>Iti</strong></span> <span class='ocrx_word' id='word_1_628' title='bbox 2221 4459 2372 4502; x_wconf 83' lang='lat' dir='ltr'><strong>erant</strong></span> <span class='ocrx_word' id='word_1_629' title='bbox 2399 4449 2492 4504; x_wconf 66' lang='lat' dir='ltr'><strong>tibi</strong></span> <span class='ocrx_word' id='word_1_630' title='bbox 2519 4449 2570 4502; x_wconf 88' lang='lat' dir='ltr'><strong>in</strong></span> <span class='ocrx_word' id='word_1_631' title='bbox 2605 4449 2868 4520; x_wconf 83' lang='lat' dir='ltr'><strong>adjutorio</strong></span> <span class='ocrx_word' id='word_1_632' title='bbox 2897 4447 3030 4522; x_wconf 70' lang='lat' dir='ltr'><strong>(Ira.</strong></span> <span class='ocrx_word' id='word_1_633' title='bbox 3067 4465 3240 4514; x_wconf 76' lang='lat' dir='ltr'><strong>vatI,</strong></span> <span class='ocrx_word' id='word_1_634' title='bbox 3277 4449 3404 4520; x_wconf 61' lang='lat' dir='ltr'><strong>li):</strong></span> 
     </span>
    </p>
   </div>
   <div class='ocr_carea' id='block_1_92' title="bbox 151 4515 3404 4612">
    <p class='ocr_par' dir='ltr' id='par_1_92' title="bbox 151 4515 3404 4612">
     <span class='ocr_line' id='line_1_93' title="bbox 151 4515 3404 4612; baseline 0.001 -22"><span class='ocrx_word' id='word_1_635' title='bbox 151 4539 266 4606; x_wconf 86' lang='lat' dir='ltr'><strong>ipsa</strong></span> <span class='ocrx_word' id='word_1_636' title='bbox 305 4539 634 4608; x_wconf 83' lang='lat' dir='ltr'><strong>corripiens,</strong></span> <span class='ocrx_word' id='word_1_637' title='bbox 689 4539 842 4606; x_wconf 89' lang='lat' dir='ltr'><strong>punit</strong></span> <span class='ocrx_word' id='word_1_638' title='bbox 889 4515 1009 4592; x_wconf 86' lang='lat' dir='ltr'><strong>sine</strong></span> <span class='ocrx_word' id='word_1_639' title='bbox 1037 4539 1374 4592; x_wconf 80' lang='lat' dir='ltr'><strong>Cruciatuum</strong></span> <span class='ocrx_word' id='word_1_640' title='bbox 1421 4515 1722 4596; x_wconf 74' lang='lat' dir='ltr'><strong>forinsecus</strong></span> <span class='ocrx_word' id='word_1_641' title='bbox 1755 4515 1800 4574; x_wconf 74' lang='grc' dir='ltr'>θ</span> <span class='ocrx_word' id='word_1_642' title='bbox 1823 4515 1880 4592; x_wconf 77' lang='lat' dir='ltr'><strong>et</strong></span> <span class='ocrx_word' id='word_1_643' title='bbox 1907 4539 1958 4592; x_wconf 88' lang='lat' dir='ltr'><strong>in</strong></span> <span class='ocrx_word' id='word_1_644' title='bbox 1991 4539 2204 4598; x_wconf 85' lang='lat' dir='ltr'><strong>Psalmo</strong></span> <span class='ocrx_word' id='word_1_645' title='bbox 2231 4539 2502 4612; x_wconf 60' lang='lat' dir='ltr'><strong>paenitens</strong></span> <span class='ocrx_word' id='word_1_646' title='bbox 2535 4515 2718 4594; x_wconf 76' lang='lat' dir='ltr'><strong>audiat</strong></span> <span class='ocrx_word' id='word_1_647' title='bbox 2745 4557 2758 4592; x_wconf 90' lang='lat'><strong>:</strong></span> <span class='ocrx_word' id='word_1_648' title='bbox 2791 4515 2930 4604; x_wconf 73' lang='lat' dir='ltr'><strong>Quid</strong></span> <span class='ocrx_word' id='word_1_649' title='bbox 2963 4541 3114 4594; x_wconf 83' lang='lat' dir='ltr'><strong>detur</strong></span> <span class='ocrx_word' id='word_1_650' title='bbox 3151 4539 3280 4604; x_wconf 89' lang='lat' dir='ltr'><strong>tibi,</strong></span> <span class='ocrx_word' id='word_1_651' title='bbox 3311 4515 3404 4592; x_wconf 74' lang='lat' dir='ltr'><strong>aut</strong></span> 
     </span>
    </p>
   </div>
   <div class='ocr_carea' id='block_1_93' title="bbox 149 4629 1722 4700">
    <p class='ocr_par' dir='ltr' id='par_1_93' title="bbox 149 4629 1722 4700">
     <span class='ocr_line' id='line_1_94' title="bbox 149 4629 1722 4700; baseline 0.003 -16"><span class='ocrx_word' id='word_1_652' title='bbox 149 4630 488 4686; x_wconf 80' lang='lat' dir='ltr'><strong>ndhibitiouc</strong></span> <span class='ocrx_word' id='word_1_653' title='bbox 521 4629 662 4700; x_wconf 87' lang='lat' dir='ltr'><strong>quod</strong></span> <span class='ocrx_word' id='word_1_654' title='bbox 691 4631 962 4698; x_wconf 81' lang='lat' dir='ltr'><strong>possidet;</strong></span> <span class='ocrx_word' id='word_1_655' title='bbox 1011 4630 1110 4684; x_wconf 85' lang='lat' dir='ltr'><strong>has</strong></span> <span class='ocrx_word' id='word_1_656' title='bbox 1141 4629 1320 4698; x_wconf 88' lang='lat' dir='ltr'><strong>itaque</strong></span> <span class='ocrx_word' id='word_1_657' title='bbox 1349 4633 1722 4700; x_wconf 82' lang='lat' dir='ltr'><strong>persuasiones</strong></span> 
     </span>
    </p>
   </div>
   <div class='ocr_carea' id='block_1_94' title="bbox 147 4721 1726 4792">
    <p class='ocr_par' dir='ltr' id='par_1_94' title="bbox 147 4721 1726 4792">
     <span class='ocr_line' id='line_1_95' title="bbox 147 4721 1726 4792; baseline 0.003 -18"><span class='ocrx_word' id='word_1_658' title='bbox 147 4733 202 4776; x_wconf 78' lang='lat' dir='ltr'><strong>et</strong></span> <span class='ocrx_word' id='word_1_659' title='bbox 231 4721 502 4790; x_wconf 86' lang='lat' dir='ltr'><strong>decipulas</strong></span> <span class='ocrx_word' id='word_1_660' title='bbox 531 4721 900 4774; x_wconf 82' lang='lat' dir='ltr'><strong>fraudulentas</strong></span> <span class='ocrx_word' id='word_1_661' title='bbox 927 4723 1086 4776; x_wconf 87' lang='lat' dir='ltr'><strong>verba</strong></span> <span class='ocrx_word' id='word_1_662' title='bbox 1133 4721 1310 4776; x_wconf 86' lang='lat' dir='ltr'><strong>inania</strong></span> <span class='ocrx_word' id='word_1_663' title='bbox 1355 4723 1644 4792; x_wconf 76' lang='lat' dir='ltr'><strong>appellavit</strong></span> <span class='ocrx_word' id='word_1_664' title='bbox 1671 4733 1726 4778; x_wconf 91' lang='lat' dir='ltr'><strong>et</strong></span> 
     </span>
    </p>
   </div>
   <div class='ocr_carea' id='block_1_95' title="bbox 147 4809 1726 4880">
    <p class='ocr_par' dir='ltr' id='par_1_95' title="bbox 147 4809 1726 4880">
     <span class='ocr_line' id='line_1_96' title="bbox 147 4809 1726 4880; baseline 0.006 -19"><span class='ocrx_word' id='word_1_665' title='bbox 147 4827 346 4876; x_wconf 80' lang='lat' dir='ltr'><strong>vacua,</strong></span> <span class='ocrx_word' id='word_1_666' title='bbox 397 4825 516 4880; x_wconf 77' lang='lat' dir='ltr'><strong>qua:</strong></span> <span class='ocrx_word' id='word_1_667' title='bbox 565 4811 816 4864; x_wconf 89' lang='lat' dir='ltr'><strong>videntur</strong></span> <span class='ocrx_word' id='word_1_668' title='bbox 857 4809 1136 4870; x_wconf 84' lang='lat' dir='ltr'><strong>ﬂorentem</strong></span> <span class='ocrx_word' id='word_1_669' title='bbox 1191 4813 1474 4880; x_wconf 88' lang='lat' dir='ltr'><strong>quemdam</strong></span> <span class='ocrx_word' id='word_1_670' title='bbox 1527 4813 1726 4870; x_wconf 88' lang='lat' dir='ltr'><strong>habere</strong></span> 
     </span>
    </p>
   </div>
   <div class='ocr_carea' id='block_1_96' title="bbox 149 4899 1722 4970">
    <p class='ocr_par' dir='ltr' id='par_1_96' title="bbox 149 4899 1722 4970">
     <span class='ocr_line' id='line_1_97' title="bbox 149 4899 1722 4970; baseline 0 -14"><span class='ocrx_word' id='word_1_671' title='bbox 149 4917 480 4964; x_wconf 78' lang='lat' dir='ltr'><strong>sermonem,</strong></span> <span class='ocrx_word' id='word_1_672' title='bbox 523 4909 582 4954; x_wconf 89' lang='lat' dir='ltr'><strong>et</strong></span> <span class='ocrx_word' id='word_1_673' title='bbox 609 4899 836 4954; x_wconf 88' lang='lat' dir='ltr'><strong>blandiri</strong></span> <span class='ocrx_word' id='word_1_674' title='bbox 885 4901 1258 4970; x_wconf 89' lang='lat' dir='ltr'><strong>peccantibus,</strong></span> <span class='ocrx_word' id='word_1_675' title='bbox 1293 4901 1388 4956; x_wconf 89' lang='lat' dir='ltr'><strong>sed</strong></span> <span class='ocrx_word' id='word_1_676' title='bbox 1429 4901 1556 4956; x_wconf 90' lang='lat' dir='ltr'><strong>dum</strong></span> <span class='ocrx_word' id='word_1_677' title='bbox 1589 4903 1722 4958; x_wconf 89' lang='lat' dir='ltr'><strong>lidu-</strong></span> 
     </span>
    </p>
   </div>
   <div class='ocr_carea' id='block_1_97' title="bbox 149 4989 1728 5060">
    <p class='ocr_par' dir='ltr' id='par_1_97' title="bbox 149 4989 1728 5060">
     <span class='ocr_line' id='line_1_98' title="bbox 149 4989 1728 5060; baseline 0 -15"><span class='ocrx_word' id='word_1_678' title='bbox 149 4993 290 5045; x_wconf 83' lang='lat' dir='ltr'><strong>ciam</strong></span> <span class='ocrx_word' id='word_1_679' title='bbox 329 4989 592 5050; x_wconf 87' lang='lat' dir='ltr'><strong>tribuunt,</strong></span> <span class='ocrx_word' id='word_1_680' title='bbox 623 4990 796 5060; x_wconf 85' lang='lat' dir='ltr'><strong>magis</strong></span> <span class='ocrx_word' id='word_1_681' title='bbox 839 5005 932 5046; x_wconf 90' lang='lat' dir='ltr'><strong>eos</strong></span> <span class='ocrx_word' id='word_1_682' title='bbox 979 4989 1158 5048; x_wconf 85' lang='lat' dir='ltr'><strong>ferunt</strong></span> <span class='ocrx_word' id='word_1_683' title='bbox 1187 4989 1266 5042; x_wconf 85' lang='lat' dir='ltr'><strong>ad</strong></span> <span class='ocrx_word' id='word_1_684' title='bbox 1285 4997 1482 5044; x_wconf 69' lang='lat' dir='ltr'><strong>aeterna</strong></span> <span class='ocrx_word' id='word_1_685' title='bbox 1529 4989 1728 5060; x_wconf 89' lang='lat' dir='ltr'><strong>suppli-</strong></span> 
     </span>
    </p>
   </div>
   <div class='ocr_carea' id='block_1_98' title="bbox 151 5079 1728 5154">
    <p class='ocr_par' dir='ltr' id='par_1_98' title="bbox 151 5079 1728 5154">
     <span class='ocr_line' id='line_1_99' title="bbox 151 5079 1728 5154; baseline -0.001 -18"><span class='ocrx_word' id='word_1_686' title='bbox 151 5083 254 5140; x_wconf 82' lang='lat' dir='ltr'><strong>cia.</strong></span> <span class='ocrx_word' id='word_1_687' title='bbox 297 5081 424 5152; x_wconf 88' lang='lat' dir='ltr'><strong>quia</strong></span> <span class='ocrx_word' id='word_1_688' title='bbox 451 5081 518 5136; x_wconf 89' lang='lat' dir='ltr'><strong>de</strong></span> <span class='ocrx_word' id='word_1_689' title='bbox 547 5079 689 5134; x_wconf 88' lang='lat' dir='ltr'><strong>nullo</strong></span> <span class='ocrx_word' id='word_1_690' title='bbox 719 5079 812 5154; x_wconf 79' lang='lat' dir='ltr'><strong>[aL</strong></span> <span class='ocrx_word' id='word_1_691' title='bbox 835 5121 852 5144; x_wconf 92' lang='lat'><strong>,</strong></span> <span class='ocrx_word' id='word_1_692' title='bbox 877 5079 1020 5136; x_wconf 88' lang='lat' dir='ltr'><strong>nulla</strong></span> <span class='ocrx_word' id='word_1_693' title='bbox 1051 5079 1136 5154; x_wconf 73' lang='lat' dir='ltr'><strong>re]</strong></span> <span class='ocrx_word' id='word_1_694' title='bbox 1163 5081 1240 5134; x_wconf 91' lang='lat' dir='ltr'><strong>sic</strong></span> <span class='ocrx_word' id='word_1_695' title='bbox 1291 5079 1544 5134; x_wconf 82' lang='lat' dir='ltr'><strong>irascitur</strong></span> <span class='ocrx_word' id='word_1_696' title='bbox 1591 5081 1728 5134; x_wconf 87' lang='lat' dir='ltr'><strong>Deus</strong></span> 
     </span>
    </p>
   </div>
   <div class='ocr_carea' id='block_1_99' title="bbox 153 5169 1728 5244">
    <p class='ocr_par' dir='ltr' id='par_1_99' title="bbox 153 5169 1728 5244">
     <span class='ocr_line' id='line_1_100' title="bbox 153 5169 1728 5244; baseline -0.001 -18"><span class='ocrx_word' id='word_1_697' title='bbox 153 5175 422 5244; x_wconf 85' lang='lat' dir='ltr'><strong>quomodo</strong></span> <span class='ocrx_word' id='word_1_698' title='bbox 449 5173 490 5228; x_wconf 90' lang='lat' dir='ltr'><strong>si</strong></span> <span class='ocrx_word' id='word_1_699' title='bbox 517 5183 770 5242; x_wconf 84' lang='lat' dir='ltr'><strong>peccator</strong></span> <span class='ocrx_word' id='word_1_700' title='bbox 803 5173 1096 5242; x_wconf 85' lang='lat' dir='ltr'><strong>superbiat,</strong></span> <span class='ocrx_word' id='word_1_701' title='bbox 1131 5181 1184 5224; x_wconf 88' lang='lat' dir='ltr'><strong>et</strong></span> <span class='ocrx_word' id='word_1_702' title='bbox 1207 5179 1420 5226; x_wconf 75' lang='lat' dir='ltr'><strong>erectus</strong></span> <span class='ocrx_word' id='word_1_703' title='bbox 1441 5187 1504 5226; x_wconf 85' lang='lat' dir='ltr'><strong>ac</strong></span> <span class='ocrx_word' id='word_1_704' title='bbox 1527 5169 1728 5242; x_wconf 83' lang='lat' dir='ltr'><strong>rigidus</strong></span> 
     </span>
    </p>
   </div>
   <div class='ocr_carea' id='block_1_100' title="bbox 151 5259 1726 5332">
    <p class='ocr_par' dir='ltr' id='par_1_100' title="bbox 151 5259 1726 5332">
     <span class='ocr_line' id='line_1_101' title="bbox 151 5259 1726 5332; baseline -0.002 -15"><span class='ocrx_word' id='word_1_705' title='bbox 151 5281 258 5318; x_wconf 84' lang='lat' dir='ltr'><strong>non</strong></span> <span class='ocrx_word' id='word_1_706' title='bbox 293 5263 535 5316; x_wconf 81' lang='lat' dir='ltr'><strong>llcetatur</strong></span> <span class='ocrx_word' id='word_1_707' title='bbox 561 5263 612 5316; x_wconf 90' lang='lat' dir='ltr'><strong>in</strong></span> <span class='ocrx_word' id='word_1_708' title='bbox 641 5261 980 5330; x_wconf 85' lang='lat' dir='ltr'><strong>fletum,_nec</strong></span> <span class='ocrx_word' id='word_1_709' title='bbox 1023 5261 1450 5317; x_wconf 88' lang='lat' dir='ltr'><strong>miscricordiam</strong></span> <span class='ocrx_word' id='word_1_710' title='bbox 1495 5259 1726 5332; x_wconf 86' lang='lat' dir='ltr'><strong>postulet</strong></span> 
     </span>
    </p>
   </div>
   <div class='ocr_carea' id='block_1_101' title="bbox 149 5351 534 5424">
    <p class='ocr_par' dir='ltr' id='par_1_101' title="bbox 149 5351 534 5424">
     <span class='ocr_line' id='line_1_102' title="bbox 149 5351 534 5424; baseline 0 -16"><span class='ocrx_word' id='word_1_711' title='bbox 149 5369 252 5424; x_wconf 88' lang='lat' dir='ltr'><strong>pro</strong></span> <span class='ocrx_word' id='word_1_712' title='bbox 285 5353 494 5410; x_wconf 79' lang='lat' dir='ltr'><strong>delicto.</strong></span> <span class='ocrx_word' id='word_1_713' title='bbox 513 5351 534 5424; x_wconf 92' lang='lat'>]</span> 
     </span>
    </p>
   </div>
   <div class='ocr_carea' id='block_1_102' title="bbox 221 5443 1722 5518">
    <p class='ocr_par' dir='ltr' id='par_1_102' title="bbox 221 5443 1722 5518">
     <span class='ocr_line' id='line_1_103' title="bbox 221 5443 1722 5518; baseline -0.001 -18"><span class='ocrx_word' id='word_1_714' title='bbox 221 5445 264 5518; x_wconf 78' lang='grc' dir='ltr'><strong>ἰ·</strong></span> <span class='ocrx_word' id='word_1_715' title='bbox 285 5445 636 5500; x_wconf 78' lang='lat' dir='ltr'><strong>CaSsiodorus</strong></span> <span class='ocrx_word' id='word_1_716' title='bbox 657 5443 706 5496; x_wconf 89' lang='lat' dir='ltr'><strong>in</strong></span> <span class='ocrx_word' id='word_1_717' title='bbox 725 5443 930 5514; x_wconf 87' lang='lat' dir='ltr'><strong>psalmo</strong></span> <span class='ocrx_word' id='word_1_718' title='bbox 955 5461 1020 5498; x_wconf 77' lang='lat' dir='ltr'><strong>xx</strong></span> <span class='ocrx_word' id='word_1_719' title='bbox 1046 5445 1210 5514; x_wconf 89' lang='lat' dir='ltr'><strong>(vers.</strong></span> <span class='ocrx_word' id='word_1_720' title='bbox 1235 5445 1336 5518; x_wconf 92' lang='lat' dir='ltr'><strong>l0).</strong></span> <span class='ocrx_word' id='word_1_721' title='bbox 1356 5443 1550 5518; x_wconf 85' lang='lat' dir='ltr'><strong>[Panes</strong></span> <span class='ocrx_word' id='word_1_722' title='bbox 1567 5461 1652 5498; x_wconf 88' lang='lat' dir='ltr'><strong>eos</strong></span> <span class='ocrx_word' id='word_1_723' title='bbox 1669 5455 1722 5498; x_wconf 90' lang='lat' dir='ltr'><strong>ut</strong></span> 
     </span>
    </p>
   </div>
   <div class='ocr_carea' id='block_1_103' title="bbox 151 5535 1720 5606">
    <p class='ocr_par' dir='ltr' id='par_1_103' title="bbox 151 5535 1720 5606">
     <span class='ocr_line' id='line_1_104' title="bbox 151 5535 1720 5606; baseline -0.003 -12"><span class='ocrx_word' id='word_1_724' title='bbox 151 5537 416 5594; x_wconf 75' lang='lat' dir='ltr'><strong>ciibunum</strong></span> <span class='ocrx_word' id='word_1_725' title='bbox 437 5537 587 5606; x_wconf 81' lang='lat' dir='ltr'><strong>ignis.</strong></span> <span class='ocrx_word' id='word_1_726' title='bbox 617 5535 870 5590; x_wconf 86' lang='lat' dir='ltr'><strong>Clibauus</strong></span> <span class='ocrx_word' id='word_1_727' title='bbox 909 5545 990 5590; x_wconf 92' lang='lat' dir='ltr'><strong>cst</strong></span> <span class='ocrx_word' id='word_1_728' title='bbox 1019 5537 1312 5606; x_wconf 85' lang='lat' dir='ltr'><strong>coquendis</strong></span> <span class='ocrx_word' id='word_1_729' title='bbox 1333 5537 1560 5606; x_wconf 86' lang='lat' dir='ltr'><strong>panibus</strong></span> <span class='ocrx_word' id='word_1_730' title='bbox 1587 5536 1720 5592; x_wconf 67' lang='grc' dir='ltr'><strong>ωιιυὶ</strong></span> 
     </span>
    </p>
   </div>
   <div class='ocr_carea' id='block_1_104' title="bbox 149 5625 1724 5696">
    <p class='ocr_par' dir='ltr' id='par_1_104' title="bbox 149 5625 1724 5696">
     <span class='ocr_line' id='line_1_105' title="bbox 149 5625 1724 5696; baseline 0 -14"><span class='ocrx_word' id='word_1_731' title='bbox 149 5629 354 5690; x_wconf 85' lang='lat' dir='ltr'><strong>vasculi</strong></span> <span class='ocrx_word' id='word_1_732' title='bbox 372 5627 596 5682; x_wconf 87' lang='lat' dir='ltr'><strong>deducta</strong></span> <span class='ocrx_word' id='word_1_733' title='bbox 617 5627 936 5692; x_wconf 83' lang='lat' dir='ltr'><strong>roumditas,</strong></span> <span class='ocrx_word' id='word_1_734' title='bbox 953 5643 1072 5696; x_wconf 80' lang='lat' dir='ltr'><strong>qua:</strong></span> <span class='ocrx_word' id='word_1_735' title='bbox 1087 5625 1186 5682; x_wconf 89' lang='lat' dir='ltr'><strong>sub</strong></span> <span class='ocrx_word' id='word_1_736' title='bbox 1202 5627 1478 5680; x_wconf 88' lang='lat' dir='ltr'><strong>urentibus</strong></span> <span class='ocrx_word' id='word_1_737' title='bbox 1495 5627 1724 5682; x_wconf 88' lang='lat' dir='ltr'><strong>llammis</strong></span> 
     </span>
    </p>
   </div>
   <div class='ocr_carea' id='block_1_105' title="bbox 153 5719 1718 5792">
    <p class='ocr_par' dir='ltr' id='par_1_105' title="bbox 153 5719 1718 5792">
     <span class='ocr_line' id='line_1_106' title="bbox 153 5719 1718 5792; baseline -0.005 -12"><span class='ocrx_word' id='word_1_738' title='bbox 153 5721 304 5780; x_wconf 82' lang='lat' dir='ltr'><strong>ardet</strong></span> <span class='ocrx_word' id='word_1_739' title='bbox 335 5721 684 5782; x_wconf 82' lang='lat' dir='ltr'><strong>intrinsecus:</strong></span> <span class='ocrx_word' id='word_1_740' title='bbox 703 5719 754 5774; x_wconf 91' lang='lat' dir='ltr'><strong>iu</strong></span> <span class='ocrx_word' id='word_1_741' title='bbox 769 5735 872 5792; x_wconf 84' lang='lat' dir='ltr'><strong>qua</strong></span> <span class='ocrx_word' id='word_1_742' title='bbox 889 5719 1238 5776; x_wconf 82' lang='lat' dir='ltr'><strong>similitudine</strong></span> <span class='ocrx_word' id='word_1_743' title='bbox 1253 5719 1446 5774; x_wconf 86' lang='lat' dir='ltr'><strong>merito</strong></span> <span class='ocrx_word' id='word_1_744' title='bbox 1467 5728 1718 5792; x_wconf 85' lang='lat' dir='ltr'><strong>peccato-</strong></span> 
     </span>
    </p>
   </div>
   <div class='ocr_carea' id='block_1_106' title="bbox 1825 4629 3408 4700">
    <p class='ocr_par' dir='ltr' id='par_1_106' title="bbox 1825 4629 3408 4700">
     <span class='ocr_line' id='line_1_107' title="bbox 1825 4629 3408 4700; baseline 0 -18"><span class='ocrx_word' id='word_1_745' title='bbox 1825 4631 1952 4700; x_wconf 83' lang='lat' dir='ltr'><strong>quid</strong></span> <span class='ocrx_word' id='word_1_746' title='bbox 1983 4641 2277 4700; x_wconf 85' lang='lat' dir='ltr'><strong>apponatur</strong></span> <span class='ocrx_word' id='word_1_747' title='bbox 2305 4631 2422 4694; x_wconf 87' lang='lat' dir='ltr'><strong>tibi,</strong></span> <span class='ocrx_word' id='word_1_748' title='bbox 2467 4631 2537 4684; x_wconf 83' lang='lat' dir='ltr'><strong>ad</strong></span> <span class='ocrx_word' id='word_1_749' title='bbox 2579 4629 2816 4700; x_wconf 83' lang='lat' dir='ltr'><strong>linguam</strong></span> <span class='ocrx_word' id='word_1_750' title='bbox 2851 4629 3084 4684; x_wconf 82' lang='lat' dir='ltr'><strong>dolosam</strong></span> <span class='ocrx_word' id='word_1_751' title='bbox 3121 4645 3138 4684; x_wconf 92' lang='lat'><strong><em>:</em></strong></span> <span class='ocrx_word' id='word_1_752' title='bbox 3185 4629 3408 4700; x_wconf 78' lang='lat' dir='ltr'><strong>Sagitta:</strong></span> 
     </span>
    </p>
   </div>
   <div class='ocr_carea' id='block_1_107' title="bbox 1797 4719 3404 4794">
    <p class='ocr_par' dir='ltr' id='par_1_107' title="bbox 1797 4719 3404 4794">
     <span class='ocr_line' id='line_1_108' title="bbox 1797 4719 3404 4794; baseline -0.001 -18"><span class='ocrx_word' id='word_1_753' title='bbox 1797 4723 2046 4794; x_wconf 37' lang='lat' dir='ltr'><strong>.potentis</strong></span> <span class='ocrx_word' id='word_1_754' title='bbox 2069 4731 2239 4774; x_wconf 71' lang='lat' dir='ltr'><strong>acuta:</strong></span> <span class='ocrx_word' id='word_1_755' title='bbox 2265 4738 2380 4774; x_wconf 88' lang='lat' dir='ltr'><strong>cum</strong></span> <span class='ocrx_word' id='word_1_756' title='bbox 2409 4723 2722 4776; x_wconf 86' lang='lat' dir='ltr'><strong>carbonibus</strong></span> <span class='ocrx_word' id='word_1_757' title='bbox 2747 4722 3076 4776; x_wconf 79' lang='lat' dir='ltr'><strong>desolatoriis</strong></span> <span class='ocrx_word' id='word_1_758' title='bbox 3105 4719 3220 4792; x_wconf 81' lang='lat' dir='ltr'><strong>(Ps.</strong></span> <span class='ocrx_word' id='word_1_759' title='bbox 3255 4735 3404 4786; x_wconf 73' lang='lat' dir='ltr'><strong>CXIX,</strong></span> 
     </span>
    </p>
   </div>
   <div class='ocr_carea' id='block_1_108' title="bbox 1827 4809 3406 4884">
    <p class='ocr_par' dir='ltr' id='par_1_108' title="bbox 1827 4809 3406 4884">
     <span class='ocr_line' id='line_1_109' title="bbox 1827 4809 3406 4884; baseline -0.003 -18"><span class='ocrx_word' id='word_1_760' title='bbox 1827 4813 1884 4876; x_wconf 82' lang='lat'><strong>5,</strong></span> <span class='ocrx_word' id='word_1_761' title='bbox 1913 4811 1992 4884; x_wconf 71' lang='grc' dir='ltr'><strong>ι),</strong></span> <span class='ocrx_word' id='word_1_762' title='bbox 2035 4819 2094 4866; x_wconf 89' lang='grc' dir='ltr'><strong>ιιι</strong></span> <span class='ocrx_word' id='word_1_763' title='bbox 2139 4809 2380 4882; x_wconf 86' lang='lat' dir='ltr'><strong>linguam</strong></span> <span class='ocrx_word' id='word_1_764' title='bbox 2425 4809 2712 4866; x_wconf 86' lang='lat' dir='ltr'><strong>dolosam:</strong></span> <span class='ocrx_word' id='word_1_765' title='bbox 2761 4811 2968 4884; x_wconf 68' lang='lat' dir='ltr'><strong>sagittae</strong></span> <span class='ocrx_word' id='word_1_766' title='bbox 3015 4817 3406 4882; x_wconf 69' lang='lat' dir='ltr'><strong>praeceptorum</strong></span> 
     </span>
    </p>
   </div>
   <div class='ocr_carea' id='block_1_109' title="bbox 1831 4895 3406 4972">
    <p class='ocr_par' dir='ltr' id='par_1_109' title="bbox 1831 4895 3406 4972">
     <span class='ocr_line' id='line_1_110' title="bbox 1831 4895 3406 4972; baseline -0.004 -14"><span class='ocrx_word' id='word_1_767' title='bbox 1831 4903 1948 4966; x_wconf 87' lang='lat' dir='ltr'><strong>Dei,</strong></span> <span class='ocrx_word' id='word_1_768' title='bbox 1973 4903 2038 4958; x_wconf 87' lang='lat' dir='ltr'><strong>de</strong></span> <span class='ocrx_word' id='word_1_769' title='bbox 2065 4901 2260 4970; x_wconf 89' lang='lat' dir='ltr'><strong>quibus</strong></span> <span class='ocrx_word' id='word_1_770' title='bbox 2285 4901 2336 4954; x_wconf 90' lang='lat' dir='ltr'><strong>in</strong></span> <span class='ocrx_word' id='word_1_771' title='bbox 2361 4901 2466 4954; x_wconf 88' lang='lat' dir='ltr'><strong>alio</strong></span> <span class='ocrx_word' id='word_1_772' title='bbox 2489 4901 2608 4956; x_wconf 88' lang='lat' dir='ltr'><strong>loco</strong></span> <span class='ocrx_word' id='word_1_773' title='bbox 2633 4899 2902 4972; x_wconf 76' lang='lat' dir='ltr'><strong>Pl‘Ophcla</strong></span> <span class='ocrx_word' id='word_1_774' title='bbox 2933 4897 3062 4956; x_wconf 89' lang='lat' dir='ltr'><strong>dicit</strong></span> <span class='ocrx_word' id='word_1_775' title='bbox 3101 4915 3114 4950; x_wconf 90' lang='lat'><strong>:</strong></span> <span class='ocrx_word' id='word_1_776' title='bbox 3157 4895 3406 4952; x_wconf 78' lang='lat' dir='ltr'><strong>Versatus</strong></span> 
     </span>
    </p>
   </div>
   <div class='ocr_carea' id='block_1_110' title="bbox 1833 4985 3402 5062">
    <p class='ocr_par' dir='ltr' id='par_1_110' title="bbox 1833 4985 3402 5062">
     <span class='ocr_line' id='line_1_111' title="bbox 1833 4985 3402 5062; baseline -0.006 -14"><span class='ocrx_word' id='word_1_777' title='bbox 1833 5011 1948 5052; x_wconf 82' lang='lat' dir='ltr'><strong>sum</strong></span> <span class='ocrx_word' id='word_1_778' title='bbox 1971 4995 2024 5046; x_wconf 87' lang='lat' dir='ltr'><strong>in</strong></span> <span class='ocrx_word' id='word_1_779' title='bbox 2049 4993 2260 5046; x_wconf 83' lang='lat' dir='ltr'><strong>miseria</strong></span> <span class='ocrx_word' id='word_1_780' title='bbox 2289 4991 2414 5044; x_wconf 82' lang='lat' dir='ltr'><strong>dum</strong></span> <span class='ocrx_word' id='word_1_781' title='bbox 2435 4991 2714 5062; x_wconf 85' lang='lat' dir='ltr'><strong>conﬁgitur</strong></span> <span class='ocrx_word' id='word_1_782' title='bbox 2751 4989 2876 5044; x_wconf 86' lang='lat' dir='ltr'><strong>mihi</strong></span> <span class='ocrx_word' id='word_1_783' title='bbox 2907 4989 3058 5060; x_wconf 84' lang='lat' dir='ltr'><strong>spina</strong></span> <span class='ocrx_word' id='word_1_784' title='bbox 3087 4985 3202 5060; x_wconf 83' lang='lat' dir='ltr'><strong>(-Ps.</strong></span> <span class='ocrx_word' id='word_1_785' title='bbox 3253 5001 3402 5050; x_wconf 73' lang='lat' dir='ltr'><strong>xxst,</strong></span> 
     </span>
    </p>
   </div>
   <div class='ocr_carea' id='block_1_111' title="bbox 1833 5077 3406 5158">
    <p class='ocr_par' dir='ltr' id='par_1_111' title="bbox 1833 5077 3406 5158">
     <span class='ocr_line' id='line_1_112' title="bbox 1833 5077 3406 5158; baseline -0.004 -18"><span class='ocrx_word' id='word_1_786' title='bbox 1833 5087 1888 5158; x_wconf 65' lang='grc'><strong>4)</strong></span> <span class='ocrx_word' id='word_1_787' title='bbox 1919 5105 1932 5140; x_wconf 90' lang='lat'><strong>:</strong></span> <span class='ocrx_word' id='word_1_788' title='bbox 1969 5087 2252 5140; x_wconf 85' lang='lat' dir='ltr'><strong>vulnerent</strong></span> <span class='ocrx_word' id='word_1_789' title='bbox 2289 5095 2452 5154; x_wconf 86' lang='lat' dir='ltr'><strong>atque</strong></span> <span class='ocrx_word' id='word_1_790' title='bbox 2489 5085 2820 5146; x_wconf 80' lang='lat' dir='ltr'><strong>confodiant,</strong></span> <span class='ocrx_word' id='word_1_791' title='bbox 2867 5092 2920 5138; x_wconf 88' lang='lat' dir='ltr'><strong>et</strong></span> <span class='ocrx_word' id='word_1_792' title='bbox 2959 5087 3304 5152; x_wconf 80' lang='lat' dir='ltr'><strong>peccatorum</strong></span> <span class='ocrx_word' id='word_1_793' title='bbox 3351 5077 3406 5134; x_wconf 84' lang='lat' dir='ltr'><strong>in</strong></span> 
     </span>
    </p>
   </div>
   <div class='ocr_carea' id='block_1_112' title="bbox 1833 5171 3406 5244">
    <p class='ocr_par' dir='ltr' id='par_1_112' title="bbox 1833 5171 3406 5244">
     <span class='ocr_line' id='line_1_113' title="bbox 1833 5171 3406 5244; baseline -0.006 -12"><span class='ocrx_word' id='word_1_794' title='bbox 1833 5195 1895 5232; x_wconf 84' lang='lat' dir='ltr'><strong>ea</strong></span> <span class='ocrx_word' id='word_1_795' title='bbox 1925 5177 2268 5232; x_wconf 83' lang='lat' dir='ltr'><strong>solitudinem</strong></span> <span class='ocrx_word' id='word_1_796' title='bbox 2311 5177 2528 5232; x_wconf 84' lang='lat' dir='ltr'><strong>faciant.</strong></span> <span class='ocrx_word' id='word_1_797' title='bbox 2563 5175 2694 5228; x_wconf 89' lang='lat' dir='ltr'><strong>lllud</strong></span> <span class='ocrx_word' id='word_1_798' title='bbox 2719 5189 2932 5244; x_wconf 88' lang='lat' dir='ltr'><strong>quoque</strong></span> <span class='ocrx_word' id='word_1_799' title='bbox 2955 5171 3322 5228; x_wconf 89' lang='lat' dir='ltr'><strong>testimonium</strong></span> <span class='ocrx_word' id='word_1_800' title='bbox 3351 5171 3406 5228; x_wconf 88' lang='lat' dir='ltr'><strong>in</strong></span> 
     </span>
    </p>
   </div>
   <div class='ocr_carea' id='block_1_113' title="bbox 1833 5261 3406 5334">
    <p class='ocr_par' dir='ltr' id='par_1_113' title="bbox 1833 5261 3406 5334">
     <span class='ocr_line' id='line_1_114' title="bbox 1833 5261 3406 5334; baseline -0.003 -18"><span class='ocrx_word' id='word_1_801' title='bbox 1833 5281 1938 5334; x_wconf 85' lang='lat' dir='ltr'><strong>quo</strong></span> <span class='ocrx_word' id='word_1_802' title='bbox 1991 5265 2252 5320; x_wconf 88' lang='lat' dir='ltr'><strong>Dominus</strong></span> <span class='ocrx_word' id='word_1_803' title='bbox 2293 5265 2578 5334; x_wconf 86' lang='lat' dir='ltr'><strong>loquitur:</strong></span> <span class='ocrx_word' id='word_1_804' title='bbox 2627 5261 2808 5332; x_wconf 83' lang='lat' dir='ltr'><strong>Ignem</strong></span> <span class='ocrx_word' id='word_1_805' title='bbox 2849 5261 2960 5318; x_wconf 81' lang='lat' dir='ltr'><strong>veni</strong></span> <span class='ocrx_word' id='word_1_806' title='bbox 3005 5261 3206 5316; x_wconf 86' lang='lat' dir='ltr'><strong>mi.‘tere</strong></span> <span class='ocrx_word' id='word_1_807' title='bbox 3249 5273 3406 5334; x_wconf 78' lang='lat' dir='ltr'><strong>super</strong></span> 
     </span>
    </p>
   </div>
   <div class='ocr_carea' id='block_1_114' title="bbox 1831 5349 3406 5428">
    <p class='ocr_par' dir='ltr' id='par_1_114' title="bbox 1831 5349 3406 5428">
     <span class='ocr_line' id='line_1_115' title="bbox 1831 5349 3406 5428; baseline 0 -20"><span class='ocrx_word' id='word_1_808' title='bbox 1831 5367 2046 5420; x_wconf 87' lang='lat' dir='ltr'><strong>terram,</strong></span> <span class='ocrx_word' id='word_1_809' title='bbox 2101 5367 2148 5410; x_wconf 87' lang='lat' dir='ltr'><strong>et</strong></span> <span class='ocrx_word' id='word_1_810' title='bbox 2195 5373 2350 5428; x_wconf 84' lang='lat' dir='ltr'><strong>quam</strong></span> <span class='ocrx_word' id='word_1_811' title='bbox 2391 5355 2502 5412; x_wconf 82' lang='lat' dir='ltr'><strong>volo</strong></span> <span class='ocrx_word' id='word_1_812' title='bbox 2545 5365 2600 5408; x_wconf 88' lang='lat' dir='ltr'><strong>ut</strong></span> <span class='ocrx_word' id='word_1_813' title='bbox 2639 5353 2819 5406; x_wconf 83' lang='lat' dir='ltr'><strong>ardeat</strong></span> <span class='ocrx_word' id='word_1_814' title='bbox 2851 5353 3002 5424; x_wconf 88' lang='lat' dir='ltr'><strong>(Luc.</strong></span> <span class='ocrx_word' id='word_1_815' title='bbox 3047 5367 3144 5414; x_wconf 78' lang='lat' dir='ltr'><strong>xtl,</strong></span> <span class='ocrx_word' id='word_1_816' title='bbox 3181 5351 3296 5422; x_wconf 75' lang='grc'><strong>49),</strong></span> <span class='ocrx_word' id='word_1_817' title='bbox 3327 5349 3406 5408; x_wconf 81' lang='lat' dir='ltr'><strong>sic</strong></span> 
     </span>
    </p>
   </div>
   <div class='ocr_carea' id='block_1_115' title="bbox 1829 5441 3404 5514">
    <p class='ocr_par' dir='ltr' id='par_1_115' title="bbox 1829 5441 3404 5514">
     <span class='ocr_line' id='line_1_116' title="bbox 1829 5441 3404 5514; baseline -0.001 -16"><span class='ocrx_word' id='word_1_818' title='bbox 1829 5445 2248 5514; x_wconf 85' lang='lat' dir='ltr'><strong>interpretatur:</strong></span> <span class='ocrx_word' id='word_1_819' title='bbox 2281 5445 2482 5502; x_wconf 87' lang='lat' dir='ltr'><strong>Omnes</strong></span> <span class='ocrx_word' id='word_1_820' title='bbox 2525 5445 2682 5514; x_wconf 87' lang='lat' dir='ltr'><strong>cupio</strong></span> <span class='ocrx_word' id='word_1_821' title='bbox 2707 5459 2866 5514; x_wconf 87' lang='lat' dir='ltr'><strong>agerc</strong></span> <span class='ocrx_word' id='word_1_822' title='bbox 2907 5441 3304 5512; x_wconf 65' lang='lat' dir='ltr'><strong>paenitentiam,</strong></span> <span class='ocrx_word' id='word_1_823' title='bbox 3347 5447 3404 5496; x_wconf 87' lang='lat' dir='ltr'><strong>et</strong></span> 
     </span>
    </p>
   </div>
   <div class='ocr_carea' id='block_1_116' title="bbox 1825 5533 3404 5610">
    <p class='ocr_par' dir='ltr' id='par_1_116' title="bbox 1825 5533 3404 5610">
     <span class='ocr_line' id='line_1_117' title="bbox 1825 5533 3404 5610; baseline -0.003 -18"><span class='ocrx_word' id='word_1_824' title='bbox 1825 5553 2126 5610; x_wconf 75' lang='lat' dir='ltr'><strong>excoquere</strong></span> <span class='ocrx_word' id='word_1_825' title='bbox 2166 5539 2368 5608; x_wconf 85' lang='lat' dir='ltr'><strong>Spiritu</strong></span> <span class='ocrx_word' id='word_1_826' title='bbox 2409 5547 2598 5596; x_wconf 89' lang='lat' dir='ltr'><strong>sancto</strong></span> <span class='ocrx_word' id='word_1_827' title='bbox 2639 5539 2764 5592; x_wconf 89' lang='lat' dir='ltr'><strong>vitia</strong></span> <span class='ocrx_word' id='word_1_828' title='bbox 2805 5547 2970 5608; x_wconf 88' lang='lat' dir='ltr'><strong>atque</strong></span> <span class='ocrx_word' id='word_1_829' title='bbox 3005 5545 3246 5608; x_wconf 87' lang='lat' dir='ltr'><strong>peccata.</strong></span> <span class='ocrx_word' id='word_1_830' title='bbox 3287 5533 3404 5604; x_wconf 85' lang='lat' dir='ltr'><strong>Ipse</strong></span> 
     </span>
    </p>
   </div>
   <div class='ocr_carea' id='block_1_117' title="bbox 1823 5627 3402 5696">
    <p class='ocr_par' dir='ltr' id='par_1_117' title="bbox 1823 5627 3402 5696">
     <span class='ocr_line' id='line_1_118' title="bbox 1823 5627 3402 5696; baseline -0.004 -14"><span class='ocrx_word' id='word_1_831' title='bbox 1823 5627 1966 5682; x_wconf 90' lang='lat' dir='ltr'><strong>enim</strong></span> <span class='ocrx_word' id='word_1_832' title='bbox 1995 5643 2114 5682; x_wconf 91' lang='lat' dir='ltr'><strong>sum</strong></span> <span class='ocrx_word' id='word_1_833' title='bbox 2145 5627 2210 5684; x_wconf 90' lang='lat' dir='ltr'><strong>de</strong></span> <span class='ocrx_word' id='word_1_834' title='bbox 2245 5643 2352 5696; x_wconf 84' lang='lat' dir='ltr'><strong>qm)</strong></span> <span class='ocrx_word' id='word_1_835' title='bbox 2385 5627 2640 5682; x_wconf 89' lang='lat' dir='ltr'><strong>scribitur</strong></span> <span class='ocrx_word' id='word_1_836' title='bbox 2685 5645 2698 5682; x_wconf 93' lang='lat'><strong>:</strong></span> <span class='ocrx_word' id='word_1_837' title='bbox 2739 5627 2878 5680; x_wconf 88' lang='lat' dir='ltr'><strong>Deus</strong></span> <span class='ocrx_word' id='word_1_838' title='bbox 2919 5627 3050 5696; x_wconf 87' lang='lat' dir='ltr'><strong>ignis</strong></span> <span class='ocrx_word' id='word_1_839' title='bbox 3093 5639 3402 5680; x_wconf 86' lang='lat' dir='ltr'><strong>consumens</strong></span> 
     </span>
    </p>
   </div>
   <div class='ocr_carea' id='block_1_118' title="bbox 1827 5715 3402 5792">
    <p class='ocr_par' dir='ltr' id='par_1_118' title="bbox 1827 5715 3402 5792">
     <span class='ocr_line' id='line_1_119' title="bbox 1827 5715 3402 5792; baseline -0.003 -18"><span class='ocrx_word' id='word_1_840' title='bbox 1827 5729 1900 5774; x_wconf 89' lang='lat' dir='ltr'><strong>est</strong></span> <span class='ocrx_word' id='word_1_841' title='bbox 1931 5719 2108 5792; x_wconf 86' lang='lat' dir='ltr'><strong>(Deut.</strong></span> <span class='ocrx_word' id='word_1_842' title='bbox 2135 5735 2208 5786; x_wconf 80' lang='lat' dir='ltr'><strong>iv,</strong></span> <span class='ocrx_word' id='word_1_843' title='bbox 2241 5719 2352 5790; x_wconf 65' lang='lat'><strong>24).</strong></span> <span class='ocrx_word' id='word_1_844' title='bbox 2387 5717 2500 5776; x_wconf 82' lang='lat' dir='ltr'><strong>Non</strong></span> <span class='ocrx_word' id='word_1_845' title='bbox 2531 5734 2656 5790; x_wconf 83' lang='lat' dir='ltr'><strong>ergo</strong></span> <span class='ocrx_word' id='word_1_846' title='bbox 2699 5719 2898 5786; x_wconf 80' lang='lat' dir='ltr'><strong>grande</strong></span> <span class='ocrx_word' id='word_1_847' title='bbox 2925 5725 3010 5776; x_wconf 88' lang='lat' dir='ltr'><strong>est</strong></span> <span class='ocrx_word' id='word_1_848' title='bbox 3053 5717 3154 5774; x_wconf 88' lang='lat' dir='ltr'><strong>hoc</strong></span> <span class='ocrx_word' id='word_1_849' title='bbox 3193 5717 3260 5774; x_wconf 86' lang='lat' dir='ltr'><strong>dc</strong></span> <span class='ocrx_word' id='word_1_850' title='bbox 3287 5715 3402 5770; x_wconf 79' lang='lat' dir='ltr'><strong>dia-</strong></span> 
     </span>
    </p>
   </div>
  </div>
