3974 6344
570 336 595 393 l
606 335 712 393 339

1546 325 1621 388 δ.
1659 328 2036 389 PIPUDENTII
2071 322 2451 385 TRECENSIS
2489 322 2795 386 EPISCOPI

3712 328 3839 383 15Ξο

514 466 527 477 ι
568 445 709 503 bolo
739 442 945 509 dicere,
985 432 1131 515 quod
1174 451 1232 499 et
1270 442 1585 498 hominibus
1638 450 1998 512 pmparatum
2050 449 2153 497 est.
2182 442 2236 502 Λ
2262 449 2370 495 non
2400 439 2536 495 arsit
2565 440 2633 495 ad
2656 440 2820 495 trium
2852 452 3139 511 puerorum
3169 439 3514 512 supplicium,
3540 448 3601 497 et
3620 441 3761 496 arsit
3780 444 3842 496 ad

569 535 740 607 Magis
766 533 1082 601 debueras,
1127 540 1188 588 ut
1239 533 1600 602 suspicionem
1638 533 1829 588 salutis
1875 531 2154 587 diabolica:

570 623 896 690 declinares,
932 625 1113 681 dicere
1165 642 1179 678 :
1224 622 1459 678 Perditio
1492 623 1664 692 factus
1698 639 1774 688 es,
1820 631 1873 677 et
1913 638 2018 676 non
2049 623 2155 677 eris

570 712 628 767 in
659 725 915 781 a’ternum
938 715 1071 786 (Jer.
1101 712 1295 784 xxvn).
1346 714 1413 767 Et
1454 728 1521 767 ex
1553 727 1785 783 persona
1826 713 2042 768 Domini
2072 711 2156 767 lo-

569 805 786 873 quentis
814 806 881 860 ad
907 804 1011 860 Job
1036 804 1103 858 de
1132 803 1344 859 diabolo
1391 821 1406 858 :
1451 803 1589 858 Ecce
1628 821 1743 875 spes
1779 806 1894 875 ejus
1926 805 2155 875 frustra-

568 898 712 951 bitur
742 913 883 963 eum,
923 907 972 952 et
1012 896 1302 952 ridentibus
1327 898 1526 952 cunctis
1565 897 1977 967 prtecipitabitur
2006 896 2026 969 (
2050 895 2153 950 Job

541 1002 656 1049 λι..
708 984 801 1055 28)
842 1003 855 1039 :
898 1001 1003 1040 non
1035 986 1187 1057 quasi
1222 985 1448 1041 crudelis
1490 986 1754 1041 suscitabo
1802 1003 1921 1041 cum
1968 1003 1988 1041 :
2037 988 2153 1058 quis

518 1113 531 1125 .
564 1077 703 1131 enim
744 1077 979 1131 resistere
1027 1078 1215 1147 poterit
1259 1077 1424 1133 vultui
1470 1080 1622 1133 meo?
1668 1078 1799 1145 Quis
1849 1088 1970 1133 ante
2010 1079 2155 1135 dedit

548 1167 715 1232 mihi,
747 1177 803 1220 ut
838 1168 1052 1221 reddam
1082 1168 1169 1221 ei?
1197 1167 1388 1222 Omnia
1429 1186 1546 1240 qua:
1582 1169 1679 1223 sub
1719 1168 1844 1223 caelo
1886 1180 2005 1225 sunt
2040 1186 2154 1225 mea

564 1265 685 1309 sunt
714 1270 734 1310 .°
763 1273 867 1310 non
886 1273 1099 1325 parcam
1122 1258 1190 1320 ei,
1211 1266 1257 1312 et
1279 1258 1443 1312 verbis
1468 1259 1782 1329 potentibus,
1808 1268 1857 1314 et
1880 1260 1951 1313 ad
1971 1260 2148 1330 depre-

563 1347 793 1402 candum
817 1350 1115 1419 compositis
1144 1348 1267 1421 (Job
1302 1367 1413 1419 xu,
1445 1352 1499 1414 1,
1526 1352 1585 1416 2,
1614 1350 1726 1423 5).]

632 1437 672 1506 1-
703 1437 1057 1497 Cassiodorus
1080 1439 1132 1494 in
1159 1439 1473 1494 Psalmorx:
1502 1438 1875 1511 [Cognoscitur
1894 1440 2152 1497 Dominus

542 1580 550 1591 ,
559 1527 770 1596 judicia
821 1529 1020 1598 faciens
1049 1547 1069 1586 :
1102 1532 1157 1585 in
1195 1531 1436 1601 operibus
1474 1549 1726 1587 manuum
1765 1550 1984 1587 suarum
2011 1549 2153 1588 com-

565 1619 849 1688 prehensus
875 1630 950 1674 est
970 1632 1232 1691 peccator.
1270 1623 1407 1678 Vera
1447 1624 1610 1679 nimis
1636 1632 1691 1679 et
1742 1624 1983 1680 absoluta
2021 1640 2150 1683 scn-

568 1708 755 1775 tentia,
785 1711 1041 1780 quoniam
1075 1720 1204 1768 tunc
1227 1712 1512 1770 manifeste
1524 1724 1874 1786 cognoscetur
1888 1714 2149 1772 Dominus

2257 529 2621 585 comburenda
2655 530 2945 602 ligamenta
2989 530 3111 604 [al.,
3138 530 3414 603 ligamina]
3456 529 3839 586 vinculorum:

2256 621 2332 676 ita
2356 621 2495 691 ignis
2516 621 2777 692 gehennae
2808 630 2865 678 et
2896 623 3099 679 lucebit
3132 623 3348 679 miseris
3386 625 3455 678 ad
3484 631 3841 694 augmentum

2224 712 2881 781 ,pmnarumuttvideant
2926 713 3071 768 unde
3117 712 3356 777 doleant,
3388 720 3447 767 et
3494 726 3610 766 non
3642 710 3841 767 ιιιωιιίι

2253 802 2323 857 ad
2357 803 2802 870 consolationem,
2832 817 2901 860 ne
2923 804 3145 860 videant
3167 803 3312 859 unde
3342 803 3665 872 gaudeant;
3708 802 3841 857 inter

2254 893 2416 964 hujus
2443 893 2568 951 vita:
2608 903 2699 949 et-
2739 893 2936 950 futura:
2978 894 3311 950 infelicitatis
3358 892 3655 948 miseriam
3679 891 3839 946 multa

2254 984 2513 1041 discretio
2536 993 2621 1039 est
2650 999 2666 1039 :
2695 983 2804 1040 illic
2830 985 2976 1041 enim
3014 993 3071 1040 et
3093 984 3312 1039 miseria
3347 990 3437 1038 est
3460 990 3701 1053 propter
3724 995 3839 1036 cru-

2253 1075 2548 1131 ciationum
2596 1074 2837 1130 dolorem
2885 1073 3007 1147 [al.,
3037 1075 3429 1131 cruciationem
3450 1070 3837 1144 dolorum],et

2256 1164 2491 1219 tenebrae
2511 1172 2733 1236 propter
2758 1164 2893 1221 lucis
2912 1165 3277 1230 eversionem,
3306 1179 3551 1234 quorum
3587 1180 3763 1220 unum
3786 1165 3835 1219 in

2254 1252 2355 1307 hac
2383 1251 2512 1317 vita,
2544 1252 2595 1306 id
2623 1261 2707 1307 est
2735 1252 2955 1310 miseria
2998 1263 3107 1317 est,
3157 1252 3302 1308 aliud
3334 1267 3445 1308 non
3470 1250 3603 1319 est;
3654 1253 3713 1308 in
3762 1253 3839 1308 ὴ-

2254 1340 2408 1396 ferno
2434 1349 2614 1399 autem
2638 1339 2927 1411 utrumque
2956 1341 3084 1414 est.]

2321 1434 2361 1505 1-
2393 1433 2714 1489 Ambrosius
2761 1433 2815 1489 iu
2872 1434 3114 1504 Epistola
3166 1434 3341 1505 prima
3399 1433 3471 1488 ad
3529 1431 3839 1489 Corinthia

2251 1526 2384 1595 (xv,
2438 1522 2591 1597 22):
2649 1524 2800 1581 Sicut
2846 1525 2993 1580 enim
3036 1526 3092 1578 in
3124 1524 3295 1578 Adam
3350 1540 3543 1579 omnes
3608 1525 3839 1579 αοιὶιιι-

2249 1624 2359 1681 tur,
2393 1616 2469 1670 ita’
2491 1624 2539 1669 et
2577 1615 2633 1668 in
2666 1612 2871 1669 Christo
2902 1630 3079 1669 omnes
3113 1613 3542 1685 tiviﬁcabuntur.
3566 1613 3692 1670 Hoc
3715 1614 3840 1668 dicit

2251 1705 2374 1776 quia
2406 1704 2548 1761 sicut
2572 1704 2746 1761 Adam
2785 1720 3021 1775 peccans
3050 1713 3283 1761 mortem
3306 1704 3542 1771 invenit,
3574 1714 3636 1761 et
3660 1720 3839 1761 omnes

544 1795 762 1879 'judicia
814 1799 1044 1867 faciens,
1088 1803 1304 1873 quando
1344 1806 1716 1875 peccatoribus
1749 1807 1896 1862 dabit
1944 1817 2142 1863 atterua

2249 1810 2318 1851 ex
2338 1794 2455 1866 ejus
2477 1794 2686 1864 origine
2716 1796 2888 1850 tenuit
2908 1805 2969 1851 ut
2989 1795 3369 1859 dissolvantur,
3400 1795 3480 1850 ita
3510 1802 3572 1849 et
3595 1794 3841 1850 Christus

548 1890 901 1967 cruciatione
929 1895 1168 1965 torqueri
1204 1912 1218 1948 :
1253 1894 1341 1952 hic
1369 1897 1538 1963 enim,
1563 1897 1689 1977 quia
1714 1905 1843 1952 sunt
1870 1897 1951 1953 eis
1976 1897 2145 1954 libera

566 1981 797 2046 scelera,
847 1985 1081 2056 relinqui
1119 1988 1416 2043 creduntur
1460 1988 1687 2053 forsitan
1722 1989 2013 2061 impunita;
2051 1990 2145 2047 sed

567 2071 655 2127 ubi
689 2073 806 2129 dies
857 2076 946 2132 ille
992 2079 1446 2136 manifestationis
1493 2082 1792 2147 advenerit,
1849 2092 1903 2138 et
1950 2083 2147 2141 throno

566 2162 868 2231 maiestatis
886 2182 1000 2224 sua:
1033 2169 1292 2227 Dominus
1321 2173 1562 2228 salvator
1591 2174 1877 2241 insederit,
1908 2183 2034 2231 tunc
2053 2190 2147 2245 ge»

567 2254 829 2311 neraliter
870 2270 1197 2329 agnoscetur
1244 2263 1460 2333 operari
1503 2262 1707 2331 judicia
1758 2280 1890 2328 sua,
1928 2266 2145 2335 quando

564 2342 861 2400 humanum
891 2363 1082 2419 genus,
1111 2351 1226 2406 sive
1254 2368 1286 2407 a
1313 2354 1569 2420 sinistris,
1602 2355 1717 2410 sive
1744 2370 1773 2409 ιι
1798 2356 2002 2412 dextris
2027 2355 2149 2426 ejus

562 2433 725 2490 fuerit
766 2439 992 2495 arbitrio
1029 2450 1365 2516 segregatum
1416 2446 1565 2501 :hoc
1610 2455 1692 2502 est
1746 2448 1890 2502 enim
1937 2447 2142 2519 judicia

562 2538 688 2581 vero
715 2518 914 2595 facere,
948 2530 1370 2605 uniuscujusque
1408 2538 1601 2591 merita
1641 2537 1757 2592 sine
1791 2518 1971 2608 aliqua
2013 2553 2143 2595 con-

550 2614 771 2673 ‘fusione
794 2620 1121 2678 discernere.
1167 2624 1422 2696 Sequitur
1455 2628 1738 2682 sentcntiae
1766 2626 1926 2697 hujus
1955 2640 2141 2701 aperta

561 2707 878 2767 (lcclaratio.
924 2712 1066 2768 Dicit
1114 2715 1259 2769 enim
1312 2716 1448 2771 unde
1502 2719 1831 2788 cognoscitur
1882 2719 2140 2774 Dominus

552 2800 686 2855 ‘vcre
693 2801 903 2871 judicia
931 2805 1126 2875 facere,
1148 2808 1354 2863 scilicet
1381 2810 1595 2879 quando
1616 2810 1870 2866 nexuosis
1888 2812 2140 2882 operibus

555 2889 668 2946 suis
683 2903 936 2961 peccator
950 2897 1287 2968 astringitur,
1301 2911 1356 2954 et
1369 2901 1663 2957 secundum
1680 2912 1896 2957 actuum
1911 2904 2053 2974 quali
2062 2913 2142 2959 ta—

556 2986 666 3035 tem
688 2983 902 3053 dignam
928 2986 1118 3057 recipit
1141 2988 1419 3045 ultionem.
1439 2988 1571 3045 Nam
1594 3006 1784 3047 sensus
1807 2991 1897 3047 ille
1918 2994 2140 3050 omnino

556 3073 812 3130 vitandus
841 3086 943 3143 est,
977 3080 1067 3148 qui
1101 3090 1255 3149 putat
1280 3093 1613 3151 peccatorem
1656 3082 1770 3137 so‘la
1818 3083 2132 3140 delictorum

2245 1901 2353 1942 non
2393 1901 2644 1957 peccans,
2676 1893 2732 1943 et
2771 1902 2869 1957 per
2908 1887 3010 1942 hoc
3045 1887 3267 1943 vincens
3294 1894 3537 1942 mortem
3576 1886 3729 1957 (quia
3754 1889 3837 1959 qui

2244 1992 2352 2031 non
2388 1985 2581 2048 peccat
2618 1977 2789 2032 vincit
2836 1987 3087 2043 mortem,
3118 1978 3243 2048 quia
3287 1993 3438 2033 mors
3464 1993 3545 2035 ex
3574 1984 3835 2052 peccato),

2243 2067 2494 2123 omnibus
2530 2067 2624 2138 qui
2652 2075 2779 2123 sunt
2806 2082 2877 2123 ex
2909 2066 3025 2137 ejus
3052 2082 3280 2138 corpore
3316 2069 3627 2140 acquisivit
3656 2071 3841 2135 vitam,

2243 2158 2301 2213 id
2353 2166 2439 2212 est
2495 2157 2969 2214 resurrectionem.
3026 2157 3285 2226 Quamvis
3337 2173 3475 2229 ergo
3534 2161 3833 2230 generalem

2244 2248 2496 2305 tribuerit
2546 2249 3023 2315 resurrectionem,
3059 2257 3120 2304 ut
3146 2250 3289 2306 sicut
3326 2250 3385 2306 in
3426 2250 3618 2306 Adam
3663 2267 3837 2308 omnes

2240 2341 2359 2399 sive
2380 2339 2515 2411 justi
2556 2340 2671 2396 sive
2716 2338 2902 2409 injusti
2930 2340 3275 2397 moriuntur:
3304 2326 3381 2396 ita
3428 2350 3487 2397 et
3532 2342 3593 2398 in
3632 2343 3831 2398 Christo

2243 2449 2433 2490 omnes
2489 2444 2597 2490 tam
2649 2434 2935 2489 credentes
2979 2448 3141 2504 quam
3189 2431 3511 2488 difﬁdentes
3562 2441 3831 2503 resurgant

2244 2525 2422 2598 (Rom.
2473 2543 2526 2592 v,
2558 2525 2608 2588 9,
2658 2526 2740 2588 l8,
2772 2523 2926 2597 etc.),
2968 2524 3096 2579 licet
3149 2523 3219 2578 ad
3272 2536 3499 2593 plenam
3556 2523 3829 2585 increduli,

2244 2627 2424 2674 tamen
2474 2618 2736 2673 viviticari
2785 2617 3058 2684 videntur,
3111 2616 3238 2687 quia
3278 2631 3521 2687 corpora
3561 2632 3663 2671 sua
3702 2616 3827 2671 reci-

2241 2708 2390 2779 pient
2423 2708 2537 2779 jam
2583 2723 2688 2763 non
2734 2708 3007 2770 morituri,
3034 2707 3128 2763 sed
3158 2706 3369 2777 passuri
3399 2721 3632 2777 poenam
3678 2707 3729 2760 in
3760 2707 3831 2761 eis

2242 2798 2361 2854 sine
2392 2800 2520 2863 line,
2547 2799 2688 2868 quod
2717 2799 2940 2853 credere
2967 2796 3274 2851 noluerunt.

2309 2891 2352 2961 ἰ·
2389 2891 2532 2945 ldem
2561 2890 2616 2943 in
2644 2889 2833 2944 eadem
2857 2887 3174 2951 Ambrosius
3202 2886 3339 2959 (xv,
3370 2886 3467 2958 37)
3506 2904 3523 2940 :
3558 2886 3664 2959 [Et
3698 2887 3823 2958 qud

2240 2983 2482 3045 seminus,
2525 2997 2627 3034 non
2672 2996 2862 3050 corpus
2889 2979 3027 3050 quod
3057 2978 3297 3048 futurum
3331 2987 3411 3032 est
3452 2980 3717 3045 sensim,
3748 2979 3825 3032 sd

2242 3074 2442 3128 nudum
2483 3089 2726 3145 granum,
2768 3081 2824 3126 ut
2853 3081 2981 3142 puta
3016 3071 3177 3125 tritici
3223 3077 3315 3125 aut
3349 3070 3595 3141 alicujus
3628 3082 3828 3125 cett-rso

556 3176 776 3216 suorum
805 3168 1181 3225 recordatione
1212 3171 1584 3225 crueiandum.
1628 3171 1765 3226 Nam
1803 3173 1850 3227 si
1881 3173 1984 3230 hoc
2017 3183 2136 3228 tau-
2161 3151 2205 3214 (ί
2239 3180 2354 3218 rum
2393 3177 2414 3215 -'
2446 3164 2584 3219 Deus
2619 3172 2793 3217 au’em
2830 3162 2910 3216 illi
2949 3163 3040 3216 άαι
3089 3177 3279 3232 corpus
3326 3172 3485 3232 ρτοκι
3526 3163 3695 3217 veliti!
3724 3162 3827 3235 [3L

558 3258 672 3306 tum
701 3254 995 3324 sufficeret,
1026 3276 1193 3330 quare
1233 3263 1506 3318 diceretur
1538 3282 1550 3317 :
1586 3262 1668 3318 Ite
1694 3264 1747 3318 in
1784 3265 1953 3335 ignem
1978 3274 2137 3320 (vter-

559 3362 706 3411 num,
730 3349 818 3417 qui
838 3361 1055 3418 paratus
1100 3362 1174 3405 est
1210 3352 1419 3407 diabolo
1452 3363 1500 3407 et
1534 3355 1731 3425 angelis
1769 3354 1882 3424 ejus
1920 3354 2134 3425 (Matth.

558 3453 684 3503 xxv,
720 3439 832 3510 41).
868 3439 932 3493 Ει
970 3440 1139 3495 illud:
1180 3439 1584 3496 Vermiscorum
1627 3459 1731 3496 non
1784 3444 2058 3508 morietur,
2089 3453 2137 3498 et

556 3530 693 3601 ignis
715 3545 894 3584 eorum
938 3548 1041 3585 non
1083 3533 1444 3602 cxstinguetur
1483 3532 1619 3604 (Isa.
1657 3548 1806 3598 ιιιγι,
1853 3532 1967 3605 24).
2023 3532 2138 3589 Non

556 3624 701 3677 enim
726 3623 814 3677 hic
838 3623 954 3678 loca
994 3630 1387 3679 tormentorum
1409 3634 1571 3696 negat
1590 3624 1971 3695 peccatoribus
1995 3626 2135 3692 dari,

556 3716 652 3770 sed
690 3730 787 3785 per
835 3716 1126 3786 qualitates
1172 3732 1399 3787 Operum
1429 3733 1651 3774 suorum
1701 3732 1795 3773 eos
1841 3718 1971 3773 dicit
2019 3733 2140 3774 esse

560 3808 912 3877 torquendus.
978 3808 1290 3864 Sentiamus
1351 3824 1480 3879 ergo
1561 3809 1736 3864 locum
1792 3818 2140 3880 peccatorum

558 3898 834 3969 suppliciis
859 3914 980 3954 esse
1006 3911 1389 3969 przeparatunt,
1416 3900 1775 3971 intelligamus
1799 3901 2139 3955 extrinsecus

555 3990 770 4061 poenale
802 3990 1022 4057 malum,
1056 3992 1200 4061 quod
1235 3992 1513 4047 sceleratis
1542 3992 1771 4060 legimus
1800 3991 2085 4046 imminere
2119 4007 2135 4043 :

557 4098 682 4136 nam
712 4089 771 4137 ut
801 4097 988 4139 revera
1025 4099 1416 4153 cognoscamus
1446 4083 1836 4140 beatitudinem
1858 4097 1886 4136 a
1916 4084 2140 4138 damna-

558 4174 793 4229 tionibus
825 4176 1146 4244 quibusdam
1191 4177 1435 4232 terminis
1473 4191 1594 4231 esse
1642 4176 2009 4242 dividendam,
2054 4191 2140 4231 re-

556 4262 849 4318 cordemur
889 4266 1112 4320 divitem
1156 4267 1341 4320 oculos
1381 4266 1713 4330 sublevasse,
1741 4279 2140 4336 pauperemque

558 4355 822 4409 Lazarum
874 4357 927 4410 in
979 4358 1100 4411 sinu
1148 4358 1378 4412 Abrahm
1425 4358 1591 4412 fuisse
1640 4364 2029 4426 conspectum,
2080 4372 2140 4412 se

557 4456 739 4500 autem
782 4445 1017 4502 ﬂammis
1068 4448 1348 4503 ultricibus
1401 4450 1738 4518 deputatum.
1801 4447 1952 4502 Unde
2003 4447 2137 4502 ordo

558 4537 660 4591 iste
717 4537 964 4593 veritatis
1012 4538 1318 4593 nullatenus
1367 4538 1672 4603 diceretur,
1730 4538 1776 4593 si
1824 4548 2137 4608 peccatores

557 4627 822 4683 malorum
856 4628 1158 4684 recordatio
1202 4628 1314 4684 sola
1346 4636 1667 4698 torqueret:
1715 4629 1829 4684 hate
1877 4637 2003 4684 sunt
2052 4644 2137 4683 oc-

556 4717 700 4773 culta
722 4718 823 4788 ﬁlii
849 4735 970 4790 qua:
998 4719 1185 4774 titulus
1212 4718 1508 4790 praedixit.)

627 4809 864 4867 Isidorus
886 4808 1138 4883 (Sentent.
1174 4810 1267 4865 lib.
1295 4823 1402 4878 l,C.
1424 4810 1519 4880 ‘28)
1546 4826 1561 4863 :
1594 4807 1823 4882 [Duplex
1854 4810 2138 4865 damnato-

558 4912 676 4955 rum
702 4916 861 4970 poena
896 4902 1060 4958 estin
1105 4902 1350 4973 gcheuna
1381 4904 1612 4972 quorum
1642 4910 1697 4955 et
1750 4909 1989 4955 mentem
2028 4900 2139 4956 urit

558 4992 802 5059 tristitia,
831 5001 885 5047 et
904 5008 1104 5063 corpus
1130 4991 1544 5059 flamma,juxla
1586 4990 2037 5057 vicissitudinem,
2077 4998 2139 5046 ut

554 5082 649 5151 qui
692 5091 871 5138 mente
926 5091 1315 5151 tractaverunt,
1350 5084 1493 5153 quod
1535 5083 1862 5153 perlicerent
1888 5097 2134 5153 corpore,

554 5175 719 5230 simul
742 5183 798 5229 et
820 5177 1002 5230 animo
1022 5178 1315 5246 puniantur
1334 5184 1390 5232 et
1409 5188 1657 5247 corpore,
1674 5177 1851 5246 ignem
1877 5176 2136 5247 gehennae

557 5266 625 5320 ad
665 5264 866 5337 aliquid
913 5267 1093 5322 lumen
1132 5269 1356 5335 habere,
1390 5268 1459 5323 ad
1502 5267 1707 5337 aliquid
1749 5283 1857 5323 non
1888 5268 2132 5325 habere:

557 5358 661 5414 hoc
687 5366 772 5413 est
806 5359 1008 5416 habere
1054 5361 1231 5417 lumen
1264 5363 1333 5417 ad
1366 5361 1798 5427 damnationem,
1826 5368 1888 5415 ut
1913 5362 2134 5417 videant

554 5447 708 5519 impii
772 5449 914 5505 unde
957 5449 1190 5517 doleant,
1251 5460 1308 5507 et
1363 5466 1471 5506 non
1525 5451 1727 5505 habere
1779 5451 1846 5507 ad
1890 5452 2136 5508 consola-

555 5539 779 5605 tionem,
812 5556 881 5596 ne
907 5541 1127 5597 videant
1160 5543 1300 5599 unde
1334 5543 1622 5614 gaudeant.
1646 5543 1784 5613 Apta
1816 5543 1874 5599 fit
1916 5559 2134 5616 compa-

558 5629 695 5683 ratio
724 5629 792 5684 de
818 5630 1030 5687 camino
1059 5631 1220 5687 trium
1243 5647 1531 5703 puerorum
1563 5633 1725 5706 (Dan.
1766 5650 1845 5702 ιιι,
1874 5632 1969 5701 25,
1998 5637 2130 5708 etc.)

554 5720 625 5775 ad
657 5721 955 5789 exemplum
994 5723 1132 5791 ignis
1177 5724 1465 5793 gehenntc;
1496 5738 1620 5779 nam
1669 5724 1807 5780 sicut
1857 5724 1943 5779 illo
1990 5726 2129 5796 ignis

2236 3254 2389 3326 vult],
2425 3264 2473 3309 et
2529 3255 2809 3325 unicuique
2862 3252 3117 3308 seminum
3175 3253 3453 3323 proprium
3512 3270 3733 3323 corpus.
3774 3252 3827 3307 Si

2235 3364 2366 3420 ergo
2394 3348 2594 3404 nudum
2622 3362 2848 3419 granum
2885 3347 3206 3412 seminatur,
3230 3352 3289 3402 et
3314 3344 3443 3417 [al.,
3468 3345 3560 3418 ut]
3594 3346 3689 3401 Dei
3712 3356 3829 3400 nutu

2237 3440 2639 3511 quodammodo
2676 3438 3067 3494 elementorum
3116 3436 3424 3492 ministerio
3452 3438 3721 3492 vestitum
3754 3452 3831 3491 re

2237 3532 2408 3601 surgit
2443 3530 2564 3603 [al.,
2614 3527 2916 3600 resurgat],
2947 3528 3120 3583 multa
3173 3541 3358 3582 secum
3413 3527 3636 3582 habens
3672 3528 3830 3581 incre-

2237 3627 2423 3674 menta
2451 3619 2698 3674 utilitatis
2729 3618 2981 3673 humanae
3009 3635 3023 3669 :
3054 3632 3153 3672 cur
3187 3631 3296 3672 non
3339 3616 3613 3672 credibile
3646 3618 3719 3671 sit
3748 3615 3830 3670 Du'

2239 3712 2436 3767 virtute
2470 3719 2742 3766 mortuum
2771 3725 2933 3782 posse
2962 3725 3264 3781 resurgere,
3297 3710 3599 3765 meliorata
3630 3720 3831 3765 Ianua

2238 3803 2559 3868 substantia,
2593 3819 2699 3858 non
2745 3816 2973 3857 numero
3016 3800 3469 3871 multiplicatum?
3500 3800 3695 3874 (locu.
3735 3816 3826 3864 ιιι,

2235 3893 2353 3965 25.)
2382 3893 2521 3961 Quid
2564 3909 2693 3966 ergo
2738 3894 3033 3965 requiritur
3077 3895 3148 3950 ab
3199 3893 3428 3960 infideli,
3454 3909 3578 3964 quo
3616 3906 3831 3963 corpore

2238 3996 2524 4059 resurgant
2556 3987 2775 4054 mortui,
2804 4003 2927 4043 cum
2955 3987 3199 4058 exempla
3224 3987 3551 4058 praecedant
3578 3987 3647 4042 ad
3680 3986 3834 4041 ﬁda

2240 4082 2380 4137 hanc
2436 4080 2732 4136 meliorata:
2779 4079 3194 4135 resurrectionis
3241 4077 3362 4150 [al.,
3410 4076 3837 4133 resurrectionis

2237 4172 2532 4242 praedicant
2583 4169 2788 4241 fidem],
2838 4185 2945 4225 non
3004 4169 3217 4224 amissas
3280 4167 3652 4222 substantia?
3713 4166 3833 4237 quia

2238 4262 2514 4332 proprium
2546 4276 2742 4331 corpus
2770 4260 2993 4330 recipiet
3038 4259 3092 4313 in
3135 4272 3242 4328 quo
3264 4265 3487 4312 creatus
3523 4257 3705 4312 Adam
3737 4266 3835 4318 est,

2233 4351 2389 4422 juxta
2428 4350 2677 4422 exempla
2727 4349 3057 4430 supradicta.
3102 4345 3225 4401 Non
3271 4346 3446 4399 omnis
3482 4362 3618 4399 caro
3655 4348 3834 4400 suis:

2241 4456 2390 4506 caro,
2420 4441 2510 4495 sed
2555 4439 2664 4493 alia
2699 4439 2908 4510 quidem
2947 4438 3196 4503 hominis,
3227 4436 3336 4490 alia
3380 4446 3567 4489 autem
3612 4438 3832 4507 pecoris,

2164 4505 2213 4566 Ῑ)
2239 4530 2346 4585 alia
2375 4547 2499 4585 caro
2527 4505 2840 4595 uolatilium,
2859 4528 2967 4583 alia
2991 4545 3116 4583 caro
3142 4528 3363 4598 piscium
3389 4525 3443 4597 (I
3474 4505 3697 4593 εστίν,
3724 4528 3829 4595 π).

2239 4620 2374 4677 Cum
2403 4637 2471 4677 cx
2496 4621 2684 4676 eadem
2718 4635 2895 4676 massa
2924 4620 3103 4675 omnis
3135 4633 3265 4675 caro
3304 4619 3399 4684 sit,
3430 4622 3584 4674 unde
3616 4629 3678 4676 et
3704 4634 3831 4690 quo-

2162 4758 2168 4765 .
2238 4712 2399 4768 modo
2446 4711 2499 4765 in
2546 4711 2630 4767 his
2679 4719 2826 4765 tanta
2874 4710 3158 4765 diversitas
3190 4718 3295 4776 est,
3324 4716 3384 4762 ut
3428 4724 3541 4764 una
3588 4710 3827 4780 impensa

2240 4801 2443 4858 faceret
2464 4817 2661 4873 genera
2685 4802 2935 4859 diversa?
2960 4802 3152 4857 Dicant
3172 4817 3317 4857 nunc
3335 4802 3602 4873 sophista
3622 4800 3825 4859 mundi.

2240 4903 2295 4951 et
2314 4904 2647 4951 scrutatores
2673 4894 2908 4951 siderum
2935 4895 2981 4949 si
3009 4895 3191 4950 valent
3218 4894 3692 4964 comprehendere
3714 4906 3829 4963 qu

2241 4996 2397 5043 extra
2445 5002 2503 5043 se
2547 4995 2708 5052 sunt,
2745 5001 2868 5042 cum
2916 4986 3045 5056 quid
3102 4987 3243 5042 intra
3295 5001 3356 5041 se
3398 4986 3503 5050 sit,
3558 4985 3827 5042 nesciant.

2242 5079 2483 5151 Denique
2532 5094 2723 5135 omnes
2770 5079 3027 5135 mundani
3077 5077 3406 5149 philosophi,
3449 5079 3547 5148 qui
3595 5086 3831 5133 mentea

2242 5186 2396 5227 suam
2430 5170 2533 5241 legi
2568 5170 2663 5226 Dei
2696 5169 3003 5236 humiliare,
3034 5179 3095 5224 ut
3129 5169 3289 5225 tidem
3317 5166 3436 5237 ejus
3463 5170 3829 5239 susciperes,

2242 5264 2551 5329 noluerunt,
2587 5264 2798 5319 diversa
2828 5278 3043 5334 semper
3087 5273 3144 5320 et
3180 5262 3454 5318 contraria
3492 5272 3828 5322 asserentes,

2245 5357 2577 5412 inanissimis
2596 5357 3047 5427 disputationibus
3080 5356 3310 5412 invicem
3339 5371 3399 5411 se
3425 5355 3828 5419 confuderunt;

2242 5453 2367 5522 quia
2417 5452 2470 5506 in
2521 5449 2670 5506 nullo
2718 5450 2911 5505 horum
2961 5449 3260 5506 testificata:
3310 5448 3559 5504 veritatis
3610 5449 3829 5521 sign-tl

2242 5545 2478 5615 agnimm
2505 5551 2607 5609 est,
2632 5543 2776 5613 quod
2803 5551 2928 5598 ante
2952 5542 3183 5614 positum
3209 5540 3388 5598 verbis
3414 5544 3829 5597 commendaret

2239 5635 2563 5701 doctrinam,
2591 5634 2731 5688 sicut
2764 5642 2819 5689 et
2847 5634 2988 5689 Deus
3009 5634 3249 5690 decrevit
3276 5632 3577 5704 disciplina:
3602 5642 3825 5691 nostrae,

2237 5744 2356 5783 uita:
2402 5744 2505 5783 non
2549 5725 3028 5855 verbis\urobatur
3068 5725 3160 5781 sed
3178 5723 3412 5789 virtute,
3438 5723 3522 5778 cui
3552 5738 3660 5777 non
3692 5736 3819 5792 pos
