3974 6344
195 331 318 390 ιδιι

1039 335 1128 390 DE
1165 335 1836 392 PRIEDESTINATIONE
1875 335 2154 394 CONTRA
2191 338 2242 394 J.
2283 337 2578 396 SCOTUM.

3301 343 3440 402 1542

191 457 310 506 sunt
351 447 516 506 verba
551 447 840 504 resistere.
877 447 1338 516 Quemadmodum
1381 465 1510 520 ergo
1545 465 1612 504 ex
1657 465 1760 504 una
1789 451 1836 510 Α
1863 463 1928 504 ea
1983 451 2288 508 conditione
2347 455 2568 508 minime
2621 453 2932 510 obsistimus
2981 459 3174 524 asseri,
3213 473 3322 528 qua
3367 461 3436 516 ab

191 541 424 612 impensa
465 541 676 596 diversa
713 539 1066 596 animantium
1101 556 1227 596 caro
1251 551 1368 606 est;
1397 541 1468 596 ita
1505 551 1560 596 et
1597 541 1760 598 unius

191 631 362 686 carnis
383 631 628 688 homines
649 631 844 686 diversi
865 639 1023 686 erunt
1041 631 1298 702 dignitate
1327 632 1380 686 in
1403 633 1758 688 resurrectio-

191 731 348 794 ne,_ut
363 721 482 778 talis
494 723 860 794 unusquisque
879 733 1138 794 appareat
1157 723 1330 792 qualis
1349 723 1512 778 fuerit
1531 721 1756 794 meriti.]

259 817 298 886 -ι-
339 815 407 870 Et
447 823 562 886 pos'
617 815 888 887 paululum
931 813 1248 870 Ambrosius
1283 815 1418 886 (xv,
1451 815 1552 886 42)
1593 833 1608 870 :
1657 815 1760 870 Te-

191 905 336 962 tricis
361 915 540 962 autem
572 907 760 974 stellis,
789 915 844 962 et
879 907 1120 962 omnium
1149 907 1476 974 novissimis,
1521 908 1758 978 perﬁdo-

191 1015 304 1054 rum
347 999 674 1054 resurrectio
719 999 911 1056 similis
949 1007 1062 1066 est;
1107 999 1234 1070 quia
1279 1014 1518 1056 errorem
1563 999 1756 1064 secuti,

193 1087 356 1146 stellis
385 1089 440 1144 in
464 1105 704 1146 errorem
725 1089 1042 1146 ducentibus
1067 1091 1416 1160 comparandi
1437 1099 1580 1146 sunt.
1609 1089 1760 1146 Sicut

191 1181 316 1238 dicit
341 1179 508 1238 Judas
531 1183 803 1252 apostolus
841 1183 896 1238 in
929 1183 1162 1254 Epistula
1189 1198 1286 1238 sua
1317 1182 1470 1258 (Iud.
1501 1183 1644 1254 xm).
1671 1184 1758 1238 ln-

191 1271 414 1328 ﬁdelitas
463 1275 606 1328 enim
665 1291 772 1330 non
821 1282 998 1346 potest
1051 1275 1252 1330 claram
1303 1276 1758 1332 resurrectionem

189 1363 416 1430 habere;
447 1363 574 1434 quia
609 1363 750 1420 sicut
775 1365 939 1421 carbo
975 1365 1160 1420 cinere
1205 1381 1305 1420 suo
1343 1375 1630 1436 coopertus
1657 1364 1754 1420 o‘b-

189 1464 436 1521 caecatur,
471 1455 542 1510 ita
567 1464 626 1512 et
653 1455 708 1512 bi
741 1457 964 1526 perﬁdia
1003 1471 1102 1512 sua
1143 1457 1344 1514 erroris
1383 1457 1620 1514 tenebris
1645 1457 1759 1512 cir-

187 1545 418 1600 cumdati
447 1545 566 1602 luce
599 1547 880 1604 carebunt.

785 1657 1142 1714 EPILOGUS.

583 1747 662 1804 De
689 1747 866 1803 divina
889 1749 1366 1820 prwdestinatione.

253 1857 506 1930 Epilogus
535 1873 698 1930 porro
735 1867 858 1914 tuus
903 1859 1175 1914 vicenario
1217 1859 1436 1916 tandem
1471 1861 1756 1918 conclusus

187 1965 410 2006 numero
447 1949 840 2007 confessionem
875 1961 982 2006 tute
1021 1951 1144 2006 ﬁdei
1185 1953 1467 2008 continens
1507 1955 1574 2009 ab
1611 1955 1756 2009 omni

185 2057 320 2114 pene
357 2043 747 2100 catholicorum
791 2043 1122 2111 sinceritate,
1153 2053 1209 2100 et
1243 2045 1478 2116 puritate
1522 2047 1756 2104 secludi-

187 2141 288 2188 tur.
315 2133 554 2188 Dicendo
583 2133 780 2204 quippe
808 2147 824 2188 :

732 2261 959 2304 JOANNES
997 2263 1216 2306 SCOTUS.

255 2361 433 2433 (Num.
465 2363 518 2430 l,
541 2370 674 2418 sect.
709 2363 780 2434 l.)
819 2373 872 2431 6
901 2363 1032 2428 Qua:
1059 2381 1174 2418 cum
1205 2365 1278 2420 ita
1303 2367 1430 2432 sint,
1457 2382 1572 2422 ecce
1595 2383 1758 2420 unum

185 2451 352 2506 Deum
381 2451 514 2506 colo.

813 2559 1132 2600 CORRECTIO.

253 2656 294 2724 οἶα
331 2653 476 2710 Satis
499 2663 790 2725 aperteque
819 2655 1156 2710 demonstras
1185 2663 1372 2710 tenon
1405 2655 1560 2710 aliter
1590 2657 1760 2712 Deum

181 2745 382 2810 colere,
413 2747 514 2800 nisi
563 2753 638 2800 tot
685 2747 956 2816 tantisque
1005 2746 1330 2810 mendaciis,
1375 2748 1484 2802 imo
1511 2747 1760 2819 blasphe—

181 2834 308 2890 miis
333 2847 454 2888 eum
485 2835 748 2900 incessus,
777 2851 806 2888 a
835 2835 1028 2904 quibus
1059 2835 1146 2890 ille
1171 2837 1494 2892 omnimodis
1521 2841 1760 2894 noscitur

181 2925 410 2992 alienus,
449 2941 512 2978 ac
559 2941 656 2995 per
703 2927 804 2982 hoc
839 2941 940 2982 nec
969 2929 1234 2982 veraciter
1259 2929 1442 2986 colore
1469 2931 1757 2986 convince-

181 3014 278 3078 ris,
295 3029 452 3084 quem
473 3023 552 3068 tot
565 3015 860 3084 pltantasiis
885 3017 1196 3072 insimulare
1219 3033 1326 3072 non
1351 3021 1564 3076 metuis.
1583 3021 1760 3088 Quod-

179 3119 286 3176 que
331 3105 596 3178 adjungis,
625 3123 784 3178 quem
819 3123 984 3164 unum
1013 3109 1182 3166 Deum
1209 3119 1260 3166 te
1287 3111 1468 3168 colere
1495 3113 1754 3169 fatearis:

731 3237 957 3278 JOANNES
993 3237 1208 3278 SCOTUS.

255 3331 414 3403 (Epil.
461 3349 516 3386 n.
549 3331 604 3398 2,
635 3342 765 3388 sect.
805 3333 876 3404 l.)
915 3343 955 3388 Θ
997 3331 1188 3400 Unum,
1229 3335 1498 3406 inquiens,
1529 3337 1760 3392 omnium

177 3423 514 3492 principium,
541 3433 586 3476 et
617 3423 947 3492 sapientiam,
975 3441 1078 3494 qua
1108 3427 1314 3495 sapiens
1339 3437 1412 3480 est
1441 3445 1762 3500 qurecunque

179 3517 360 3568 anima
381 3517 584 3585 sapiens
605 3525 698 3581 est,
715 3525 760 3569 et
781 3519 950 3586 ipsum
973 3533 1180 3582 mimus,
1195 3535 1296 3588 quo
1313 3519 1460 3574 beata
1483 3533 1600 3576 sunt
1619 3537 1762 3594 qua!-

179 3611 384 3677 cunque
411 3607 562 3660 beata
589 3616 728 3660 sunt.

807 3717 1124 3758 CORRECTIO.

254 3815 294 3887 ἰ-
331 3815 722 3886 Amplectimur
747 3817 1184 3888 congratulantes
1211 3833 1354 3874 verre
1378 3819 1762 3888 catholicaeque

181 3905 330 3972 ﬁdei,
348 3923 450 3976 qua
465 3915 692 3974 sanctae,
722 3923 944 3962 summa:
973 3915 1134 3978 atque
1165 3909 1452 3964 individua:
1481 3909 1762 3962 Trinitatis

182 3999 490 4066 veritatem,
532 4007 587 4054 et
629 4000 886 4052 unitatem
935 3999 1218 4069 praedicari
1260 4001 1666 4070 cognoscimus;
1693 4001 1760 4072 _si

186 4099 368 4146 tamen
399 4091 616 4146 nomine
643 4091 892 4160 principii
921 4105 1028 4146 non
1057 4091 1198 4145 aliud
1227 4091 1446 4146 latebrte
1471 4091 1544 4146 tui
1575 4099 1761 4160 pecto—

183 4186 284 4250 ris,
315 4201 474 4254 quam
523 4183 838 4240 orthodoxa:
881 4183 1002 4238 ﬁdei
1047 4183 1250 4238 sanitas
1295 4185 1574 4238 continent
1609 4203 1620 4238 :
1653 4199 1761 4238 non

185 4277 332 4330 enim
363 4277 536 4330 elucet
559 4289 788 4345 quorum
833 4275 1072 4330 omnium
1107 4291 1272 4330 unum
1315 4277 1634 4346 principium
1661 4275 1762 4330 Pa-

187 4375 328 4420 trem
361 4365 572 4420 Domini
603 4365 770 4420 nostri
801 4363 928 4420 Jcsu
957 4365 1156 4420 Christi
1193 4365 1418 4432 dixeris,
1455 4377 1762 4422 utrumnam

1781 1795 1832 1854 B

1859 542 1978 612 ipso
2037 559 2162 598 eum
2219 547 2510 616 procedere
2563 547 2860 614 credimus,
2915 555 2972 604 et
3023 547 3374 620 praedicamus
3417 567 3432 606 :

1861 643 2038 688 utrum
2101 649 2232 690 sane
2289 637 2372 690 sui
2425 637 2586 692 etiam
2653 639 2976 708 principium
3031 639 3140 694 dici
3199 640 3434 708 debeat,

1858 725 2054 780 viderit
2079 727 2384 798 quicunque
2413 727 2540 782 talia
2569 729 2636 784 de
2663 743 2728 784 eo
2753 731 2954 786 sentire
2989 731 3140 798 velit,
3179 747 3298 800 quae
3335 747 3438 788 nec

1861 815 2040 870 divina
2093 815 2306 886 eloquia
2359 821 2668 886 continent,
2725 837 2902 892 neque
2965 825 3104 880 ratio
3165 825 3436 882 ullatenus

1859 909 2163 978 persuadet.
2207 909 2358 968 Unde
2399 913 2654 981 quoniam
2685 915 2812 983 quid
2847 916 3012 970 omnis
3041 916 3438 988 signiﬁcatione

1859 1000 2096 1054 senseris
2143 1001 2368 1056 minime
2412 1011 2582 1072 patet,
2623 1003 2974 1076 incongruum
3019 1009 3088 1062 de
3115 1021 3182 1062 eo
3209 1005 3440 1062 ulterius

1859 1089 2108 1146 duximus
2146 1093 2545 1162 disputandum,
2577 1111 2644 1150 ne
2671 1097 2734 1151 de
2771 1097 2994 1152 incertis
3029 1099 3186 1168 quasi
3227 1107 3438 1154 eertum

1859 1180 2058 1250 aliquid
2097 1184 2324 1240 deﬁnire
2361 1187 2860 1256 reprehensibiliter
2899 1187 3290 1256 iudicaremur,
3340 1189 3436 1246 sed

1859 1274 2000 1342 quod
2029 1275 2382 1332 continuatim
2418 1279 2664 1350 adjungis
2693 1299 2706 1334 :

2410 1403 2636 1444 JOANNES
2673 1403 2892 1446 SCOTUS.

1930 1499 2088 1572 (Epil.
2117 1517 2172 1555 η.
2205 1501 2258 1566 5,
2291 1511 2423 1557 sect.
2463 1503 2540 1572 l.)
2578 1511 2620 1558 6
2651 1501 2718 1556 Et
2757 1503 2872 1572 ejus
2919 1519 3112 1568 unum,
3152 1511 3202 1556 et
3247 1502 3436 1567 solam,

1857 1609 2033 1648 ueram
2071 1593 2574 1662 praedestinationem
2615 1593 2884 1662 proﬁteor,
2907 1610 3026 1664 qua:
3061 1603 3136 1648 est
3165 1591 3306 1664 quod
3331 1593 3438 1664 ipse

1857 1693 1954 1752 est,
1979 1687 2102 1758 quia
2128 1685 2211 1742 lex
2231 1689 2344 1756 ejus
2369 1697 2562 1742 a’terna
2587 1697 2636 1742 et
2663 1687 3098 1750 incommutabilis
3127 1699 3226 1743 est.

2481 1813 2800 1854 εοΒιιεοτιο.

1927 1907 1968 1978 1-
2005 1907 2403 1964 Detestabilitcr
2441 1923 2806 1972 exsecramur,
2851 1911 3104 1980 quoniam
3153 1909 3438 1966 relativum

1857 1996 1978 2066 ejus
1997 2013 2270 2068 nunquam
2301 1999 2502 2068 poterit
2525 1999 2668 2056 illius
2693 2015 2810 2056 esse
2841 2001 3232 2056 substantivum
3253 2019 3266 2056 :
3291 2003 3438 2058 aliud

1857 2089 2056 2164 quippe
2075 2099 2156 2144 est
2179 2090 2582 2158 praedestinare,
2609 2091 2754 2144 aliud
2775 2107 2924 2154 esse;
2951 2091 3056 2148 hoc
3079 2092 3436 2158 substantive,

1859 2177 1990 2234 illud
2015 2179 2256 2234 relative.
2287 2179 2420 2234 Item
2447 2180 2676 2236 dicendo
2705 2198 2718 2236 :

2401 2309 2628 2350 JOA‘XNES
2665 2309 2882 2351 SCOTUS.

1931 2413 2088 2484 (Epil.
2123 2429 2178 2466 η.
2210 2413 2262 2476 4,
2287 2411 2518 2484 sect.l.)
2559 2423 2598 2468 Θ
2639 2411 2770 2478 Qum
2817 2414 2950 2466 sicut
3001 2413 3256 2465 neminem
3303 2428 3440 2480 pra:-

1859 2503 2134 2556 destinavit
2158 2503 2226 2556 ad
2265 2502 2548 2568 malitiam,
2585 2505 2706 2574 quia
2748 2503 2880 2556 bona
2923 2513 3016 2566 est,
3065 2501 3140 2552 ita
3181 2503 3437 2554 neminem

1859 2591 2244 2662 pra‘destinavit
2275 2593 2342 2645 ad
2367 2593 2653 2658 interitum,
2684 2593 2806 2662 quia
2833 2596 2932 2647 rita
2961 2603 3060 2660 est,
3091 2603 3137 2648 et
3167 2593 3434 2660 reflexim:

1859 2683 1991 2738 sicut
2031 2683 2162 2736 nulli
2212 2683 2352 2738 malo
2403 2685 2788 2754 pra‘destinaeit
2821 2685 3094 2748 malitiam,
3141 2701 3256 2754 qua:
3305 2683 3440 2736 inte-

1861 2775 1992 2829 ritus
2019 2787 2114 2838 est,
2147 2777 2222 2828 ita
2249 2775 2380 2829 nulli
2409 2777 2548 2830 malo
2573 2777 2954 2846 prcedestinat'it
2991 2777 3280 2838 interitum,
3313 2775 3438 2844 quia

1861 2867 2062 2920 malitia
2112 2877 2204 2920 est.
2259 2867 2408 2920 Nulli
2453 2885 2672 2938 namque
2743 2867 3011 2922 Catholica
3057 2869 3176 2922 licet
3231 2869 3442 2922 credere

1860 2976 2122 3014 summam
2147 2959 2450 3026 bonitatem,
2483 2977 2546 3014 ea:
2581 2977 2684 3032 qua
2731 2969 2806 3014 est
2855 2977 3002 3013 omne
3047 2959 3258 3024 bonum,
3303 2973 3438 3028 prte-

1861 3051 2150 3104 destinasse
2171 3050 2330 3104 alicui
2355 3049 2584 3122 aliquant
2611 3049 2888 3116 malitiam,
2911 3059 2956 3104 et
2977 3065 3232 3103 sunnnam
3257 3049 3436 3112 vitam,

1785 3157 1830 3218 ο
1861 3160 1925 3196 ex
1951 3160 2078 3212 qua,
2115 3153 2160 3196 et
2195 3144 2246 3196 in
2277 3159 2400 3214 qua,
2437 3153 2482 3196 et
2507 3159 2600 3212 per
2623 3159 2800 3214 quam,
2831 3143 3004 3196 omnia
3043 3143 3238 3206 vivunt,
3277 3141 3438 3194 alicui

1861 3233 2259 3305 pra-destinasse
2307 3235 2594 3298 interitum,
2635 3231 2708 3286 vel
2735 3249 2942 3302 primum
2989 3249 3007 3286 :
3053 3233 3261 3304 quando
3295 3247 3356 3284 nc
3381 3229 3436 3284 id

1861 3327 2090 3398 quidem,
2117 3325 2256 3396 quod
2283 3342 2336 3378 se
2364 3323 2578 3378 invicem
2605 3323 2795 3394 perdit,
2819 3323 2986 3394 perire
3009 3321 3282 3392 permittit.

2487 3469 2808 3508 εοιιιιεοτιο.

1931 3571 1970 3643 ’1-
1997 3569 2342 3625 Venenomm
2391 3575 2607 3620 tuorum
2661 3561 2996 3634 purulentias
3037 3559 3204 3622 elilas,
3241 3557 3438 3626 quibus

1861 3659 2326 3732 impudentissime
2363 3655 2574 3710 veritati
2627 3661 2788 3722 atque
2831 3649 3136 3704 auctoritati
3187 3659 3294 3700 tam
3341 3655 3434 3700 3a-

1859 3767 2080 3808 crarum
2135 3750 2460 3812 litterarum,
2501 3759 2664 3814 quam
2715 3742 3026 3798 earumdem
3081 3745 3436 3792 tractatorum

1863 3843 2100 3898 ﬁdelium
2147 3841 2462 3908 obstrepere
2507 3835 2808 3890 nullatenus
2853 3831 3146 3887 erubescis.
3195 3829 3436 3884 Dicimus

1863 3933 2044 4002 itaque
2065 3943 2328 3986 summam
2355 3927 2672 3991 bonitatem,
2687 3937 3060 3991 summamque
3079 3919 3244 3974 vitam
3269 3919 3436 3972 Deum

1863 4023 2064 4078 nullum
2096 4021 2164 4074 ad
2190 4019 2474 4082 malitiam,
2497 4015 2552 4070 id
2579 4025 2662 4070 est
2685 4021 2960 4084 peccatum
2985 4009 3432 4082 praedestinasse;

1863 4129 2034 4182 neque
2055 4111 2140 4166 vel
2165 4107 2518 4180 praesciendo,
2545 4105 2628 4160 vel
2651 4101 3016 4174 praevideudo,
3040 4099 3122 4154 vel
3161 4091 3436 4167 prmdest’i-

1865 4205 2042 4260 nando
2089 4201 2436 4270 compulisse,
2463 4207 2554 4253 aut
2579 4195 2958 4252 necessitatem
3009 4192 3258 4260 cuiquam
3299 4187 3436 4240 ulla-

1865 4303 2019 4350 tenus
2044 4293 2290 4348 intulisse
2324 4309 2336 4344 :
2369 4291 2464 4344 sed
2510 4284 2884 4358 peccatoribus
2905 4297 3141 4352 poenam,
3189 4291 3346 4348 quam
3383 4283 3438 4328 tu

1865 4387 2114 4441 interitus
2153 4392 2208 4440 et
2235 4381 2454 4437 malitia:
2475 4377 2746 4434 vocabulis
2758 4375 2980 4430 denotas
3001 4371 3434 4442 praedestinasse,

185 4467 494 4512 creaturam
539 4457 802 4524 omnium,
852 4472 920 4510 ³η
965 4465 1022 4512 ει
1066 4455 1186 4512 Filii
1217 4467 1270 4512 ει
1295 4457 1528 4528 Spiritus
1565 4459 1760 4526 sane“:
1791 4505 1840 4564 Ι)
1869 4479 1992 4548 quia
2013 4475 2214 4545 justum
2249 4483 2334 4530 est
2379 4493 2392 4526 ε
2425 4479 2480 4526 et
2507 4477 2820 4540 peccatores
2873 4465 3083 4520 meritis
3137 4459 3435 4531 suppliciis,

187 4563 328 4620 quos
353 4549 650 4618 sapientiae,
683 4547 1030 4618 munerisque
1055 4549 1326 4603 vocabulis
1359 4549 1629 4618 appellare
1669 4565 1762 4606 vo-

185 4641 356 4704 luisti,
385 4657 452 4694 au
479 4641 640 4694 etiam
664 4641 746 4694 sui
777 4639 980 4710 ipsius:
1009 4641 1264 4708 quoniam
1291 4641 1494 4712 absque
1535 4643 1638 4698 ulla
1669 4659 1762 4700 ex-

187 4731 440 4798 ceptione
461 4729 686 4784 dicendo
707 4729 970 4796 omnium,
995 4731 1128 4784 nibil
1151 4741 1544 4801 sequestratum
1565 4735 1764 4790 videris

191 4819 418 4891 intelligi
465 4819 748 4876 voluisse:
785 4837 910 4875 nam
955 4823 1192 4876 omnium
1243 4833 1614 4880 creaturarum
1657 4841 1762 4882 non

189 4911 368 4966 solum
415 4911 660 4976 Patrem,
713 4927 814 4967 nec
867 4911 1040 4967 solum
1093 4913 1316 4978 Filium,
1365 4929 1538 4984 neque
1591 4915 1762 4970 solum

193 4999 456 5072 Spiritum
489 5011 758 5068 sanctum,
781 5002 876 5058 sed
917 5002 1076 5058 simul
1117 5003 1332 5059 Patrem
1375 5013 1432 5060 et
1473 5005 1664 5060 Filium
1711 5015 1768 5062 et

193 5092 456 5162 Spiritum
483 5101 728 5148 sanctum
757 5093 810 5148 in
841 5093 1012 5148 tribus
1037 5093 1300 5164 personis,
1331 5109 1546 5164 unaque
1584 5111 1766 5150 essen-

195 5185 304 5250 tia,
337 5183 644 5252 majestate,
677 5193 962 5254 potestate,
993 5185 1286 5250 voluntate,
1316 5185 1767 5240 incommutabili-

193 5281 326 5338 tate,
348 5275 646 5328 aiternitatc
679 5291 840 5328 unum
875 5273 1070 5340 solum,
1093 5283 1148 5330 ct
1175 5289 1362 5330 verum
1385 5275 1552 5330 Deum
1577 5285 1766 5332 aucto-

195 5381 312 5420 rem
351 5363 808 5436 conditoremque,
841 5381 902 5422 ac
949 5381 1046 5436 per
1081 5367 1182 5422 hoc
1233 5383 1398 5422 unum
1447 5369 1766 5439 principium

197 5457 304 5512 tide
351 5455 670 5528 infatigabili
719 5466 880 5528 atque
923 5457 1244 5514 immutabili
1289 5459 1630 5516 conﬁtemur.
1671 5460 1770 5514 Pa-

197 5553 338 5602 trem
379 5561 508 5602 vero
549 5547 672 5604 Filii
719 5549 1040 5620 principium
1087 5565 1152 5604 eo
1187 5551 1344 5605 modo
1389 5551 1618 5606 dicimus
1665 5568 1771 5606 non

197 5639 362 5694 abuui
410 5657 518 5712 quo
565 5639 686 5695 Filii
737 5641 1066 5710 genitorem,
1115 5657 1222 5696 non
1269 5651 1532 5698 creatura:
1589 5645 1774 5700 condi-

201 5741 376 5790 torem
427 5733 678 5790 fatemur.
723 5733 953 5806 Spiritus
1009 5734 1172 5790 ctiam
1227 5735 1396 5790 sancti
1453 5735 1770 5806 principium

1867 4546 1992 4641 quia
2015 4569 2188 4638 justus
2231 4575 2316 4622 est
2357 4579 2372 4620 :
2403 4563 2650 4634 quamvis
2679 4561 2822 4615 enim
2851 4573 3010 4628 pruna
3053 4553 3322 4624 quaelibet,
3349 4546 3440 4641 vel

1873 4637 2214 4730 temporalis,
2255 4658 2336 4712 vel
2379 4666 2578 4711 aeterna
2631 4653 2886 4722 mquitate
2931 4637 3440 4730 omnipotentissimi

1867 4729 2072 4810 iudicis
2119 4751 2448 4806 merentibus
2495 4749 2728 4817 irrogata
2779 4741 3004 4814 patienti
3043 4737 3234 4805 cuique
3277 4729 3462 4795 mala...

1869 4847 1951 4902 vel
1983 4845 2186 4900 malitia
2213 4843 2483 4906 videatur,
2512 4841 2636 4910 quia
2669 4849 2848 4892 tamen
2890 4851 2920 4888 a
2961 4845 3172 4888 summo
3199 4828 3356 4890 bono,
3387 4833 3444 4880 et
3509 4841 3514 4846 '

1871 4951 2078 4996 summe
2099 4935 2246 5004 justo
2265 4943 2370 4999 est,
2411 4931 2654 5002 profecto
2701 4938 2756 4984 et
2799 4927 2966 4996 justa,
3019 4931 3076 4978 et
3124 4923 3262 4975 bona
3309 4923 3438 4973 est:

1869 5046 2034 5102 porro
2061 5029 2203 5100 quod
2231 5027 2476 5082 adnectis
2503 5043 2516 5079 :

2409 5171 2636 5214 JOANNES
2669 5169 2889 5212 SCOTUS.

1941 5271 2104 5342 (Epil.
2137 5287 2192 5326 ιι.
2225 5271 2278 5336 5,
2307 5287 2361 5326 η.
2401 5271 2480 5342 2.)
2503 5277 2544 5324 6
2569 5265 2798 5320 Proinde
2825 5281 2944 5319 cum
2977 5261 3138 5316 audio
3185 5257 3444 5330 pra'dica-

1876 5373 2010 5420 tores
2035 5375 2172 5430 tuos,
2203 5383 2232 5418 ο
2279 5363 2574 5418 beatissima
2613 5359 2840 5424 Veritas,
2883 5359 2990 5412 vita
3033 5355 3262 5410 omnium
3311 5367 3448 5406 com-

1877 5457 2072 5522 munis,
2117 5459 2344 5510 dicentes
2391 5465 2438 5508 te
2495 5453 2892 5524 pra’destinasse
2941 5451 3128 5520 impios
3169 5447 3238 5502 ad
3265 5445 3450 5500 interi-

1877 5561 2008 5614 tum,
2039 5559 2128 5604 aut
2151 5549 2418 5602 interitum
2443 5549 2636 5618 impiis,
2663 5547 2908 5600 continuo
2933 5545 3078 5600 video
3105 5553 3152 5598 te
3175 5539 3434 5614 pra'desti-

1879 5657 2048 5706 nasse,
2081 5640 2132 5694 id
2157 5649 2254 5704 est,
2283 5651 2404 5694 ante
2429 5639 2624 5694 swcula
2663 5639 2906 5708 deﬁnisse
2955 5643 3094 5692 intra
3149 5637 3280 5704 leges
3327 5641 3446 5688 tuas

1879 5731 2324 5788 incommutabilcs
2365 5743 2560 5788 certum
2595 5749 2866 5788 numerum
2899 5747 3100 5794 eorum,
3135 5731 3222 5800 qui
3257 5730 3308 5784 in
3347 5743 3446 5782 sua
