3974 6344
499 314 637 371 1545

1490 299 1548 355 S.
1590 294 1965 358 PRUDENTII
2002 292 2383 354 TRECENSIS
2420 287 2729 348 EPISCOPI

3632 276 3779 332 i3”

497 428 760 497 impietate
785 422 964 495 (quam
990 428 1275 489 nunquam,
1299 423 1346 469 et
1384 429 1642 484 nusquam
1668 406 2071 497 prtedestinasti)
2102 413 2148 470 Α
2181 414 2289 470 tur,
2323 405 2417 474 qui
2459 404 2747 497 mittuntur
2771 402 2824 497 in
2838 402 3126 497 caminum
3157 398 3319 473 ignis,
3347 411 3462 469 quo
3488 403 3783 497 pectore-

500 495 765 571 interituri
808 520 999 573 essent,
1045 510 1183 580 quod
1211 505 1316 560 alio
1347 503 1502 557 modo
1536 502 1648 585 dici
1690 508 1875 570 potest.
1927 495 2075 552 Prte-

502 606 795 668 destinasti,
816 603 1059 663 Domine,
1086 601 1141 653 in
1170 588 1262 651 tua
1285 594 1632 666 prwscientia,
1662 608 1780 664 qua:
1811 589 1930 662 {alii
1963 606 2079 643 mu-

504 698 708 767 tarique
728 711 833 749 non
855 701 1039 763 potest,
1068 702 1340 742 numerum
1366 684 1577 738 illorum
1614 683 1705 754 qui
1752 696 1863 736 sua:
1900 679 2082 749 impie-

2175 494 2344 564 linqui
2372 492 2648 564 aseipsis
2676 490 2855 561 puniri
2885 489 3096 546 dicendi
3142 495 3288 553 sunt,
3340 503 3470 545 cum
3523 484 3602 539 ad
3658 483 3786 539 hec

2175 585 2355 642 omnia
2381 584 2550 648 inviti,
2580 583 2933 652 nolentesque
2961 582 3028 636 ab
3052 580 3174 635 aliis
3197 579 3634 651 pertrahantur.

2248 676 2486 732 Dicimus
2524 675 2704 745 itaque
2732 689 2762 728 a
2796 675 2907 730 Deo
2951 673 3245 731 secundum
3302 669 3640 742 Scriptores
3666 667 3789 736 ejus

505 756 634 840 tatis
655 794 703 839 et
727 756 951 854 pten'am‘,
985 788 1033 833 et
1071 777 1339 831 interitum
1369 771 1722 843 prteparaturi
1755 778 1944 834 essent,
1978 783 2079 820 non
2180 768 2343 834 mala,
2374 767 2426 821 id
2453 774 2536 821 est
2561 778 2775 837 poenas,
2804 772 2965 832 atque
3010 761 3295 834 supplicia,
3327 775 3395 815 ne
3437 774 3572 814 cum
3614 756 3786 812 Colo-

450 848 469 889 \
507 880 565 931 in
605 874 679 929 eis
703 848 840 945 quod
873 869 1041 939 fecisti
1073 866 1388 938 puniturus,
1433 862 1524 918 sed
1562 862 1616 917 in
1667 863 1763 927 eis,
1803 859 1940 932 quod
1979 874 2083 913 non

510 965 702 1043 fecisti,
731 962 908 1035 puniri
936 958 1238 1015 relicturus.
1332 992 1337 997 η

1133 1100 1451 1151 connscrto.

584 1236 624 1304 οἶ·
652 1231 771 1289 Νοιι
822 1230 1001 1285 minus
1046 1227 1269 1298 impium
1319 1240 1481 1295 quam
1518 1223 1727 1279 fatuum
1764 1221 2084 1292 iudicatur:

513 1340 622 1379 non
656 1323 803 1377 enim
846 1319 1231 1391 praedicatores
1279 1316 1524 1373 veritatis
1571 1313 1779 1379 dicunt,
1824 1311 1968 1383 quod
1995 1326 2090 1367 eos

516 1415 697 1468 dicere
725 1411 1010 1482 contingis,
1062 1410 1157 1464 sed
1198 1408 1385 1482 dicunt
1428 1407 1711 1462 veraciter,
1751 1413 1805 1460 et
1860 1402 2092 1461 ﬁdeliter

520 1505 710 1568 Deum,
738 1502 878 1557 sicut
899 1499 1221 1571 supplicium
1252 1498 1650 1569 peccatoribus,
1682 1497 1754 1552 ita
1781 1503 2094 1573 peccatores

518 1591 801 1661 suppliciis
840 1589 1141 1645 destinasse
1175 1606 1188 1643 :
1217 1588 1473 1659 quoniam
1501 1587 1724 1659 iustitiae
1754 1586 1895 1641 illius
1938 1584 2094 1639 indu-

542 1684 755 1737 titanter
776 1679 1052 1751 competit,
1100 1680 1243 1751 quod
1267 1688 1319 1734 et
1347 1694 1510 1734 verax
1554 1677 1830 1748 Scriptura
1854 1676 2089 1731 clamat:

2183 860 2342 915 tianis
2378 857 2645 914 haereticis
2671 857 3012 922 damnamur,
3041 856 3130 925 qui
3163 854 3413 910 dicentes
3449 851 3638 905 Deum
3682 864 3790 901 non

2183 953 2361 1008 facere
2402 951 2544 1007 mala
2587 958 2773 1006 contra
2811 942 2956 1005 illud~
2989 949 3135 1021 quod
3176 947 3441 1018 scriptum
3488 953 3627 999 est:
3678 941 3791 1012 Ego

2183 1044 2441 1099 Dominus
2467 1056 2649 1097 creans
2672 1039 2813 1094 mala
2835 1039 2970 1111 (Isa.
3003 1055 3125 1105 χιχ,
3146 1038 3225 1110 7),
3247 1040 3315 1094 ab
3347 1034 3609 1091 Ecclesia
3636 1033 3791 1086 dam-

2185 1133 2296 1189 nati
2363 1141 2524 1203 atque
2571 1131 2778 1203 expulsi
2823 1138 2969 1186 sunt.
3018 1129 3251 1184 Rursum
3308 1128 3555 1182 dicimus
3587 1142 3626 1177 α
3687 1121 3795 1176 Deo

2188 1222 2481 1279 secundum
2514 1221 2821 1293 Scripturas
2849 1220 2968 1291 ejus
2989 1236 3090 1274 non
3123 1234 3232 1273 esse
3258 1216 3428 1279 mata,
3462 1215 3517 1269 id
3548 1220 3647 1268 est
3672 1228 3797 1282 pee-

2168 1324 2311 1371 ‘cala
2348 1314 2430 1369 vel
2458 1312 2628 1369 malas
2672 1320 2913 1377 naturas,
2945 1326 3011 1365 ne
3045 1324 3165 1365 cum
3218 1306 3560 1363 Florimanis
3618 1305 3795 1359 btre-

2193 1409 2313 1463 ticis
2340 1408 2409 1462 ab
2438 1406 2692 1462 Ecclesiae
2740 1405 2948 1460 unitate
2979 1403 3261 1473 pellantur.
3290 1400 3394 1468 Qui
3445 1415 3479 1452 a
3507 1397 3798 1454 contrario

2193 1498 2443 1553 dixerunt
2472 1497 2639 1551 Deum
2668 1509 2884 1550 creasse
2917 1494 3071 1557 mala,
3106 1501 3294 1548 contra
3339 1492 3392 1547 id
3448 1489 3611 1561 quod
3660 1490 3797 1544 seri-

2193 1599 2342 1661 ptum
2375 1599 2481 1654 est,
2513 1586 2657 1642 Fecit
2695 1586 2831 1641 Deus
2858 1585 3032 1641 omnia
3059 1586 3192 1639 bona
3217 1581 3371 1657 (Cen.
3401 1599 3447 1648 ι,
3473 1582 3575 1652 3|)
3594 1597 3613 1634 :
3646 1581 3796 1651 posit

2200 1680 2360 1750 igitur
2398 1679 2538 1733 Dens
2562 1677 2705 1748 quod
2735 1676 2882 1740 fecit,
2912 1676 2964 1731 id
2993 1683 3077 1731 est
3101 1664 3350 1730 naturam
3380 1673 3724 1744 angelicam,
3746 1682 3794 1726 et

533 1775 662 1841 Quia
689 1783 745 1828 tu
772 1773 974 1837 reddes,
1004 1772 1276 1842 inquiens,
1307 1770 1588 1840 unicuique
1616 1768 1900 1823 secundum
1941 1781 2099 1838 opera
2201 1772 2491 1827 humanam
2527 1782 2645 1837 quae
2674 1767 2935 1838 peccavit,
2966 1780 3075 1821 non
3102 1764 3359 1834 relinquit
3394 1762 3597 1834 puniri
3627 1764 3695 1815 in“
3720 1764 3795 1815 eis

530 1868 627 1917 tua
653 1860 867 1933 (Matth.
896 1876 1007 1925 va,
1038 1860 1152 1930 27),
1180 1874 1285 1914 non
1310 1859 1468 1923 dixit,
1506 1867 1560 1912 tu
1606 1858 1756 1913 reddi
1796 1856 2096 1927 permittes,

530 1962 620 2009 aut
646 1951 824 2021 puniri
851 1967 882 2004 a
909 1951 1105 2021 seipsis
1130 1950 1338 2019 seipsos
1365 1948 1656 2017 relinques,
1686 1947 1779 2002 sed
1821 1954 1878 2000 tu
1916 1944 2100 2000 reddes

498 2042 807 2111 unicuique
834 2041 1122 2095 secundum
1164 2055 1321 2110 opera
1364 2055 1482 2092 sua.
1515 2038 1633 2108 ipse
1680 2038 1862 2107 itaque
1894 2036 2099 2107 puniet,

531 2132 621 2200 qui
647 2130 854 2195 reddet,
880 2144 984 2185 non
1015 2129 1106 2199 qui
1130 2129 1372 2200 recipiet,
1394 2128 1485 2198 qui
1507 2128 1671 2183 etiam
1717 2142 1776 2182 se
1803 2126 1857 2182 in
1900 2125 2104 2198 judicio

530 2221 801 2275 dicturum
841 2219 1020 2288 impiis
1053 2226 1281 2273 testatur
1316 2236 1329 2272 :
1366 2216 1471 2281 Ite,
1515 2216 1802 2283 maledicti,
1843 2217 1897 2271 in
1932 2218 2102 2288 ignem

530 2320 807 2375 internum,
865 2310 954 2381 qui
992 2318 1209 2379 paratus
1259 2317 1331 2363 est
1378 2306 1585 2363 diabolo
1637 2315 1705 2361 et.
1744 2305 1942 2378 angelis
1989 2305 2104 2376 ejus

532 2399 751 2469 (Matth.
780 2400 1027 2471 xxv,il)
1081 2416 1233 2455 :non
1278 2399 1409 2455 dicit
1459 2398 1758 2469 relinquam
1800 2413 1913 2462 vos,
1965 2408 2026 2453 ut
2073 2413 2105 2452 a

531 2489 684 2546 vobis
728 2491 859 2562 ipsis
901 2489 1200 2562 patiamini,
1246 2488 1387 2561 quod
1433 2489 1793 2560 prteparastis,
1823 2489 1916 2544 sed
1958 2487 2105 2557 judi-

531 2581 701 2636 ciaria
751 2582 1059 2647 severitate,
1111 2590 1160 2637 et
1194 2580 1535 2636 irrevocabili
1588 2588 1851 2651 potestate
1882 2578 2002 2634 :lte
2050 2579 2106 2633 in

531 2675 701 2743 ignem
741 2682 990 2727 (rternum
1029 2686 1048 2723 :
1080 2687 1181 2727 nec
1218 2671 1370 2736 dicit,
1419 2685 1576 2741 quem
1628 2669 1969 2739 praeparavit,
2023 2667 2109 2723 vel

533 2774 802 2841 praeparat
828 2764 930 2820 sibi
960 2762 1223 2827 diabolus,
1256 2771 1311 2817 et
1336 2762 1512 2830 angeli
1540 2760 1689 2828 ejus;
1717 2762 1833 2826 sed,
1875 2759 1979 2826 Qui
2006 2776 2106 2831 pa-

536 2862 682 2907 ratus
708 2863 782 2907 est
812 2852 1046 2918 diabolo,
1073 2860 1121 2907 et
1147 2851 1345 2922 angelis
1366 2852 1500 2922 ejus.
1526 2852 1583 2906 Si
1611 2850 1808 2921 quaeris
1827 2866 1858 2905 a
1886 2865 1992 2920 quo
2017 2864 2109 2920 pa-

535 2954 706 3011 ratus,
743 2946 868 3000 audi
895 2944 1090 2999 Isaiam
1131 2944 1447 3014 prophetam
1491 2944 1806 3000 terribiliter
1851 2944 2108 3000 intonan-

2201 1862 2344 1933 quod
2374 1861 2487 1931 ipse
2511 1874 2614 1915 non
2645 1857 2791 1921 fecit.
2818 1859 2871 1913 id
2899 1869 2986 1913 est
3012 1857 3208 1912 malam
3232 1855 3595 1913 solummodo
3620 1855 3780 1908 volas

2205 1960 2366 2008 tatem
2401 1965 2523 2021 quas
2558 1949 2699 2006 sicut
2742 1959 2937 2007 natura
2966 1964 3071 2004 non
3114 1957 3221 2013 est,
3248 1950 3321 2004 ita
3350 1962 3453 2019 per
3482 1962 3549 2003 se
3575 1962 3795 2016 peram

2203 2042 2407 2096 sentire
2435 2055 2539 2095 non
2568 2048 2743 2110 potest
2774 2060 2789 2094 :
2821 2039 2913 2094 sed
2961 2039 3156 2095 merito
3184 2053 3403 2109 poenam
3444 2047 3653 2091 natura
3678 2052 3785 2089 sm:—

2205 2131 2322 2194 tiet,
2351 2145 2470 2200 quae
2493 2143 2775 2201 perperam
2802 2127 2988 2196 voluit,
3023 2143 3087 2184 ac
3111 2126 3257 2183 fecit.
3302 2127 3558 2182 Accedat
3602 2126 3793 2181 Doctor

2205 2222 2443 2294 gentium
2473 2222 2526 2277 in
2557 2222 2663 2278 ﬁde
2686 2229 2742 2276 et
2778 2221 3027 2287 veritate,
3054 2229 3108 2276 et
3147 2221 3246 2276 has
3276 2228 3383 2297 tua:
3407 2218 3793 2289 perversitatis

2182 2310 2765 2383 ’ineptias'apostolica
2812 2312 3132 2367 auctoritate
3167 2311 3482 2375 detruncat,
3532 2309 3635 2379 qui
3679 2324 3791 2363 eam

2206 2402 2274 2457 de
2304 2403 2405 2458 hac
2444 2401 2765 2458 difﬁcillima
2809 2402 2917 2457 imo
2946 2400 3298 2457 indissolubili
3332 2401 3655 2470 quaestione
3692 2400 3797 2453 ior-

2208 2492 2413 2547 tissime
2438 2493 2752 2564 disputarel,
2781 2491 3054 2560 adiunxit:
3085 2491 3130 2546 0
3160 2492 3336 2555 homo,
3363 2500 3419 2544 tu
3453 2492 3580 2561 quis
3606 2506 3687 2554 es,
3716 2508 3799 2560 qu

2208 2582 2518 2654 respondeas
2564 2582 2713 2637 Deo?
2745 2580 2997 2654 Nunquid
3020 2580 3148 2636 dicit
3183 2580 3497 2652 ﬁgmentum
3528 2581 3585 2633 ei
3622 2582 3713 2650 qui
3746 2598 3797 2632 se

2206 2671 2358 2740 ﬁnxit
2377 2687 2397 2727 :
2429 2670 2605 2738 Quare
2627 2688 2708 2727 me
2739 2673 2813 2725 sic
2837 2671 3046 2741 fecisti?
3070 2671 3155 2725 An
3180 2687 3283 2725 non
3302 2672 3463 2724 habet
3490 2681 3798 2741 potestatem

2206 2761 2399 2833 figulus
2426 2761 2523 2815 luti
2555 2778 2620 2817 ex
2644 2761 2824 2816 eadem
2860 2778 3033 2815 massa
3059 2760 3205 2815 aliud
3230 2776 3319 2814 eas
3346 2760 3535 2829 facere
3560 2764 3619 2813 in
3646 2762 3798 2814 Itono-

2209 2869 2337 2918 rem,
2370 2852 2515 2907 aliud
2540 2869 2656 2907 vero
2682 2854 2735 2907 in
2760 2852 3127 2907 contumeliam
3154 2850 3374 2922 .’(Rorn.
3400 2868 3487 2917 ix,
3539 2852 3641 2917 20,
3664 2852 3785 2919 etc.)

2208 2945 2349 3014 Quid
2375 2945 2478 3001 sibi
2532 2944 2645 2999 vult
2691 2944 2963 3014 proposita
3016 2944 3163 3015 ﬁguli
3194 2943 3503 3000 similitudo
3556 2944 3797 2998 facientis

537 3043 642 3089 tem
677 3052 691 3088 :
724 3033 924 3089 Parata
953 3044 1027 3089 est
1058 3035 1195 3087 enim
1218 3034 1282 3087 ab
1307 3034 1422 3088 heri
1444 3051 1476 3087 a
1501 3050 1614 3104 rege
1641 3032 1833 3103 Tophet
1862 3050 1882 3099 ;
1915 3042 2107 3105 parata
2154 3103 2171 3105 _
2196 3052 2275 3093 rex
2299 3036 2478 3092 eadem
2504 3040 2679 3090 massa
2704 3034 2850 3089 aliud
2884 3052 2973 3090 vas
3022 3034 3077 3089 in
3105 3035 3375 3101 honorem,
3405 3035 3570 3089 aliud
3600 3037 3658 3090 in
3685 3053 3798 3089 cea-

535 3136 584 3184 ct
626 3110 848 3180 dilatata
897 3124 1032 3196 (Isa.
1061 3140 1193 3191 xxx,
1233 3123 1345 3196 55).
1391 3103 1585 3194 Tophet
1615 3123 1880 3195 siquidem
1912 3103 2110 3195 gelteno
2134 3103 2180 3166 (ἶ
2211 3126 2496 3189 tumeliam,
2530 3125 2633 3180 nisi
2660 3133 2716 3179 ut
2744 3126 2873 3181 hinc
2902 3126 3218 3181 ostendatur
3244 3126 3462 3181 bonitas
3491 3125 3616 3191 Dei,
3645 3135 3798 3195 atqu

539 3229 690 3278 nam,
720 3230 888 3282 regem
924 3228 1051 3269 vero
1094 3214 1284 3280 Deum,
1326 3214 1411 3270 bis
1450 3214 1632 3270 verbis
1657 3213 1988 3285 pr0plteticis
2016 3213 2110 3268 de.

536 3307 805 3375 signatum
850 3305 994 3360 nullo
1023 3304 1317 3361 obsistente
1351 3316 1573 3362 sanctus
1620 3305 1977 3376 Hieronymus
2016 3318 2111 3360 ex-

538 3397 723 3469 planat
749 3415 762 3452 :
787 3406 842 3451 et
870 3397 991 3452 licet
1024 3404 1169 3453 recte
1191 3397 1296 3454 dici
1325 3398 1498 3454 soleat
1545 3412 1815 3468 quemque
1860 3404 2113 3467 peccato-

539 3505 655 3551 rem
679 3503 986 3560 praeparare
1018 3488 1119 3545 sibi
1148 3498 1399 3556 mortem,
1425 3488 1510 3544 vel
1531 3501 1775 3559 poenam,
1797 3502 1960 3558 quam
1987 3501 2112 3558 pec-

532 3580 714 3653 cando
755 3593 1074 3651 ctunparare
1120 3579 1419 3645 consuevit,
1470 3586 1651 3633 tamen
1697 3578 1790 3648 qui
1837 3592 2113 3649 nunquam

542 3670 698 3736 mori,
727 3686 1002 3744 nunquam
1042 3662 1307 3726 tormenta
1331 3669 1442 3739 pati
1463 3668 1649 3734 vellet,
1683 3682 2025 3739 nequaquam
2048 3683 2116 3727 ea

539 3758 640 3814 sibi
664 3759 777 3837 ipse
807 3759 919 3814 vult
954 3759 1156 3824 facere,
1204 3757 1289 3814 vel
1332 3758 1578 3830 ingerere
1618 3766 1765 3816 recte
1792 3759 2009 3827 dicitur,
2045 3759 2113 3814 ad

540 3866 662 3920 qua:
690 3850 947 3905 nimirum
985 3850 1213 3905 ducatur
1259 3865 1323 3905 ac
1362 3851 1708 3921 pertrahalur
1736 3850 1935 3906 invitus
1969 3869 1984 3906 :
2033 3851 2117 3907 di-

540 3949 698 3995 cente
729 3940 1001 4010 Propheta
1035 3940 1103 3994 ad
1129 3938 1298 3997 Deum
1337 3957 1351 3994 :
1383 3937 1460 3993 Tu
1506 3955 1643 4005 rero,
1688 3939 1848 4005 Deus,
1893 3941 2116 3996 deducet

537 4046 624 4087 eos
648 4032 703 4085 in
726 4042 938 4102 puteum
964 4032 1203 4087 interitus
1248 4030 1367 4105 (Ps.
1421 4048 1533 4098 uv,
1561 4033 1675 4104 2i).
1725 4033 1839 4089 Nisi
1881 4033 2018 4089 forte
2063 4042 2118 4088 et

543 4120 633 4179 hic
659 4122 849 4177 eadem
877 4122 1183 4179 insulsitate
1212 4123 1454 4180 dicturus
1491 4138 1572 4190 es,
1620 4124 1849 4179 deduces
1888 4139 1984 4193 pro
2017 4124 2116 4180 de-

542 4212 667 4267 duci
714 4215 995 4281 permittes
1061 4216 1334 4285 positum,
1396 4217 1540 4286 quod
1592 4232 1625 4272 e
1679 4217 1907 4286 vestigio
1948 4217 2116 4287 iudex

542 4301 822 4359 districtus
856 4306 1073 4371 evertit,
1114 4307 1206 4376 qui
1239 4306 1512 4362 dicturum
1559 4322 1619 4362 se
1659 4315 1899 4375 tempore
1926 4307 2118 4363 messis

544 4394 659 4450 suis
686 4397 1015 4451 messoribus
1038 4397 1319 4466 praedixit;
1350 4397 1450 4462 Ite,
1481 4398 1706 4468 colligite
1728 4399 1955 4463 zizania,
1978 4408 2027 4454 et
2054 4397 2121 4452 li-

541 4497 661 4556 gate
684 4503 746 4540 ea
771 4489 826 4540 in
852 4484 1130 4557 fasciculos
1169 4489 1238 4542 ad
1261 4489 1688 4557 eomburendum,
1718 4500 1766 4546 et
1805 4493 1992 4546 mittite
2030 4508 2118 4546 eos

540 4577 599 4631 in
625 4575 888 4633 caminum
926 4577 1060 4646 ignis
1085 4590 1104 4629 .'
1127 4577 1198 4631 ibi
1224 4578 1323 4632 erit
1357 4579 1513 4648 ﬂetus
1558 4590 1606 4636 et
1642 4581 1843 4639 stridor
1884 4581 2119 4636 dentium

542 4664 762 4736 (Matth.
809 4681 926 4729 xui,
957 4665 1045 4731 29,
1092 4666 1245 4739 etc.).
1294 4667 1621 4741 Angelorum
1668 4670 1866 4743 quippe
1906 4678 2120 4728 sancto-

539 4771 658 4816 rum
693 4755 747 4810 id
774 4756 881 4813 erit
906 4756 1093 4824 otﬁcii,
1128 4767 1187 4814 ut
1213 4775 1402 4816 omnes
1431 4761 1625 4832 impios
1668 4762 1935 4818 sententia
1973 4763 2119 4834 judi-

538 4848 619 4905 cis
648 4857 871 4923 accepta
898 4865 996 4922 pro
1026 4850 1287 4921 qualitate
1332 4852 1639 4908 facinorum
1691 4854 2113 4922 discriminatos,

454 4930 462 4940 ’
538 4950 702 5011 atque
742 4932 1058 5013 coniunctos
1100 4943 1333 5000 ﬂammis
1382 4946 1664 5003 ultricibus
1705 4947 1951 5012 mittant,
1999 4956 2111 5003 tam

540 5033 790 5091 videlicet
822 5036 1087 5101 homines,
1115 5053 1277 5107 quam
1307 5038 1599 5104 diabolum,
1636 5047 1693 5095 et
1733 5039 1951 5110 angelos
1973 5036 2113 5107 eius,

537 5128 605 5181 de
641 5141 748 5197 quo
794 5129 1053 5186 Dominus
1105 5131 1173 5185 ad
1197 5128 1298 5186 Job
1326 5130 1563 5200 loquitur
1593 5131 1713 5201 (Job
1760 5148 1851 5197 xu,
1892 5131 1983 5202 28)
2009 5150 2023 5186 :
2052 5131 2119 5187 Et

537 5216 830 5275 videntibus
855 5221 1056 5276 cunctis
1078 5220 1511 5292 prtccipitabitur,
1550 5236 1581 5275 a
1622 5236 1731 5291 quo
1762 5236 1965 5292 quaeso,
2012 5223 2117 5279 nisi

536 5308 876 5366 districtione
900 5312 1261 5384 praecipientis
1284 5312 1505 5382 iudicis,
1528 5324 1584 5372 et
1624 5315 1972 5372 obsecutione
2012 5332 2113 5372 an-

536 5398 721 5468 gelicae
742 5404 1056 5461 servitutis?
1084 5420 1193 5475 quo
1224 5420 1375 5471 vero,
1402 5408 1507 5465 nisi
1538 5407 1604 5463 In
1640 5410 1812 5480 ignem
1859 5417 2113 5465 teternum

536 5491 625 5559 qui
677 5493 727 5546 ei
778 5504 998 5564 paratus
1041 5504 1117 5551 est
1146 5497 1212 5551 ab
1264 5498 1466 5569 origine
1512 5500 1722 5555 mundi.
1770 5498 1928 5556 Sicut
1968 5500 2113 5556 enim

534 5582 694 5653 iustis
721 5600 967 5655 regnum,
989 5587 1065 5643 ita
1090 5586 1307 5657 iniustis
1334 5597 1390 5644 et
1416 5590 1595 5660 impiis
1623 5592 1761 5663 ignis
1783 5602 2008 5663 paratus
2028 5599 2115 5645 cst

538 5672 837 5749 aliorigiue
860 5678 1066 5737 mundi.
1098 5678 1201 5747 Qui
1242 5680 1406 5755 igitur
1432 5680 1778 5754 colliguntur,
1811 5684 1903 5757 qui
1936 5683 2111 5755 ligan-

2204 3218 2413 3293 justitia
2443 3216 2690 3273 facientis
2723 3217 2980 3286 quosdam
3033 3216 3266 3287 gratuita
3318 3215 3712 3271 misericordia
3748 3216 3797 3268 in

2180 3308 2457 3380 ‘gloriam,
2497 3307 2633 3362 alios
2652 3298 2859 3381 iustitia
2888 3305 3161 3361 inﬂexibili
3193 3306 3245 3361 in
3275 3305 3649 3376 ignominiam
3672 3321 3797 3361 sen-

2210 3400 2515 3477 piternam?
2545 3399 2621 3455 Ne
2654 3400 2854 3459 etenim
2882 3398 2988 3459 huc
3020 3399 3250 3469 illucque
3282 3413 3436 3454 more
3468 3398 3798 3469 lymphatico

2212 3491 2597 3557 distrahamur,
2627 3498 2684 3545 et
2709 3489 2813 3545 alia
2838 3489 2892 3544 in
2920 3490 3102 3545 verbis
3125 3489 3293 3555 illius,
3315 3504 3488 3558 quam
3519 3490 3643 3560 ipse
3663 3489 3799 3547 dise-

2213 3597 2299 3645 rat
2327 3589 2646 3662 attingamus
2673 3601 2689 3641 :
2716 3602 2823 3642 non
2870 3586 2947 3643 ait
2970 3585 3293 3656 relinquere,
3324 3584 3413 3640 vel
3439 3585 3660 3648 sinere,
3690 3584 3795 3646 sed,

2212 3681 2656 3757 propulsototius
2687 3679 3055 3752 ambiguitatis
3105 3677 3309 3742 nubilo,
3360 3678 3574 3747 facere.
3618 3677 3803 3734 Veniat

2213 3782 2269 3828 et
2297 3771 2639 3843 coapostolus
2673 3768 2788 3839 ejus
2840 3769 3049 3834 Petrus,
3085 3778 3139 3825 et
3164 3769 3280 3840 pari
3323 3769 3615 3823 sententia
3656 3778 3787 3821 team

2214 3866 2497 3941 proturbet
2523 3865 2811 3930 insaniam,
2841 3865 2931 3936 qni
2978 3879 3100 3920 cum
3129 3863 3374 3918 diceret:
3411 3859 3589 3916 Neci:
3632 3860 3799 3915 Doni-

2218 3977 2314 4016 nus
2340 3960 2453 4031 pios
2479 3968 2527 4014 et
2552 3960 2615 4014 de
2653 3958 2932 4013 tentatione
2960 3957 3157 4027 eripere
3179 3972 3198 4010 :
3231 3952 3523 4023 subiunxit
3560 3972 3577 4008 :
3611 3952 3803 4025 Impias

2206 4058 2332 4105 'rero
2360 4049 2466 4121 igni
2515 4050 2571 4103 in
2606 4049 2812 4119 judicio
2848 4044 3219 4115 reservare"!
3257 4041 3407 4098 Petr.
3448 4060 3519 4109 ll,
3550 4042 3633 4113 9).
3675 4042 3807 4096 Eme

2215 4147 2580 4210 propugnator
2606 4137 2936 4193 fortissimus
2984 4137 3261 4204 victorque
3310 4133 3677 4188 ﬁdelissimus
3706 4148 3803 4185 non

2217 4230 2394 4285 dixit:
2429 4228 2578 4284 novit
2612 4227 2805 4299 impios
2842 4226 3143 4299 relinquere
3172 4224 3279 4297 igni
3317 4236 3598 4295 perpetuo
3642 4224 3697 4278 in
3722 4224 3805 4293 ju.

2219 4320 2359 4377 dicio
2384 4320 2722 4385 cruciandos,
2762 4319 2854 4376 sed
2881 4332 3183 4374 reservare.

2147 4438 2217 4508 υ·
2293 4411 2551 4484 Properet
2581 4426 2795 4482 quoque
2828 4411 3021 4466 beatus
3046 4408 3212 4465 Iudas
3236 4409 3549 4480 apostolus,
3581 4418 3640 4464 et
3666 4409 3805 4481 pario

2224 4505 2329 4560 lem
2360 4505 2473 4561 suis
2512 4503 2843 4578 eoapostolis
2888 4503 2942 4558 in
2977 4510 3028 4558 te
3065 4502 3205 4559 lerat
3240 4503 3604 4569 sententiam,
3632 4503 3802 4572 quiia

2223 4593 2461 4664 Epistula
2501 4608 2597 4650 sua
2647 4593 2718 4649 ita
2766 4593 2833 4650 de
2890 4599 2943 4649 te
2986 4592 3200 4662 tuisque
3241 4591 3517 4647 similibus
3566 4591 3803 4665 profatur

2222 4681 2377 4753 (Iud.
2406 4682 2440 4737 5
2467 4683 2611 4754 seq.)
2659 4700 2673 4737 :
2732 4682 2952 4737 Necesse
2983 4681 3399 4756 habnigcribere
3430 4682 3599 4745 vobis,
3620 4684 3797 4750 depreo

2218 4790 2344 4827 cans
2373 4772 2718 4843 supercertari
2745 4770 2902 4826 semel
2950 4771 3158 4825 traditte
3188 4772 3384 4825 sanctis
3411 4771 3543 4839 ﬁdei
3568 4787 3592 4825 :
3618 4771 3795 4825 subia-

2219 4864 2475 4917 troierunt
2507 4863 2645 4917 enim
2680 4861 2892 4932 quidam
2938 4854 3194 4921 homines.
3235 4861 3327 4931 qui
3353 4859 3479 4914 olim
3508 4861 3799 4930 priest-rapti

2215 4960 2335 5006 sunt
2359 4951 2414 5004 in
2441 4952 2537 5006 hoc
2555 4950 2820 5021 judicium
2843 4950 3012 5019 impii,
3034 4949 3132 5003 Dei
3160 4950 3325 5003 nostri
3351 4950 3588 5020 gratiam
3622 4960 3799 5004 trans-

2217 5042 2437 5112 ferentes
2480 5043 2537 5096 in
2564 5040 2851 5106 luxuriam,
2883 5048 2931 5094 et
2955 5038 3123 5094 solum
3154 5039 3542 5093 dominatorem
3562 5049 3611 5093 et
3637 5038 3798 5093 Dem

2220 5147 2454 5192 nostrum
2479 5134 2663 5191 Iesum
2692 5133 2958 5187 Christum
2994 5140 3259 5203 negantes.
3311 5130 3663 5186 Commonere
3709 5149 3799 5184 σε·

2220 5240 2321 5285 tem
2364 5246 2450 5284 ros
2479 5227 2613 5294 volo,
2660 5226 2875 5281 scientes
2917 5224 3075 5281 semel
3121 5225 3319 5290 omnia,
3367 5225 3621 5295 quoniam
3648 5223 3799 5278 Iesus

2217 5318 2466 5390 populum
2492 5318 2557 5373 de
2602 5328 2742 5372 terra
2784 5316 3001 5387 .‘Egypti
3037 5314 3267 5379 salvatus,
3325 5316 3561 5369 secundo
3587 5332 3678 5370 eos
3718 5316 3801 5388 qui

2216 5428 2320 5468 non
2345 5411 2676 5465 crediderunt
2706 5409 2931 5481 perdidit
2956 5426 2976 5475 ;
3009 5409 3219 5481 angelos
3250 5425 3397 5472 vero,
3435 5410 3528 5480 qui
3556 5427 3663 5464 non
3698 5427 3801 5465 scr-

2216 5511 2462 5557 varerunt
2490 5518 2645 5556 suum
2687 5501 3056 5571 principatum,
3100 5500 3190 5554 sed
3224 5499 3620 5570 dereliquernnt
3648 5519 3798 5555 sum

2217 5592 2560 5657 domicilium,
2602 5592 2657 5645 in
2688 5588 2963 5661 judicium
2984 5590 3161 5659 magni
3194 5589 3291 5643 Dei
3338 5589 3563 5644 vinculis
3594 5594 3799 5644 almis

2215 5683 2312 5739 sub
2336 5682 2556 5754 caligine
2584 5681 2902 5737 reservavit:
2937 5680 3071 5739 sicut
3114 5679 3367 5747 Sodoma,
3400 5690 3449 5735 et
3481 5677 3799 5745 Garunna,
