3974 6344
139 372 160 425 l
171 368 269 425 585

972 361 1060 415 ιιιι
1098 354 1766 413 Μελαίνηςιιιηιινιοιυᾶις
1807 352 2083 408 CONTRA
2119 351 2164 407 J.
2212 348 2506 407 SCO'IUM.

3230 348 3370 404 1546
3460 434 3465 439 ἡ

135 496 180 540 et
202 478 434 554 finitiuus
478 477 708 533 civitates
752 472 909 529 simili
948 471 1102 527 modo
1141 448 1500 539 eirfornieatw,
1538 477 1584 520 et
1615 464 1701 518 ab-
1729 466 1776 525 Α
1803 461 1900 517 des
1927 469 2146 517 censeat
2166 460 2486 516 orthodoxa.
2519 456 2577 515 Si
2602 460 2781 529 itaque
2805 460 3106 514 causandus
3126 468 3211 515 est
3231 460 3373 516 Deus

136 581 305 630 euntes
330 577 443 640 post
482 580 689 622 carnem
737 564 957 618 alteram
1005 561 1163 631 factm
1205 569 1322 613 sunt
1363 554 1695 625 exemplum:

133 664 261 737 ignis
298 660 476 717 interni
517 672 723 727 poenam
772 654 1101 710 sustinentes.
1142 650 1309 705 Audis
1351 647 1695 718 prwscriptos,

134 736 186 810 et
210 767 367 824 negas
394 747 819 821 praedestinatos.
858 744 1024 800 Audis
1054 740 1352 798 Sodomitas
1393 736 1698 806 exemplum

132 846 261 919 ignis
293 841 494 905 teterni,
532 848 587 894 et
618 839 752 894 dicis
776 853 805 891 a
833 849 892 891 se
930 833 1230 905 puniendos
1280 828 1511 898 relinqui
1536 827 1559 880 ἲ
1580 824 1698 880 Non

133 915 273 989 enim
326 928 617 986 Sodomita:
680 926 886 996 seipsos
936 923 1246 994 punierunt,
1292 926 1389 973 aut
1427 931 1456 971 a
1508 915 1698 985 seipsis

130 1022 302 1094 puniri
332 1019 506 1075 relicti
542 1025 690 1082 sunt,
739 1016 832 1072 sed
877 1012 1082 1070 nefarie
1116 1010 1343 1066 vivendo
1388 1014 1700 1063 meruerunt

130 1110 391 1169 ﬂammeis
416 1117 577 1180 atque
606 1104 912 1178 sulphureis
942 1103 1210 1160 imbribus
1233 1100 1444 1156 ctelitus
1466 1099 1696 1153 inﬂuen—

130 1202 269 1257 tibus
308 1197 639 1257 concremari
668 1211 683 1251 :
715 1197 796 1252 sic
829 1210 964 1266 ergo
1003 1202 1059 1249 et
1086 1200 1290 1248 tartaro
1315 1190 1449 1245 trusi
1486 1189 1606 1261 igne
1629 1188 1698 1244 ad

128 1293 230 1349 hoc
266 1291 408 1347 facto
436 1298 487 1345 et
518 1296 819 1359 praeparato
847 1286 964 1342 sine
992 1284 1153 1339 dubio
1180 1282 1578 1339 comburantur.

194 1380 487 1438 Videamus
521 1380 681 1447 etiam
722 1386 923 1449 quanta
964 1376 1197 1446 te‘ipsum
1244 1371 1350 1429 tuis
1389 1368 1699 1428 assertiOni-

126 1473 227 1529 bus
246 1472 628 1529 contrarietate
652 1470 951 1541 impugnes.
978 1464 1113 1547 Nalm
1160 1472 1218 1520 tu
1242 1465 1360 1535 ipse
1382 1462 1552 1518 multo
1572 1471 1698 1517 ame

127 1568 359 1631 dixeras,
383 1573 670 1635 propterea
715 1559 1162 1631 praedestinatum
1210 1554 1297 1612 vel
1336 1561 1696 1626 praeparatum

127 1656 274 1714 illum
300 1656 475 1726 ignem
498 1651 711 1710 diabolo
736 1651 864 1715 dici,
897 1647 1152 1719 queniam
1176 1646 1234 1702 in
1256 1658 1322 1701 eo
1371 1645 1550 1700 fuerat
1600 1654 1695 1697 or-

127 1750 389 1805 dinandus
416 1760 540 1802 cum
565 1742 816 1799 omnibus
843 1754 955 1796 suae
992 1736 1213 1794 malitiae
1236 1733 1578 1792 consortibus
1596 1747 1696 1804 pn-

1797 550 2093 605 secundum
2122 558 2194 615 te,
2223 549 2409 619 tuique
2436 547 2744 617 complices,
2765 547 2908 617 quod
2954 548 3395 616 praedeStinavem

1796 638 1871 694 rit
1904 639 2095 709 impios
2134 638 2330 708 poenis,
2372 652 2669 708 poenasque
2717 637 2894 707 impiis
2927 653 2942 691 :
2978 646 3372 708 consequenter

1798 731 2099 785 causandus
2126 739 2226 795 est,
2265 744 2434 799 quare
2456 742 2562 783 non
2588 727 2995 797 credentesjam
3010 728 3335 798 judicavcrit
3353 768 3372 794 ,

1792 818 2014 889 jamque
2053 819 2436 874 damnaverit:
2494 817 2635 888 quod
2686 818 2734 873 si
2783 817 3152 887 blaspltemum
3207 828 3369 888 atque

1797 909 2022 979 impium
2048 917 2154 975 est,
2185 918 2352 965 restat
2379 918 2437 964 ut
2472 909 2756 965 sinceritas
2784 910 3078 965 Catholica:
3107 910 3229 965 lldei
3252 917 3374 965 tan-

1798 1006 1974 1053 torum
1993 999 2319 1070 judiciorum
2344 999 2791 1071 imperscrutabili
2822 1002 3018 1072 abysso
3051 1000 3371 1067 humillime,

1798 1085 2215 1159 ﬁdelissimeque
2264 1092 2558 1155 substrata,
2601 1104 2943 1159 nequaquam
2994 1091 3059 1144 de
3126 1091 3376 1161 superuis

1798 1177 2240 1248 dispositionibus
2270 1188 2543 1244 causetur,
2572 1195 2761 1233 verum
2805 1196 2926 1235 cum
2979 1169 3236 1250 Apostol'o
3281 1196 3376 1236 ex-

1798 1265 1992 1322 clamet
2016 1254 2107 1321 :‘0
2136 1268 2361 1323 altitudo
2409 1269 2709 1323 divitiarum
2752 1270 3023 1339 sapientiw
3059 1281 3106 1324 et
3141 1271 3374 1324 scientia:

1796 1353 1895 1409 Dei
1916 1357 2111 1427 !quam
2142 1359 2501 1413 inserutabilia
2517 1370 2641 1414 sunt
2672 1360 2881 1430 judicia
2918 1360 3053 1431 ejus,
3089 1371 3137 1416 et
3165 1354 3375 1416 investi-

1795 1445 1991 1516 gabiles
2014 1448 2108 1501 vita
2129 1448 2242 1518 ejus
2262 1449 2283 1502 .'
2306 1447 2438 1514 Quis
2463 1451 2600 1503 enim
2628 1449 2861 1521 cognovit
2889 1467 3097 1505 sensum
3132 1452 3369 1517 Domini,

1796 1544 1887 1588 aut
1913 1536 2028 1607 quis
2056 1536 2383 1591 consiliarius
2433 1538 2547 1607 ejus
2585 1534 2707 1609 fuit,
2747 1546 2838 1593 aut
2875 1540 2991 1610 quis
3028 1541 3177 1611 prior
3231 1540 3372 1594 dedit

1794 1624 1968 1699 illinet
1992 1627 2300 1682 retribuetur
2317 1628 2406 1681 ei:
2441 1628 2686 1699 quoniam
2710 1644 2775 1682 ea:
2793 1629 2926 1699 ipso,
2966 1638 3012 1683 et
3051 1645 3144 1705 per
3180 1630 3371 1699 ipsum,

1796 1722 1843 1767 et
1869 1714 1924 1767 in
1945 1714 2056 1783 ipso
2079 1726 2198 1769 sunt
2215 1716 2412 1781 omnia,
2436 1717 2536 1786 ipsi
2557 1717 2724 1787 gloria
2740 1718 2794 1771 in
2808 1716 3003 1772 saecula
3024 1717 3337 1775 swculorunt
3351 1732 3371 1771 :

124 1836 370 1902 uiendus,
400 1845 455 1893 et
496 1830 943 1905 quemadmodum
988 1828 1127 1884 idem
1151 1826 1293 1900 ignis
1344 1824 1520 1880 bonus
1564 1838 1698 1893 pro-

1800 1808 1961 1862 Amen
1986 1806 2272 1905 (Rom-xx,
2294 1808 2518 1880 35-56);
2540 1810 2826 1880 audiatque
2852 1810 3165 1865 terribiliter
3190 1809 3369 1865 inten-

130 1929 286 1995 lecto,
314 1926 568 1998 quoniam
608 1919 805 1979 aheno
851 1920 1027 1975 factus
1048 1933 1156 1975 nou
1179 1916 1340 1973 aliam
1367 1914 1435 1970 ob
1474 1927 1694 1970 causam

125 2021 324 2077 malum
345 2018 574 2083 dicatur,
603 2011 707 2070 nisi
733 2012 877 2085 quod
909 2012 963 2066 in
1012 2025 1080 2066 eo
1126 2006 1258 2065 mali
1297 2005 1697 2063 ordinatissime

127 2113 477 2182 disponantur
508 2125 522 2162 :
560 2105 635 2162 ita
661 2105 823 2161 etiam
852 2116 1012 2175 paena
1044 2115 1152 2156 non
1209 2096 1501 2170 incongrue
1549 2108 1698 2152 asse-

126 2202 283 2267 ritur,
306 2200 562 2271 quoniam
592 2196 732 2253 idem
759 2191 886 2249 mali
913 2192 964 2246 in
990 2191 1179 2247 eodem
1223 2187 1539 2244 criminibus
1583 2186 1695 2242 suis

125 2292 406 2348 libidinose
467 2287 793 2353 commissis,
854 2282 1146 2348 laboriose,
1207 2277 1696 2348 miserabiliterque

125 2382 454 2437 cruciantur.
483 2378 590 2433 Aut
616 2377 780 2447 igitur
804 2374 998 2431 falsum
1025 2380 1108 2428 est
1127 2387 1158 2426 a
1185 2372 1296 2427 Deo
1324 2369 1472 2424 illum
1490 2368 1693 2441 ignem,

124 2475 217 2545 qui
251 2487 412 2544 poena
459 2478 543 2527 est
586 2468 963 2540 reproborum,
996 2464 1221 2528 factum,
1264 2469 1320 2516 et
1359 2475 1547 2515 verum
1594 2460 1696 2514 erit

125 2564 268 2636 quod
294 2564 374 2618 ais
400 2580 413 2619 :
445 2577 476 2617 a
505 2562 615 2617 Deo
644 2574 747 2616 nec
781 2555 1243 2630 prmdestinatam,
1288 2566 1389 2608 nec
1427 2565 1697 2621 praepara-

125 2669 233 2714 tam
264 2669 517 2727 pinnam;
562 2660 657 2707 aut
680 2658 849 2715 certe,
874 2649 919 2705 si
947 2663 1132 2703 verum
1152 2653 1235 2701 est
1265 2659 1296 2699 a
1322 2643 1433 2698 Deo
1472 2641 1691 2705 factum,

124 2760 181 2804 te
215 2760 429 2818 quoque
454 2743 731 2799 adnitente
774 2750 828 2795 et
869 2745 1227 2811 praeparatum
1260 2752 1272 2789 :
1314 2731 1505 2804 procul
1533 2730 1695 2818 dubio

125 2817 317 2892 falsum
338 2834 442 2891 erit
461 2847 492 2887 a
515 2833 624 2887 Deo
644 2845 743 2886 nec
766 2838 1003 2900 poenam,
1042 2837 1141 2880 nec
1181 2820 1501 2893 supp‘icium
1531 2817 1696 2873 desti-

126 2938 328 2992 natum,
350 2924 436 2981 vel
462 2928 846 2995 praeparatum.
870 2918 1161 2974 Evidenter
1190 2913 1388 2985 quippe
1411 2912 1524 2982 ipse
1552 2908 1694 2965 illius

125 3012 369 3075 conditor
411 3023 574 3086 atque
609 3014 877 3084 irrogator
920 3023 981 3066 se
1030 3014 1186 3063 tanto
1229 3013 1358 3062 ante
1422 3003 1691 3060 dicturum

122 3106 415 3179 praedixit:
459 3102 540 3158 Ite
589 3102 644 3156 in
697 3101 866 3170 ignem
907 3108 1177 3161 wternum,
1230 3095 1320 3167 qui
1353 3102 1570 3165 paratus
1618 3099 1692 3145 est

1799 1903 2004 1951 tantem
2034 1912 2048 1950 :
2082 1894 2210 1951 Noli
2246 1897 2411 1951 altum
2433 1914 2631 1969 sapere,
2671 1899 2762 1953 sed
2783 1899 2907 1953 time
2930 1898 3101 1970 (Rom.
3128 1915 3206 1965 Il,
3235 1899 3324 1971 20)
3349 1915 3369 1964 ;

1797 1995 1853 2043 et
1876 1987 2198 2057 prophetam
2230 1988 2522 2043 salubriter
2550 1989 2901 2043 monitantem
2936 1982 3177 2043 :Alt’iora
3214 1999 3263 2044 te
3308 2004 3373 2044 ne

1795 2073 2083 2144 quaesieris,
2107 2081 2154 2126 et
2178 2072 2521 2143 profundiora
2546 2084 2594 2127 te
2617 2089 2680 2127 ne
2699 2083 2962 2127 scrutatus
2986 2073 3147 2131 lueris
3169 2072 3369 2142 (Eccle.

1796 2181 1879 2231 ιιι,
1923 2165 2037 2237 22).
2086 2165 2236 2222 Unde
2276 2176 2333 2219 et
2375 2164 2660 2220 Psalmista
2701 2173 2947 2230 testatur,
3006 2163 3275 2219 Terribilis
3315 2166 3371 2218 in

1796 2257 2030 2311 consiliis
2058 2273 2215 2327 super
2236 2255 2376 2326 ﬁlios
2399 2257 2666 2311 hominum
2699 2256 2873 2326 (Psal.
2899 2272 3025 2322 va,
3049 2256 3104 2329 5)
3130 2269 3147 2323 ;
3173 2266 3228 2311 et
3272 2257 3373 2312 ite-

1796 2347 2149 2418 rum,judicia
2170 2358 2261 2402 tua
2296 2348 2512 2419 abyssus
2533 2348 2699 2403 multa
2716 2347 2890 2420 (Psal.
2908 2359 3073 2416 xxxv,
3097 2349 3172 2420 7).
3199 2348 3375 2405 Tanto

1794 2455 1944 2512 ergo,
1975 2450 2034 2494 ut
2061 2440 2137 2494 ait
2166 2441 2357 2495 beatus
2400 2439 2712 2511 Gregorius,
2756 2455 2975 2496 necesse
2995 2446 3078 2495 e’st
3124 2450 3186 2495 ut
3229 2440 3372 2511 quis-

1795 2548 1900 2603 que
1925 2534 1978 2588 in
2004 2533 2308 2588 humilitate
2342 2547 2401 2588 se
2430 2533 2715 2604 deprimat,
2738 2542 2940 2604 quanto
2965 2541 3020 2588 ct
3062 2532 3107 2589 si
3137 2532 3209 2588 sit
3255 2533 3368 2589 ele-

1795 2632 1914 2681 ctus
1940 2616 2174 2697 ignorat.
2998 2638 3003 2643 ·
3130 2639 3135 2643 ο

1836 2713 2005 2782 ~Quid
2034 2730 2165 2771 sane
2210 2715 2504 2787 adjumenti
2551 2714 2791 2771 conferat
2828 2715 3215 2771 assertionibus
3263 2718 3371 2774 tuis

1793 2806 2119 2876 explanatio,
2138 2820 2243 2876 qua
2273 2806 2407 2861 dicis
2422 2805 2652 2878 (Epilog.
2683 2820 2831 2861 num.
2858 2806 2913 2871 6,
2936 2814 3070 2861 sect.
3100 2806 3176 2878 2),
3202 2807 3367 2862 Deum

1791 2895 2213 2967 prcdestinasse,
2226 2894 2284 2948 id
2307 2904 2403 2959 est,
2424 2905 2544 2949 ante
2566 2895 2760 2950 sa'cttla
2788 2896 3032 2964 deﬁnisse
3059 2907 3254 2950 certum
3271 2912 3370 2951 nu-

1793 3002 1993 3041 merum
2024 3002 2225 3051 eorum,
2252 2986 2340 3057 qui
2368 2985 2423 3040 in
2446 3002 2544 3041 sua
2574 2986 2835 3056 impietate
2862 2987 3126 3041 interituri
3169 2995 3361 3042 essent.

1796 3076 2015 3132 Minime
2054 3077 2230 3142 video,
2273 3091 2434 3146 quam
2486 3075 2841 3149 relragantem
2893 3078 2973 3133 eis
3015 3080 3214 3148 potius,
3258 3094 3371 3135 non

123 3157 625 3266 etangelis
670 3157 781 3264 ejus
808 3189 1025 3262 (Matth.
1062 3157 1189 3254 xxv,
1216 3157 1312 3259 mil)
1336 3157 1363 3251 ς’
1402 3181 1491 3255 qui
1531 3183 1695 3254 igitur

1800 3168 2006 3238 ignoro.
2025 3167 2163 3235 Quid
2188 3168 2714 3238 estpraedestinasse,
2732 3169 2784 3223 id
2810 3176 2894 3225 est
2915 3170 3168 3225 deﬁnisse
3186 3186 3374 3228 utime-

122 3290 416 3347 secundum
450 3284 722 3357 apostolos
761 3298 885 3338 suos
919 3298 932 3336 :
971 3276 1148 3334 Potest
1188 3294 1252 3334 ea:
1297 3277 1477 3333 eadem
1517 3291 1691 3329 massa

120 3376 268 3435 aliud
287 3360 376 3433 uas
400 3375 574 3446 facere
594 3375 649 3429 in
669 3373 939 3436 honorem,
961 3368 1106 3424 aliud
1123 3384 1238 3422 vero
1257 3366 1313 3421 in
1326 3363 1691 3419 contumeliam

121 3466 558 3545 (Rom.tx,2l),
601 3465 837 3536 novitque
881 3457 994 3533 pios
1039 3461 1104 3516 de
1143 3458 1425 3514 tentatione
1474 3454 1690 3524 eripere,

116 3543 306 3634 impios
328 3576 446 3616 vero
482 3558 590 3630 igni
610 3553 919 3612 eruciandos
965 3566 1226 3606 reseruare
1247 3546 1298 3621 (ι
1324 3545 1469 3602 Petr.
1492 3560 1554 3609 ιι,
1592 3543 1692 3615 9),

118 3658 237 3729 ipse
262 3653 516 3710 nimirum
545 3666 641 3707 sua
664 3645 1001 3703 irrevocabili
1049 3641 1316 3702 sententia
1355 3639 1533 3711 poenis
1579 3650 1610 3693 a
1635 3651 1694 3693 se

117 3745 318 3813 factis;
334 3740 747 3817 praedestinatis,
759 3737 1095 3810 purpuratis,
1112 3732 1511 3808 praeordinatis,
1532 3737 1695 3800 atque

119 3834 402 3908 dispositis
430 3820 756 3915 torquendos
779 3829 1039 3900 reprobos
1056 3820 1397 3897 praescie’ntia
1420 3823 1697 3877 inenarra-

116 3907 222 3984 bili
237 3907 628 3996 praedamnavit
650 3934 714 3975 ac
729 3917 990 3987 judicavit
1007 3916 1170 3971 etiam
1194 3921 1478 3981 antequam
1499 3907 1697 3963 conde-

115 4030 234 4087 ret;
260 4019 352 4090 qui
372 4016 520 4074 solus
544 4011 794 4086 praescire
811 4008 1001 4080 potuit,
1017 4005 1194 4076 qualis
1217 4002 1442 4073 quisque
1464 3998 1694 4090 futurus,

115 4120 175 4168 et
193 4087 303 4182 quo
331 4109 437 4163 line
460 4106 630 4161 vitam
659 4108 802 4158 esset
830 4098 1040 4153 l‘eneam
1062 4094 1467 4151 terminaturus.
1485 4089 1604 4159 Ipse
1624 4087 1696 4143 si-

117 4180 339 4274 quidem
369 4199 435 4254 de
457 4193 776 4268 quibusdam
809 4203 995 4245 eorum
1044 4185 1181 4241 dixit
1211 4202 1223 4237 :
1273 4180 1378 4248 Qui
1405 4181 1539 4235 enim
1593 4195 1698 4233 non

115 4268 307 4358 credit,
328 4289 444 4361 jam
460 4285 734 4357 judicatus
754 4289 828 4335 est
865 4276 1048 4350 (Joan.
1070 4289 1152 4339 ιιι,
1193 4272 1300 4344 18),
1329 4285 1428 4326 nec
1447 4269 1585 4361 dixit
1618 4268 1717 4340 jua

116 4385 411 4447 dicabitur,
438 4376 579 4450 quod
604 4385 780 4431 tamen
820 4368 1118 4426 certissime
1136 4364 1369 4419 l‘uturum
1396 4360 1696 4426 credimus;

114 4477 284 4535 modo
329 4470 576 4543 superius
627 4465 761 4521 satis
810 4462 1086 4522 adnotato,
1143 4455 1236 4511 sed
1279 4452 1551 4562 jugicatus
1599 4459 1695 4516 est,
1724 4502 1778 4562 Β

114 4562 361 4641 quando,
390 4542 592 4632 qtueso,
618 4555 726 4610 nisi
756 4559 1040 4619 antequam
1091 4544 1301 4601 factus?
1337 4543 1394 4598 Si
1422 4556 1552 4611 ergo
1584 4542 1696 4613 jam

112 4637 389 4732 judicatus
405 4649 739 4721 est,quiuon
754 4644 947 4707 credit,
976 4641 1032 4696 id
1067 4647 1151 4695 est
1193 4637 1497 4699 damnatus,
1533 4649 1701 4705 quare

114 4726 228 4809 non
242 4747 470 4821 prcedest
483 4744 683 4808 inatus,
697 4737 781 4793 vel
796 4741 1125 4807 prteparatns
1136 4729 1324 4786 eadem
1337 4727 1531 4782 divina:
1540 4726 1702 4797 aequi-

116 4817 261 4897 tatis
280 4834 464 4908 regula
495 4832 564 4887 ad
595 4843 808 4900 poenam
838 4824 1118 4881 verissime
1136 4818 1346 4877 dicatur
1372 4835 1390 4873 :
1433 4817 1697 4888 siquidem

116 4916 214 5003 qui
244 4939 397 4986 tanto
423 4933 548 4981 ante
573 4923 628 4977 in
653 4916 993 4992 praescientia
1019 4930 1115 4971 sua
1144 4911 1318 4983 potuit
1351 4909 1593 4979 judicare
1616 4917 1698 4962 at-

117 4998 231 5094 que
251 5022 527 5080 damnare,
545 5014 729 5083 utique
749 5010 923 5081 potuit
940 5004 1329 5080 prmdestinare
1345 5001 1519 5058 eidem
1544 4998 1698 5055 dam-

114 5110 359 5173 nationi,
409 5124 474 5164 ac
502 5116 811 5178 praeparare
846 5119 861 5156 :

193 5203 370 5259 Porro
402 5199 447 5255 si
472 5206 837 5269 proponamus
858 5190 1025 5245 Deum
1060 5187 1365 5243 dicentem:
1412 5180 1484 5238 Se
1534 5180 1704 5249 facere

121 5294 292 5358 mala,
317 5302 363 5347 et
387 5304 562 5345 creare
591 5283 825 5340 tenebras
853 5279 988 5352 (lsa.
1012 5294 1124 5342 xu,
1148 5277 1231 5347 τ),
1278 5284 1445 5343 teque
1499 5270 1552 5325 id
1606 5284 1702 5323 nea

122 5394 349 5459 gantem
386 5381 496 5436 imo
554 5375 906 5436 inllciantem,
947 5368 1252 5438 quicunque
1306 5377 1438 5418 sano
1484 5358 1707 5416 cerebro

123 5454 317 5538 fuerit,
340 5470 453 5526 Deo
478 5467 674 5539 potius,
711 5477 871 5533 quam
920 5459 1014 5513 tibi
1057 5454 1393 5511 credulitatis
1434 5462 1710 5506 assensum

78 5604 83 5607 τ
127 5563 469 5636 humillimus
510 5553 829 5614 adhibebit:
866 5548 1169 5621 praesertim
1217 5558 1341 5636 eum
1375 5541 1522 5636 nihil

1797 3275 1916 3315 rum
1936 3259 2321 3330 periturorum,
2348 3259 2449 3314 nisi
2469 3260 2737 3329 perituros
2758 3260 3195 3330 prtedestinasse,
3211 3261 3261 3316 id
3283 3270 3371 3317 est

1795 3352 2067 3410 definisse.
2101 3351 2158 3407 Si
2188 3367 2319 3423 ergo
2336 3351 2759 3422 praedestinavit,
2786 3350 2836 3406 id
2875 3360 2957 3407 est
3000 3352 3240 3407 delluivit
3274 3369 3370 3407 nu-

1794 3461 2002 3501 merum
2027 3444 2408 3516 periturorum.
2426 3443 2694 3514 praiscivit
2708 3444 2892 3515 utique
2912 3443 3180 3513 perituros
3202 3461 3215 3497 :
3234 3444 3365 3514 quid

1796 3547 1974 3591 autem
1986 3535 2138 3607 pejus
2162 3542 2254 3589 aut
2269 3534 2623 3603 perniciosius
2649 3534 2912 3589 creaturis
2928 3533 3278 3588 rationalibus
3294 3532 3369 3587 dia

1795 3628 1844 3685 ci
1864 3635 2062 3699 potest,
2084 3632 2245 3698 quam
2273 3620 2489 3696 perire?
2506 3624 2608 3691 Qui
2629 3640 2759 3694 ergo
2784 3623 3052 3694 prmscivit
3078 3623 3367 3692 perituros,

1796 3720 2001 3775 malum
2035 3719 2223 3787 utique
2250 3715 2523 3786 praescivit
2551 3731 2566 3768 :
2598 3714 2798 3769 malum
2831 3722 2914 3769 est
2950 3715 3092 3769 enim
3140 3722 3195 3767 et
3222 3713 3368 3768 omni

1798 3806 1940 3862 malo
1967 3804 2206 3860 deterius
2232 3803 2431 3872 perire.
2466 3801 2548 3868 Si,
2574 3802 2817 3871 inquam,
2861 3802 3283 3872 praedestinavit,
3316 3801 3372 3855 id

1796 3902 1902 3959 est,
1941 3892 2182 3948 deliuivit
2205 3903 2344 3962 quot'
2376 3899 2556 3946 essent
2584 3890 2830 3960 perituri,
2883 3890 3028 3945 nullo
3074 3890 3375 3945 reluctante

1799 3984 1971 4040 malos
1984 3982 2292 4053 malumque
2308 3981 2730 4053 praedestinavit,
2750 3981 2803 4036 id
2817 3986 2900 4036 est
2924 3980 3187 4044 deﬁnivit,
3203 3990 3256 4034 et
3280 3979 3371 4035 ubi

1800 4085 1884 4132 est
1910 4074 2169 4130 astructio
2197 4081 2311 4139 tua,
2349 4089 2455 4144 qua
2480 4083 2760 4143 tantopere
2798 4073 2947 4127 nisus
2977 4088 3036 4127 es
3068 4069 3375 4135 allii-mare;

1798 4169 1967 4224 Deum
1996 4181 2095 4223 nec
2110 4166 2412 4236 praescisse,
2439 4180 2539 4220 nec
2559 4163 2966 4234 prmdestinasse
2986 4162 3205 4225 malum,
3229 4160 3377 4230 quod

1800 4266 2078 4328 estpmna,
2091 4265 2253 4323 atque
2279 4253 2631 4324 supplicium:
2654 4267 2922 4322 nunquam
2938 4253 3080 4305 enim
3102 4250 3380 4321 praedesti-

1801 4362 1951 4411 nare,
1977 4347 2029 4401 id
2057 4354 2142 4400 est
2161 4344 2388 4400 delinire
2426 4351 2613 4413 pesset
2653 4351 2858 4397 certum
2906 4356 3190 4396 numerum
3234 4341 3383 4411 peri-

1806 4448 2075 4502 turorum,
2124 4437 2231 4491 nisi
2277 4436 2588 4507 prmscisset
2632 4435 2923 4505 perituros.
2970 4432 3165 4488 Malum
3215 4433 3381 4505 igitur

1803 4528 2096 4602 praescivit,
2124 4527 2249 4595 quia
2279 4525 2458 4596 perire
2480 4525 2857 4578 incunctanter
2882 4523 3085 4579 malum
3132 4532 3238 4577 est.

1871 4621 2131 4692 Quodque
2169 4619 2409 4675 adnectis
2438 4618 2667 4691 (Epilog.
2711 4633 2860 4673 num.
2882 4617 2938 4685 7,
2966 4624 3101 4673 sect.
3132 4615 3187 4685 2)
3237 4613 3385 4669 iden-

1802 4717 1965 4772 tidem
1992 4714 2102 4768 alio
2146 4713 2305 4768 modo
2354 4712 2461 4767 dici
2510 4724 2693 4781 posse,
2748 4710 3162 4781 praedestinasse
3211 4707 3383 4767 Deum

1800 4818 2082 4859 numerum
2109 4800 2322 4855 illorum
2370 4800 2461 4870 qui
2493 4814 2604 4855 sua;
2631 4797 2923 4869 impietatis
2952 4804 3006 4851 et
3033 4808 3281 4865 pinnam,
3329 4800 3385 4848 et

1799 4894 2074 4949 interitum
2104 4889 2459 4962 prarparaturi
2485 4896 2688 4954 essent,
2737 4903 2845 4942 non
2877 4886 2930 4939 in
2962 4884 3042 4939 eis
3088 4882 3231 4953 quod
3268 4883 3387 4953 ipse

1802 4987 2006 5043 fecerat
2029 4984 2344 5054 puniturus;
2378 4981 2471 5036 sed
2504 4981 2558 5036 in
2586 4981 2667 5035 eis
2710 4978 2983 5049 quodnon
3030 4975 3233 5031 fecerat
3288 4990 3387 5044 pu-

1805 5077 1913 5133 niri
1958 5075 2288 5132 relicturus:
2335 5087 2522 5127 verum
2572 5070 2787 5141 quidem
2826 5076 2910 5122 est
2956 5065 3150 5135 impios
3189 5063 3291 5119 sibi
3330 5070 3389 5118 et

1805 5182 2020 5239 poenam
2043 5175 2099 5222 et
2132 5166 2406 5221 interitum
2433 5162 2729 5235 peccando,
2761 5148 2813 5215 id
2841 5158 3107 5228 estimpie
3154 5155 3387 5211 vivendo

1807 5276 2142 5335 pneparare;
2170 5260 2265 5315 sed
2301 5273 2408 5312 non
2455 5256 2635 5310 minus
2673 5244 2863 5308 verum
2916 5260 3001 5305 est
3049 5266 3093 5304 a.
3130 5248 3237 5303 Deo
3282 5247 3388 5303 illis

1811 5353 2055 5409 eamdem
2085 5364 2298 5422 poenam
2335 5345 2637 5418 justissima
2673 5350 3052 5413 pra-paratam.
3077 5338 3212 5393 Nam
3240 5339 3389 5408 quod

1814 5444 1890 5501 illi
1922 5444 2021 5499 sibi
2054 5447 2358 5513 prmparant
2384 5435 2629 5505 nequiter
2672 5435 2921 5496 vivendo,
2975 5431 3078 5487 hoc
3118 5431 3201 5485 cis
3248 5430 3389 5484 Deus

1817 5542 2084 5609 praeparat
2108 5529 2418 5602 mquissime
2443 5525 2753 5595 iudicando,
2788 5532 2845 5578 et
2859 5521 3158 5592 iustissime
3198 5532 3390 5588 repen-

1006 5649 1167 5706 quam
1219 5633 1286 5687 de
1340 5631 1457 5701 ejus
1502 5627 1718 5700 judiciis
1818 5607 2014 5680 dendo.
2067 5620 2338 5689 Scriptum
2381 5613 2686 5722 enim:
2725 5611 2867 5722 Quit:
2890 5621 2945 5664 tu
2974 5609 3155 5664 reddes
3185 5607 3393 5710 unicui-

130 5716 456 5802 .ustissintis
480 5736 810 5812 perindeque
852 5725 1251 5786 inevitabilibus
1286 5719 1625 5779 sentiendum
1657 5716 1715 5772 ll-

1820 5732 1921 5787 que
1929 5715 2089 5785 juxta
2112 5726 2275 5781 apem
2300 5724 2397 5764 sua
2422 5704 2596 5779 (Rom.
2629 5721 2692 5773 ιι,
2725 5704 2801 5776 6).
2838 5702 2907 5757 At
2951 5714 3215 5773 nusquam
3261 5697 3394 5757 scri-
