3974 6344
546 384 682 441 1517

1529 389 1586 445 5.
1630 386 1999 445 PRUDENTll
2035 386 2421 445 TRECENSIS
2458 388 2767 446 EPlSCOPl

3688 393 3829 449 I5l3

542 516 695 577 ptum
728 514 813 562 est
842 525 857 561 :
894 506 1082 562 reddet
1112 507 1211 563 sibi
1235 507 1605 578 unusquisque
1626 509 1783 579 juxta
1803 523 1967 580 opera
1993 514 2111 564 Sua.
2140 515 2190 571 Α
2218 492 2529 580 utrumque,
2559 511 2613 567 id
2639 518 2799 567 estet
2843 524 3041 580 corpus
3064 517 3121 565 et
3162 510 3423 576 animam,
3470 509 3828 580 perdendum

544 597 677 653 Item
731 595 991 668 scriptum
1036 604 1163 652 est:
1223 595 1415 652 Omnes
1468 597 1606 652 enim
1657 614 1751 653 nos
1794 599 2124 668 manifestori

543 698 738 754 oportet
763 698 884 743 ante
938 686 1171 742 tribunal
1223 687 1343 753 Dei,
1391 699 1447 744 ut
1500 690 1717 759 recipiat
1765 691 2124 761 unusquisque

542 779 755 848 propria
780 779 1033 849 corporis,
1049 788 1202 848 prout
1236 780 1416 850 gessit,
1437 779 1541 834 sive
1555 779 1770 846 bonum,
1790 781 1896 835 sive
1924 780 2122 835 malum

544 870 629 939 (Il
664 869 784 924 Cor.
816 886 868 933 v,
902 869 1012 941 l0).
1039 867 1147 924 Sed
1178 886 1442 941 nusquam
1498 871 1756 942 scriptum
1806 880 1889 927 est
1918 889 1932 926 :
1966 872 2126 929 Dabit

543 961 644 1016 sibi
668 961 1035 1030 unusquisque
1062 962 1277 1031 propria
1305 963 1572 1032 corporis,
1610 971 1769 1032 prout
1795 963 1983 1034 gessit,
2012 963 2126 1020 sive

543 1051 766 1116 bonum,
793 1050 905 1105 sive
938 1049 1137 1105 malum
1164 1069 1177 1103 :
1206 1051 1298 1120 qui
1322 1052 1468 1106 enim
1512 1052 1726 1123 recipit,
1750 1053 1939 1123 procul
1963 1053 2126 1109 dubio

544 1139 646 1193 alio
674 1140 1004 1194 retribucnte
1036 1140 1245 1211 recipit,
1271 1142 1415 1211 quod
1452 1151 1694 1197 meretur
1716 1159 1823 1199 non
1883 1143 1986 1199 sibi
2028 1144 2127 1198 tri-

545 1231 673 1294 buit,
709 1216 937 1300 quodex
972 1246 1029 1286 se
1050 1224 1261 1287 habere
1291 1248 1397 1287 non
1450 1233 1643 1303 potuit.
1689 1233 1820 1301 Quis
1865 1249 1998 1288 vero
2040 1249 2125 1290 se-

548 1321 722 1391 ipsum
745 1322 938 1391 punire
967 1322 1233 1378 ullatenus
1270 1323 1452 1391 vellet,
1484 1324 1611 1394 quin
1658 1325 1933 1396 paniculis
1956 1326 2127 1382 inevi-

550 1411 768 1465 tabilem
800 1413 1174 1467 necessitatem
1214 1412 1442 1485 fugeret,
1489 1415 1534 1470 si
1567 1414 1806 1471 valeret?
1836 1417 2126 1472 Enimvero

544 1504 720 1559 mullus
748 1514 850 1571 est,
890 1506 981 1575 qui
1009 1506 1244 1575 seipsum
1291 1507 1485 1576 punire
1531 1507 1664 1563 velit
1710 1508 1874 1565 etiam
1918 1516 2126 1580 tempo-

548 1596 641 1648 rali
693 1605 892 1660 morte,
936 1596 1134 1651 nedum
1192 1605 1396 1653 aeterna
1448 1598 1708 1668 gehennae
1773 1598 2123 1655 cruciatione.

546 1680 677 1739 Nam
704 1685 806 1740 etsi
839 1683 1078 1755 legamus
1105 1685 1366 1755 quosdam
1411 1686 1513 1743 sibi
1544 1702 1757 1754 manus,
1797 1688 1884 1744 vel
1910 1688 2125 1757 laqueo,

545 1772 625 1826 vel
650 1772 814 1838 ferro,
846 1773 931 1828 vel
964 1788 1191 1840 veneno,
1236 1774 1318 1830 vel
1372 1776 1698 1849 praecipitio,
1747 1775 1834 1831 vel
1876 1777 2125 1855 submer-

2222 602 2432 658 censuit
2458 603 2512 658 in
2560 603 2826 675 gehenna,
2864 602 3117 657 nimirum
3143 599 3286 671 quod
3316 602 3373 656 in
3403 602 3493 657 eis
3527 601 3662 672 ipse
3702 602 3833 658 fecit

2222 705 2341 746 sese
2368 691 2724 762 perditurum,
2756 691 2812 747 id
2854 699 2939 747 est
2973 691 3283 761 puniturum
3328 690 3470 745 satis
3517 702 3833 763 aperteque

2223 780 2534 837 declaravit.
2564 780 2811 853 Relinqui
2840 795 2870 835 a
2898 781 3027 844 Deo,
3061 779 3262 835 malum
3285 781 3689 836 indubitanter
3716 794 3829 839 est:

2224 876 2271 933 si
2295 890 2423 947 ergo
2454 875 2750 932 secundum
2778 884 2830 931 te
2852 873 3255 946 praedestinavit
3280 874 3448 938 Deus,
3475 889 3635 944 quos
3667 876 3832 929 relin-

2225 974 2415 1036 queret
2437 966 2729 1035 perituros,
2758 964 2960 1019 malum
2981 964 3203 1018 omnino
3242 964 3713 1032 praedestinavit,
3736 982 3829 1021 nec

2217 1053 2330 1123 jam
2361 1054 2560 1126 poterit
2598 1065 2746 1111 stare
2771 1061 2863 1108 tua
2895 1052 3138 1108 deﬁnitio
3168 1052 3441 1107 dicentis:
3472 1052 3665 1106 Deum
3694 1056 3831 1106 male

2222 1143 2640 1214 prwdestinosse.
2691 1142 2834 1210 Quid
2862 1143 3006 1197 enim
3050 1140 3204 1213 pejus
3248 1141 3355 1196 dici
3397 1150 3627 1211 potest,
3675 1157 3833 1210 quam

2225 1234 2452 1303 relinqui
2479 1248 2508 1287 a
2541 1234 2696 1289 Deo?
2724 1233 2874 1291 Unde
2901 1242 2957 1287 et
2986 1232 3099 1302 ipse
3126 1247 3224 1302 per
3251 1229 3623 1286 Psalmist
3668 1230 3831 1286 dicit:

2226 1325 2296 1379 Et
2348 1327 2544 1380 dnnisit
2593 1343 2683 1381 eos
2722 1324 3006 1380 secundum
3057 1322 3317 1377 desideria
3355 1323 3547 1377 cordis
3613 1340 3833 1388 eam;

2225 1415 2385 1471 Ibunt
2415 1417 2470 1470 iu
2506 1415 2958 1471 adiuventionibus
3000 1414 3107 1471 suis
3135 1412 3305 1483 (Psol.
3337 1424 3516 1479 Lux,
3542 1413 3671 1485 l5).
3704 1413 3833 1469 Hinc

2226 1505 2388 1559 etiam
2415 1513 2534 1560 orat
2559 1506 2784 1574 quisque
2818 1504 3043 1560 devotus
3065 1518 3185 1559 cum
3213 1502 3518 1557 Psalmista
3545 1502 3750 1558 dicens
3770 1504 3833 1558 ad

2227 1595 2396 1652 Deum
2426 1614 2439 1650 :
2471 1594 2555 1651 Ne
2582 1595 2913 1667 derelinquas
2959 1611 3055 1658 me,
3112 1594 3336 1648 Domine
3368 1592 3528 1648 Deus
3565 1611 3749 1660 meus,
3780 1612 3835 1648 se

2210 1687 2523 1754 discesseris
2552 1703 2585 1741 o
2631 1702 2712 1740 me
2735 1683 2907 1757 (Psol.
2939 1699 3019 1751 ιιι,
3064 1682 3176 1755 22).
3216 1682 3272 1737 Si
3303 1683 3483 1754 igitur
3520 1683 3834 1755 relinquere

2232 1776 2325 1832 Dei
2348 1775 2545 1831 malum
2574 1783 2679 1841 est,
2709 1783 2763 1830 et
2785 1774 3021 1830 deterius
3047 1773 3191 1829 omni
3221 1772 3387 1838 malo,
3416 1781 3486 1827 et
3514 1774 3633 1830 hoc
3656 1776 3826 1845 ipsum

544 1864 698 1918 sione
724 1871 951 1917 mortem
991 1843 1391 1921 consciscenda
1428 1843 1703 1936 injecisse',
1743 1866 1925 1938 plures
1947 1843 2123 1923 etiam
2154 1843 2201 1904 Β
2229 1866 2371 1922 Deus
2393 1864 2797 1936 praedestinavit
2821 1873 2881 1921 ut
2908 1865 3256 1934 relinqueret,
3285 1875 3342 1918 et
3371 1863 3601 1918 malum
3632 1843 3695 1919 et
3730 1883 3834 1936 pa:-

544 1952 982 2023 pbiIOSOphorum
1005 1954 1059 2009 id
1079 1956 1347 2025 appetisse
1371 1974 1386 2010 :
1408 1958 1548 2013 unde
1573 1966 1626 2013 et
1638 1958 1876 2028 epistola:
1899 1958 2124 2015 nobilis-

545 2045 667 2101 simi
705 2046 1001 2101 secundum
1029 2062 1159 2103 suos
1187 2046 1410 2104 Seneca:
1434 2048 1489 2103 in
1516 2048 1740 2118 hujusce
1787 2049 1973 2106 laudes
2015 2051 2127 2108 elo-

546 2136 900 2203 quentissime
944 2151 1204 2204 perorare
1257 2148 1591 2195 noscuntur:
1642 2139 1775 2196 ﬁdes
1822 2150 2024 2208 tamen,
2070 2151 2128 2199 et

550 2226 739 2296 religio
768 2225 1075 2281 Christiana
1099 2244 1322 2284 summa:
1346 2230 1637 2300 impietatis
1665 2231 1901 2302 deputat,
1928 2232 1972 2287 si
2006 2233 2127 2304 quis

549 2331 744 2373 manus
770 2316 872 2371 sibi
912 2316 1178 2372 violenter
1224 2318 1443 2385 inferat,
1498 2335 1799 2393 magnaque
1841 2323 1913 2377 sit
1944 2323 2128 2395 gloriae

549 2414 767 2461 sanctos
791 2405 902 2475 pati
930 2405 1200 2472 hilariter,
1239 2417 1467 2463 mortem
1498 2408 1597 2464 sibi
1627 2424 1725 2480 pro
1754 2411 1977 2467 nomine
2022 2413 2128 2469 Do-

550 2495 678 2549 mini
701 2497 869 2550 nostri
883 2495 1012 2553 Jesu
1028 2496 1226 2554 Christi
1262 2497 1497 2567 allatam,
1520 2516 1626 2555 non
1648 2510 1840 2573 sponte
1860 2504 2043 2559 subire
2054 2503 2131 2560 di-

548 2586 731 2642 latam.
749 2587 901 2644 Unde
912 2597 967 2644 et
990 2598 1314 2660 praeceptum
1328 2590 1496 2661 ipsius
1509 2603 1837 2663 acceperant
1855 2594 2125 2652 dicentes:

551 2675 612 2730 Si
633 2692 717 2729 vos
758 2678 1013 2747 persecuti
1038 2677 1235 2746 fuerint
1265 2678 1319 2732 in
1334 2679 1537 2734 civitate
1551 2682 1676 2746 ista,
1698 2680 1860 2752 fugite
1878 2684 1934 2736 in
1968 2682 2131 2739 aliam

550 2762 766 2835 (Matth.
792 2782 849 2829 χ,
885 2766 976 2835 25)
1015 2784 1028 2820 :
1080 2782 1260 2837 neque
1302 2769 1447 2823 enim
1509 2770 1623 2840 ipse
1679 2770 1937 2828 Dominus
1973 2771 2132 2830 Iesus

550 2856 786 2926 seipsum
814 2859 1044 2927 punivit,
1071 2870 1234 2930 atque
1264 2860 1554 2928 interfecit,
1592 2863 1682 2935 qui
1723 2874 1990 2936 peccatum
2027 2883 2132 2923 non

553 2945 693 3014 fecit,
717 2957 764 3003 et
792 2948 845 3001 in
866 2948 1019 3018 cujus
1041 2966 1129 3004 ore
1160 2950 1313 3006 dolus
1332 2952 1569 3006 inventus
1626 2970 1731 3008 non
1758 2964 1833 3009 est
1890 2954 1938 3026 (Ι
1981 2953 2129 3011 Petr.

556 3056 616 3106 ιι,
638 3040 762 3110 22);
800 3042 894 3097 sed
922 3043 1104 3114 utique
1133 3054 1323 3115 sponte
1350 3046 1537 3113 subiit,
1565 3063 1630 3104 ac
1674 3049 1900 3119 pertulit
1928 3049 2132 3106 illatam

555 3134 624 3205 ab
650 3135 892 3191 hostibus
922 3137 1250 3207 passionem.
1288 3137 1440 3207 Quid
1492 3147 1641 3195 tanta
1671 3141 1953 3197 beatorum
1995 3158 2135 3197 mare

2232 1969 2359 2011 nam
2409 1952 2696 2025 pessimam
2727 1953 2913 2024 utique
2947 1951 3352 2024 praedestinavit
3383 1951 3479 2006 vel
3514 1955 3829 2024 praeﬁnivit.

2225 2044 2360 2102 Vide
2383 2045 2575 2102 saltem
2601 2060 2744 2101 nunc
2780 2044 2910 2116 quid
2947 2046 3208 2101 hactenus
3238 2053 3330 2099 tua
3363 2042 3641 2101 eﬂ‘eeerit
3661 2048 3831 2120 disp-ao

2226 2138 2360 2194 talio
2384 2136 2704 2209 versipellis.
2736 2135 2941 2192 Deinde
2966 2134 3170 2191 infers:

2277 2214 2287 2231 ⁷
2756 2241 2984 2282 ιοωωεε
3048 2241 3269 2283 scores.

2298 2318 2524 2394 (Epilog.
2555 2334 2704 2374 num.
2731 2318 2788 2385 9,
2823 2328 2955 2375 seet.
2996 2317 3075 2391 2.)
3109 2329 3151 2376 Θ
3182 2317 3312 2374 "(Bc
3357 2331 3437 2374 est
3466 2322 3616 2391 ﬁdes
3648 2341 3777 2383 mea.
3798 2342 3823 2379 ο

2228 2421 2429 2467 «eterna
2454 2410 2548 2467 lus:
2566 2412 2838 2479 mentium,
2851 2409 2915 2465 de
2935 2422 3025 2465 tuo
3048 2412 3526 2482 pra’destt'natianc
3546 2432 3673 2485 quit
3688 2429 3741 2472 ts
3760 2436 3823 2471 es.

2870 2516 3187 2559 COBREC'I‘IO.

2296 2594 2339 2666 -ι-
2364 2593 2476 2651 lmo
2502 2602 2584 2649 est
2610 2591 2894 2650 inﬁdelitas
2948 2601 3038 2648 tua
3070 2592 3137 2648 de
3171 2592 3264 2648 Dei
3309 2593 3823 2663 praedestinatioae,

2229 2701 2348 2757 qua:
2376 2701 2481 2741 non
2505 2684 2619 2756 ipse
2636 2692 2720 2740 est
2744 2703 2759 2737 :
2785 2682 2951 2738 multa
2972 2684 3170 2739 etenim
3201 2683 3411 2739 de'Deo
3440 2683 3688 2738 relative
3704 2698 3827 2753 pra-

2230 2776 2505 2842 dicantur,
2527 2790 2647 2846 qua:
2685 2784 2893 2833 certum
2929 2782 3015 2829 est
3042 2774 3210 2830 Deum
3240 2774 3448 2842 facere,
3483 2791 3617 2846 qua:
3660 2786 3827 2829 tamen

2231 2866 2346 2936 ipse
2378 2880 2486 2921 non
2526 2872 2628 2919 est.
2671 2862 2940 2935 Scriptum
2976 2874 3061 2919 est
3104 2864 3344 2935 quippe:
3395 2863 3653 2918 Tentat-5t
3704 2863 3827 2917 Das

2231 2954 2498 3009 Abraham
2522 2951 2675 3027 (Gen.
2721 2970 2857 3020 χχιι,
2907 2954 2983 3024 1),
3009 2962 3064 3009 et
3102 2970 3315 3010 rursum
3364 2964 3689 3009 tentaturus
3731 2954 3827 3009 Ds-

2232 3049 2405 3103 minus
2430 3047 2572 3102 Deus
2604 3056 2766 3101 t'ester
2795 3059 2813 3099 :
2838 3056 2893 3102 et
2934 3048 3047 3116 ipse
3082 3046 3341 3101 Dominus
3384 3046 3689 3116 loquitur:
3726 3046 3826 3118 Ego

2239 3138 2493 3194 Dominus
2520 3136 2709 3192 seduxi
2735 3138 3039 3209 prophetam
3069 3136 3217 3192 illum
3243 3135 3474 3209 (Ezech.
3510 3153 3632 3202 XIV,
3668 3137 3722 3207 9)
3742 3155 3757 3201 ;
3777 3148 3826 3191 et

559 3200 611 3292 ιὰ
621 3238 735 3276 rum
759 3188 1076 3282 multiludo?
1092 3188 1383 3285 Dicendi'ne
1403 3238 1530 3287 sunt
1549 3231 1868 3302 semetipsos
1887 3233 2129 3304 punisse,
2159 3188 2204 3251 ϐ
2234 3230 2518 3287 Psalmista
2556 3229 2622 3286 de
2651 3188 2785 3285 illor:
2829 3188 3025 3285 l’erdes
3049 3244 3225 3282 omnes
3246 3188 3340 3299 qui
3366 3226 3677 3298 loquuntur
3700 3188 3826 3281 lle!-

558 3311 650 3378 qui
686 3314 1118 3381 persecutoribus
1138 3323 1215 3371 tot
1244 3317 1325 3374 eis
1371 3325 1764 3375 tormentorum
1793 3335 1990 3392 genera
2046 3322 2132 3376 in-

560 3403 878 3460 vehentibus
915 3421 1022 3463 non
1070 3406 1247 3463 solum
1303 3410 1550 3467 reluctati
1604 3426 1712 3467 non
1757 3421 1902 3480 sunt,
1945 3428 2133 3470 verum

560 3493 722 3547 etiam
770 3493 876 3549 (ide
923 3495 1174 3554 interrita
1208 3499 1561 3555 succumbere
1604 3499 1947 3556 maluerunt?
1991 3500 2136 3572 quod

560 3583 607 3638 si
641 3584 696 3638 in
726 3585 828 3640 bac
882 3586 991 3643 vita
1045 3588 1494 3647 absurdissimum
1546 3591 1726 3661 putari
1775 3600 1985 3648 certum
2029 3600 2132 3658 est,

561 3684 762 3743 quanto
783 3675 959 3732 minus
982 3678 1308 3736 credendum
1338 3690 1425 3737 est
1447 3681 1641 3753 punire
1669 3697 1731 3739 se
1785 3698 2134 3755 quemquam,

562 3764 652 3820 ubi
702 3764 852 3822 locus
894 3766 1181 3840 ell'ugiendi
1233 3770 1413 3828 nullus
1471 3772 1665 3829 datur?
1713 3772 2013 3830 Fatendum
2056 3782 2141 3832 est

2231 3323 2442 3379 decium
2472 3320 2644 3396 (Psol.
2674 3338 2729 3390 v,
2753 3321 2862 3395 ll).
2895 3320 3027 3378 Item
3060 3317 3361 3376 :Coneertit
3393 3336 3494 3375 cor
3540 3339 3749 3387 eorum,
3776 3329 3825 3373 st

2234 3418 2436 3473 adirent
2465 3415 2715 3489 populum
2754 3414 2893 3486 ejus,
2917 3426 2974 3468 ut
3029 3414 3207 3469 dolum
3249 3413 3495 3484 facerent
3552 3416 3613 3469 iis
3667 3430 3823 3469 senos

2232 3512 2347 3584 ejus
2367 3510 2540 3584 (Psal.
2562 3526 2673 3577 etv,
2697 3509 2810 3581 25).
2836 3509 2969 3567 ltem
2995 3527 3009 3564 :
3038 3507 3106 3563 Et
3124 3525 3302 3564 errare
3325 3509 3455 3579 fecit
3484 3526 3581 3564 eos
3600 3512 3658 3565 in
3680 3510 3825 3575 iuris,

2234 3611 2283 3658 et
2316 3617 2422 3657 non
2457 3602 2510 3656 in
2547 3601 2630 3656 uio
2657 3596 2831 3673 (Psol.
2869 3613 2975 3663 CVI,
3003 3596 3117 3661 40).
3156 3598 3219 3653 Et
3268 3598 3411 3652 alius
3444 3599 3721 3670 propheta
3766 3596 3825 3650 ad

2235 3708 2403 3750 eum:
2440 3690 2665 3749 Excwca
2696 3707 2789 3747 cor
2836 3688 3017 3762 populi
3053 3689 3237 3760 hujus,
3282 3698 3330 3744 et
3368 3705 3539 3744 aures
3582 3689 3701 3760 ejus
3740 3706 3823 3759 ος-

2237 3802 2397 3858 grova
2434 3784 2572 3858 (Iso.
2624 3799 2704 3850 vr,
2746 3783 2857 3855 10).
2894 3782 2967 3837 Et
3014 3781 3303 3852 Apostolus
3344 3799 3359 3835 :
3407 3780 3663 3853 tradidit
3716 3781 3823 3834 illas

562 3855 730 3926 igitur
755 3856 926 3913 Deum
946 3858 1056 3914 illic
1077 3859 1254 3916 nullos
1286 3875 1320 3917 a
1367 3877 1428 3918 se
1466 3863 1598 3934 ipsis
1636 3865 1937 3934 puniendos
1976 3865 2138 3922 relin-
2240 3855 2381 3930 Deus
2410 3855 2466 3929 in
2495 3872 2769 3945 reprobum
2806 3888 3041 3938 sensum,
3082 3881 3132 3928 et
3163 3871 3391 3925 tradidit
3440 3871 3576 3927 illos
3616 3871 3742 3926 Dm
3766 3872 3823 3924 is

560 3963 749 4019 quere,
783 3951 876 4005 sed
901 3951 1074 4023 ipsum
1099 3952 1179 4010 eis
1214 3952 1529 4039 inell‘ugibili
1553 3955 1767 4027 iustitia
1814 3958 2138 4026 retribuere,
2241 3967 2507 4039 passiones
2560 3965 2860 4037 ignominia:
2900 3964 3081 4037 (Rom.
3136 3980 3180 4029 ι,
3228 3964 3299 4019 28
3347 3964 3501 4035 seq.)
3534 4005 3553 4031 ,
3601 3975 3734 4029 etc.,
3780 3971 3831 4018 et

559 4042 705 4112 quod
732 4052 1031 4111 merentur,
1074 4045 1166 4115 qui
1220 4038 1357 4102 dixit
1393 4064 1409 4102 :
1463 4045 1644 4103 Nolite
1701 4049 1881 4104 timere
1918 4067 2007 4105 eos
2048 4051 2141 4121 qui
2244 4038 2411 4117 multa
2453 4059 2576 4125 alia,
2617 4072 2738 4129 qua:
2776 4073 2918 4112 nunc
2963 4056 3235 4129 persequi,
3284 4065 3339 4110 et
3384 4054 3617 4127 longum
3658 4064 3743 4109 est
3782 4065 3831 4109 et

562 4137 805 4205 occidunt
827 4155 1037 4210 corpus,
1064 4141 1297 4196 animam
1311 4150 1485 4197 autem
1506 4158 1611 4198 non
1631 4153 1844 4214 possunt
1859 4144 2093 4200 occidere
2115 4160 2137 4200 :
2244 4167 2353 4208 non
2380 4150 2743 4207 necessarium
2765 4146 3059 4218 judicatur.
3086 4146 3282 4202 ldeone
3296 4154 3461 4201 erunt
3488 4148 3612 4203 haec
3634 4147 3827 4207 omnia,

561 4228 654 4281 εεά
673 4230 844 4298 Ροίίδιδ
875 4245 996 4286 cum
1025 4232 1222 4297 “male.
1255 4233 1345 4302 qui
1377 4241 1543 4303 potest
1580 4234 1813 4289 animum
1843 4242 1893 4288 et
1953 4251 2141 4306 corpus
2245 4255 2365 4311 qua:
2401 4238 2780 4311 praemisimus,
2814 4245 2870 4292 et
2894 4236 3089 4292 similia
3118 4236 3213 4292 Dei
3239 4236 3580 4302 substantia,
3608 4248 3673 4290 ut
3700 4236 3832 4289 dica-

563 4321 777 4389 perdere
797 4323 852 4375 in
887 4323 1174 4393 gehennam
1210 4324 1427 4396 (Matth.
1458 4342 1518 4393 Χ,
1544 4326 1659 4398 28).
1708 4325 1826 4383 Non
1879 4328 2018 4384 dixit
2057 4344 2145 4384 re-
2248 4339 2336 4385 tur
2360 4330 2503 4385 Deus
2529 4344 2653 4385 esse
2679 4327 2926 4394 tentatio,
2957 4326 3222 4403 scductio,
3258 4326 3526 4397 perditio,
3552 4328 3832 4382 conversis

566 4409 832 4479 linquere,
858 4420 918 4466 ut
960 4427 1021 4470 se
1057 4416 1294 4484 perdat:
1343 4417 1438 4471 sed
1473 4417 1563 4488 qui
1602 4426 1768 4486 potest
1804 4418 2058 4486 animam,
2092 4427 2144 4474 et
2248 4419 2305 4475 in
2355 4419 2576 4483 malum,
2620 4433 2794 4484 error,
2847 4417 3155 4481 exctecatio,
3203 4408 3548 4489 aggravatio,
3594 4418 3830 4479 traditio,

568 4518 756 4571 corpus
789 4502 1025 4572 perdere,
1055 4504 1334 4574 quietiam
1362 4505 1536 4566 dixit:
1562 4506 1677 4578 Ego
1703 4507 1937 4564 occidam
1966 4522 1986 4562 .'
2024 4508 2140 4566 Non

567 4592 740 4651 occidi
768 4607 799 4647 a
833 4592 1023 4664 seipsis
1065 4595 1394 4664 permittam.
1432 4594 1503 4651 Et
1555 4614 1648 4669 ego
1688 4598 1851 4655 vivere
1893 4600 2086 4670 faciam
2123 4616 2143 4656 :

568 4700 675 4740 non
703 4700 735 4740 a
757 4684 952 4756 seipsis
976 4685 1161 4741 vivere
1183 4685 1481 4757 relinquam
1511 4705 1525 4745 :
1555 4690 1869 4760 percutiam,
1892 4705 1997 4746 non
2021 4706 2147 4761 per-

568 4775 681 4831 cuti
711 4792 741 4830 a
764 4776 958 4845 seipsis
980 4775 1300 4846 relinquam.
1318 4776 1385 4832 Et
1408 4794 1501 4850 ego
1520 4780 1741 4846 sonabo,
1769 4794 1877 4834 non
1900 4795 1931 4834 a
1954 4779 2146 4850 seipsis

571 4866 753 4923 sanari
780 4867 1099 4938 relinquam.
1128 4869 1195 4925 Et
1210 4870 1312 4926 hoc
1331 4871 1537 4941 quare?
1560 4870 1685 4926 audi
1711 4872 1917 4942 quare?
1952 4871 2019 4927 Et
2042 4888 2148 4927 non

573 4966 673 5021 est,
701 4958 790 5027 qui
820 4958 884 5013 de
909 4976 1068 5014 manu
1094 4976 1210 5015 meo
1230 4962 1390 5032 possit
1429 4976 1609 5016 eruere
1630 4961 1809 5031 (Deut.
1837 4977 2008 5027 xxxii,
2032 4961 2144 5032 39).

574 5047 644 5103 Et
670 5046 794 5101 item
825 5066 838 5102 :
872 5047 993 5104 Mea
1012 5058 1088 5103 est
1125 5048 1275 5116 ultio,
1307 5059 1354 5104 et
1386 5066 1480 5120 ego
1514 5050 1795 5105 retribuam
1824 5051 1878 5105 in
1925 5060 2150 5120 tempore

578 5140 761 5212 (Deut.
806 5157 979 5208 usu,
1017 5143 1132 5215 '55).
1162 5142 1232 5199 Et
1278 5143 1473 5200 iterum
1515 5161 1530 5198 :
1581 5143 1715 5198 Mihi
1763 5145 2009 5211 uindicta,
2057 5163 2151 5216 ego

579 5233 889 5300 retribuam,
909 5234 1034 5288 dicit
1064 5233 1318 5289 Dominus
1346 5234 1519 5307 (Rom.
1558 5250 1659 5299 xu,
1681 5234 1793 5305 29).

649 5322 769 5379 Jam
792 5338 922 5379 vero
947 5323 1091 5394 quod
1120 5324 1202 5379 ais
1216 5323 1446 5397 (Epilog.
1479 5340 1631 5381 num.
1651 5324 1704 5390 8,
1732 5333 1865 5380 sect.
1886 5324 1944 5396 2)
1974 5340 2078 5379 non
2098 5326 2155 5380 in

580 5417 656 5474 eis
692 5416 996 5487 puniturum
1036 5414 1204 5471 Deum
1251 5417 1389 5487 quod
1428 5417 1535 5488 ipse
1586 5416 1801 5487 fecerit,
1843 5416 1934 5470 sed
1972 5416 2028 5469 in
2079 5417 2154 5469 eis

582 5506 759 5577 puniri
792 5505 1112 5572 relicturum,
1152 5506 1292 5576 quod
1334 5507 1441 5578 ipse
1483 5523 1584 5562 non
1611 5506 1810 5576 fecerit,
1854 5521 1952 5577 per
1972 5506 2153 5562 omnia

586 5595 779 5651 falsum
821 5611 941 5653 esse
986 5597 1343 5653 convincitur.
1393 5597 1599 5669 Corpus
1623 5600 1767 5655 enim
1815 5608 1873 5655 et
1920 5598 2153 5657 animam

576 5687 705 5755 ipse
728 5686 855 5743 fecit
882 5708 895 5742 :
923 5703 1151 5757 quorum
1174 5690 1298 5745 dum
1324 5704 1517 5758 corpus
1542 5692 1609 5746 ab
1634 5691 1938 5749 hominibus
1964 5691 2153 5762 pcrimi

592 5791 768 5846 posse,
832 5794 937 5832 non
1006 5787 1183 5834 autem
1229 5790 1286 5834 et
1342 5783 1576 5836 animam
1638 5782 1796 5849 dixit,
1842 5800 1870 5838 a
1919 5799 1978 5840 se
2026 5798 2155 5838 vero

2169 4558 2223 4618 D

2247 4509 2465 4575 occisio,
2497 4517 2552 4565 et
2580 4508 2685 4563 alia
2709 4506 3011 4573 innumera,
3041 4522 3160 4577 quze
3179 4508 3379 4578 passim
3404 4507 3460 4561 in
3497 4508 3710 4563 divinis
3734 4509 3834 4563 elo-

2250 4599 2391 4673 quiis
2417 4601 2482 4656 de
2509 4598 2605 4655 Dei
2634 4597 2844 4671 justitia
2881 4597 3150 4653 veraciter
3190 4603 3244 4653 et
3280 4594 3520 4651 ﬁdeliter
3536 4598 3833 4666 pradican-

2252 4691 2378 4747 tur?
2421 4688 2627 4757 Quibus
2671 4688 2923 4745 onmibus
2953 4687 3256 4743 nullatenus
3302 4682 3420 4755 ejus
3464 4688 3831 4742 substantia:

2252 4777 2609 4835 demonstrari
2634 4776 2814 4832 nullus
2840 4776 2941 4832 nisi
2972 4785 3149 4832 mente
3183 4784 3372 4846 captus
3418 4775 3669 4847 ignorat.
3714 4774 3829 4830 Fal-

2253 4885 2371 4925 sum
2397 4876 2479 4924 est
2509 4868 2670 4938 igitur
2698 4865 2789 4921 Dei
2819 4866 3170 4921 substantiam
3192 4880 3311 4920 esse
3331 4865 3452 4936 ejus
3476 4866 3831 4935 pradcstina-

2256 4958 2479 5022 tionem,
2537 4956 2631 5012 sed
2695 4956 2767 5010 ita
2816 4971 2934 5010 eam
2995 4954 3062 5013 de
3112 4953 3203 5009 illo
3251 4953 3479 5008 relative
3530 4954 3829 5024 praedicari,

2254 5046 2705 5118 quemadmodum
2756 5045 3110 5111 creationem,
3148 5044 3553 5116 operationem,
3611 5043 3831 5107 factum,

2254 5139 2668 5205 ordinationem,
2691 5136 3117 5209 dispositionem,
3139 5135 3623 5206 dispensationem,
3647 5139 3835 5209 guber-

2257 5233 2551 5297 nationem,
2592 5237 2649 5286 et
2678 5229 2832 5299 plura
2877 5226 3093 5293 similia,
3145 5226 3343 5298 quibus
3386 5227 3539 5283 illius
3588 5229 3833 5300 omnipo-

2258 5321 2447 5387 tentia,
2498 5318 2584 5374 vel
2634 5317 2868 5383 bonitas,
2900 5316 2985 5372 vel
3031 5317 3274 5387 aequitas,
3326 5317 3415 5372 vel
3455 5315 3671 5385 judicia
3718 5335 3835 5390 per-

2259 5414 2538 5470 docentur.
2572 5412 2810 5468 Tandem
2848 5411 3001 5485 quasi
3045 5411 3218 5467 victor
3247 5410 3597 5467 subditorum
3635 5414 3811 5468 centri

2260 5504 2406 5559 tione
2454 5501 2875 5574 gratulabundus
2919 5499 3067 5556 elllas
3110 5500 3259 5556 virus
3298 5499 3575 5573 pestifera:
3624 5500 3840 5557 exhala-

2262 5595 2442 5662 tiouis,
2480 5593 2664 5651 dicens
2687 5610 2700 5649 :

2799 5699 3025 5740 JOANNES
3062 5699 3277 5740 SCOTL'S.

2333 5777 2560 5847 (Epilog.
2608 5790 2757 5830 num.
2810 5776 2899 5841 10,
2952 5785 3083 5832 sect.
3126 5776 3204 5847 5.)
3234 5785 3275 5831 8
3325 5776 3399 5830 Ac
3453 5792 3549 5846 per
3595 5776 3697 5831 hoc
3730 5790 3833 5829 cu
