3974 6344
168 385 297 444 1519

996 386 1083 443 DE
1118 370 1784 444 PR'EDESTINATIONE
1821 378 2099 447 CONTRA
2138 388 2185 445 J.
2232 386 2529 447 SCOTUM.

3272 391 3407 451 i550

163 497 397 556 omnibus
437 498 735 554 orthodoxis
785 496 1027 568 ﬁdelibus
1074 499 1455 554 anathematiso
1499 514 1587 554 eos
1633 499 1724 569 qui
1753 503 1802 561 Α
1828 514 1989 566 runt,
2031 501 2122 571 qui
2153 499 2355 569 judicia
2397 517 2493 555 sua
2530 515 2651 556 sese
2681 502 2982 570 praestituto
3007 512 3250 574 tempore
3278 522 3404 578 erga

159 592 335 646 dicunt
355 589 490 644 duas
508 588 986 660 prcedestinationes
1009 604 1137 654 esse,
1156 597 1246 642 aut
1265 604 1423 643 unam
1443 589 1723 659 geminam,

160 688 246 734 aut
275 677 592 749 bipertitam,
624 687 719 731 aut
745 676 956 747 duplam
984 691 1003 729 :
1029 677 1075 732 si
1117 678 1253 732 enim
1290 679 1410 733 dum
1447 687 1589 744 sunt,
1619 695 1722 734 non

159 776 233 822 est
269 784 374 821 una
408 768 589 821 divina
618 766 911 821 substantia
939 779 959 817 :
991 768 1036 821 si
1067 768 1293 838 gemina,
1333 782 1436 823 non
1465 778 1539 822 est
1577 769 1721 823 indi-

158 856 335 921 vidua,
355 856 401 909 si
429 855 691 925 bipartito,
720 871 825 910 non
843 865 917 910 est
937 856 1175 927 simplex,
1204 857 1295 911 sed
1321 857 1557 928 partibus
1583 874 1723 912 com-

156 947 357 1016 posita;
387 947 434 1000 si
458 945 621 1017 dupla
647 956 745 1013 est,
769 946 1077 1017 complicata
1106 958 1217 1012 est;
1242 950 1384 1018 quod
1408 949 1455 1003 si
1483 949 1722 1019 prohibe-

156 1054 274 1092 mur
307 1037 536 1092 divinam
576 1039 827 1093 unitatem
863 1038 1034 1093 dicere
1067 1038 1299 1110 triplam,
1327 1057 1433 1110 qua
1459 1041 1720 1095 dementia

150 1128 620 1191 audetJuereticus
666 1145 782 1184 eam
838 1144 1067 1184 asserere
1097 1128 1357 1198 duplam?
1402 1129 1517 1185 Tali
1562 1131 1724 1201 igitur

152 1230 502 1286 monstruoso,
526 1237 800 1287 venenosa,
839 1221 1105 1291 mortifero
1151 1221 1391 1292 dogmate
1415 1238 1448 1276 a
1476 1223 1718 1276 cordibus

152 1308 341 1363 nostris
372 1309 623 1364 radicitus
661 1313 893 1380 exploso,
937 1309 1209 1364 credamus
1264 1327 1422 1365 unam
1471 1321 1721 1365 cateruam

148 1400 652 1471 pra-destinationem
682 1401 781 1456 Dei
801 1401 968 1456 Deum
996 1418 1125 1469 esse,
1172 1412 1220 1456 et
1274 1420 1377 1457 non
1405 1404 1504 1457 nisi
1542 1404 1596 1459 in
1638 1404 1720 1460 Itis

142 1509 260 1561 qua:
321 1503 440 1549 sunt
501 1511 630 1560 esse,
674 1494 744 1549 ad
791 1511 853 1550 ea
900 1508 1018 1550 vero
1069 1511 1188 1567 qua:
1249 1512 1352 1551 non
1405 1505 1527 1551 sunt
1572 1496 1717 1552 nullo

142 1585 301 1640 modo
323 1586 601 1657 pertinere.

798 1694 1115 1736 (208326110.

210 1771 252 1841 -j-
290 1769 419 1837 Quis
450 1770 616 1836 dabit,
648 1769 825 1841 inquit
849 1772 1111 1841 propheta
1132 1810 1146 1836 ,
1174 1771 1332 1841 capiti
1351 1787 1464 1826 meo
1484 1788 1672 1843 aquam
1692 1813 1708 1839 ,

143 1869 191 1913 et
243 1858 405 1914 oculis
446 1860 573 1914 meis
606 1859 801 1929 fontem
836 1859 1220 1930 lacryrnarum,
1258 1870 1306 1913 et
1344 1858 1561 1931 plorabo
1598 1861 1717 1916 vui-—

143 1958 347 2003 neratos
356 1948 495 2018 filios
508 1948 688 2020 pepuli
708 1950 848 2004 mei?
873 1949 1004 2020 (Jer.
1026 1965 1102 2014 ix,
1133 1948 1208 2020 1.)
1223 1949 1291 2004 Ει
1316 1949 1433 2020 ipse
1459 1950 1718 2006 Dominus

138 2038 431 2108 perituram
452 2038 628 2094 videns
650 2038 867 2109 impiam
881 2039 1158 2103 civitatem,
1174 2039 1405 2109 ﬂensque
1425 2055 1582 2109 super
1603 2056 1717 2095 eam

138 2132 304 2186 dixit:
324 2132 463 2197 Quia
491 2133 535 2187 si
564 2133 1022 2202 cognovissesettu
1044 2130 1195 2202 (Luc.
1218 2147 1309 2185 χιι
1328 2171 1344 2198 ,
1364 2130 1486 2201 M);
1515 2132 1727 2200 subeo-3

141 2222 284 2276 ditur
308 2221 486 2278 ﬂeres.
515 2222 645 2291 Quae
671 2222 779 2278 duo
805 2222 1111 2277 testimonia
1134 2221 1266 2275 mihi
1297 2222 1500 2292 tibique
1524 2235 1718 2277 conve-

136 2314 256 2367 nire
273 2354 288 2378 ,
310 2315 355 2368 si
379 2315 465 2383 pia
489 2322 668 2368 mente
692 2314 1004 2369 adverteres
1020 2351 1037 2379 ,
1060 2326 1396 2383 prmcaveres
1411 2352 1427 2378 ,
1458 2312 1713 2383 quoniam

140 2422 241 2461 nec
276 2407 407 2461 mihi
439 2407 571 2461 satis
602 2415 747 2460 tuam
782 2404 1009 2460 delleudi
1040 2404 1315 2459 miseriam
1351 2405 1506 2472 copia
1539 2404 1711 2469 inest,

140 2514 240 2554 nec
278 2498 372 2553 tibi
401 2498 691 2569 effugiendi
728 2497 1031 2568 ingruentis
1073 2496 1326 2550 interitus
1357 2496 1714 2566 praecipitium

139 2589 346 2643 cautela
378 2588 581 2644 subest.
610 2587 709 2642 Cui
749 2602 872 2642 cum
910 2587 1132 2640 minime
1162 2585 1435 2641 suﬂ‘ecerit
1468 2586 1631 2641 tantis
1660 2586 1714 2641 in

141 2680 305 2734 Deum
330 2680 680 2750 blasphemiis
708 2679 1054 2749 prorupisse,
1087 2679 1515 2734 anathemandos
1545 2690 1571 2717 ε
1597 2676 1715 2746 ejus

136 2769 339 2825 electos
378 2784 500 2824 cum
535 2769 652 2839 ipso
692 2769 745 2823 in
782 2776 983 2823 aeterna
1015 2768 1347 2823 beatitudine
1387 2767 1710 2835 gloriantes,

140 2859 247 2914 imo
279 2858 455 2929 ipsum
485 2860 727 2915 omnium
758 2859 925 2914 Deum
952 2868 1009 2914 et
1036 2859 1319 2914 Dominum
1358 2859 1715 2929 impudentis.

140 2953 272 3005 sima
297 2952 597 3021 pervicacia
627 2950 1174 3021 pervicacissimaque
1200 2951 1527 3021 impudentia
1547 2992 1562 3016 ,
1589 2967 1711 3006 cum

136 3040 306 3095 bestia
330 3055 450 3110 qum
476 3041 544 3095 de
571 3042 770 3111 abysso
794 3039 1091 3094 ascendere
1110 3040 1389 3105 scribitur,
1416 3054 1478 3095 os
1503 3041 1715 3110 aperire

138 3131 664 3202 blaSphemissimum
708 3133 1016 3188 nullatenus
1053 3131 1377 3188 formidasti.
1416 3133 1616 3188 Verum
1653 3140 1713 3186 ut

1823 593 2021 661 probos
2056 601 2113 649 et
2151 594 2410 664 reprobos
2450 593 2752 648 inevitabili
2793 592 3146 664 dispositione
3194 600 3403 666 prmde-

1825 681 2045 737 stinavit
2071 682 2215 738 :imo
2237 684 2379 752 quod
2408 682 2564 737 nobis
2584 681 2666 736 vel
2690 696 2786 752 per
2810 691 3071 754 tempora,
3102 684 3188 739 vel
3218 685 3271 740 in
3296 686 3403 740 fine

1825 779 2126 842 temporum
2152 771 2389 827 futurum
2415 772 2766 842 praeviderat,
2793 782 3081 844 antequam
3102 775 3363 830 conderet
3382 817 3398 840 ,

1823 864 2030 927 statuit,
2055 864 2481 934 intemporaliter
2496 864 2934 935 judicavitatque
2953 864 3218 920 deﬁnivit.
3233 865 3402 932 Quid-

1820 954 1949 1024 quid
1971 956 2114 1010 enim
2143 956 2210 1011 de
2242 956 2332 1009 Dei
2371 955 2591 1023 iudiciis
2617 958 2894 1026 propheta:
2921 958 3402 1030 apostolorumquo

1821 1059 2192 1111 successores,
2225 1045 2307 1100 vel
2341 1060 2474 1102 voce
2510 1046 3033 1116 pronuntiaverunt,
3082 1047 3167 1103 vel
3204 1048 3399 1104 litteris

1820 1136 2242 1201 mandaverunt,
2276 1137 2492 1191 nonnisi
2532 1137 2649 1206 ipso
2688 1137 3022 1206 inspirante,
3066 1138 3293 1194 docente
3334 1154 3402 1194 ac

1814 1224 2039 1295 jubente
2069 1226 2232 1282 locuti
2266 1234 2411 1281 sunt.
2441 1226 2519 1281 Ac
2541 1242 2637 1296 per
2660 1228 2763 1283 hoc
2784 1229 3044 1297 quidquid
3071 1229 3123 1282 in
3152 1244 3249 1284 eos
3269 1245 3401 1283 ana-

1819 1315 2074 1371 tbematis
2117 1315 2399 1384 ingeritur,
2438 1314 2809 1370 indubitanter
2848 1316 2901 1370 in
2941 1314 3193 1383 injuriam
3234 1318 3289 1371 in
3319 1318 3400 1373 eis

1818 1414 1872 1462 et
1898 1420 1995 1476 per
2013 1420 2107 1460 eos
2134 1403 2405 1474 loquentis
2430 1404 2664 1460 refertur
2695 1420 2709 1458 :
2740 1406 2831 1475 qui
2863 1420 3025 1475 quam
3052 1406 3119 1460 de
3142 1406 3235 1461 Dei
3260 1423 3402 1476 pra:-

1819 1496 2173 1553 destinatione
2199 1497 2540 1553 concorditer
2570 1498 2877 1564 senserint,
2908 1498 3235 1552 unanimiter
3261 1514 3401 1568 pra:-

1818 1585 2047 1641 dicariut
2067 1627 2082 1652 ,
2104 1587 2357 1656 quoniam
2375 1586 2487 1657 jam
2511 1586 2643 1642 satis
2661 1601 2929 1657 superque
2945 1596 3207 1657 quantum
3223 1588 3400 1642 visum

1814 1683 1900 1731 est
1923 1675 2440 1741 demonstravimus,
2482 1691 2625 1731 nunc
2657 1685 2903 1745 repetere
2931 1676 3358 1765 supersedimtw.

1886 1765 2050 1839 (Epit.
2066 1768 2123 1835 5,
2140 1784 2286 1823 num.
2310 1768 2393 1832 ll,
2410 1776 2545 1823 sect.
2571 1766 2648 1839 5.)
2672 1766 2805 1822 Cum
2824 1767 3019 1837 quibus
3038 1768 3287 1822 omnibus
3304 1782 3400 1822 nev

1742 1850 1788 1911 B
1816 1872 2084 1928 quaquam
2114 1857 2405 1913 metuimus
2447 1857 2631 1913 dicere
2668 1857 3196 1928 prmtlcstinationem
3231 1856 3405 1928 gemi-

1819 1966 1979 2017 nam,
2022 1966 2121 2006 nec
2169 1966 2290 2006 eam
2341 1949 2626 2021 pluraliter
2673 1950 2957 2004 enuntiare
3008 1949 3395 2015 formidamus,

1817 2042 2178 2113 approbantes
2222 2039 2745 2111 argumentationem
2783 2047 2934 2093 tuam
2976 2056 3082 2110 qua
3126 2039 3260 2095 dicis
3291 2057 3305 2095 :
3337 2039 3398 2096 Si
3484 2060 3493 2068 ’

1816 2133 1958 2189 enim
1981 2131 2099 2187 dum
2114 2140 2267 2196 sunt,
2289 2147 2393 2187 non
2413 2138 2497 2185 est
2512 2145 2616 2185 una
2640 2130 2821 2185 divina
2843 2129 3143 2184 substantia
3169 2146 3182 2183 :
3206 2144 3399 2184 verum

1816 2231 1900 2279 est
1919 2225 2116 2294 quippe
2149 2237 2259 2277 non
2297 2237 2418 2277 esse
2443 2221 2975 2292 przcdcstination‘em
2996 2220 3236 2274 divinam
3266 2219 3397 2275 sub-

1815 2317 2092 2380 stantiam,
2117 2316 2212 2371 sed
2233 2315 2350 2385 ejus
2371 2313 2801 2383 dispositionem,
2825 2312 3218 2367 ordinationem
3235 2321 3401 2382 atque

1809 2405 2032 2475 judicia.
2067 2406 2330 2462 Similiter
2358 2426 2371 2461 :
2397 2406 2453 2461 Si
2495 2409 2709 2479 gemina
2748 2417 2864 2473 est,
2896 2409 3108 2479 inquis,
3159 2423 3266 2464 non
3308 2415 3397 2463 est

1818 2497 2120 2564 individua;
2143 2499 2187 2551 si
2210 2498 2467 2567 bipartito
2488 2539 2503 2563 ,
2527 2514 2632 2553 non
2654 2508 2739 2553 est
2758 2499 3019 2568 simplex;
3042 2499 3086 2554 si
3102 2499 3261 2570 dupla
3283 2507 3394 2567 est,

1816 2589 2135 2659 complicato
2162 2598 2263 2643 est.
2291 2589 2445 2657 Quod
2482 2591 2526 2645 si
2559 2592 2913 2661 prohibemur
2952 2591 3188 2646 divinam
3220 2590 3400 2645 unita-

1815 2688 1926 2736 tem
1969 2681 2152 2736 dicere
2190 2681 2429 2751 triplam,
2475 2698 2582 2753 qua
2620 2683 2889 2738 dementia
2919 2683 3080 2737 audet
3111 2682 3401 2739 haereticus

1816 2786 1936 2826 eam
1982 2788 2230 2828 asserere
2260 2773 2509 2844 duplam?
2536 2774 2691 2830 Licet
2728 2775 2824 2830 Dei
2861 2776 3264 2846 praedestinatio
3289 2791 3397 2831 non

1816 2862 2082 2932 signiﬁcet
2098 2861 2227 2931 ejus
2255 2863 2643 2931 substantiam;
2675 2880 2783 2920 non
2813 2866 2959 2921 enim
2990 2881 3144 2933 esse,
3171 2867 3264 2922 sed
3287 2867 3398 2921 dis-

1815 2967 2017 3022 ponere
2045 2962 2311 3009 monstrat
2349 2972 2363 3009 :
2400 2956 2687 3026 disponere
2709 2967 2919 3022 autem,
2947 2959 3089 3014 sicut
3116 2939 3397 3030 prmdcsti-

1816 3059 1976 3125 nare,
2022 3044 2091 3098 ad
2137 3054 2417 3101 creaturas
2445 3044 2564 3115 ejus
2610 3047 2832 3104 relative
2868 3049 3096 3116 dicitur;
3129 3050 3393 3119 quemad-

1817 3135 2033 3189 modum
2062 3142 2240 3191 tamen
2277 3137 2331 3192 in
2360 3136 2551 3207 primis
2580 3137 2740 3209 hujus
2765 3140 2945 3210 operis
2969 3140 3246 3210 partibus,
3279 3140 3395 3194 lar-

136 3197 330 3278 caetera
354 3223 566 3280 facilius
586 3225 839 3280 omnibus
864 3225 1071 3280 viribus
1093 3222 1399 3288 effetentur,
1429 3224 1604 3295 prima
1628 3226 1710 3278 in-
1737 3197 1783 3259 (ἶ
1813 3227 1993 3299 giente
2020 3227 2248 3283 Domino
2269 3269 2285 3295 ,
2315 3197 2517 3285 dictum
2544 3197 2670 3295 est;
2696 3197 2863 3285 multa
2899 3197 2986 3286 (ἴθ’
2998 3233 3107 3287 Deo
3132 3197 3399 3287 essentia-

136 3316 303 3372 sanize
346 3303 552 3371 falsitas
586 3313 890 3372 deuoretur.
935 3315 1166 3385 Ideoque
1202 3313 1549 3369 falsissimum
1589 3329 1711 3370 esse

135 3422 242 3460 non
265 3406 560 3471 dubitatur,
583 3407 726 3477 quod
752 3415 928 3462 tecum
950 3407 1204 3462 omnibus
1229 3404 1552 3459 orthodoxis
1578 3404 1710 3460 lide-

134 3501 275 3555 libus
303 3501 761 3555 anathematizare
784 3500 1147 3571 blasphemas.
1183 3498 1373 3556 Nullus
1399 3498 1596 3569 quippe
1620 3512 1710 3552 or-

135 3590 496 3645 thodoxorum
541 3590 777 3645 ﬁdelium
817 3590 870 3644 in
914 3599 1003 3644 tua
1046 3591 1180 3646 scita
1216 3589 1498 3655 concedit,
1528 3587 1708 3643 nullus
1750 3588 1753 3591 ’

136 3683 242 3739 tuis
281 3683 649 3753 impietatibus
687 3682 962 3754 indulget,
1002 3682 1182 3739 nullus
1210 3682 1317 3738 tuis
1351 3680 1577 3737 insaniis
1614 3695 1708 3734 ac-

133 3771 380 3841 quiescit.

205 3860 313 3917 Sed
344 3862 540 3917 mirum
570 3862 721 3918 valde
749 3871 833 3919 est
856 3864 998 3934 quod
1018 3864 1181 3918 homo
1212 3862 1591 3916 anathematus
1611 3874 1708 3913 an-

131 3961 348 4022 tequam
389 3961 550 4008 natus
594 3954 650 4008 in
689 3968 1016 4024 quemquam
1049 3953 1335 4007 anathema
1376 3950 1522 4004 ferre
1564 3964 1707 4019 pra:-

130 4042 429 4114 sumpscrit
456 4058 470 4095 :
500 4042 756 4097 nimirum
783 4043 848 4097 de
878 4043 1093 4098 illorum
1122 4050 1176 4097 te
1200 4055 1427 4095 numero
1456 4054 1578 4095 esse
1608 4039 1705 4094 de-

129 4142 436 4197 monstras,
462 4135 554 4203 qui
589 4141 871 4201 posuerunt
902 4133 958 4185 in
997 4131 1122 4185 coelo
1161 4129 1283 4204 [al.,
1317 4131 1373 4184 in
1411 4127 1616 4202 ctelum]
1648 4144 1706 4183 os

128 4238 306 4288 suum,
320 4233 367 4276 et
381 4237 602 4292 quorum
618 4220 797 4292 lingua
811 4222 1046 4276 transivit
1063 4222 1119 4275 in
1133 4230 1328 4275 terram
1343 4216 1519 4291 (Psal.
1532 4235 1678 4274 axx"
1692 4259 1704 4283 ,

127 4311 207 4383 9).
244 4310 670 4381 Necessarioque
712 4312 1153 4382 perpendendum
1190 4326 1419 4376 censeo,
1476 4310 1528 4365 in
1572 4325 1708 4380 quos

127 4402 420 4456 anathema
444 4409 596 4456 tanta
633 4402 908 4471 impietate
936 4401 1231 4473 protuleris
1261 4419 1276 4455 :
1312 4416 1504 4471 nempe
1526 4400 1579 4456 in
1608 4416 1709 4470 pa-

129 4504 255 4560 pam
282 4488 653 4546 Innocentium
673 4532 687 4556 ,
715 4491 1017 4555 Zosimum,
1056 4492 1424 4557 Bonifacium,
1456 4491 1667 4546 Sixtum
1687 4530 1704 4557 ,

128 4578 401 4648 Leonem,
440 4580 824 4649 C(elestinum,
865 4583 1216 4654 Gregorium,
1260 4598 1556 4654 omnesque
1596 4593 1707 4647 tam

128 4675 393 4731 Romana:
415 4675 565 4731 urbis
587 4676 868 4747 pontifices
895 4692 1056 4746 quam
1090 4678 1427 4745 sequentium
1457 4677 1709 4732 ordinum

128 4765 339 4836 gradus
376 4774 433 4823 et
462 4766 687 4838 populos
722 4785 737 4822 :
774 4767 825 4821 in
853 4767 1198 4823 Ambrosium
1243 4767 1553 4838 episcopum
1585 4783 1709 4823 cum

127 4855 386 4911 omnibus
403 4856 575 4920 italis;
606 4859 658 4912 in
679 4858 1037 4930 Augustinum
1055 4899 1070 4923 ,
1095 4858 1416 4913 Primasium
1441 4899 1455 4923 ,
1481 4858 1711 4930 Fulgen-

128 4947 381 5018 tiumque
405 4949 688 5019 episcopos
716 4964 839 5004 cum
874 4949 1125 5004 erunibus
1156 4948 1458 5013 Africanis;
1497 4950 1550 5003 in
1580 4950 1708 5005 llic-

130 5052 423 5109 ronymum
466 5042 842 5110 presbyterum
892 5055 1012 5095 cum
1056 5041 1305 5096 omnibus
1343 5040 1708 5099 Orientalibus

129 5139 189 5186 et
214 5130 455 5198 Graecis;
486 5133 539 5187 in
571 5132 900 5203 Prosperum
933 5142 988 5187 et
1018 5131 1281 5187 llilarium
1312 5148 1435 5187 cum
1459 5133 1711 5187 omnibus

128 5221 336 5291 Gallis;
367 5223 423 5278 in
454 5224 749 5291 lsidorum,
791 5241 913 5281 cum
942 5226 1191 5282 omnibus
1236 5227 1483 5285 ﬁdelibus
1514 5227 1708 5298 llispa-

129 5314 254 5382 nis;
290 5314 343 5369 in
384 5314 762 5371 Cassiodorum
796 5331 1013 5386 quoque
1050 5332 1172 5370 eum
1209 5316 1295 5372 bis
1334 5317 1618 5384 omnibus;
1658 5319 1711 5372 in

132 5406 338 5462 Bedam
367 5408 741 5479 presbyterum
766 5423 887 5464 cum
922 5409 1170 5464 omnibus
1195 5410 1383 5481 Anglis
1411 5419 1573 5480 atque
1592 5410 1713 5465 Bri-

86 5538 104 5553 .
134 5496 354 5562 tennis;
383 5496 440 5552 in
472 5496 806 5553 Bonifacium
825 5497 1136 5568 episcopum
1157 5513 1281 5555 cum
1304 5501 1560 5556 osnnibus
1575 5500 1711 5556 Ger-

132 5588 345 5655 manis;
376 5589 433 5644 in
467 5589 614 5659 ipsos
638 5589 857 5661 insuper
888 5588 1159 5660 apostolos
1188 5590 1590 5661 prophetasque
1616 5611 1631 5646 :
1660 5601 1717 5650 et

132 5680 285 5748 quod
317 5680 402 5735 bis
439 5681 692 5738 omnibus
724 5678 898 5749 majus
928 5688 1044 5747 est,
1082 5679 1134 5735 in
1166 5680 1339 5751 ipsum
1378 5681 1546 5736 Deum
1589 5682 1715 5737 deo-

1735 4542 1786 4602 D

1811 3319 1934 3375 liter
1956 3319 2343 3391 praedicantur,
2375 3337 2496 3392 quae
2532 3321 2813 3393 pluraliter
2839 3322 3229 3397 etl'erriunitas
3253 3323 3397 3380 illius

1808 3409 2058 3465 essentize
2100 3425 2208 3466 non
2252 3409 2592 3482 praeiudicat.
2623 3411 2859 3480 Quibus,
2892 3427 2961 3468 ne
2989 3411 3191 3468 fastidii
3222 3414 3395 3485 gratia

1810 3506 2143 3568 repetantur,
2165 3500 2413 3567 omissis,
2440 3516 2606 3556 unum
2631 3502 2726 3557 tibi
2755 3517 2821 3556 ex
2844 3501 3139 3571 Evangelio
3160 3501 3394 3571 proferi-

1808 3602 1948 3654 mus,
1970 3589 2112 3659 quod
2134 3597 2451 3645 caeterorum
2474 3589 2873 3646 conlirmationi
2896 3604 3001 3644 non
3023 3589 3184 3644 obsit.
3211 3588 3390 3643 Domi-

1807 3692 1910 3732 nus
1926 3678 2176 3732 eonditor
2191 3679 2564 3734 universitatis
2581 3684 2744 3748 atque
2763 3677 3059 3748 dispositor
3083 3676 3215 3731 dicit
3236 3693 3254 3731 ;
3278 3675 3395 3747 Ego

1806 3783 1922 3821 sum
1957 3770 2267 3823 resurrectio
2305 3778 2355 3823 et
2395 3770 2502 3823 vita
2543 3768 2725 3839 (Joan.
2759 3784 2844 3835 ιι,
2875 3767 3001 3839 25),
3044 3782 3277 3837 cumque
3300 3783 3393 3825 re-

1807 3855 2198 3911 surrectionem
2247 3865 2395 3911 tanta
2444 3856 2713 3921 evidentia
2759 3856 3122 3922 intimaverit,
3151 3856 3275 3912 alibi
3309 3865 3392 3912 ta-

1806 3960 1932 3999 men
1980 3946 2036 3999 in
2076 3945 2265 4001 eodem
2310 3945 2601 4018 Evangelio
2634 3947 2711 4001 ait
2750 3965 2763 4001 :
2804 3945 2986 4001 Nolite
3033 3946 3218 4001 mirari
3262 3947 3393 4013 hoc,

1805 4035 1931 4105 quia
1966 4036 2102 4089 venit
2141 4036 2272 4090 hora
2299 4053 2402 4110 qua
2429 4052 2608 4092 omnes
2632 4038 2723 4108 qui
2760 4037 2818 4092 in
2857 4037 3205 4093 monumentis
3235 4047 3392 4105 sunt,

1807 4126 2020 4181 audient
2073 4142 2246 4181 vocem
2294 4128 2445 4197 ejus;
2506 4137 2556 4183 et
2603 4127 2904 4199 precedent,
2965 4130 3056 4200 qui
3115 4128 3250 4184 bona
3317 4128 3394 4199 fe-

1807 4229 2024 4286 cerunt,
2067 4221 2124 4274 in
2165 4221 2589 4276 resurrectionem
2629 4222 2780 4287 vitta;
2820 4221 2911 4292 qui
2957 4237 3076 4276 vero
3120 4220 3298 4287 mala,
3334 4222 3391 4276 in

1808 4311 2234 4365 resurrec;ionem
2282 4310 2474 4380 judicii
2535 4311 2725 4382 (Joan.
2784 4326 2840 4376 v,
2899 4311 3022 4383 28).
3074 4310 3388 4367 Secundum

1808 4399 1923 4455 inec
1968 4399 2183 4455 Domini
2232 4400 2560 4465 testimonia,
2618 4408 2676 4455 et
2729 4400 2920 4457 Patres
2975 4412 3274 4470 exponunt,
3332 4412 3390 4459 et

1810 4491 2009 4548 veritas
2062 4492 2287 4559 edocet,
2331 4491 2465 4547 duas
2528 4507 2648 4548 esse
2704 4492 3159 4556 resurrectioncs,
3224 4507 3389 4547 unam

1813 4593 2122 4638 sanctorum
2143 4623 2157 4649 ,
2190 4584 2414 4639 alteram
2446 4584 2764 4654 impiorum,
2802 4598 2938 4654 quas
2981 4583 3240 4639 Dominus
3265 4583 3391 4639 vitae

1813 4685 1975 4747 atque
1998 4675 2185 4744 judicii
2229 4675 2557 4746 nuncupavit
2590 4693 2604 4729 :
2631 4675 2892 4745 judicium
2926 4684 3107 4730 autem
3136 4674 3239 4730 hoc
3268 4673 3390 4729 loco

1811 4782 1911 4838 pro
1938 4766 2282 4821 damnatione
2305 4767 2536 4836 positum
2565 4766 2754 4822 Patres
2778 4767 3095 4836 intelligunt.
3130 4765 3195 4819 Et
3224 4765 3390 4821 veluti

1814 4857 1919 4911 alia
1962 4865 2047 4911 est
2080 4857 2406 4912 resurrectio
2438 4857 2664 4922 animus,
2696 4872 2803 4927 qua
2851 4856 3057 4911 relictis
3101 4854 3247 4910 vitiis
3292 4872 3393 4925 per

1816 4930 1908 5001 1)(Ξὶ
1935 4947 2164 5017 gratiam
2194 4947 2487 5004 virtutibus
2534 4948 2716 5003 vivere
2765 4947 2984 5017 incipit,
3015 4946 3080 5000 de
3106 4960 3211 5014 qua
3249 4946 3389 4999 idem

1813 5036 2073 5092 Dominus
2098 5037 2268 5092 dicit:
2302 5037 2498 5104 Amen,
2527 5053 2678 5093 amen
2717 5036 2834 5091 dico
2872 5036 3049 5101 vobis,
3090 5036 3213 5106 quia
3252 5034 3390 5089 venit

1811 5127 1941 5181 liora
1959 5167 1973 5193 ,
1995 5136 2044 5181 et
2072 5144 2209 5182 nunc
2233 5138 2343 5193 est,
2378 5131 2587 5200 quando
2614 5126 2806 5181 mortui
2844 5126 3058 5180 audient
3094 5142 3267 5181 vocem
3296 5123 3392 5179 Fi-

1812 5219 1870 5273 lii
1901 5219 2026 5287 Dei,
2052 5228 2100 5274 et
2132 5221 2221 5291 qui
2253 5221 2513 5274 audierint
2538 5219 2703 5273 vivent
2740 5217 2926 5289 (Ibid..
2960 5231 3101 5271 vers.
3133 5215 3256 5288 25);
3290 5232 3390 5269 au-

1813 5310 1984 5376 dient,
2025 5311 2078 5365 td
2106 5320 2189 5366 est
2230 5311 2522 5366 obaudient
2565 5318 2726 5379 atque
2752 5309 3117 5378 obsequemur
3149 5325 3161 5360 :
3195 5315 3249 5361 et
3285 5305 3390 5359 alia
3458 5368 3469 5375 θ

1816 5413 1899 5460 est
1924 5405 2253 5460 resurrectio
2281 5416 2566 5472 corporum
2585 5440 2600 5465 ,
2628 5401 2696 5455 de
2723 5416 2828 5471 qua
2854 5399 2995 5470 quod
3030 5398 3392 5469 praemisimus

1818 5496 2003 5552 itidem
2047 5494 2303 5565 loquitur,
2344 5493 2468 5564 quia
2510 5493 2646 5547 venit
2670 5492 2831 5557 hora,
2872 5490 3082 5562 quando
3122 5489 3176 5542 lii
3215 5487 3303 5559 qui
3336 5487 3391 5541 in

1822 5586 2167 5641 monumentis
2187 5595 2344 5650 sunt,
2369 5584 2580 5638 audient
2609 5599 2780 5672 copem
2816 5582 2963 5653 ejus;
3002 5591 3048 5635 et
3082 5578 3354 5651 precedent
3373 5618 3388 5641 ,

1820 5680 1908 5750 qui
1935 5680 2069 5735 bona
2113 5686 2356 5749 egerunt,
2398 5679 2454 5731 in
2487 5677 2913 5732 resurrectionem
2953 5676 3101 5736 vim;
3139 5673 3228 5745 qui
3276 5686 3390 5727 vero

213 5803 240 5832 ⁸
282 5790 395 5849 Hoc
422 5794 589 5850 verbo
623 5793 817 5864 smpius
845 5807 972 5848 usus
998 5800 1079 5847 est
1106 5793 1166 5847 D.
1196 5792 1544 5862 Augustinus,
1578 5793 1800 5862 epistola
1829 5794 1895 5849 93
1923 5795 1991 5848 ad
2014 5791 2382 5847 innocentium
2402 5833 2414 5853 ,
2446 5792 2508 5843 dc
2535 5790 2739 5849 Gratia,
2769 5806 2815 5841 c.
2847 5788 2898 5842 2.
