3974 6344
557 373 687 455 issi

1545 375 1604 427 δ.
1644 368 2018 427 νιιυοιζιητιι
2055 368 2438 429 TRECENSIS
2477 371 2782 430 EPISCOPI

3684 371 3826 427 155?.

555 490 726 555 milia,
756 490 813 545 in
850 491 1281 547 resurrectionem
1301 490 1514 561 judicii.
1544 490 1623 544 lta
1668 490 1771 545 alia
1820 497 1905 545 est
1945 504 2131 547 resur-
2156 493 2204 555 Α
2232 504 2290 545 se
2316 490 2469 559 ipso?
2498 490 2618 557 Quo
2638 490 2821 561 judice
2867 487 2974 544 illis
3019 500 3239 560 regnum
3260 528 3277 555 ,
3320 489 3441 545 istis
3488 487 3829 544 retribuitnr

557 582 727 637 rectio
752 597 858 653 qua
889 581 1019 652 justi
1056 581 1440 637 beatitudinem
1466 579 1681 650 capient
1709 579 2088 649 sempiternam
2108 616 2125 642 ,

556 680 613 725 et
641 670 747 724 alia
791 685 894 740 qua
925 671 1107 740 injusti
1157 668 1440 724 mittentur
1470 669 1526 724 in
1571 667 1889 738 supplicium
1930 665 2131 734 sempi-

557 766 770 814 ternum
802 776 816 813 :
847 774 954 814 non
1000 772 1109 828 quo
1144 758 1358 813 diverso
1406 766 1646 828 tempore
1675 756 1838 823 ﬁant,
1882 755 1977 811 sed
2020 769 2130 825 quo

559 850 775 905 diverso
797 850 982 905 fomite
1012 848 1260 921 gestiant.
1290 847 1441 903 Hane
1468 846 1883 905 resurrectionis
1905 846 2132 902 diversi-

560 952 723 1000 tatem
753 943 974 1014 angelus
995 956 1210 1013 quoque
1236 940 1441 996 Danieli
1472 940 1748 1011 propheta:
1785 937 2129 1001 denuntians,

558 1035 633 1090 ita
662 1034 1045 1089 commendat:
1092 1031 1160 1084 Et
1210 1030 1362 1085 multi
1401 1030 1466 1084 de
1509 1030 1722 1100 his,qui
1761 1028 2026 1087 dormiam
2076 1027 2131 1080 in

557 1135 711 1180 terra:
739 1126 979 1194 pulvere,
1005 1122 1349 1192 evigilabunt,
1372 1121 1465 1175 alii
1493 1121 1548 1175 in
1586 1121 1745 1175 vitam
1774 1130 2023 1177 aeternam
2042 1156 2059 1200 ε
2080 1124 2130 1171 et

556 1216 655 1271 alii
686 1217 742 1271 in
780 1215 1141 1286 opprobrium,
1170 1222 1225 1265 ut
1260 1211 1470 1267 uideant
1490 1226 1691 1281 semper
1712 1209 1877 1281 (Dan.
1906 1223 1983 1263 xu
2008 1248 2022 1272 ,
2048 1206 2129 1276 2).

557 1308 697 1375 Quid
740 1321 871 1362 vero
899 1305 1197 1371 sacratius,
1249 1303 1460 1359 dulcius
1512 1301 2030 1370 desiderabiliusque
2077 1298 2132 1353 in

556 1399 818 1470 religione
856 1396 1162 1453 Christiana
1214 1393 1475 1450 vocabulo
1518 1400 1697 1464 potest
1738 1391 1844 1446 diei
1891 1404 2135 1446 resurre-

556 1489 772 1545 etiouis.
805 1487 874 1543 Et
899 1476 1079 1542 tamen
1108 1494 1258 1541 tanta
1307 1484 1620 1541 diversitate
1650 1480 1946 1553 profertur,
1979 1487 2040 1534 ut
2066 1479 2134 1534 de

556 1593 621 1634 ea
651 1576 902 1633 dubitare
929 1575 1098 1632 solius
1145 1573 1414 1630 dementis
1460 1573 1552 1628 sit.
1593 1572 1712 1642 Ipse
1750 1571 1914 1642 igitur
1942 1568 2033 1640 qui
2075 1583 2135 1624 se

556 1667 972 1754 resqrrectionis
999 1664 1217 1721 nomine
1240 1662 1572 1734 designavit,
1597 1675 1827 1730 eamque
1852 1658 2058 1729 primus
2078 1656 2133 1713 in

557 1747 821 1813 aeternum
852 1757 1126 1819 victurus,
1159 1752 1378 1823 propria
1405 1750 1735 1822 resurgendo
1766 1750 1965 1804 virtute
1992 1747 2045 1802 in
2073 1761 2135 1802 se

557 1850 735 1906 victor
764 1847 954 1903 mortis
982 1845 1246 1909 exhibuit,
1272 1844 1376 1898 hoc
1400 1851 1526 1897 ante
1549 1839 1745 1897 saecula
1775 1854 1835 1895 se
1864 1837 2133 1892 facturum

557 1940 994 2013 praedestinavit,
1051 1938 1106 1993 id
1143 1945 1229 1993 est
1270 1935 1566 2006 disposuit,
1609 1920 1753 2003 quod
1797 1932 1851 1986 in
1894 1942 2137 1985 resurre-

559 2032 754 2089 ctionis
779 2033 1006 2088 veritate
1025 2037 1081 2085 et
1104 2026 1416 2083 diversitate
1442 2032 1497 2080 et
1520 2039 1579 2080 se
1598 2021 1902 2080 faciendum
1922 2018 2139 2091 praesci-

558 2124 639 2178 vit
673 2131 729 2178 et
751 2130 872 2192 post
896 2120 1164 2174 facturum
1198 2116 1406 2172 eduxit.
1437 2114 1576 2183 Quia
1621 2113 1871 2168 videlicet
1898 2111 2016 2180 ipso
2049 2123 2140 2162 au-

560 2222 711 2269 ctore
753 2210 1013 2280 acjudice
1043 2215 1342 2277 resurgent,
1370 2205 1459 2278 qui
1492 2204 1626 2260 bona
1663 2202 1893 2268 fecerunt
1913 2241 1928 2267 ,
1960 2200 2019 2254 in
2053 2214 2137 2252 re-

559 2302 931 2357 surrectionem
967 2299 1126 2363 uiue;
1149 2297 1237 2369 qui
1264 2311 1381 2350 vero
1407 2293 1584 2359 mala,
1619 2294 1678 2347 in
1712 2290 2140 2346 resurrectionem

552 2394 766 2465 judicii.
804 2391 923 2447 Hoc
951 2405 1011 2446 se
1039 2389 1304 2445 facturum
1345 2383 1787 2458 praedestinavit,
1831 2382 1925 2453 qui
1953 2381 2057 2437 hoc
2081 2394 2159 2469 se.

559 2485 829 2549 [acturum
860 2480 1155 2553 prmnovit,
1198 2475 1626 2533 misericordiam
1676 2471 1931 2528 videlicet
1976 2479 2140 2540 atque

557 2574 823 2644 judicium
840 2610 856 2638 ,
886 2555 1087 2642 quibus
1111 2569 1291 2624 omnis
1315 2564 1594 2621 rationalis
1622 2570 1884 2621 creaturae
1912 2560 2142 2632 disposi-

559 2668 637 2723 tio
661 2663 1165 2739 comprehenditur,
1190 2673 1293 2716 nec
1313 2666 1469 2714 extra
1509 2656 1655 2713 valet
1685 2653 1956 2727 quippiam
1985 2666 2136 2724 repe~

560 2757 678 2813 riri.
748 2772 751 2775 ·

628 2849 699 2904 Et
721 2843 1172 2918 quemadmodum
1200 2839 1593 2913 dispositiones,
1610 2837 2001 2903 ordinationes,
2024 2835 2139 2892 dis-

556 2936 923 3008 pensationes,
954 2932 1374 3005 gubernationes
1428 2928 2034 3001 administrationesque
2060 2927 2143 2983 di-

562 3027 700 3081 vinus
736 3038 1073 3094 nequaquam
1114 3020 1230 3090 ejus
1256 3020 1581 3085 essentiam,
1612 3018 1708 3074 sed
1741 3017 1992 3074 ell‘ectum
2031 3017 2142 3072 cla-

560 3118 836 3185 mitantes,
852 3113 1131 3186 pluraliter
1150 3110 1448 3166 ell‘eruntur
1470 3126 1484 3162 :
1512 3108 1593 3165 sic
1616 3108 1993 3163 incunctanter
2003 3121 2143 3176 prae-

2230 580 2369 652 ignis
2393 580 2735 651 supplicium.
2786 636 2790 640 _

2299 670 2425 727 Haec
2449 680 2535 727 est
2559 679 2745 727 nostra
2789 671 2925 727 ﬁdes
2953 690 2967 725 ε
3000 671 3126 742 quia
3165 662 3281 727 haec
3306 679 3394 726 est
3416 684 3553 725 vera
3582 660 3829 739 prophe-

2229 761 2368 828 tica,
2409 761 2737 832 apostolica,
2782 762 3081 817 orthodoxa
3126 770 3291 832 atque
3334 760 3613 816 catholica
3665 758 3827 813 ﬁdes.

2229 851 2479 907 Poteram
2503 852 2724 922 quidem
2749 861 2806 907 et
2838 853 2955 923 ipse
2995 852 3090 908 tibi
3132 853 3315 908 dicere
3344 852 3648 905 anathema
3668 890 3685 913 ,
3726 849 3827 903 nisi

2231 952 2635 1014 exspectarem,
2658 951 2714 998 et
2741 943 2991 1008 mallem,
3026 951 3083 998 et
3110 952 3352 1014 optarem
3391 943 3469 996 tui
3519 941 3829 997 correctio—

2232 1049 2356 1089 nem
2384 1049 2547 1103 quam
2577 1033 2956 1104 perditionem.
3002 1032 3237 1090 Proinde
3280 1033 3527 1088 nondum
3562 1032 3621 1087 in
3653 1041 3711 1086 te
3739 1047 3825 1086 se-

2233 1123 2515 1179 veritatem
2538 1122 3142 1193 anathematisjaculor,
3171 1123 3427 1195 quoniam
3454 1125 3687 1187 hortor,
3716 1138 3832 1178 llo-

2233 1232 2337 1273 neo
2354 1258 2369 1282 ,
2393 1225 2448 1273 et
2477 1217 2604 1273 totis
2628 1217 2809 1273 cordis
2851 1215 3133 1272 alfectibus
3156 1231 3317 1288 rogo,
3341 1224 3407 1271 ut
3430 1224 3703 1284 respectu
3734 1231 3827 1269 su-

2231 1322 2412 1379 pernae
2445 1308 2632 1379 gratim
2676 1308 3000 1379 resipiseas,
3049 1316 3107 1365 et
3148 1323 3180 1362 a
3232 1316 3341 1363 tam
3368 1305 3566 1362 lethali
3596 1316 3827 1361 veterno

2232 1397 2450 1454 tandem
2476 1397 2724 1469 evigiles;
2752 1407 2809 1453 et
2840 1398 2970 1468 quid
2998 1397 3302 1453 Christiana
3326 1397 3547 1468 paritas
3586 1396 3827 1459 sentiat,

2233 1488 2487 1558 exquiras
2508 1487 2799 1544 benevolus
2815 1527 2832 1555 ,
2862 1487 3082 1547 humilis
3124 1487 3502 1559 apprehendas
3519 1528 3537 1552 ,
3562 1487 3725 1542 mitis
3744 1502 3828 1541 ac-

2235 1579 2487 1649 quiescas
2506 1617 2523 1646 ,
2549 1587 2866 1634 mansuetus
2885 1577 3112 1634 secteris
3129 1616 3144 1643 ,
3174 1578 3400 1643 devotus
3426 1585 3661 1643 teneas,
3691 1586 3751 1631 et
3771 1576 3829 1631 liv

2235 1668 2370 1726 delis
2394 1670 2448 1725 in
2473 1669 2726 1727 omnibus
2762 1670 3101 1740 exsequaris.

2308 1759 2573 1832 Relinque
2598 1759 2958 1831 quadruvium
2985 1759 3261 1828 vanitatis,
3288 1759 3436 1832 quod
3459 1773 3715 1829 sequens
3741 1773 3826 1813 ex-

2167 1863 2210 1924 B
2239 1853 2402 1908 torris
2429 1853 2528 1907 via:
2555 1851 2730 1909 lactus
2760 1866 2821 1908 es
2847 1851 3113 1908 veritatis.
3143 1852 3359 1920 Quanto
3382 1851 3627 1918 melius,
3656 1866 3825 1920 quat:-

2241 1954 2403 2016 toque
2435 1943 2704 2002 salubrius
2737 1959 2956 2017 ageres,
2988 1945 3032 2000 si
3070 1945 3162 2000 uni
3188 1958 3329 2000 verae
3365 1945 3829 2014 sempin

2239 2037 2340 2091 via:
2370 2036 2639 2102 innitens,
2681 2036 2945 2106 quadriga
2992 2035 3135 2092 illius
3177 2036 3398 2093 humilis
3447 2036 3623 2103 vehi,
3672 2052 3828 2105 quam

2240 2128 2527 2199 quadruvii
2575 2129 2652 2184 tui
2674 2127 2914 2183 inﬂatus
2952 2129 3117 2200 typho
3145 2138 3356 2202 raptum
3388 2128 3471 2184 ire
3524 2129 3583 2183 in
3618 2129 3827 2184 diversa

2240 2220 2521 2291 diligeres!
2549 2219 2820 2293 Quadriga
2846 2220 3007 2290 hujus
3033 2222 3131 2277 vite
3158 2230 3286 2277 sunt
3315 2229 3563 2291 quatuor
3585 2222 3827 2292 Era-ge-

2240 2308 2342 2377 lia,
2384 2326 2493 2366 uno
2520 2312 2757 2381 paradisi
2783 2311 2932 2368 fonte
2973 2314 3280 2380 manantia,
3305 2314 3515 2384 quibus
3562 2314 3823 2370 ποωενῂ

2239 2400 2494 2471 panditur
2525 2400 2799 2457 salutaris.
2831 2400 3101 2473 Quadriga
3128 2401 3289 2472 hujus
3314 2403 3418 2459 viae
3439 2413 3693 2474 quatuor
3712 2416 3827 2460 sunt

2240 2490 2815 2562 virtutes,.prudentia
2834 2528 2850 2556 ,
2895 2492 3251 2563 temperantia
3273 2532 3291 2558 ,
3335 2491 3615 2550 fortitudo
3636 2535 3655 2561 ,
3679 2496 3829 2565 justi.

2240 2579 2347 2647 tia,
2376 2581 2572 2651 quibus
2589 2582 2767 2637 omnis
2788 2596 3000 2639 morum
3036 2584 3276 2654 probitas
3304 2593 3661 2640 renustatur.
3688 2585 3827 2654 Qua—

2241 2670 2394 2743 driga
2425 2670 2585 2740 hujus
2607 2672 2709 2727 vim
2734 2680 2863 2728 sunt
2888 2681 3120 2742 quatuor
3142 2672 3452 2729 divinorum
3484 2674 3827 2744 eloquiennn

2242 2761 2450 2832 species
2497 2763 2789 2831 historica,
2834 2764 3047 2831 ethica,
3097 2762 3425 2837 allegorica,
3495 2769 3825 2839 anagogica,

2240 2851 2436 2922 quibus
2465 2854 2533 2909 ad
2559 2868 2773 2909 omnem
2810 2868 3089 2916 sacrarum
3118 2854 3425 2913 litterarum
3452 2857 3827 2923 intellectum,

2242 2943 2582 3019 illumiqante
2619 2947 2793 3017 gratia
2819 2944 2968 3015 ejus,
2998 2946 3304 3002 inducimur
3334 2965 3348 3001 :
3384 2964 3515 3018 qua:
3546 2950 3595 3004 si
3628 2950 3829 3004 humili-

2244 3041 2328 3089 ter
2354 3034 2693 3106 lideliterque
2717 3036 2915 3091 sectari
2937 3037 3253 3104 studuisses,
3282 3055 3576 3109 nunquam
3604 3042 3665 3095 in
3691 3050 3827 3096 tanta

2241 3139 2487 3181 errorum
2523 3135 2683 3197 atque
2708 3128 3166 3185 abominationum
3184 3171 3200 3195 ,
3226 3131 3338 3185 imo
3358 3130 3824 3202 blasphemiam

556 3207 948 3264 'dcstinationes
978 3203 1145 3275 ipsius
1176 3201 1448 3256 liberrima
1481 3197 1791 3270 pluralitate
1811 3205 2139 3295 censentur-5
2170 3212 2215 3275 ρ
2245 3220 2541 3292 pmcipilia
2588 3220 2890 3278 incidisses.
2920 3220 3119 3279 verum
3153 3222 3284 3278 dum
3328 3197 3655 3295 quadhvio
3694 3228 3827 3279 “ﬂ;

562 3313 699 3370 quas
723 3298 863 3353 sicut
901 3296 983 3369 ais
1014 3294 1069 3348 in
1097 3294 1214 3359 his,
1246 3301 1301 3347 et
1332 3306 1430 3347 nos
1455 3290 1720 3355 dicimus,
1748 3304 1867 3359 quae
1896 3295 2053 3353 sunt,
2086 3286 2141 3343 id

561 3398 645 3449 est
668 3391 722 3445 in
750 3385 1116 3444 misericordia
1139 3393 1195 3439 et
1207 3383 1413 3454 judicio
1430 3422 1446 3449 ,
1469 3383 1523 3438 in
1550 3382 1720 3454 gloria
1739 3392 1793 3437 et
1816 3379 2138 3453 ignominia,

563 3484 616 3540 id
642 3490 729 3538 est
759 3480 867 3534 vita
910 3486 1111 3534 (eterna
1130 3517 1146 3542 ,
1176 3485 1230 3532 et
1257 3476 1380 3548 igne
1408 3484 1643 3542 aeterno,
1673 3489 1793 3546 quae
1819 3490 1850 3528 a
1885 3474 1995 3531 Deo
2020 3488 2141 3531 esse

558 3574 947 3633 catholicorum
977 3569 1203 3641 ambigit
1240 3583 1442 3624 nemo:
1481 3568 1547 3622 ad
1591 3583 1656 3624 ea
1695 3582 1826 3623 vero
1867 3581 1989 3637 quae
2032 3580 2139 3621 non

560 3677 690 3725 sunt
712 3665 987 3737 pertinere
1028 3661 1123 3718 Dei
1169 3659 1704 3731 prtedestinaliones,
1730 3659 1853 3730 quis
1892 3658 1996 3715 nisi
2046 3659 2137 3729 qui

562 3775 667 3815 non
693 3766 803 3821 est,
843 3752 1173 3829 arbitretur?
1202 3751 1318 3806 Non
1355 3752 1501 3806 enim
1527 3750 1945 3821 praedestinatur
1974 3757 2138 3818 atque

560 3847 886 3920 disponitur,
915 3844 1060 3916 quod
1098 3856 1437 3913 nequaquam
1489 3850 1574 3898 est
1621 3860 1635 3895 :
1692 3849 1777 3898 est
1818 3848 1998 3897 autem
2026 3840 2136 3894 vita

559 3950 758 3997 aeterna
778 3978 793 4004 ,
824 3947 907 3994 est
937 3947 991 3993 et
1022 3937 1161 4008 ignis
1206 3945 1481 4001 suemus;-
1507 3935 1597 3989 illa
1628 3934 1694 3989 ad
1727 3933 1952 4006 gloriam
1974 3972 1989 3999 ,
2035 3933 2138 3987 iste

561 4034 628 4089 ad
658 4045 903 4103 poenam;
936 4028 1024 4082 illa
1054 4027 1118 4081 ad
1149 4042 1373 4097 regnum
1392 4067 1407 4091 ,
1436 4026 1542 4081 iste
1576 4026 1643 4080 ad
1680 4033 2028 4081 tormentum.
2052 4024 2135 4079 Ad

559 4124 676 4179 haec
715 4120 1220 4192 prcedestinationes
1261 4118 1355 4189 Dei
1401 4117 1674 4187 pertinere
1719 4116 1981 4179 dicimus,
2008 4114 2135 4183 quia

562 4228 684 4268 esse
724 4227 787 4266 ea
836 4211 1142 4265 nullatenus
1182 4207 1512 4263 dubitamus.
1543 4203 1950 4260 Prmdestinavit
1974 4203 2138 4274 igitur

561 4302 705 4357 Deus
748 4302 910 4355 vitam
957 4309 1214 4367 mternam
1274 4297 1463 4362 bonis,
1511 4293 1915 4366 prmdestinavit
1956 4294 2134 4364 ignem

560 4402 822 4450 aeternum
868 4382 1053 4457 malis,
1086 4389 1492 4463 praedestinavit
1521 4388 1687 4442 vitam
1714 4395 1966 4441 internum
1998 4386 2130 4455 piis,

560 4484 964 4558 praedestinavit
1004 4497 1219 4553 plenam
1253 4481 1392 4551 ignis
1426 4478 1613 4533 aeterni
1660 4477 1858 4546 impiis.
1891 4476 2044 4533 Unde
2078 4485 2134 4531 et

2240 3325 2369 3366 cosn
2394 3320 2544 3366 tanta
2567 3312 2864 3383 pertinacia
2891 3312 3153 3370 inluesisti
3169 3348 3185 3379 ,
3210 3328 3573 3384 nequaquam
3601 3314 3825 3385 elogium

2240 3400 2362 3458 libri
2392 3404 2757 3461 Ecclesiastici
2785 3406 3016 3463 eradere
3042 3408 3290 3473 valuisti,
3311 3424 3424 3478 quo
3446 3410 3663 3464 dicitur
3693 3429 3707 3463 :
3734 3410 3827 3475 ριί

2238 3496 2514 3567 sapitistice
2542 3496 2792 3569 loquitur,
2830 3498 3038 3555 odibilis
3064 3509 3139 3554 est
3158 3540 3174 3563 ,
3200 3502 3343 3554 omni
3384 3517 3442 3555 re
3477 3500 3827 3572 defraudabi-

2238 3593 2345 3640 turt
2378 3586 2501 3643 Non
2532 3589 2680 3643 "enim
2713 3589 2838 3645 data
2875 3598 2949 3644 est
2992 3589 3073 3647 illi
3111 3609 3144 3645 a
3183 3590 3412 3645 Domino
3436 3594 3647 3662 gratia.
3680 3593 3827 3648 0ιή

2238 3676 2376 3729 enim
2401 3676 2659 3747 sapientia
2683 3679 3030 3751 defraudatus
3058 3689 3134 3733 est
3157 3676 3351 3750 (Eccli.
3379 3697 3607 3745 xxxv",
3634 3682 3749 3736 25L
3768 3682 3827 3737 Et

2238 3760 2368 3820 illud
2402 3784 2415 3821 :
2445 3766 2513 3821 In
2555 3767 2882 3840 multiloquio
2928 3786 3033 3823 non
3072 3771 3288 3841 ejfugies
3314 3784 3604 3842 peccatum
3652 3771 3823 3843 (PM.

2234 3870 2306 3923 ι,
2341 3858 2449 3928 l9).
2480 3856 2686 3924 Quibus
2709 3859 2755 3914 si
2785 3859 3026 3929 expediri
3058 3861 3373 3927 desideras,
3401 3863 3704 3919 humilitati
3729 3880 3819 3918 sn—

2237 3947 2572 4005 blimissima:
2599 3948 2856 4005 ει·υοίῐίκὶ
2902 3951 3123 4021 supplex
3166 3962 3530 4021 prosternere
3552 3994 3570 4019 ,
3622 3966 3683 4010 ut
3712 3971 3831 4009 cum

2237 4039 2493 4109 Apostolo
2518 4040 2701 4095 dicere
2727 4041 2909 4097 valeas
2938 4060 2953 4095 :
2985 4041 3138 4097 Nihil
3164 4045 3391 4099 iudicavi
3413 4063 3501 4100 me
3523 4049 3665 4101 scire
3708 4050 3836 4101 inter

2234 4145 2321 4184 vos
2346 4131 2448 4185 nisi
2472 4130 2738 4187 Christum
2772 4131 2956 4188 Iesum
2977 4174 2993 4199 ,
3020 4144 3067 4189 et
3094 4136 3234 4190 hunc
3260 4138 3595 4206 cruciﬁxum
3621 4139 3675 4210 (Ι
3710 4139 3829 4193 Car.

2237 4238 2308 4287 tt,
2353 4222 2434 4292 2).
2483 4221 2549 4276 Et
2594 4223 2720 4279 item
2754 4241 2768 4278 :
2805 4223 2941 4278 Mihi
2972 4235 3145 4279 autem
3186 4227 3318 4281 absit
3349 4226 3587 4297 gloriari
3636 4232 3744 4284 nisi
3788 4232 3837 4282 is

2234 4328 2386 4366 cruce
2437 4311 2646 4367 Domini
2690 4315 2858 4368 nostri
2897 4314 3027 4369 Jesn
3071 4314 3304 4380 Christi,
3353 4333 3452 4385 per
3498 4334 3665 4388 quem
3716 4320 3837 4371 mihi

2236 4405 2465 4459 mundus
2493 4405 2780 4475 cruciﬁxus
2818 4414 2923 4471 est,
2967 4416 3015 4462 et
3056 4423 3149 4477 ego
3191 4409 3389 4461 mundo
3418 4405 3575 4477 (Gal.
3614 4426 3705 4471 η,
3738 4410 3835 4463 Νι.

2242 4492 2339 4550 llis
2364 4495 2417 4549 in
2447 4496 2667 4551 nomine
2690 4504 2745 4551 et
2771 4494 3037 4565 adjutorio
3058 4496 3182 4561 Dei,
3210 4513 3309 4568 pro
3332 4507 3497 4567 captu
3542 4510 3604 4554 et
3633 4501 3833 4555 ris-ilius

561 4555 621 4631 se
649 4574 918 4630 dicturum
963 4574 1016 4627 in
1059 4570 1308 4626 examine
1337 4568 1528 4623 ultimo
1567 4565 1815 4659 przedixit
1860 4566 2025 4621 istis:
2057 4565 2139 4659 Ite
2164 4555 2217 4616 D
2247 4600 2380 4640 nm
2424 4586 2769 4657 pusilmaus’
2816 4555 2988 4659 ιξηείε
3031 4555 3227 4644 ἀργοί
3266 4555 3430 4659 φηεῇ
3484 4591 3691 4657 (καθ’
3745 4603 3837 4646 ιη

560 4668 614 4721 in
641 4666 809 4737 ignem
849 4674 1100 4719 (eternum
1118 4702 1133 4727 ,
1166 4661 1256 4732 qui
1289 4669 1507 4729 paratus
1526 4669 1601 4714 est
1626 4658 1835 4715 diabolo
1860 4667 1909 4714 et
1939 4657 2138 4730 angelis

560 4772 709 4826 ejus;
742 4755 847 4809 illis
894 4768 911 4808 :
957 4750 1167 4818 Venite,
1200 4751 1454 4805 benedicti
1487 4750 1666 4805 Patris
1714 4752 1849 4815 mei,
1892 4751 2140 4820 percipite

561 4863 775 4917 regnum
825 4844 964 4915 quod
1004 4843 1143 4898 vobis
1190 4852 1433 4913 paratum
1482 4853 1556 4897 est
1601 4842 1666 4896 ab
1710 4842 1910 4912 origine
1957 4828 2139 4897 mundi

513 4960 521 4967 -
563 4936 892 5005 (Matthxu
916 4976 931 4999 ,
962 4934 1074 5005 54).
1105 4934 1171 4988 Ει
1209 4949 1427 5004 regnum
1456 4944 1699 4999 paratum
1729 4932 1867 4989 dixit
1887 4941 1944 4987 et
1966 4934 2138 5002 ignem

561 5036 805 5093 paratum
834 5026 1056 5098 adaeque
1082 5040 1191 5080 non
1228 5024 1417 5079 tacuit.
1450 5022 1494 5075 A
1523 5038 1630 5091 quo
1651 5062 1665 5088 ,
1707 5037 1925 5092 quaeso,
1972 5022 2076 5077 nisi
2104 5039 2136 5078 a

564 5158 3634 5189 ..κ-*Μ

2245 4690 2460 4745 quoque
2479 4675 2834 4731 correctionis
2848 4715 2864 4742 ,
2890 4677 3058 4733 frater
3075 4677 3312 4735 Joannes
3327 4720 3343 4745 ,
3368 4682 3553 4751 gratia
3578 4684 3833 4745 exaratis,

2244 4763 2375 4821 libet
2400 4778 2563 4833 quam
2594 4765 2835 4821 breviter
2864 4782 3133 4838 quamque
3177 4770 3455 4825 succincte
3493 4773 3832 4844 capitulatim

2245 4854 2454 4924 singula
2477 4855 2773 4921 adnotare,
2800 4872 2907 4925 quo
2947 4858 3174 4929 legentis
3213 4860 3563 4916 audientisve
3610 4860 3831 4917 intentio

2246 4941 2383 5003 lecta
2399 4942 2483 4999 vel
2496 4944 2677 4999 audita
2692 4946 2966 5000 memoria:
2981 4948 3219 5004 tenacius
3231 4949 3409 5005 valeat
3422 4951 3827 5006 commendare.

3652 5172 3819 5191 —

1316 5266 2151 5359 llECAPlTULATIO
2227 5272 2615 5356 TOTIUS
2688 5279 3083 5360 OPEBIS.

1966 5422 2438 5450 ...η-...-

880 5505 1000 5545 per.
1040 5508 1082 5552 t.
1120 5507 1239 5547 ων.
1281 5494 1305 5546 l
1343 5511 1395 5548 τ.
1436 5510 1505 5549 ετ
1545 5510 1695 5551 secr.
1739 5494 1823 5549 in.

636 5587 680 5636 Θ
710 5577 856 5635 Dicis
884 5599 896 5634 :
928 5580 1232 5646 Quadruvio
1262 5583 1561 5652 regularum
1588 5595 1815 5657 quatuor
1844 5585 2005 5641 totius
2029 5588 2146 5658 phi-

566 5665 813 5740 losophia:
843 5688 1044 5727 omnem
1079 5674 1414 5743 qurestionem
1435 5674 1583 5730 solui.

638 5792 664 5819 ι
696 5780 828 5838 Vide
856 5784 1138 5841 Ccllotium
1170 5788 1224 5842 in
1254 5786 1649 5855 Gottcscalcho,
1682 5805 1805 5862 pag.
1840 5790 1961 5851 153.

2321 5506 2362 5576 1-
2385 5506 2793 5577 Respondemus
2818 5527 2832 5565 :
2856 5509 2967 5566 Nec
2984 5510 3115 5568 illud
3146 5511 3507 5581 quadruvium
3526 5552 3545 5579 ,
3574 5528 3683 5569 nec
3708 5514 3837 5569 ubi

2248 5599 2539 5657 mundanae
2561 5602 2841 5671 sapientiai
2876 5604 3084 5674 species
3122 5604 3191 5660 ad
3226 5620 3451 5660 omnem
3480 5607 3836 5676 quatientis

2251 5688 2647 5749 dissolvendam
2678 5692 2925 5751 subicere
2950 5696 3155 5767 absque
3173 5696 3348 5765 gratia
3370 5696 3486 5763 Dei,
3514 5708 3571 5751 et
3594 5698 3704 5767 ﬁde
3726 5713 3836 5767 qu
