3974 6344
113 359 310 446 ⁸ιεδες

176 521 262 576 per
283 499 612 556 dilectionem
636 507 902 570 operatur,
935 513 998 554 ac
1045 497 1226 552 veraci
1273 495 1482 564 studio,
1519 503 1574 552 et
1617 509 1744 550 san-
1773 487 1826 558 λ

177 605 382 652 ctarum
419 591 644 648 scientia
672 589 1093 660 Scripturarum.

177 745 290 786 uer.
331 743 398 794 tt,
433 742 554 782 car.
583 724 640 792 2,
673 739 822 780 ssc'r.
861 723 898 778 2
933 739 1002 778 ET
1045 723 1098 790 6,
1137 739 1208 778 ET
1245 736 1362 778 cur.
1405 721 1462 786 5,
1501 737 1652 776 ssc'r.
1691 721 1744 776 1.

240 843 464 902 O'Dicis
491 859 506 896 :
555 838 1078 896 Prtedestinationem
1111 847 1158 890 et
1199 835 1582 906 prtesoientiam
1615 834 1744 900 Dei,

155 939 284 1010 .ejus
321 953 432 992 esse
453 935 730 990 essentiam
777 933 914 988 sicut
959 931 1280 986 uoluntatem
1301 969 1316 994 ,
1361 926 1675 998 sapientiam
1699 935 1746 980 et

175 1031 454 1086 veritatem.
483 1097 486 1100 _
569 1095 572 1098 _

239 1121 280 1193 1-
301 1119 706 1190 Respondemus
733 1135 746 1172 :
771 1115 1102 1188 Sapientiam
1124 1155 1139 1180 ,
1165 1113 1446 1168 veritatem
1475 1121 1530 1168 et
1555 1109 1746 1166 volun-

175 1221 336 1268 tatem
369 1211 424 1268 in
469 1213 580 1266 Deo
615 1209 981 1266 essentialiter
1023 1205 1344 1278 prmdicari,
1391 1201 1744 1274 praedestina-

173 1299 370 1364 tionem
415 1321 546 1362 vero
589 1313 646 1360 et
691 1301 1090 1376 prmscientiam
1123 1299 1382 1364 relative,
1413 1295 1745 1368 prointleque

171 1413 276 1454 non
303 1413 426 1454 esse
447 1395 542 1452 Dei
567 1395 948 1452 substantiam.

169 1549 286 1588 oar.
327 1545 422 1598 nt,
457 1545 578 1585 CAP.
630 1529 700 1594 2,
741 1543 891 1582 δερ-ι’.
942 1525 1008 1592 2,
1049 1541 1118 1580 ει·
1169 1541 1286 1580 car.
1343 1523 1442 1588 15,
1493 1537 1646 1576 ειεετ.
1686 1519 1740 1574 4.

235 1654 278 1702 Θ
307 1629 450 1698 Dicis
479 1661 492 1696 :
525 1639 919 1696 Pra’scientium
955 1649 1002 1694 et
1041 1637 1550 1710 pra’destinationem
1577 1651 1743 1690 unum

165 1735 302 1788 idem
333 1749 462 1788 esse.

233 1823 274 1893 1-
305 1821 710 1893 Respondemus
761 1839 774 1874 :
834 1819 1134 1874 Plurimum
1203 1817 1422 1888 didere,
1483 1817 1740 1886 quoniam

167 1915 328 1970 multa
355 1915 712 1986 prmsciuntur
753 1929 874 1984 quae
921 1929 1028 1968 non
1057 1913 1544 1984 prmdestinanlur;
1597 1909 1739 1965 nul-la

165 2021 290 2062 vero
319 2005 792 2076 pratdestinantur,
821 2003 926 2059 nisi
962 2003 1342 2072 prmsciantur.

561 2157 678 2198 nar.
724 2157 800 2207 tv,
839 2155 956 2196 cur.
995 2141 1062 2204 2,
1103 2153 1254 2194 sscr.
1295 2138 1350 2192 5.

227 2261 270 2309 Θ
297 2251 439 2308 Dicis
477 2269 490 2304 :
527 2249 807 2306 Hominem
835 2249 904 2304 ad
943 2247 1108 2303 Deum
1134 2263 1286 2318 quem
1327 2247 1490 2300 libero
1520 2247 1738 2300 arbitrio

161 2337 268 2394 sine
307 2339 486 2394 labore
513 2340 846 2402 deseruerat,
887 2339 1000 2394 sine
1023 2339 1220 2392 laboris
1265 2337 1440 2391 studio
1469 2347 1516 2392 et
1549 2353 1737 2408 coope-

163 2430 326 2484 rantis
349 2431 532 2498 gratia:
551 2429 688 2483 dono
715 2431 978 2500 pervenire
1007 2447 1112 2484 non
1133 2445 1302 2499 posse.
1723 2475 1728 2482 .

229 2521 270 2590 1-
307 2518 716 2589 Respondemus
763 2537 776 2573 :
811 2521 1028 2574 Nullum
1075 2521 1179 2574 nisi
1214 2519 1598 2588 prmvenientis
1641 2519 1740 2574 Dei

157 2612 344 2684 gratiae
381 2611 768 2682 aspirationem
805 2611 1004 2668 saltem
1053 2613 1254 2668 laboris
1299 2611 1540 2666 studium
1579 2625 1740 2682 posse

159 2703 460 2772 concipere.

565 2831 684 2872 per.
723 2833 780 2884 v,
819 2833 940 2872 cur.
974 2817 1046 2884 2,
1086 2831 1238 2872 ssc'r.
1273 2817 1326 2872 3.

223 2939 264 2986 Θ
301 2929 448 2985 Dicis
489 2943 506 2982 :
531 2927 1142 2984 Prtedestinatiou‘em'in
1167 2929 1278 2984 Deo
1297 2929 1586 2984 secundum
1607 2931 1736 2984 sub-

153 3021 400 3076 stantiam
425 3037 564 3086 esse,
597 3021 808 3076 relative
835 3033 1010 3076 autem
1033 3021 1150 3090 fieri
1172 3037 1276 3074 non
1297 3037 1464 3090 posse.

223 3113 264 3184 1-
299 3113 709 3186 Respondemus
749 3133 766 3168 :
799 3115 982 3170 Cuivis
1007 3113 1264 3169 facillime
1299 3123 1486 3183 patere
1531 3113 1736 3184 praede-

153 3203 498 3260 stinationem
543 3205 598 3258 in
639 3207 752 3260 Deo.
789 3219 1004 3276 semper
1031 3203 1276 3268 relative,

153 3295 448 3350 secundum
489 3297 848 3352 substantiam
895 3295 1036 3360 dici,
1085 3309 1206 3350 esse
1243 3294 1442 3364 quippe
1483 3293 1552 3348 ad
1597 3293 1734 3348 nihil

151 3387 297 3442 aliud
327 3385 594 3452 refertur;
623 3387 1004 3458 prndestinare
1029 3401 1160 3442 vero
1183 3400 1460 3456 nunquam
1489 3425 1504 3452 ,
1537 3385 1638 3440 nisi
1665 3389 1733 3440 ad

151 3480 358 3552 aliquid
383 3481 488 3538 dici
515 3489 716 3552 potest.

533 3631 654 3670 nar.
697 3631 786 3681 γι,
827 3621 1057 3680 ουκ-2,
1097 3629 1250 3670 ssc'r.
1292 3615 1346 3668 ϐ.

217 3737 259 3784 Θ
298 3725 488 3782 Dicis:
523 3725 692 3794 {Sient
739 3727 876 3782 duas
921 3729 1172 3782 essentias
1215 3737 1512 3798 cwteraque
1552 3729 1728 3782 omnia

141 3838 264 3892 qua:
303 3821 368 3875 de
397 3821 508 3874 Deo
545 3821 814 3888 dicuntur,
861 3821 1149 3894 geminari,
1195 3819 1272 3874 vel
1321 3821 1614 3890 triplicari,
1651 3817 1730 3874 vel

143 3909 518 3982 multiplicari,
545 3913 764 3983 impium
805 3929 944 3977 esse,
979 3913 1053 3966 ita
1079 3913 1564 3980 prwdestinationes
1594 3913 1728 3965 duas

143 4011 462 4064 asserentem
501 4011 648 4054 reatu
677 4003 980 4072 impietatis.

215 4091 258 4160 1-
293 4091 706 4162 Respondemus
731 4107 746 4144 :
775 4091 1080 4146 Essentiam
1111 4091 1206 4144 Dei
1229 4089 1534 4170 nullatenus
1559 4091 1730 4162 gemi-

141 4181 414 4249 nandum,
471 4181 558 4238 vel
611 4181 1028 4252 triplicandam,
1087 4181 1174 4236 vel
1231 4181 1722 4252 multiplicandam.

141 4273 312 4330 Multa
332 4283 514 4330 tamen
538 4287 728 4328 eorum
749 4274 961 4343 quando
987 4273 1106 4344 ipso
1131 4273 1568 4330 substantialiter
1591 4289 1730 4346 prae»

133 4367 414 4434 dicantur,
455 4366 738 4438 pluraliter
769 4351 962 4422 eﬂ‘erri'
981 4369 1210 4438 :‘-neque
1237 4367 1362 4422 ideo
1389 4367 1510 4438 ejus
1537 4383 1726 4426 essen-

135 4459 276 4514 tiar’n
301 4459 600 4528 geminari,
631 4457 714 4514 vel
745 4457 1036 4530 triplicari,
1069 4459 1156 4513 vel
1179 4459 1564 4528 multiplicari,
1587 4475 1726 4530 quo-

805 359 894 416 DE
933 359 1292 418 PRIEDEST.
1333 357 1610 418 CONTRA
1649 361 1700 416 J.
1739 357 2038 418 SCOTUII.
2079 391 2148 402 —-
2185 359 2754 420 RECAPITULATIO.

3291 361 3430 426 1354

1941 511 2058 550 nar.
2099 511 2230 562 vni,
2269 513 2384 553 cur.
2427 497 2495 564 2,
2533 513 2684 555 ssc'r.
2719 489 2788 568 2;
2831 515 2947 558 CAP.
2985 501 3054 569 5‘,
3095 521 3244 562 suc-r.
3290 511 3339 563 l.

1921 615 1964 663 Θ
2003 607 2148 662 Dicis
2173 626 2186 661 :
2215 609 2484 680 Quidquid
2506 611 2570 664 de
2589 611 2768 666 diuina
2790 613 3054 670 voluntate
3093 619 3394 692 intelligitur
3419 675 3426 688 ,

1839 689 1916 750 de
1941 697 2400 766 prwdestittatione
2427 697 2524 754 Dei
2547 703 2728 756 sentiri
2753 703 2954 759 debere.

1922 785 1964 858 1-
2003 787 2410 857 Respondemus
2457 807 2470 844 :
2521 789 2778 858 Quamvis
2825 797 3004 854 nullus
3055 801 3160 856 nisi
3203 803 3426 862 volando

1851 879 2052 948 aliquid
2075 883 2456 952 praedestine‘t,
2483 893 2666 941 tamen
2689 887 2834 944 aliud
2861 905 2982 946 esse
3005 893 3234 952 dicimus
3257 899 3392 956 velle
3411 943 3428 968 ,

1853 967 1998 1058 aliud
2031 973 2416 1040 pratdestinare
2445 993 2460 1030 :
2485 977 2622 1032 velle
2663 979 2806 1036 enim
2847 984 2916 1038 ad
2955 1001 3014 1040 se
3055 996 3262 1044 tantum
3287 993 3428 1058 dici,

1851 1049 2238 1130 pimdestinare
2283 1079 2412 1122 vero
2449 1067 2642 1124 referri
2671 1071 2740 1126 ad
2787 1073 2924 1140 alia,
2957 1091 3022 1132 ac
3059 1095 3162 1148 per
3191 1083 3294 1141 hoc
3321 1101 3430 1142 non

1853 1168 2016 1208 unum
2045 1169 2186 1212 εεεε.

2235 1267 2358 1308 DEF.
2401 1271 2486 1318 Ix,
2523 1273 2642 1312 cur.
2681 1261 2748 1323 5,
2789 1275 2941 1317 εεετ.
2983 1265 3034 1318 5.

1913 1369 1960 1414 Θ
1997 1359 2142 1416 Dicis
2175 1381 2188 1418 :
2225 1363 2786 1440 Prtrdestinationem,
2841 1387 2894 1429 ut
2937 1377 3278 1450 cliaritatem,
3325 1405 3430 1442 non

1847 1467 1957 1506 esse
1984 1455 2244 1522 geminant
2261 1497 2278 1522 ,
2307 1458 2384 1512 vel
2405 1459 2648 1532 duplam,
2683 1465 2760 1519 uel
2783 1467 3156 1540 multiplicem,
3185 1487 3234 1529 et
3253 1477 3430 1548 plura-

1847 1541 1998 1597 litate
2025 1561 2222 1602 carere.
3089 1615 3092 1618 Α

1917 1635 1958 1706 1-
1991 1635 2396 1708 Respondemus
2419 1661 2432 1698 :
2455 1645 3010 1720 Prmdestinationem,
3033 1667 3088 1714 et
3109 1660 3430 1734 cbaritglem

1847 1743 1878 1782 a
1909 1727 2196 1800 Patribus,
2225 1741 2282 1788 et
2323 1737 2596 1808 geminam
2619 1781 2634 1806 ,
2665 1750 2722 1796 et
2761 1744 3074 1814 bipertitam
3113 1723 3428 1824 frequditter

1847 1819 2050 1888 positas
2068 1863 2083 1888 ,
2111 1833 2166 1878 et
2189 1827 2694 1895 prazdestinationes
2718 1833 3002 1904 pluraliter
3027 1819 3268 1910 prolatas

2257 1949 2376 1990 oar.
2401 1953 2480 2018 ‘x,
2507 1955 2626 1994 cur.
2663 1941 2728 2006 4,
2771 1959 2922 2000 sscr.
2971 1949 3016 2002 l.

1915 2049 1958 2096 Θ
1995 2041 2178 2098 Dicis:
2227 2043 2350 2100 Tres
2371 2048 2618 2116 hwreses,
2645 2069 2804 2108 unam
2847 2053 3256 2129 Pelagianorum
3279 2065 3430 2120 liberi

1845 2131 2052 2186 arbitrii
2091 2139 2542 2194 commendatione
2567 2143 2678 2198 sine
2713 2147 2920 2214 gratia;
2957 2147 3208 2218 alterum,
3243 2155 3430 2224 gratim

1843 2223 2044 2290 solius,-
2067 2227 2302 2296 tertiam,
2329 2229 2818 2292 Gottescalchanam
2835 2281 2850 2306 ,
2877 2244 3426 2310 pra’destinationibus

1845 2318 2176 2374 necessitates
2197 2331 2244 2374 et
2276 2321 2376 2377 rint
2407 2325 2734 2396 inferentem.

1913 2407 1956 2478 1-
1995 2407 2402 2480 Respondemus
2435 2433 2448 2470 :
2483 2417 2744 2474 Detestari
2795 2439 2892 2479 nos
2937 2423 3256 2498 Pelagianos
3283 2445 3431 2488 asse-

1843 2507 2027 2552 rentes
2051 2499 2256 2568 aliquid
2277 2503 2406 2558 boni
2429 2519 2528 2574 per
2551 2506 2782 2564 liberum
2809 2513 3094 2570 arbitrium
3119 2519 3236 2574 fieri
3265 2536 3428 2592 posse

1843 2585 1962 2640 sine
1981 2587 2252 2656 adjutorio
2277 2593 2488 2662 gratiae,
2513 2605 2566 2650 et
2591 2613 2705 2662 eos,
2731 2601 2774 2653 si
2799 2601 2890 2670 qui
2918 2613 3042 2658 sunt
3065 2605 3222 2678 (quos
3247 2585 3424 2666 tamen

1841 2695 2122 2748 nunquam
2159 2685 2510 2760 audivimus),
2540 2691 2632 2758 qui
2675 2694 2900 2762 gratiam
2942 2697 3112 2752 solum
3159 2699 3234 2755 ita
3277 2719 3428 2758 com-

1843 2771 2132 2834 mendant,
2169 2783 2228 2829 ut
2257 2777 2503 2834 funditus
2541 2779 2846 2838 libertatem
2892 2787 3102 2843 arbitrii
3141 2791 3420 2858 auferant;

1837 2863 1936 2918 sed
1984 2863 2058 2920 ita
2107 2865 2338 2938 liberum
2381 2873 2666 2928 arbitrium
2699 2875 2946 2932 vitiatum
2998 2889 3052 2936 et
3091 2881 3424 2940 infirmatam

1841 2961 2276 3028 transgressione
2323 2965 2622 3032 primorum
2671 2969 2842 3024 nostri
2869 2975 3116 3042 generis,
3147 2985 3206 3032 ut
3241 2991 3340 3046 per
3365 2993 3426 3033 se

1839 3063 2062 3118 prorsus
2091 3050 2158 3104 ad
2194 3051 2330 3106 nihil
2361 3055 2485 3110 boni
2518 3071 2808 3128 assurgere
2837 3061 3048 3130 valeat,
3091 3065 3194 3122 nisi
3219 3083 3426 3137 prteve-

1843 3137 2023 3193 nialur
2051 3141 2326 3212 aspirante
2356 3147 2528 3216 gratia
2551 3187 2568 3212 ,
2599 3157 2654 3204 et
2679 3151 3046 3222 subsequatur
3083 3159 3376 3216 auxiliante
3405 3179 3418 3214 :

1319 3203 1730 3312 ξθδλθυξκιβξξξῖξξ
1761 3227 1804 3288 C
1839 3245 1938 3286 nec
1985 3233 2165 3290 minus
2207 3251 2304 3292 eos
2349 3241 2440 3308 qui
2471 3243 3036 3310 prmdestinationibus
3061 3251 3158 3306 Dei
3185 3257 3425 3312 necessi-

1841 3315 1977 3378 tates
1995 3333 2052 3378 et
2073 3325 2180 3380 vim
2199 3327 2388 3384 inferri
2409 3335 2678 3390 creaturis
2697 3339 2986 3394 somniant.
3007 3339 3263 3408 Quamvis
3277 3347 3420 3404 enim

1837 3409 1980 3466 Deus
2025 3425 2222 3470 cuncta
2269 3422 2606 3490 prmscierit,
2655 3433 2712 3480 et
2763 3427 2830 3482 de
2857 3431 3112 3486 omnibus
3149 3437 3422 3491 creaturis

1831 3505 2132 3559 secundum
2161 3509 2558 3576 prmscientiam
2589 3529 2744 3570 suam
2771 3521 3240 3588 prmdestiuaverit
3259 3563 3274 3590 ,
3296 3525 3420 3580 nul-

1835 3591 1944 3647 lum
1993 3605 2172 3652 tamen
2199 3599 2390 3654 eadem
2425 3605 2768 3672 prmscientia
2813 3617 2868 3661 et
2901 3609 3309 3678 praedestinutio
3353 3617 3422 3670 ad

1833 3687 2034 3756 aliquid
2073 3689 2318 3760 impellit.

2221 3819 2340 3858 mar.
2385 3821 2471 3872 ιιι,
2515 3823 2632 3862 cur.
2677 3811 2740 3874 4,
2781 3827 2932 3868 sec'r.
2975 3815 3032 3884 6.

1899 3919 1942 3966 Θ
1981 3911 2171 3968 Dicis:
2223 3913 2590 3972 Substantiam
2627 3919 2850 3976 heminis
2899 3941 3010 3980 esse
3051 3929 3192 3993 tria,
3229 3930 3286 3984 id
3329 3942 3410 3986 est

1831 4015 1966 4064 esse,
1997 4001 2124 4054 uelle
2149 4013 2198 4056 et
2221 4005 2386 4072 scire,
2415 4015 2464 4060 et
2493 4007 2630 4062 hanc
2653 4014 2918 4080 peccando
2949 4031 3052 4068 non
3081 4019 3342 4074 amisisse.

1841 4151 1844 4156 _
1900 4093 1938 4162 1-
1995 4093 2406 4166 Respondemus
2445 4113 2460 4152 :
2493 4097 2608 4154 Non
2639 4117 2760 4158 esse
2793 4105 3150 4164 substantiam
3183 4111 3420 4168 hominis

1827 4179 1964 4236 velle
2003 4191 2056 4236 et
2083 4183 2226 4238 scire
2251 4201 2263 4238 :
2289 4187 2578 4254 quoniam,
2622 4207 2746 4246 cum
2775 4209 2994 4264 seraper
3029 4197 3228 4254 habeat
3257 4201 3418 4258 homo

1827 4291 1968 4344 esse,
1997 4293 2106 4333 non
2127 4293 2342 4352 semper
2363 4283 2538 4340 habet
2570 4285 2710 4344 velle
2744 4297 2800 4343 et
2833 4291 3004 4348 seire.
3031 4293 3168 4352 Nam
3207 4307 3284 4354 et"
3317 4301 3414 4357 bo-

1829 4385 1958 4424 num
1985 4371 2142 4438 velle,
2177 4381 2232 4428 et
2251 4373 2453 4430 bonum
2479 4377 2622 4434 scire
2647 4381 2924 4450 peccando
2951 4385 3156 4454 amisit,
3191 4405 3294 4446 nec
3321 4405 3418 4462 per

1827 4477 1888 4516 se
1915 4463 2104 4518 eadem
2137 4465 2242 4522 nisi
2267 4481 2368 4538 per
2401 4471 2820 4540 praevenientem
2869 4475 2964 4534 Dei
3005 4481 3234 4550 gratiam
3269 4498 3416 4542 assc-

137 4549 290 4604 niam
341 4550 434 4606 tali
479 4551 790 4621 pluralitate
833 4567 942 4606 non
983 4549 1096 4619 jam
1141 4549 1258 4620 ejus
1305 4553 1576 4620 essentia,
1627 4553 1722 4608 sed
1753 4577 1801 4636 D
1827 4555 1918 4626 qui
1953 4555 2222 4614 ullatenus
2251 4569 2446 4630 potest.

133 4641 368 4698 eﬂ'ectus
391 4644 562 4714 ipsius
587 4645 1060 4710 demonstrantur;
1091 4660 1156 4700 ac
1179 4661 1277 4714 per
1305 4647 1408 4700 hoc
1437 4661 1544 4702 non
1569 4655 1719 4702 reatu

133 4735 440 4804 impietatis
465 4735 618 4806 ligari
643 4747 982 4792 asserentem
1009 4737 1512 4809 prmdestinationes
1541 4741 1720 4812 plura-

133 4825 292 4900 liter,
318 4827 445 4896 quia
485 4843 592 4883 non
636 4829 872 4884 essentia
899 4829 1044 4898 ejus,
1085 4833 1182 4888 sed
1221 4832 1528 4890 efficientia:
1555 4836 1724 4907 ipsius

129 4913 238 4972 .tali
263 4917 528 4974 vocabulo
551 4917 870 4974 eﬂ'eruntur.

165 5073 172 5080 -
243 5051 366 5096 nar.
405 5055 516 5106 vn,
553 5055 674 5096 cm.
711 5042 780 5112 2,
817 5049 968 5100 stur.
1010 5045 1076 5112 2;
1115 5055 1232 5102 CAP.
1269 5048 1336 5113 5,
1372 5063 1526 5104 sec'r.
1567 5049 1620 5104 l.

131 5155 136 5162 '
211 5161 258 5209 Θ
297 5149 446 5208 Dicis
479 5169 490 5206 :
543 5149 1068 5210 Prtedestinationem
1103 5157 1204 5212 Dei
1231 5175 1393 5214 unam
1421 5177 1560 5226 esse,
1591 5164 1726 5216 sicut
1779 5191 1782 5194 λ

137 5259 308 5296 unam
329 5243 560 5298 divinam
580 5246 964 5314 operationem.
987 5247 1302 5304 sauientiam
1319 5289 1334 5316 ,
1355 5251 1724 5318 substantiam,

129 5333 486 5392 ’uoluntatem.

35 5467 46 5476 .
133 5437 136 5440 '
211 5427 256 5496 1-
285 5425 692 5498 Rcspondemus
733 5447 748 5486 :
779 5429 1350 5502 Prmdestinationem,
1381 5447 1434 5492 et
1456 5447 1724 5510 operatio-

135 5531 272 5572 nem
295 5517 530 5574 divinam
555 5519 779 5578 relative
799 5524 866 5578 ad
889 5524 1054 5578 multa
1071 5525 1209 5590 dici;
1235 5529 1553 5596 sapientiam
1571 5547 1720 5600 vero,

135 5607 507 5664 substantiam
537 5617 598 5666 et
627 5615 994 5684 voluntatem,
1026 5617 1092 5672 ad
1139 5627 1386 5674 naturam
1424 5623 1722 5692 simplicem

135 5703 550 5768 tantummodo,
597 5705 846 5774 quamvis
893 5717 950 5762 et
997 5708 1304 5767 voluntates
1335 5713 1426 5768 Dei
1469 5729 1568 5784 pro
1603 5717 1720 5772 erli-

125 5793 356 5850 cientiis
383 5795 500 5866 ejus
529 5799 856 5856 creberrime
885 5801 1144 5872 legamus.

623 5895 906 5956 Peraea-
947 5897 1142 5988 CXV.

2207 4687 2327 4727 per.
2368 4689 2488 4742 xm,
2527 4693 2644 4732 cur.
2679 4679 2736 4746 4,
2775 4695 2927 4738 sscr.
2965 4685 3015 4740 6.

1887 4769 1938 4816 Θ
1969 4761 2114 4816 Dicis
2145 4779 2156 4814 :
2193 4761 2414 4818 Nullam
2445 4777 2690 4824 naturam
2717 4789 2868 4842 posse
2901 4779 3090 4846 perire.
3145 4791 3150 4796 '

1896 4851 1936 4920 1-
1961 4851 2418 4922 Respondemus:
2459 4857 2772 4920 Rationales
2819 4875 3096 4925 creaturas
3143 4871 3196 4926 in
3239 4881 3416 4932 totum

1825 4955 1932 5002 non
1955 4955 2114 5011 posse
2139 4943 2338 5014 perire,
2377 4947 2720 5008 irrationales
2745 4969 2876 5010 vero
2906 4971 3084 5025 posse.

2217 5071 2336 5110 nar.
2375 5073 2473 5126 xu,
2505 5075 2622 5116 cur.
2661 5063 2714 5126 4,
2759 5077 2910 5122 snc'r.
2951 5069 3004 5124 6.

1899 5155 1942 5203 Θ
1971 5147 2114 5204 Dicis
2145 5167 2158 5203 :
2195 5147 2470 5210 Hominem
2497 5155 2714 5212 liberam
2753 5157 3088 5228 voluntatem,
3121 5169 3176 5222 id
3205 5181 3280 5226 est
3311 5189 3410 5228 na-

1829 5245 2002 5293 turam
2041 5257 2214 5308 suam,
2241 5259 2346 5298 non
2381 5247 2688 5316 perdidisse.

1901 5329 1940 5398 1-
1971 5329 2378 5400 Respondemus
2411 5353 2424 5389 :
2465 5334 2722 5393 Naturam
2753 5341 2870 5412 ejus
2901 5361 3006 5402 non
3035 5363 3156 5404 esse
3183 5349 3410 5411 liberam

1831 5419 2182 5490 voluntatem,
2205 5441 2326 5480 eam
2358 5437 2538 5482 tamen
2561 5429 2628 5484 ad
2654 5433 2855 5488 malum
2879 5451 3090 5508 semper
3111 5443 3364 5500 habuisse
3391 5465 3405 5502 :

1825 5513 1894 5568 ad
1928 5511 2126 5568 bonum
2153 5509 2280 5572 vero
2309 5519 2380 5572 ita
2407 5521 2726 5590 perdidisse,
2743 5535 2800 5580 ut
2825 5529 3028 5599 absque
3057 5535 3244 5602 gratia:
3273 5553 3411 5608 prae-

1827 5607 2078 5662 ventione
2105 5609 2250 5664 nulla
2277 5610 2368 5666 sit.
2879 5657 2886 5662 .
3029 5627 3034 5632 ·
3309 5647 3332 5662 .-

2213 5739 2330 5778 osr.
2374 5741 2485 5793 xw,
2521 5745 2638 5782 cur.
2679 5729 2734 5794 4,
2777 5747 2928 5788 sser.
2971 5733 3022 5790 6.

1895 5821 1938 5872 θ
1969 5812 2110 5870 Dicis
2143 5833 2154 5868 :
2189 5813 2500 5873 Libertatem
2531 5821 2728 5877 homini
2757 5837 2870 5895 post
2897 5839 3164 5896 peccatum
3197 5843 3402 5890 remutt-

2895 5923 2970 5985 b3
