3974 6344
569 340 707 395 1355
1519 394 1524 398 ,
1565 337 1623 392 8.
1662 337 2032 395 Ριιυῡειιτιι
2069 338 2138 394 τι

2266 339 2450 396 ENSIS
2487 337 2794 399 EPISCOPI
3713 345 3845 399 i356

565 460 715 524 sisse,
755 475 980 529 vigorem
1039 475 1155 514 vero
1195 467 1242 512 et
1307 468 1612 527 potestatem
1671 458 1786 529 ejus
1835 459 2142 530 perdidisse.
2175 463 2224 520 Λ
2251 459 2506 536 libertate,
2538 461 2643 514 sive
2680 460 2735 513 in
2765 469 2911 513 motu
2947 458 3124 514 liberte
3168 457 3482 514 naturaliter
3521 460 3814 516 voluntatis
3839 506 3851 526 ,

581 609 586 612 .
633 554 672 622 1-
703 552 1110 622 Respondemus
1145 570 1156 605 :
1191 550 1399 606 Nullam
1434 565 1555 606 esse
1595 550 1923 615 libertatem,
1967 551 2012 605 si
2059 565 2150 605 ca-
2249 551 2357 604 sive
2393 551 2448 605 in
2486 566 2700 604 munere
2727 550 3082 620 intelligentia:
3111 551 3336 605 dicatur.

561 653 679 700 reat
703 644 888 715 vigore
918 651 972 697 ct
1000 650 1265 713 potestate
1298 660 1310 695 :
1355 643 1685 698 remansisse
1719 650 1899 696 autem
1929 640 2147 697 liberta-

559 746 667 793 tem
681 736 899 800 ,homini
928 738 994 791 ad
1024 733 1221 789 malum
1253 735 1642 790 tantummodo.

951 865 1071 904 per.
1114 864 1206 912 xv,
1245 863 1364 902 exp.
1405 848 1463 912 4,
1504 863 1654 903 secr.
1697 848 1751 902 8.

553 1027 556 1030 ,
628 975 671 1022 Θ
709 961 854 1018 Dicis
887 979 906 1018 τ
939 959 1082 1016 Velle
1110 960 1308 1014 homini
1336 978 1368 1014 a
1411 977 1465 1014 se
1501 976 1592 1030 per
1625 969 1870 1014 naturam
1893 975 2022 1023 esse,
2056 959 2142 1011 in-

557 1058 754 1112 choare
783 1071 900 1110 vero
927 1070 1076 1124 posse
1102 1063 1149 1107 et
1171 1054 1437 1123 perﬁcere,
1466 1069 1571 1108 non
1598 1053 1699 1107 nisi
1721 1069 1813 1122 per
1836 1051 2082 1122 gratiam.

625 1147 667 1217 1-
705 1145 1115 1216 Respondemus
1145 1161 1158 1198 :
1193 1143 1303 1199 Nec
1347 1144 1482 1199 velle
1507 1185 1522 1210 ,
1556 1159 1657 1198 nec
1699 1143 1957 1198 inchoare
1981 1183 1996 1206 ,
2044 1156 2144 1196 nec
2235 1124 2242 1130 ’

554 1253 744 1311 posse,
778 1253 878 1294 nec
913 1237 1172 1308 perlicere
1213 1236 1492 1291 hominum
1533 1234 1810 1306 quippiam
1839 1234 1963 1289 boni
1993 1273 2008 1299 ,
2038 1233 2142 1288 nisi

551 1330 919 1398 praeveniente
951 1339 1007 1384 et
1033 1329 1396 1398 subsequente
1426 1329 1597 1399 gratia
1630 1326 1745 1382 Dei.

845 1481 966 1520 nar.
1003 1481 1117 1530 xvi,
1155 1481 1275 1519 cae.
1317 1464 1372 1530 5,
1410 1480 1560 1541 secs.
1600 1469 1633 1518 4
1673 1481 1742 1520 ετ
1783 1465 1836 1520 5.

622 1588 665 1634 Θ
703 1577 847 1632 Dicis
881 1595 894 1631 :
935 1575 1124 1642 Deum,
1153 1577 1284 1630 sicut
1309 1579 1564 1632 neminem
1590 1575 1864 1648 compellat
1885 1571 2140 1647 peccare,

549 1671 626 1724 ita
654 1687 745 1726 nec
778 1669 903 1723 bene
929 1669 1112 1723 vivere.

624 1761 664 1830 1-
699 1755 1112 1830 Respondemus
1156 1775 1168 1809 :
1213 1757 1378 1812 Deum
1426 1756 1700 1811 neminem
1754 1757 2029 1828 impellere
2074 1757 2140 1811 ad

546 1827 908 1921 peccandum,
936 1849 1010 1904 ad
1042 1849 1181 1904 bene
1217 1848 1508 1902 vivendum
1554 1864 1683 1904 vero
1721 1827 1904 1904 multis
1951 1864 2134 1905 corre-
2173 1827 2215 1886 Β

547 1941 792 2010 ptionum
815 1938 1380 2010 generibusinvitare,
1410 1937 1518 1992 imo
1543 1939 1896 2008 compellere,
1928 1938 2142 1994 dicente

547 2033 712 2102 ipso:
748 2029 971 2084 Faciam
995 2040 1048 2082 ut
1078 2031 1133 2083 in
1164 2029 1434 2100 pra’ceptis
1469 2030 1596 2084 meis
1623 2028 1897 2085 ambuletis
1921 2029 2134 2097 (Ezech.

547 2122 763 2193 xl,20).
817 2123 884 2177 Et
934 2122 1109 2177 item:
1147 2118 1408 2192 Compelle
1434 2123 1633 2177 intrare
1681 2121 1834 2195 (Luc.
1883 2138 1995 2190 xlv,
2022 2122 2136 2194 25).

923 2274 1041 2314 per.
1083 2274 1218 2323 xvn,
1259 2274 1378 2314 car.
1419 2258 1472 2324 5,
1515 2274 1668 2314 secr.
1707 2259 1760 2314 4.

619 2385 662 2432 Θ
691 2375 838 2431 Dicis
871 2393 884 2428 :
916 2372 974 2429 Si
1012 2391 1117 2445 qua
1143 2391 1305 2427 causa
1333 2375 1594 2444 prcvccdat
1623 2374 1961 2438 voluntatem,
1987 2376 2042 2428 id
2067 2386 2141 2429 est

545 2474 795 2518 naturam
825 2464 894 2518 ad
925 2463 1081 2528 bona,
1113 2463 1190 2517 vel
1219 2462 1362 2518 mala
1389 2465 1714 2536 cogitanda.,
1747 2465 1824 2520 vel
1852 2465 2095 2535 facienda
2123 2509 2138 2535 ,

541 2571 650 2610 non
679 2571 790 2630 esse
816 2565 1081 2610 naturam.

611 2646 1105 2719 1-.Respondemus
1134 2661 1148 2701 :
1178 2645 1521 2702 Voluntatem
1567 2661 1674 2702 non
1712 2662 1832 2702 esse
1865 2656 2137 2702 naturam.

541 2737 782 2793 Praecedi
813 2747 992 2793 tamen
1019 2753 1138 2792 eam
1169 2738 1237 2793 ad
1277 2737 1418 2793 bona
1455 2737 1674 2807 quidem
1705 2737 1932 2792 diversis
1959 2737 2142 2793 causis

542 2829 814 2886 medentis
861 2839 916 2885 et
971 2829 1280 2884 miserentis
1311 2829 1437 2894 Dei;
1485 2828 1554 2883 ad
1599 2827 1738 2882 mala
1787 2829 2141 2902 vero,_nullis

541 2920 648 2975 nisi
677 2920 912 2992 propria:
937 2919 1312 2991 perversitatis
1346 2919 1556 2975 meritis
1593 2919 1954 2990 exigentibus.

901 3070 1021 3110 uer.
1065 3071 1220 3120 xvnt,
1256 3070 1374 3110 car.
1418 3054 1474 3121 6,
1516 3069 1668 3111 sec'r.
1714 3056 1765 3110 1.

2321 640 2362 709 1-
2389 638 2801 710 Respondemus
2833 657 2845 692 :
2875 639 3243 695 Falsissimam
3263 656 3384 696 esse
3407 641 3576 697 talem
3599 641 3854 698 diﬂ'eren-

2254 730 2380 784 tiam
2415 745 2430 784 :
2464 730 2721 800 quoniam
2771 729 3022 787 voluntas
3077 732 3311 787 hominis
3359 748 3468 786 non
3519 741 3610 787 est
3665 743 3850 788 natura

2250 818 2387 888 ejus,
2429 820 2661 876 liberum
2703 835 2832 876 vero
2861 823 3148 878 arbitrium
3191 823 3326 878 nihil
3364 825 3515 879 aliud
3553 841 3735 896 quam
3769 843 3852 880 vo-

2249 913 2512 969 luntatem
2541 913 2824 979 libertatis,
2861 914 2916 970 id
2944 923 3029 970 est
3053 914 3371 971 electionem
3415 917 3550 972 boni
3586 917 3682 973 vel
3711 918 3850 983 mali,

2167 1019 2176 1036 -'
2246 1006 2453 1062 vocari.

2609 1093 2729 1132 nar.
2768 1093 2886 1144 xxx,
2921 1094 3041 1134 cn.
3085 1077 3170 1145 10,
3205 1094 3358 1134 secr.
3395 1079 3447 1133 1.
3541 1060 3544 1062 Ὺ

2316 1197 2357 1244 Θ
2395 1187 2581 1244 Dicis:
2609 1188 2707 1244 Dei
2740 1191 2989 1261 prtescire
3014 1199 3105 1244 aut
3150 1191 3536 1261 predestinare
3588 1202 3849 1261 peccata,

2245 1281 2322 1334 vel
2351 1291 2594 1346 mortem,
2625 1281 2702 1334 vel
2739 1298 2954 1352 plenas;
3000 1282 3271 1337 hominum
3314 1282 3394 1336 vel
3423 1282 3787 1353 angelorum,
3823 1304 3852 1338 ι

2245 1373 2514 1426 contrario
2552 1371 2969 1443 intelligendum.
3036 1423 3042 1430 .

2317 1465 2357 1534 1-
2385 1463 2797 1536 Respondemus
2829 1483 2842 1519 :
2871 1467 3041 1522 Deum
3065 1468 3325 1537 praescire
3353 1476 3575 1524 tantum
3608 1481 3848 1540 peccata,

2247 1563 2476 1608 mortem
2507 1569 2638 1610 vero
2669 1554 2754 1612 vel
2793 1570 3014 1626 pinnas,
3049 1563 3105 1612 et
3161 1559 3485 1628 praescisse,
3538 1561 3760 1630 pariter
3805 1572 3853 1615 et

2245 1647 2665 1716 praedestinasse
2715 1665 2732 1702 :
2780 1663 2958 1718 neque
2991 1664 3022 1703 a
3059 1650 3335 1706 contrario
3389 1650 3686 1708 ullatenus
3743 1669 3854 1708 sen-

2246 1737 2512 1794 ticndum.

2601 1846 2729 1885 nar.
2763 1838 2898 1896 xxn,
2936 1845 3055 1887 exe.
3098 1830 3186 1898 10,
3224 1846 3380 1888 secs.
3419 1833 3476 1888 5.

2313 1951 2356 1997 Θ
2385 1941 2578 1998 Dicis:
2615 1940 2784 1996 Omne
2829 1941 3029 1997 malum
3069 1953 3360 2014 peccatum,
3405 1953 3456 1999 et
3503 1946 3632 2015 ejus
3661 1961 3852 2015 pelea

2242 2049 2372 2099 esse,
2413 2042 2462 2086 et
2490 2033 2602 2087 hwc
2631 2032 2764 2086 nihil
2785 2050 2916 2088 esse.

2313 2125 2353 2194 1-
2389 2125 2797 2195 Respondemus
2826 2144 2840 2180 :
2879 2126 3170 2184 Peccatum
3201 2129 3336 2184 nihil
3360 2144 3518 2194 esse,
3553 2139 3620 2184 at
3647 2144 3851 2200 pm

2241 2217 2361 2288 ejus
2385 2217 2587 2287 aliquid
2610 2232 2730 2274 esse
2765 2236 2779 2272 :
2814 2219 2867 2274 id
2900 2228 2987 2276 est
3023 2230 3304 2276 creaturas
3355 2221 3458 2278 Dei
3511 2237 3851 2292 ηοω-ρεια-

2241 2309 2452 2364 toribus
2477 2309 2720 2380 ptenales
2746 2311 3073 2379 eﬂiciuntur,
3089 2313 3330 2384 exceptis
3348 2313 3433 2368 eis
3457 2316 3722 2384 peccatis
3747 2329 3849 2383 qn:

2243 2414 2420 2472 pinnae
2448 2402 2703 2456 dicuntur
2730 2404 3154 2472 pra-cedentium
3181 2414 3576 2475 peccatorum.

2598 2531 2714 2570 per.
2757 2532 2914 2583 χχιιι,
2943 2533 3060 2572 esp.
3095 2517 3378 2585 lO,‘sscr.
3420 2518 3478 2571 5.

2242 2625 2248 2632 ’
2313 2645 2354 2692 Θ
2393 2635 2540 2691 Dicis
2570 2654 2582 2690 :
2623 2634 2848 2690 Mortem
2875 2637 3245 2709 miser-iamque
3281 2636 3693 2708 suppliciorum
3717 2647 3850 2692 tuer-

2243 2727 2444 2783 nalium
2472 2730 2685 2784 omnino
2716 2728 2848 2783 nihil
2892 2747 3002 2785 esse
3026 2746 3045 2785 .'
3081 2747 3144 2785 ac
3175 2747 3267 2802 per
3293 2731 3394 2785 hoc
3434 2747 3542 2785 nec
3574 2733 3816 2802 pra-sciri
3833 2775 3845 2790 .

2243 2836 2335 2874 nec
2361 2820 2749 2890 prwdestinari.

2243 2949 2252 2956 ο
2311 2911 2351 2982 1-
2381 2911 2788 2984 Respondemus
2817 2935 2829 2970 :
2864 2916 3088 2972 Mortem
3117 2916 3335 2987 quidem
3361 2931 3466 2986 per
3497 2931 3563 2971 se
3592 2932 3708 2971 non
3742 2931 3847 2971 esse

2240 3016 2490 3063 naturam
2523 3027 2536 3063 :
2568 3013 2967 3081 separationem
2999 3021 3178 3068 tamen
3204 3013 3402 3068 anima:
3427 3054 3442 3078 ,
3471 3022 3535 3067 et
3561 3014 3806 3081 corporis
3829 3052 3842 3070 .

2243 3106 2298 3153 et
2323 3113 2513 3168 poenas
2550 3102 2932 3172 gehennalium
2970 3112 3392 3168 tormentorum,
3433 3119 3554 3158 non
3597 3105 3707 3158 nisi
3749 3103 3842 3156 Deo

612 3179 655 3267 9
687 3168 833 3267 Diels
863 3187 876 3222 ε
914 3167 1136 3267 εαξη-ἠ
1163 3177 1430 3267 peccatur]!
1459 3167 1758 3267 "'fllf’m‘luf
1786 3168 1898 3239 ei!“
1931 3186 2134 3267 Ρξιξζιαῒη
2163 3191 2208 3256 C
2234 3167 2420 3260 judice
2450 3167 2590 3257 ﬁeri,
2616 3208 2685 3248 ac
2713 3209 2810 3265 per
2838 3195 2942 3252 hoc
2981 3203 3035 3252 et
3069 3195 3310 3267 praesciri
3341 3167 3415 3250 ah
3439 3195 3573 3251 ioso
3623 3205 3686 3252 et
3726 3209 3841 3264 prn-

541 3258 759 3313 aliunde
785 3259 952 3322 nasci,
986 3259 1088 3310 nisi
1120 3257 1332 3327 propria
1381 3257 1606 3311 hominis
1657 3257 1919 3312 voluntate
1969 3258 2131 3314 libero

545 3348 686 3404 male
720 3349 912 3402 utentis
941 3348 1180 3401 arbitrio.

615 3443 656 3513 1-
693 3441 1106 3512 Respondemus
1135 3456 1151 3494 :
1183 3439 1468 3495 Peccatum
1511 3442 1726 3512 propria
1776 3442 2009 3499 hominis
2042 3459 2136 3499 voo

542 3533 752 3588 luntate
784 3532 936 3589 nasci
972 3549 985 3586 :
1025 3545 1240 3604 poenam
1276 3545 1406 3585 vero
1440 3529 1556 3600 ejus
1604 3533 1717 3588 Deo
1760 3533 1908 3604 justo
1953 3533 2134 3604 judice

544 3625 797 3699 irrogari.

923 3732 1042 3772 nar.
1084 3732 1198 3781 xix,
1239 3731 1358 3769 cae.
1398 3715 1454 3781 8,
1495 3730 1649 3771 secr.
1689 3715 1742 3771 5.

612 3843 655 3890 Θ
686 3833 830 3889 Dicis
863 3851 877 3886 :
910 3831 1058 3887 Sicut
1083 3829 1311 3885 animale
1341 3847 1527 3901 corpus
1557 3832 1786 3901 potuisse
1811 3847 1966 3898 mori,
2009 3850 2135 3904 quia

543 3927 718 3982 adhuc
740 3941 846 3980 non
871 3933 984 3978 erat
1010 3921 1296 3993 perfectum
1313 3963 1328 3986 ,
1352 3923 1408 3976 id
1437 3933 1514 3977 est
1548 3923 1782 3994 spiritale
1811 3938 1830 3976 :
1849 3925 1931 3979 ita
1955 3925 2137 3980 volun-

544 4028 707 4072 tatem
753 4014 970 4069 liberam
1016 4013 1188 4066 adhuc
1221 4011 1503 4067 animalem
1540 4014 1747 4079 merito,
1779 4016 1903 4086 quia
1933 4025 2134 4070 morta-

543 4108 646 4163 lem
682 4106 913 4178 potuisse
938 4119 1154 4176 peccare
1183 4119 1201 4158 :
1227 4103 1477 4174 quoniam
1505 4103 1679 4158 adhuc
1711 4121 1812 4160 non
1851 4117 1984 4160 esset
2015 4124 2136 4176 per-

547 4198 705 4267 festa.

619 4289 660 4358 1-
692 4286 1100 4358 Respondemus
1135 4307 1146 4342 :
1186 4288 1304 4344 Non
1350 4289 1469 4345 ideo
1513 4305 1770 4361 peccasse
1819 4291 2092 4349 hominem
2120 4335 2136 4360 ,

547 4383 674 4454 quia
697 4382 938 4438 nondum
965 4393 1088 4439 erat
1113 4385 1371 4455 spiritalis
1395 4426 1411 4450 ,
1441 4386 1534 4440 sed
1559 4386 1686 4456 quia
1717 4385 1784 4441 de
1809 4385 1978 4442 nihilo
2006 4402 2136 4442 con-

546 4474 716 4540 ditus,
744 4487 854 4528 non
893 4473 961 4530 de
986 4474 1230 4532 Factoris
1259 4475 1556 4530 substantia
1587 4475 1982 4544 fuerateditus,
2013 4494 2138 4549 pro-

2240 3283 2521 3340 destinari.

2494 3391 2614 3432 our.
2656 3393 2805 3444 xxiv,
2839 3395 2965 3434 cn.
3008 3381 3107 3446 11,
3140 3397 3193 3435 τ.
3229 3395 3299 3434 ετ
3335 3395 3500 3436 εεοτ.
3545 3381 3598 3433 1.

2308 3497 2351 3544 Θ
2385 3487 2534 3545 Dicis
2565 3503 2582 3543 :
2613 3488 2740 3544 Non
2787 3507 2898 3544 esse
2944 3490 3040 3546 Dei
3073 3492 3610 3562 pra'destinationem
3663 3493 3762 3544 nisi
3788 3493 3840 3540 de

2240 3579 2322 3634 his
2355 3581 2444 3649 qui
2475 3581 2761 3650 prwparati
2786 3591 2907 3636 sunt
2938 3582 3007 3635 ad
3036 3592 3284 3636 aeternam
3313 3582 3662 3651 felicitatem.

2309 3669 2349 3739 1-
2382 3667 2793 3738 Respondemus
2839 3689 2852 3723 :
2909 3669 2968 3724 Si
3003 3670 3075 3724 ita
3108 3680 3210 3736 est,
3246 3684 3348 3725 nec
3396 3671 3498 3725 Dei
3543 3672 3836 3739 judicium.

2238 3759 2341 3814 nisi
2370 3760 2436 3814 de
2464 3761 2550 3816 his
2581 3777 2704 3817 esse
2745 3762 2836 3831 qui
2877 3763 3165 3833 praeparati
3197 3770 3322 3817 sunt
3343 3764 3414 3816 ad
3436 3771 3716 3817 aeternam
3737 3763 3838 3816 fcli-

2238 3855 2460 3910 citatem
2495 3874 2508 3910 :
2538 3858 2719 3912 omnis
2767 3859 2966 3928 quippe
3013 3859 3107 3914 Dei
3156 3859 3583 3929 przedestinatio
3625 3859 3692 3912 ad
3725 3857 3831 3923 eius

2233 3945 2593 4016 justissimum
2612 3945 2874 4016 judicium
2901 3949 3155 4018 pertinet.

2597 4077 2716 4118 δεῖ.
2753 4077 2882 4127 xxv,
2921 4076 3040 4116 (ειν.
3082 4061 3172 4126 11,
3207 4076 3362 4116 δεετ.
3407 4063 3462 4115 1.

2255 4219 2259 4222 .
2309 4183 2350 4228 Θ
2387 4172 2534 4228 Dicis
2561 4187 2577 4227 :
2603 4172 2823 4228 Abusive
2849 4172 3206 4243 translateque
3243 4172 3351 4226 dici
3388 4171 3652 4242 praescire
3683 4171 3834 4225 De“

2237 4272 2287 4316 et
2308 4265 2702 4333 prcedestinare.

2311 4357 2351 4429 1-
2379 4357 2790 4428 Respondemus
2833 4376 2846 4412 :
2897 4358 3098 4414 Verum
3140 4371 3264 4413 esse
3316 4357 3416 4412 sed
3463 4356 3766 4416 abusione.
3791 4367 3838 4406 et

2242 4451 2596 4507 translatione
2621 4450 2776 4518 nulli,
2804 4461 3003 4523 praeter
3021 4452 3204 4523 ipsum
3231 4451 3450 4521 proprie
3472 4460 3535 4504 et
3563 4451 3836 4520 principa-

543 4567 666 4640 pria
699 4564 977 4621 voluntate
1016 4580 1136 4620 sese
1177 4580 1206 4618 a
1260 4581 1472 4621 summo
1528 4567 1671 4622 hono
1720 4569 1917 4624 avertit
1969 4542 2136 4640 alque
2167 4551 2215 4610 D
2243 4542 2367 4599 me“
2389 4543 2698 4600 convenire-

548 4657 842 4715 avertendo
872 4657 1144 4716 intumuit.
1180 4655 1314 4711 Nam
1344 4665 1397 4712 et
1422 4658 1665 4714 diabolus
1700 4675 1806 4716 non
1858 4661 1979 4717 ideo
2013 4677 2138 4731 pec-

545 4751 693 4807 cavit
715 4751 842 4821 quia
867 4751 1104 4808 nondum
1127 4760 1272 4808 esset
1293 4753 1581 4822 spiritalis,
1612 4753 1766 4822 cujus
1789 4763 1900 4811 tota
1945 4765 2135 4811 natura

543 4844 807 4914 spiritalis
830 4885 845 4910 ,
877 4844 987 4900 imo
1015 4845 1236 4917 spiritus
1281 4846 1498 4900 condita
1540 4845 1747 4910 fuerat;
1791 4847 1886 4902 sed
1927 4847 2052 4916 quia
2082 4858 2138 4903 et

544 4937 665 5008 ipse
694 4937 763 4994 de
790 4937 957 4996 nihilo
986 4936 1187 5004 factus,
1217 4938 1389 4993 voluit
1431 4939 1574 5007 quod
1604 4937 1742 4994 velle
1775 4955 1881 4995 non
1923 4942 2129 4997 debuit.

545 5028 812 5088 Voluntas
837 5047 1050 5102 quoque
1094 5048 1203 5088 non
1243 5033 1364 5088 ideo
1399 5048 1623 5104 peccare
1648 5036 1844 5104 patuit,
1875 5036 2130 5104 quoniam

547 5123 725 5178 adhuc
750 5137 856 5177 non
887 5132 1006 5177 erat
1042 5121 1304 5192 perlecta,
1339 5122 1433 5178 sed
1475 5124 1623 5193 quia
1644 5135 1836 5194 sponte
1865 5143 1924 5182 se
1947 5143 1976 5180 a
2003 5143 2133 5182 vero

547 5213 848 5270 liberatore
877 5227 932 5270 et
983 5215 1251 5270 salvatore
1316 5217 1513 5272 avertit
1561 5227 1753 5273 auctor
1797 5221 2130 5287 voluntatis,

546 5303 1051 5375 quam'mortale'm
1087 5305 1243 5375 quasi
1305 5314 1553 5361 naturam
1607 5307 1942 5378 ineptissime
1997 5327 2133 5366 nun-

550 5409 740 5467 Cupas.

939 5503 1056 5542 uer.
1097 5505 1191 5553 xx,
1229 5505 1346 5544 car.
1386 5489 1440 5556 8,
1481 5504 1635 5545 sacr.
1677 5491 1731 5547 9.

618 5605 664 5654 6
701 5596 847 5652 Dicis
879 5615 893 5652 :
925 5597 1102 5652 Talem
1128 5617 1233 5654 esse
1263 5600 1615 5674 diﬂ'erentiam
1639 5603 1777 5658 inter
1804 5604 2025 5661 liberum
2047 5609 2137 5663 ho-

553 5689 712 5744 minis
757 5691 1055 5758 arbitrium,
1097 5704 1144 5748 et
1188 5694 1302 5761 ejus
1331 5695 1712 5764 substantiam,
1739 5708 1796 5752 ut
1844 5711 2035 5756 natura
2083 5706 2138 5758 in

537 5777 826 5834 voluntate
855 5782 1099 5835 rationali
1122 5796 1141 5832 .·
1180 5783 1394 5836 liberum
1426 5800 1544 5840 vero
1589 5788 1866 5842 arbitrium
1925 5793 1976 5846 in
2023 5793 2137 5862 ejus

2603 4651 2721 4691 per.
2764 4653 2910 4701 xxvi,
2951 4652 3071 4693 cu.
3111 4638 3200 4702 11,
3239 4651 3395 4694 εεετ.
3437 4637 3494 4689 1.

2313 4757 2356 4803 6
2395 4747 2581 4803 Dicis:
2617 4746 2832 4812 Quoties
2883 4749 3078 4802 dicitur
3119 4748 3263 4803 Deus
3309 4748 3586 4818 pra‘scisse
3628 4759 3680 4802 et
3713 4764 3832 4815 ριἰτ-

2241 4839 2530 4894 destinasse
2551 4839 2736 4909 impios
2755 4839 2826 4892 ad
2842 4840 3108 4893 interitum
3132 4838 3207 4893 vel
3223 4838 3544 4910 supplicium
3563 4851 3832 4900 elerum,

2239 4946 2335 4999 pro
2364 4947 2468 4984 non
2497 4930 2768 5000 praescisse
2791 4939 2842 4985 et
2866 4947 2970 4984 non
2995 4931 3414 5001 prcedestinasse.

2312 5022 2367 5092 1--
2390 5021 2798 5091 Respondemus
2830 5039 2844 5076 :
2873 5021 3091 5078 Nullum
3112 5031 3422 5078 sanctorum
3451 5023 3690 5077 Patrum
3708 5023 3830 5077 hanc

2242 5113 2614 5183 perversitatis
2668 5113 2939 5169 insaniam
2999 5114 3317 5179 admisisse;
3376 5114 3471 5169 sed
3525 5115 3600 5168 ita
3656 5127 3834 5168 omnes

2242 5213 2429 5260 sancto
2468 5219 2681 5274 quoque
2711 5203 2996 5276 Fulgentio
3022 5193 3327 5276 exponente
3351 5206 3621 5262 sensisse.
3648 5219 3832 5275 quem-

2241 5289 2532 5351 admodum
2576 5296 2843 5366 hodieqne
2885 5287 3150 5351 catholica
3185 5299 3352 5352 sentit
3389 5297 3646 5352 Ecclesia
3683 5310 3838 5366 :qma

2243 5388 2385 5442 sicut
2437 5383 2708 5442 veraciter
2737 5387 2939 5442 dicitur
2961 5386 3234 5456 jmlicasse
3281 5390 3454 5443 bonos
3486 5373 3558 5444 ad
3587 5389 3836 5459 gloriam.

2244 5478 2414 5534 malos
2449 5479 2517 5532 ad
2549 5494 2793 5549 pinnam;
2851 5479 2926 5532 ita
2974 5479 3242 5534 veraciter
3296 5480 3500 5532 dicitur
3555 5477 3836 5548 prmtlesu-

2245 5585 2401 5644 nasse
2433 5569 2605 5624 bonos
2631 5569 2697 5622 ad
2731 5585 2973 5638 regnum,
3012 5570 3182 5624 malos
3211 5571 3276 5624 ad
3305 5580 3664 5625 tormentum.

2584 5703 2702 5742 nsr.
2745 5702 2916 5752 xxv",
2957 5702 3075 5742 cur.
3120 5689 3207 5753 ll,
3242 5703 3396 5744 secr.
3439 5690 3526 5742 l.~

2319 5812 2360 5858 θ
2395 5798 2534 5852 Dicis
2571 5818 2580 5852 :
2617 5797 2676 5853 Si
2709 5800 2842 5853 enim
2895 5800 3249 5868 prmdestiuati
3315 5811 3436 5853 sunt
3469 5841 3484 5862 ,
3545 5799 3831 5853 necessari!
