3974 6344
179 341 312 396 1357

809 337 898 394 DE
935 329 1614 392 PRAEDEST.‘CONTRA
1651 329 1702 384 J.
1741 325 2042 402 SCOTUM.
2085 357 2152 366 --
2193 325 2482 380 RECAPIT
2487 323 2670 380 ULA'I‘
2675 323 2760 378 10.

3277 325 3414 400 isse

173 453 442 526 peribunt,
471 465 742 522 poenasque
767 449 1032 518 patientur
1085 441 1408 500 inevitabiles
1447 458 1466 496 :
1503 439 1642 512 quod
1693 441 1818 518 εἰιΑ
1841 438 2078 526 primum
2099 435 2302 492 electus
2319 435 2564 500 est,licet
2579 445 2700 506 post
2719 436 2960 526 avaritia:
2981 439 3214 506 pondere
3239 439 3412 494 factus

173 547 244 600 ita
281 553 388 610 est,
433 542 866 614 quomodo.juste
913 539 1248 608 judicabitur
1289 535 1540 600 mundus,
1588 549 1740 604 quem

173 633 448 690 necessitas
467 631 938 703 prmdestinationis
959 629 1094 698 cogit
1119 626 1285 698 perire
1299 627 1324 678 ?

239 724 280 792 1-
307 723 714 792 Respondemus
741 719 984 776 :Eadem
1015 715 1482 790 argumentatione
1523 715 1589 770 de
1619 731 1744 771 san-

171 815 270 872 ctis
293 829 452 886 posse
481 815 606 870 dici.
636 813 692 868 Si
721 813 864 868 enim
889 810 1256 882 pra-destinati
1277 817 1422 874 sunt,
1439 807 1744 864 necessario

173 907 540 970 salvabuntur,
557 917 890 976 regnumque
913 902 1210 974 percipient
1237 901 1564 956 inevitabile.
1589 901 1744 968 Quod

171 1001 220 1056 si
241 999 316 1054 ita
342 1007 446 1062 est,
473 997 742 1066 quomodo
776 995 920 1064 juste
945 993 1276 1062 judicabitur
1303 991 1552 1056 mundus,
1585 1007 1745 1062 quem

173 1088 471 1144 necessitas
501 1083 988 1158 prardestinationis
1011 1083 1156 1152 cogit
1188 1081 1422 1136 salvari?
1469 1081 1566 1137 Ubi
1598 1082 1745 1136 enim

175 1179 468 1234 necessitas
497 1177 746 1240 infertur,
799 1176 882 1232 vis
929 1173 1324 1246 quodammodo
1374 1173 1744 1244 impenditur,

173 1285 278 1326 non
305 1269 476 1344 gratia
513 1275 864 1340 praeregatur.

499 1381 622 1438 bur.
663 1397 856 1448 xxvul,
896 1397 1014 1436 cap.
1057 1381 1142 1446 11,
1181 1395 1330 1436 εεετ.
1369 1381 1424 1434 5.

237 1505 282 1554 Θ
313 1495 460 1550 Dicis
489 1513 502 1548 :
539 1493 760 1550 Sanctas
793 1477 1096 1564 Scripturas
1115 1479 1492 1562 pra-scientiam
1531 1499 1576 1542 et
1611 1479 1746 1560 pra:-

167 1585 564 1642 destinationem
591 1599 696 1636 non
719 1582 820 1636 nisi
845 1583 898 1636 in
919 1581 1044 1636 solis
1071 1581 1264 1634 sanctis
1286 1593 1476 1647 ponere

239 1675 280 1746 1-
317 1673 724 1742 Respondemus
757 1691 769 1724 :
799 1671 910 1724 Deo
943 1685 1040 1725 nos
1077 1669 1256 1740 potius
1307 1667 1532 1722 credere
1581 1679 1742 1734 quam

169 1771 286 1828 tibi.
313 1769 434 1840 Ipse
463 1769 606 1824 enim
647 1769 702 1822 in
747 1767 886 1822 libro
925 1765 990 1820 IV
1037 1765 1242 1835 Regum
1273 1779 1368 1833 per
1393 1761 1588 1816 Isaiam
1615 1773 1744 1830 pro-

165 1865 382 1934 phetam
419 1871 606 1918 contra
647 1859 1014 1916 Sennaclierib
1061 1857 1300 1926 loquitur
1333 1855 1474 1910 inter
1507 1861 1698 1908 caatera
1729 1871 1742 1905 :

168 1953 546 2010 Habitaculum
573 1961 742 2016 tuum,
767 1961 814 2006 et
845 1953 1108 2020 egressum
1135 1959 1284 2002 tuum
1310 1987 1326 2012 ,
1377 1955 1424 2000 et
1477 1945 1746 1998 introitum

165 2053 310 2096 tuum
336 2081 352 2107 ,
403 2051 450 2096 et
497 2043 634 2094 uiam
667 2051 808 2094 tuam
847 2055 940 2110 ego
967 2037 1226 2109 prn'scivi,
1257 2046 1302 2090 et
1334 2035 1564 2106 furorem
1596 2041 1744 2086 timui

163 2147 344 2190 contra
369 2151 470 2188 me.
501 2133 756 2186 Insaniin
781 2134 834 2186 in
857 2147 958 2195 me,
981 2141 1028 2184 et
1057 2129 1298 2200 superbia
1320 2137 1412 2184 tua
1427 2123 1660 2180 ascendit
1689 2123 1744 2176 in

159 2239 316 2290 aures
341 2239 482 2278 meas
511 2221 560 2292 (I
577 2221 616 2276 γ
639 2221 766 2292 Reg.
797 2237 912 2284 xix,
941 2219 1054 2290 27).
1095 2217 1226 2274 ltem
1267 2233 1366 2296 per
1389 2215 1690 2296 _.leremiam
1725 2231 1739 2266 :

159 2313 470 2368 Audiuimus
523 2313 820 2382 superbiam
863 2311 1020 2366 Moab
1051 2325 1070 2362 :
1125 2309 1376 2380 superbus
1425 2317 1500 2362 est
1553 2304 1742 2368 valde;

159 2405 530 2458 sublimitatem
567 2403 702 2472 ejus,
734 2412 782 2456 et
831 2403 1210 2471 arrogantiam,
1259 2411 1308 2454 et
1335 2399 1654 2468 superbiam,
1693 2405 1742 2450 et

161 2493 492 2548 altitudinem
513 2495 684 2548 cordis
709 2493 848 2546 illius
873 2509 966 2562 ego
991 2495 1120 2558 scio,
1142 2493 1213 2546 ait
1239 2491 1510 2546 Dominus.
1531 2489 1746 2558 jactan-

157 2585 296 2648 tiam
315 2584 452 2654 ejus,
474 2593 520 2638 et
543 2583 684 2654 quod
715 2599 818 2637 non
847 2585 912 2636 sit
931 2581 1090 2652 juxta
1125 2598 1242 2636 eam
1277 2581 1438 2634 uirtus
1485 2579 1626 2648 ejus,
1649 2595 1742 2632 nec

153 2675 312 2746 juxta
341 2675 480 2746 quod
507 2683 708 2744 poterat
740 2683 926 2728 conata
957 2675 1022 2726 sit
1055 2661 1228 2742 facere
1259 2671 1394 2743 (Jer.
1425 2685 1618 2734 vatn,
1645 2669 1738 2734 99,

159 2765 270 2836 50).
299 2765 368 2819 Et
385 2763 674 2834 Apostolus
702 2781 714 2816 :
745 2761 855 2816 Nos
885 2747 1026 2816 Deus
1050 2761 1200 2832 elegit
1223 2759 1434 2816 ultimos
1457 2755 1736 2830 apostolos,

161 2855 298 2912 velut
331 2855 488 2910 morti
518 2855 803 2910 destinatos
829 2854 882 2926 (Ι
914 2841 1038 2908 Cor.
1077 2871 1150 2920 ιγ,
1179 2841 1280 2924 9),

159 3005 280 3046 our.
319 3005 468 3054 xxix,
507 3005 626 3044 (ιλιι.
667 2989 758 3056 11,
797 3005 952 3046 εεετ.
991 2991 1058 3056 2;
1099 3005 1170 3045 ET
1205 3005 1324 3045 ων.
1366 2987 1454 3054 12,
1491 3003 1644 3043 sucr.
1679 2986 1736 3042 Ξ.

227 3111 270 3158 Θ
308 3101 453 3158 Dicis
495 3101 888 3174 :Augustinum
927 3101 1198 3174 aliquoties
1231 3103 1288 3156 in
1329 3101 1558 3173 reprobis
1603 3117 1742 3168 prte-

155 3191 552 3246 deslinationem
593 3211 626 3246 a
661 3193 924 3247 contrario
963 3194 1220 3264 posuisse.

229 3283 270 3352 ἰο
297 3281 706 3352 Respondemus
737 3301 750 3336 :
789 3281 848 3338 S.
881 3283 1142 3354 Fulgentii
1163 3283 1546 3350 voracissima:
1571 3301 1738 3358 expo-

159 3373 340 3428 sitioni
385 3389 484 3428 nos
519 3375 814 3440 assentiri,
855 3389 964 3430 non
1003 3383 1106 3430 tua:
1134 3375 1437 3432 falsissimae
1481 3379 1740 3448 deprava-

161 3463 318 3522 tioni.
1431 3479 1434 3484 '

159 3591 282 3632 our.
320 3592 450 3642 xxx,
487 3593 608 3633 esp.
650 3579 738 3644 12,
777 3593 930 3634 εεοτ.
971 3579 1042 3644 5,-
1077 3595 1148 3634 ετ
1185 3595 1303 3636 car.
1345 3579 1444 3647 15,
1485 3597 1638 3638 sscr.
1679 3583 1736 3638 4.

229 3695 274 3742 Θ
313 3685 456 3742 Dicis
487 3705 500 3740 :
539 3686 756 3742 Omnem
783 3689 1164 3758 prmscientiam
1195 3689 1294 3744 Dei
1321 3693 1740 3760 pra-destinatio-

157 3791 277 3830 nem
315 3793 446 3842 esse,
469 3787 518 3846 et
545 3794 748 3832 omnem
769 3781 1280 3848 pra-destinationem
1305 3786 1708 3854 prwscientiam.

229 3871 262 3940 1
299 3869 710 3940 Respondemus
743 3892 756 3925 :
784 3871 1006 3928 Falsum
1027 3935 1030 3938 _
1051 3887 1172 3928 esse
1195 3917 1210 3938 ,
1241 3875 1494 3944 quoniam
1523 3879 1740 3946 pra-scit

159 3965 304 4020 Deus
330 3975 552 4036 peccata
585 3981 706 4036 quae
733 3981 840 4020 non
867 3965 1236 4050 prredestinat.

409 4093 530 4132 per.
569 4093 723 4142 xxxx,
761 4093 878 4132 car.
919 4078 1008 4146 η,
1049 4095 1102 4134 τ.
1143 4095 1214 4134 ετ
1246 4093 1400 4136 sscr.
1437 4079 1493 4136 4.

227 4199 272 4246 Θ
311 4189 456 4244 Dicis
499 4207 512 4244 :
561 4189 780 4246 Omnem
827 4192 1342 4262 prwdestinationem
1389 4195 1488 4252 Dei
1529 4213 1740 4252 omnino

157 4297 270 4334 esse
294 4283 732 4352 praeparationem
755 4283 949 4352 gratia.

229 4371 270 4442 1-
297 4371 702 4442 Respondemus
733 4389 746 4426 :
784 4373 852 4426 Et
875 4373 978 4428 hoc
1005 4373 1196 4430 falsum
1229 4389 1350 4432 esse
1371 4415 1392 4444 ,
1429 4377 1556 4448 quia
1597 4393 1738 4448 pra:-

157 4461 448 4516 destinavit
495 4461 636 4518 Deus
667 4465 1042 4532 peccatoribus
1093 4479 1316 4534 pinnas,
1353 4483 1472 4538 quae
1507 4485 1614 4550 non
1667 4469 1736 4524 ad

153 4551 414 4622 gratiam.
445 4553 539 4606 sed
569 4553 636 4607 ad
653 4551 922 4622 justitiam
951 4553 1092 4610 illius
1115 4557 1408 4626 pertinent.

151 4737 158 4745 Ι
397 4681 520 4720 our.
561 4682 733 4732 xxxu,
773 4681 890 4722 CAP.
933 4667 1028 4733 12,
1071 4685 1222 4724 secr.
1265 4671 1300 4726 5
1335 4687 1406 4726 ur
1443 4671 1496 4726 6.

151 4815 160 4832 ..
229 4783 274 4830 Θ
311 4773 498 4830 Dicis:
527 4773 736 4832 Eiectos
785 4795 882 4848 pro
931 4797 1034 4836 non
1074 4779 1268 4848 electis,
1309 4783 1448 4852 ﬁlios
1493 4783 1594 4840 Dei
1649 4805 1742 4856 pro

157 4879 268 4918 non
291 4864 418 4934 ﬁliis

229 4955 272 5022 1-
293 4953 704 5038 Respondemus
735 4972 750 5012 :
777 4957 1062 5030 Nunquam
1090 4961 1144 5017 id
1167 4961 1356 5020 Patres
1381 4965 1456 5020 ita
1487 4968 1739 5024 sensisse.

147 5103 150 5106 .
193 5077 318 5119 our.
361 5081 554 5129 xxxiii,
593 5083 710 5122 exe.
753 5069 842 5132 15,
881 5085 1050 5198 διεετὲ
1083 5075 1102 5128 l
1143 5081 1214 5130 "ur
1249 5075 1314 5144 2;
1355 5095 1426 5134 ετ
1463 5095 1586 5136 exp.
1623 5081 1710 5146 15,

821 5155 976 5196 secr.
1055 5184 1070 5198 .

821 5155 952 5196 SECT
963 5181 976 5194 .
1015 5155 1070 5198 2.

157 5297 162 5302 _
231 5252 274 5298 ο
309 5245 458 5306 Dicis
487 5265 500 5300 :
533 5245 774 5302 Electum
799 5249 998 5304 ludam
1029 5269 1124 5323 pro
1165 5272 1268 5310 non
1303 5257 1482 5326 electo,
1523 5271 1572 5316 et
1613 5265 1746 5318 ami-

157 5349 304 5398 cum,
333 5337 424 5408 qui
451 5354 716 5410 nunquam
739 5359 842 5396 non
877 5343 1034 5412 fuerit
1079 5347 1342 5416 inimicus,
1389 5369 1422 5406 a
1473 5357 1744 5412 contrario

157 5425 350 5496 accipi.

233 5515 276 5580 1-
305 5515 712 5586 Respondemus
745 5543 756 5575 :
787 5521 1028 5580 Electum
1069 5523 1258 5582 Judam
1299 5531 1366 5584 ad
1415 5535 1748 5602 apostolatus

157 5607 436 5674 oﬂicium,
487 5621 544 5665 et
597 5613 664 5666 ad
701 5629 836 5684 opus
915 5617 1000 5672 cui
1075 5623 1440 5690 congruebat,
1501 5629 1746 5694 quamvis

163 5713 276 5754 non
303 5701 368 5756 ad
401 5715 624 5770 regnum
653 5715 912 5762 aeternum
939 5725 954 5762 :
982 5709 1228 5768 similiter
1275 5713 1506 5770 amicum
1531 5721 1746 5778 ouando

1767 3151 1814 3216 C

1845 525 1918 580 sit
1963 523 2254 590 inimicus,
2307 533 2466 594 teque
2512 525 2882 580 contradicere
2929 525 3038 580 Deo
3067 527 3280 600 .dicenti
3321 545 3418 598 per

1845 613 2184 672 Psalmistam
2217 631 2232 668 :
2263 613 2332 668 Et
2359 613 2404 668 si
2433 614 2673 668 inimicus
2699 614 3049 670 muledixisset
3085 617 3232 681 mihi,
3263 619 3420 672 susti-

1843 705 2074 760 nuissem
2094 705 2290 776 utique.
2313 703 2436 758 Etsi
2461 707 2504 758 is
2521 706 2610 776 qui
2633 706 2813 760 oderat
2837 723 3106 778 me,super
3125 725 3204 762 me
3227 727 3416 780 magna

1827 795 2048 874 locutus
2075 796 2282 866 fuisset,
2315 797 2700 852 abscondissem
2741 815 2822 852 me
2851 799 3074 868 forsitan
3118 801 3181 854 ab
3211 819 3290 855 eo.
3340 801 3418 856 Tu
3461 825 3472 838 ο

1844 903 1960 942 vero
1995 887 2278 952 unanimis,
2307 885 2416 940 dum:
2449 903 2612 952 meus,
2661 897 2708 940 et
2757 901 2908 944 notus
2945 907 3107 954 meus,
3131 891 3220 960 qui
3265 891 3424 946 simul

1845 995 2046 1046 mecum
2075 979 2254 1034 dulces
2281 979 2522 1050 cupiebas
2548 979 2690 1034 cibos
2717 993 2734 1030 :
2757 979 2810 1032 in
2849 979 3002 1034 domo
3047 979 3144 1034 Dei
3165 971 3446 1036 ambula“

1845 1074 2012 1126 rimus
2049 1089 2166 1126 cum
2197 1089 2448 1126 consensu
2480 1069 2596 1142 (Ps.
2631 1085 2739 1136 LIV,
2779 1070 2990 1141 15-15).
3023 1071 3087 1126 Et
3131 1071 3256 1126 item
3283 1089 3297 1126 :
3327 1071 3422 1126 Iit-

1846 1163 1984 1216 enim
2015 1163 2168 1216 homo
2197 1165 2340 1232 pacis
2383 1179 2534 1226 mete,
2576 1163 2630 1216 in
2667 1177 2768 1232 quo
2801 1163 3007 1232 sperari
3043 1175 3062 1212 :
3105 1163 3196 1232 qui
3237 1163 3418 1217 edebat

1845 1271 2006 1324 panes
2037 1271 2198 1320 meos,
2225 1254 2580 1326 magni/ienuit
2621 1269 2778 1326 super
2823 1271 2904 1308 me
2953 1255 3426 1326 supplantationem

1847 1343 2082 1410 (Ps.'xL,
2115 1344 2225 1416 10).

2176 1453 2296 1494 per.
2333 1453 2518 1504 xxxiv,
2559 1453 2676 1493 cap.
2719 1439 2806 1504 15,
2845 1453 2996 1496 εεοτ.
3037 1441 3090 1494 4.

1915 1541 1958 1588 Θ
1984 1529 2130 1586 Dicis
2155 1549 2168 1585 :
2201 1529 2510 1586 Peccatores
2535 1531 2738 1586 relictos
2761 1541 2956 1586 (sterno
2977 1532 3084 1602 igni
3106 1531 3422 1602 plectendos.

1915 1622 1956 1690 1-
1981 1603 2392 1692 Respondemus
2437 1639 2450 1676 :
2493 1621 2608 1676 Non
2659 1621 2874 1676 relictos
2901 1623 3094 1686 solum,
3139 1623 3232 1678 sed
3259 1623 3424 1678 etiam

1845 1713 2294 1782 prmdestinatos,
2345 1713 2614 1784 judicatos
2665 1727 2730 1768 ac
2783 1715 3008 1770 traditos
3064 1723 3268 1768 aeterno
3315 1713 3426 1784 igni

1775 1803 1821 1864 B
1849 1805 2181 1876 plectendos.

2189 1911 2308 1950 our.
2349 1911 2514 1958 xxxv,
2555 1911 2671 1952 cae.
2713 1895 2800 1958 14,
2840 1911 2994 1952 secr.
3035 1899 3085 1952 1.

1916 1994 1958 2040 Θ
1991 1983 2134 2039 Dicis
2163 2001 2176 2038 :
2207 1984 2294 2038 Ea:
2323 1985 2488 2038 verbis
2521 1985 2802 2054 Augustini
2829 1985 3042 2054 probari
3085 1975 3430 2056 pm'destinae

1847 2085 1926 2130 tos
1955 2092 2058 2130 non
2085 2075 2188 2130 nisi
2213 2075 2277 2132 de
2295 2075 2458 2146 justis
2483 2075 2611 2128 dici.

1915 2167 1956 2235 1-
1987 2165 2393 2236 Respondemus
2423 2183 2436 2217 :
2463 2163 2748 2236 Nunquam
2795 2164 2872 2220 ita
2909 2165 3146 2222 sensisse
3174 2165 3430 2238 Augusti-

1845 2273 1998 2324 num,
2033 2272 2306 2327 nunquam
2337 2257 2560 2312 dixisse.

2173 2385 2294 2424 per.
2335 2383 2516 2432 xxxvi,
2557 2383 2676 2422 csa.
2718 2367 2808 2432 M,
2847 2383 2999 2424 δερ-ι’.
3037 2369 3092 2422 4.

1873 2545 1878 2548 _
1917 2495 1958 2542 θ
1985 2479 2132 2536 Dicis
2179 2499 2192 2534 :
2233 2479 2430 2534 Contra
2474 2489 2694 2548 teipsum
2740 2495 2944 2550 pomum
2999 2483 3422 2548 pra-destinatam

1843 2573 2222 2644 peccatoribus,
2253 2573 2392 2642 ipsos
2421 2589 2538 2626 vero
2565 2567 2834 2642 prmscitos
2875 2581 3080 2626 tantum
3103 2611 3120 2638 ,
3151 2589 3256 2628 non
3291 2591 3428 2644 pra--

1844 2663 2150 2718 destinatos.

1913 2757 1952 2826 1-
1980 2755 2388 2826 Respondemus
2411 2769 2432 2810 :
2461 2755 2616 2834 Licet
2667 2755 2764 2812 tibi
2812 2757 3084 2812 contraria
3135 2755 3380 2828 proferas
3409 2798 3424 2824 ,

1843 2855 2214 2902 verumtamen
2245 2847 2448 2902 dixisse
2477 2860 2694 2916 paruam
2741 2847 3178 2918 przedestinatam
3229 2861 3424 2917 pecca-

1843 2935 2072 3002 toribus,
2089 2937 2340 3006 ipsosquc
2365 2951 2476 2992 non
2501 2945 2708 2992 tantum
2729 2937 3236 3008 praeseitos,rerum
3259 2940 3424 2994 etiam

1841 3031 2276 3100 praedestinatos.

2159 3159 2277 3199 our.
2321 3159 2528 3210 xxxvn,
2567 3135 2686 3198 cae.
2725 3145 2812 3210 15,
2852 3159 3004 3200 sscr.
3039 3146 3096 3202 8.

1851 3269 1854 3272 '
1915 3265 1958 3313 Θ
1987 3255 2134 3312 Dicis
2163 3275 2178 3310 :
2213 3255 2404 3320 Poenas
2425 3255 2568 3312 mala
2595 3273 2708 3314 esse
2729 3297 2744 3323 ,
2779 3258 2998 3322 ideoaue
3039 3275 3140 3314 non
3173 3277 3204 3313 a
3233 3259 3358 3325 Deo,
3395 3279 3426 3314 a

1843 3363 1945 3420 quo
1971 3363 2076 3402 non
2103 3349 2172 3401 sit
2201 3347 2398 3402 malum
2485 3357 2488 3360 '
2897 3361 2900 3364 ‘

1913 3439 1954 3510 1-
1983 3439 2388 3508 Respondemus
2433 3457 2448 3494 :
2495 3439 2664 3494 Deum
2705 3439 2906 3496 dixisse
2933 3455 3032 3510 per
3057 3441 3378 3512 prophetam
3407 3461 3421 3496 :

1843 3529 1960 3602 Ego
1995 3531 2250 3600 Dominus
2279 3529 2514 3600 formans
2547 3531 2736 3598 lucem,
2761 3542 2808 3586 et
2827 3549 3010 3588 creatis
3047 3533 3316 3597 tenebras;
3347 3533 3428 3602 fa-

1843 3617 1984 3672 ciens
2031 3635 2246 3687 pacem,
2279 3629 2326 3672 et
2353 3635 2538 3672 creans
2567 3619 2728 3674 mala.
2769 3619 2886 3674 Eoo
2927 3621 3180 3676 Dominus
3225 3621 3426 3690 faciens

1843 3709 2022 3762 omnia
2047 3707 2156 3762 lucc
2183 3707 2318 3778 (Isa.
2340 3723 2464 3772 ην,
2491 3697 2566 3780 7).

2149 3831 2270 3872 our.
2315 3833 2540 3884 xxxvnt,
2583 3835 2702 3874 cae.
2747 3819 2834 3886 15,
2873 3837 3024 3877 εεειτ.
3061 3825 3116 3878 8.

1913 3925 1956 3973 Θ
1985 3915 2128 3970 Dicis
2161 3933 2173 3970 :
2207 3915 2376 3970 Deum
2407 3933 2512 3971 non
2539 3919 2726 3988 punire
2759 3937 2878 3990 qua:
2915 3921 3056 3990 fecit.

1913 4007 1954 4076 1-
1981 4005 2392 4076 Respondemus
2421 4021 2436 4060 :
2465 4005 2610 4062 Nihil
2639 4009 2786 4064 aliud
2827 4009 2994 4066 Deum
3019 4013 3230 4082 punire,
3259 4017 3312 4070 id
3341 4025 3428 4071 est

1841 4097 2018 4169 pinnis
2055 4095 2328 4162 addicere,
2359 4113 2522 4167 quam
2567 4100 2714 4168 quod
2745 4099 2876 4154 fecit
2903 4119 2916 4154 :
2949 4105 3044 4158 sed
3085 4105 3280 4160 merito
3301 4121 3430 4176 pec-

1845 4187 1977 4252 cati,
2006 4187 2150 4258 quod
2192 4185 2308 4258 ipse
2353 4203 2460 4242 non
2513 4189 2684 4244 fecit:
2719 4205 2826 4246 non
2855 4192 2996 4246 enim
3027 4193 3080 4248 in
3127 4195 3285 4250 beato
3326 4197 3429 4252 Job

1843 4285 2130 4348 peccatum
2173 4275 2392 4348 aliquod
2445 4277 2786 4348 puniebatur,
2837 4281 2932 4338 sed
2987 4291 3192 4340 tantum
3257 4303 3427 4350 caro.

1843 4383 2006 4440 quam
2053 4361 2193 4424 Deus
2223 4365 2410 4446 fecit,
2457 4377 2516 4438 et,
2561 4370 2704 4439 quod
2745 4373 2996 4428 omnibus
3019 4373 3194 4444 majus
3223 4385 3324 4434 est.
3369 4379 3428 4432 In

1847 4459 2078 4514 Domino
2103 4469 2291 4515 nostro
2317 4457 2446 4514 Jesu
2473 4459 2694 4516 Christo
2724 4463 2858 4516 nihil
2884 4463 3022 4518 aliuc
3055 4467 3300 4536 punitum
3321 4479 3426 4530 est,

1851 4553 1956 4609 nisi
1983 4553 2124 4622 quod
2147 4551 2260 4623 ipse
2285 4551 2510 4618 fecerat,
2539 4553 2592 4608 id
2617 4561 2702 4610 est
2727 4569 2852 4610 caro
2883 4556 3070 4622 ipsius.

2179 4679 2298 4720 our.
2337 4681 2524 4732 xxxix,
2561 4683 2679 4722 CAP.
2723 4667 2812 4734 15,
2851 4683 3004 4724 εεοτ.
3039 4671 3094 4726 8.

1917 4787 1962 4862 Θ
1997 4777 2144 4832 Dicis
2171 4795 2184 4830 :
2210 4775 2378 4830 Deum
2405 4751 2470 4831 ab
2495 4779 2570 4833 eis
2597 4796 2715 4850 qua:
2741 4781 2862 4850 fecit
2901 4779 3168 4836 naturalia
3213 4799 3430 4839 munera

1855 4883 1960 4920 non
1983 4865 2184 4920 tollere.

1923 4957 1964 5026 1-
1991 4955 2446 5027 Respondemus:
2486 4959 2654 5016 Deum
2701 4977 2874 5019 caseos
2921 4963 3100 5022 facere
3123 5009 3137 5034 ,
3179 4955 3390 5026 surdos
3415 5011 3432 5036 ,

1853 5057 2056 5114 mutos,
2087 5055 2144 5104 et
2177 5047 2418 5116 claudos,
2449 5063 2504 5107 et
2533 5053 2767 5120 steriles,
2797 5065 2852 5110 et
2877 5067 3070 5113 cetera
3101 5061 3320 5116 similia.

2285 5173 2290 5180 '
2329 5183 2446 5224 per.
2487 5185 2574 5234 η,
2615 5185 2732 5224 cur.
2777 5171 2842 5226 16
2880 5190 2932 5227 τ.

1855 5273 1860 5278 ’
1921 5287 1962 5334 Θ
1997 5277 2144 5334 Dicis
2175 5297 2189 5334 :
2223 5279 2388 5334 Nulla
2415 5289 2606 5334 natura
2639 5292 2884 5338 naturam
2907 5289 3104 5356 puniri.
3421 5353 3426 5356 _

1921 5363 1962 5436 1-
2003 5365 2410 5436 Respondemus
2449 5383 2462 5422 :
2497 5367 2710 5426 Nullam
2765 5383 3012 5430 naturam
3063 5377 3166 5432 nisi
3219 5379 3288 5434 ab
3323 5379 3432 5434 alia

1853 5465 2043 5510 natura
2069 5457 2272 5526 puniri,
2297 5459 2547 5516 videlicet
2565 5471 2804 5518 creatam
2833 5455 3084 5522 naturam
3109 5483 3140 5524 a
3167 5449 3436 5528 creatrico

1853 5553 2070 5608 natura,
2103 5553 2160 5598 ut
2191 5545 2308 5616 ipse
2337 5549 2430 5620 qui
2455 5549 2631 5607 factor
2659 5563 2743 5609 est
2764 5564 3078 5613 naturarum
3101 5571 3430 5626 creatarunr,

1855 5637 1970 5708 ipse
2015 5637 2094 5692 sit”
2127 5637 2290 5708 judex
2319 5680 2334 5706 ,
2371 5641 2483 5714 ipse
2509 5645 2754 5716 punitor,
2785 5649 2866 5706 vel
2895 5659 3106 5708 creatas
3135 5637 3364 5710 naturas
3403 5669 3432 5708 a

1859 5727 2056 5784 creatis
2089 5729 2314 5784 naturis.
