  <div class='ocr_page' id='page_1' title='image "/cluster/home/n/w/nwhite01/storage/ocr_20150623/115/hvd.32044015466873/683.png"; bbox 0 0 3974 6344; ppageno 0'>
   <div class='ocr_carea' id='block_1_1' title="bbox 669 336 810 392">
    <p class='ocr_par' dir='ltr' id='par_1_1' title="bbox 669 336 810 392">
     <span class='ocr_line' id='line_1_1' title="bbox 669 336 810 392; baseline 0.021 -3"><span class='ocrx_word' id='word_1_1' title='bbox 669 336 810 392; x_wconf 73' lang='grc'><strong>1359</strong></span> 
     </span>
    </p>
   </div>
   <div class='ocr_carea' id='block_1_2' title="bbox 1147 422 1768 513">
    <p class='ocr_par' dir='ltr' id='par_1_2' title="bbox 1147 447 1768 513">
     <span class='ocr_line' id='line_1_2' title="bbox 1147 447 1768 513; baseline -0.006 -8"><span class='ocrx_word' id='word_1_2' title='bbox 1147 466 1264 505; x_wconf 76' lang='lat' dir='ltr'><strong>nar.</strong></span> <span class='ocrx_word' id='word_1_3' title='bbox 1309 465 1419 513; x_wconf 80' lang='lat' dir='ltr'><strong>xu,</strong></span> <span class='ocrx_word' id='word_1_4' title='bbox 1459 463 1573 503; x_wconf 61' lang='lat' dir='ltr'><strong>car.</strong></span> <span class='ocrx_word' id='word_1_5' title='bbox 1613 447 1677 502; x_wconf 98' lang='grc'><strong>16</strong></span> <span class='ocrx_word' id='word_1_6' title='bbox 1715 465 1768 502; x_wconf 84' lang='grc' dir='ltr'><strong>τ.</strong></span> 
     </span>
    </p>
   </div>
   <div class='ocr_carea' id='block_1_3' title="bbox 715 559 2250 636">
    <p class='ocr_par' dir='ltr' id='par_1_3' title="bbox 715 559 2250 636">
     <span class='ocr_line' id='line_1_3' title="bbox 715 559 2250 636; baseline -0.004 -18"><span class='ocrx_word' id='word_1_7' title='bbox 715 569 776 618; x_wconf 65' lang='grc' dir='ltr'><strong>ΔΟ</strong></span> <span class='ocrx_word' id='word_1_8' title='bbox 815 561 961 617; x_wconf 83' lang='lat' dir='ltr'><strong>Dicis</strong></span> <span class='ocrx_word' id='word_1_9' title='bbox 994 580 1006 615; x_wconf 89' lang='lat'><strong>:</strong></span> <span class='ocrx_word' id='word_1_10' title='bbox 1044 559 1196 615; x_wconf 84' lang='lat' dir='ltr'><strong>Nihil</strong></span> <span class='ocrx_word' id='word_1_11' title='bbox 1226 559 1371 614; x_wconf 90' lang='lat' dir='ltr'><strong>aliud</strong></span> <span class='ocrx_word' id='word_1_12' title='bbox 1409 577 1518 613; x_wconf 87' lang='lat' dir='ltr'><strong>esse</strong></span> <span class='ocrx_word' id='word_1_13' title='bbox 1555 575 1732 630; x_wconf 78' lang='lat' dir='ltr'><strong>poenas</strong></span> <span class='ocrx_word' id='word_1_14' title='bbox 1767 570 2116 636; x_wconf 77' lang='lat' dir='ltr'><strong>peccatorum,</strong></span> <span class='ocrx_word' id='word_1_15' title='bbox 2147 559 2250 613; x_wconf 88' lang='lat' dir='ltr'><strong>nisi</strong></span> 
     </span>
    </p>
   </div>
   <div class='ocr_carea' id='block_1_4' title="bbox 663 663 1116 722">
    <p class='ocr_par' dir='ltr' id='par_1_4' title="bbox 663 663 1116 722">
     <span class='ocr_line' id='line_1_4' title="bbox 663 663 1116 722; baseline -0.011 -12"><span class='ocrx_word' id='word_1_16' title='bbox 663 663 878 722; x_wconf 66' lang='lat' dir='ltr'><strong>peccata</strong></span> <span class='ocrx_word' id='word_1_17' title='bbox 913 670 973 709; x_wconf 89' lang='lat' dir='ltr'><strong>eo</strong></span> <span class='ocrx_word' id='word_1_18' title='bbox 981 670 1116 707; x_wconf 88' lang='lat' dir='ltr'><strong>rum.</strong></span> 
     </span>
    </p>
   </div>
   <div class='ocr_carea' id='block_1_5' title="bbox 735 743 2245 818">
    <p class='ocr_par' dir='ltr' id='par_1_5' title="bbox 735 743 2245 818">
     <span class='ocr_line' id='line_1_5' title="bbox 735 743 2245 818; baseline -0.003 -16"><span class='ocrx_word' id='word_1_19' title='bbox 735 747 776 818; x_wconf 88' lang='lat'><strong>1-</strong></span> <span class='ocrx_word' id='word_1_20' title='bbox 803 745 1211 818; x_wconf 83' lang='lat' dir='ltr'><strong>Respondemus</strong></span> <span class='ocrx_word' id='word_1_21' title='bbox 1242 763 1252 796; x_wconf 95' lang='lat'><strong>:</strong></span> <span class='ocrx_word' id='word_1_22' title='bbox 1278 743 1443 798; x_wconf 86' lang='lat' dir='ltr'><strong>Multa</strong></span> <span class='ocrx_word' id='word_1_23' title='bbox 1466 757 1587 800; x_wconf 86' lang='lat' dir='ltr'><strong>esse</strong></span> <span class='ocrx_word' id='word_1_24' title='bbox 1609 759 1806 816; x_wconf 76' lang='lat' dir='ltr'><strong>genera</strong></span> <span class='ocrx_word' id='word_1_25' title='bbox 1839 743 2245 816; x_wconf 86' lang='lat' dir='ltr'><strong>suppliciorum,</strong></span> 
     </span>
    </p>
   </div>
   <div class='ocr_carea' id='block_1_6' title="bbox 643 827 2249 912">
    <p class='ocr_par' dir='ltr' id='par_1_6' title="bbox 643 827 2249 912">
     <span class='ocr_line' id='line_1_6' title="bbox 643 827 2249 912; baseline -0.001 -18"><span class='ocrx_word' id='word_1_26' title='bbox 643 873 649 894; x_wconf 72' lang='grc' dir='ltr'><strong>τ</strong></span> <span class='ocrx_word' id='word_1_27' title='bbox 703 841 772 898; x_wconf 75' lang='lat' dir='ltr'><strong>tel</strong></span> <span class='ocrx_word' id='word_1_28' title='bbox 819 831 1181 912; x_wconf 65' lang='lat' dir='ltr'><strong>praesentium,</strong></span> <span class='ocrx_word' id='word_1_29' title='bbox 1226 837 1308 893; x_wconf 86' lang='lat' dir='ltr'><strong>vel</strong></span> <span class='ocrx_word' id='word_1_30' title='bbox 1358 837 1682 903; x_wconf 81' lang='lat' dir='ltr'><strong>futurorum,</strong></span> <span class='ocrx_word' id='word_1_31' title='bbox 1721 837 2002 908; x_wconf 89' lang='lat' dir='ltr'><strong>justissimi</strong></span> <span class='ocrx_word' id='word_1_32' title='bbox 2045 827 2249 904; x_wconf 19' lang='lat' dir='ltr'><strong>Judici‘s</strong></span> 
     </span>
    </p>
   </div>
   <div class='ocr_carea' id='block_1_7' title="bbox 668 928 2245 1006">
    <p class='ocr_par' dir='ltr' id='par_1_7' title="bbox 668 928 2245 1006">
     <span class='ocr_line' id='line_1_7' title="bbox 668 928 2245 1006; baseline -0.004 -17"><span class='ocrx_word' id='word_1_33' title='bbox 668 940 865 1006; x_wconf 60' lang='lat' dir='ltr'><strong>praeter</strong></span> <span class='ocrx_word' id='word_1_34' title='bbox 891 940 1145 1004; x_wconf 85' lang='lat' dir='ltr'><strong>peccata:</strong></span> <span class='ocrx_word' id='word_1_35' title='bbox 1177 945 1299 985; x_wconf 87' lang='lat' dir='ltr'><strong>nam</strong></span> <span class='ocrx_word' id='word_1_36' title='bbox 1326 939 1382 983; x_wconf 92' lang='lat' dir='ltr'><strong>ut</strong></span> <span class='ocrx_word' id='word_1_37' title='bbox 1405 930 1569 986; x_wconf 88' lang='lat' dir='ltr'><strong>dehis</strong></span> <span class='ocrx_word' id='word_1_38' title='bbox 1599 930 1814 984; x_wconf 91' lang='lat' dir='ltr'><strong>interim</strong></span> <span class='ocrx_word' id='word_1_39' title='bbox 1841 937 2070 994; x_wconf 91' lang='lat' dir='ltr'><strong>taceam,</strong></span> <span class='ocrx_word' id='word_1_40' title='bbox 2095 928 2245 998; x_wconf 89' lang='lat' dir='ltr'><strong>quid,</strong></span> 
     </span>
    </p>
   </div>
   <div class='ocr_carea' id='block_1_8' title="bbox 653 1005 2246 1098">
    <p class='ocr_par' dir='ltr' id='par_1_8' title="bbox 653 1005 2246 1098">
     <span class='ocr_line' id='line_1_8' title="bbox 653 1005 2246 1098; baseline -0.006 -16"><span class='ocrx_word' id='word_1_41' title='bbox 653 1005 864 1098; x_wconf 82' lang='lat' dir='ltr'><strong>quaeso,</strong></span> <span class='ocrx_word' id='word_1_42' title='bbox 896 1023 1142 1095; x_wconf 90' lang='lat' dir='ltr'><strong>punitum</strong></span> <span class='ocrx_word' id='word_1_43' title='bbox 1171 1030 1253 1077; x_wconf 90' lang='lat' dir='ltr'><strong>est</strong></span> <span class='ocrx_word' id='word_1_44' title='bbox 1291 1021 1593 1092; x_wconf 78' lang='lat' dir='ltr'><strong>iniquitatis</strong></span> <span class='ocrx_word' id='word_1_45' title='bbox 1627 1021 1680 1074; x_wconf 89' lang='lat' dir='ltr'><strong>in</strong></span> <span class='ocrx_word' id='word_1_46' title='bbox 1712 1035 1854 1076; x_wconf 74' lang='lat' dir='ltr'><strong>cazco</strong></span> <span class='ocrx_word' id='word_1_47' title='bbox 1884 1021 2054 1074; x_wconf 90' lang='lat' dir='ltr'><strong>nato?</strong></span> <span class='ocrx_word' id='word_1_48' title='bbox 2077 1005 2246 1086; x_wconf 84' lang='lat' dir='ltr'><strong>Quem</strong></span> 
     </span>
    </p>
   </div>
   <div class='ocr_carea' id='block_1_9' title="bbox 661 1113 2245 1192">
    <p class='ocr_par' dir='ltr' id='par_1_9' title="bbox 661 1113 2245 1192">
     <span class='ocr_line' id='line_1_9' title="bbox 661 1113 2245 1192; baseline -0.008 -15"><span class='ocrx_word' id='word_1_49' title='bbox 661 1136 785 1177; x_wconf 89' lang='lat' dir='ltr'><strong>cum</strong></span> <span class='ocrx_word' id='word_1_50' title='bbox 813 1127 1035 1192; x_wconf 80' lang='lat' dir='ltr'><strong>propter</strong></span> <span class='ocrx_word' id='word_1_51' title='bbox 1065 1125 1287 1188; x_wconf 89' lang='lat' dir='ltr'><strong>peccata</strong></span> <span class='ocrx_word' id='word_1_52' title='bbox 1334 1115 1408 1170; x_wconf 89' lang='lat' dir='ltr'><strong>ita</strong></span> <span class='ocrx_word' id='word_1_53' title='bbox 1437 1115 1686 1184; x_wconf 87' lang='lat' dir='ltr'><strong>punitum</strong></span> <span class='ocrx_word' id='word_1_54' title='bbox 1720 1113 1945 1184; x_wconf 85' lang='lat' dir='ltr'><strong>apostoli</strong></span> <span class='ocrx_word' id='word_1_55' title='bbox 1969 1118 2245 1183; x_wconf 82' lang='lat' dir='ltr'><strong>putarent,</strong></span> 
     </span>
    </p>
   </div>
   <div class='ocr_carea' id='block_1_10' title="bbox 655 1205 2246 1277">
    <p class='ocr_par' dir='ltr' id='par_1_10' title="bbox 655 1205 2246 1277">
     <span class='ocr_line' id='line_1_10' title="bbox 655 1205 2246 1277; baseline -0.007 -8"><span class='ocrx_word' id='word_1_56' title='bbox 655 1213 944 1269; x_wconf 89' lang='lat' dir='ltr'><strong>Dominum</strong></span> <span class='ocrx_word' id='word_1_57' title='bbox 988 1209 1247 1266; x_wconf 84' lang='lat' dir='ltr'><strong>sciscitati</strong></span> <span class='ocrx_word' id='word_1_58' title='bbox 1290 1217 1416 1264; x_wconf 91' lang='lat' dir='ltr'><strong>sunt</strong></span> <span class='ocrx_word' id='word_1_59' title='bbox 1447 1227 1460 1261; x_wconf 89' lang='lat'><strong>:</strong></span> <span class='ocrx_word' id='word_1_60' title='bbox 1493 1207 1690 1273; x_wconf 87' lang='lat' dir='ltr'><strong>Rabbi,</strong></span> <span class='ocrx_word' id='word_1_61' title='bbox 1737 1208 1854 1277; x_wconf 96' lang='lat' dir='ltr'><strong>quis</strong></span> <span class='ocrx_word' id='word_1_62' title='bbox 1878 1206 2126 1276; x_wconf 81' lang='lat' dir='ltr'><strong>peccavit,</strong></span> <span class='ocrx_word' id='word_1_63' title='bbox 2162 1205 2246 1259; x_wconf 79' lang='lat' dir='ltr'><strong>hic</strong></span> 
     </span>
    </p>
   </div>
   <div class='ocr_carea' id='block_1_11' title="bbox 658 1296 2242 1374">
    <p class='ocr_par' dir='ltr' id='par_1_11' title="bbox 658 1296 2242 1374">
     <span class='ocr_line' id='line_1_11' title="bbox 658 1296 2242 1374; baseline -0.004 -17"><span class='ocrx_word' id='word_1_64' title='bbox 658 1313 750 1358; x_wconf 88' lang='lat' dir='ltr'><strong>aut</strong></span> <span class='ocrx_word' id='word_1_65' title='bbox 772 1311 1014 1374; x_wconf 86' lang='lat' dir='ltr'><strong>parentes</strong></span> <span class='ocrx_word' id='word_1_66' title='bbox 1045 1300 1179 1370; x_wconf 85' lang='lat' dir='ltr'><strong>ejus,</strong></span> <span class='ocrx_word' id='word_1_67' title='bbox 1214 1308 1270 1353; x_wconf 85' lang='lat' dir='ltr'><strong>ut</strong></span> <span class='ocrx_word' id='word_1_68' title='bbox 1306 1315 1475 1352; x_wconf 77' lang='lat' dir='ltr'><strong>ctecus</strong></span> <span class='ocrx_word' id='word_1_69' title='bbox 1516 1299 1864 1352; x_wconf 84' lang='lat' dir='ltr'><strong>nasceretur?</strong></span> <span class='ocrx_word' id='word_1_70' title='bbox 1907 1296 2098 1369; x_wconf 81' lang='lat' dir='ltr'><strong>(Joan.</strong></span> <span class='ocrx_word' id='word_1_71' title='bbox 2148 1313 2201 1350; x_wconf 78' lang='lat' dir='ltr'><strong>lx</strong></span> <span class='ocrx_word' id='word_1_72' title='bbox 2226 1337 2242 1362; x_wconf 94' lang='lat'><strong>,</strong></span> 
     </span>
    </p>
   </div>
   <div class='ocr_carea' id='block_1_12' title="bbox 656 1376 2247 1464">
    <p class='ocr_par' dir='ltr' id='par_1_12' title="bbox 656 1376 2247 1464">
     <span class='ocr_line' id='line_1_12' title="bbox 656 1376 2247 1464; baseline -0.005 -16"><span class='ocrx_word' id='word_1_73' title='bbox 656 1392 738 1464; x_wconf 72' lang='grc'><strong>2.)</strong></span> <span class='ocrx_word' id='word_1_74' title='bbox 769 1391 976 1459; x_wconf 82' lang='lat' dir='ltr'><strong>Quibus</strong></span> <span class='ocrx_word' id='word_1_75' title='bbox 1007 1391 1119 1461; x_wconf 89' lang='lat' dir='ltr'><strong>ipse</strong></span> <span class='ocrx_word' id='word_1_76' title='bbox 1140 1391 1217 1444; x_wconf 87' lang='lat' dir='ltr'><strong>ait</strong></span> <span class='ocrx_word' id='word_1_77' title='bbox 1247 1407 1258 1442; x_wconf 94' lang='lat'><strong>:</strong></span> <span class='ocrx_word' id='word_1_78' title='bbox 1293 1389 1475 1459; x_wconf 82' lang='lat' dir='ltr'><strong>Neque</strong></span> <span class='ocrx_word' id='word_1_79' title='bbox 1513 1389 1596 1441; x_wconf 86' lang='lat' dir='ltr'><strong>hic</strong></span> <span class='ocrx_word' id='word_1_80' title='bbox 1635 1389 1890 1458; x_wconf 82' lang='lat' dir='ltr'><strong>peccavit,</strong></span> <span class='ocrx_word' id='word_1_81' title='bbox 1939 1405 2099 1457; x_wconf 84' lang='lat' dir='ltr'><strong>neque</strong></span> <span class='ocrx_word' id='word_1_82' title='bbox 2149 1376 2247 1456; x_wconf 85' lang='lat' dir='ltr'><strong>pa-</strong></span> 
     </span>
    </p>
   </div>
   <div class='ocr_carea' id='block_1_13' title="bbox 656 1475 2340 1553">
    <p class='ocr_par' dir='ltr' id='par_1_13' title="bbox 656 1475 2340 1553">
     <span class='ocr_line' id='line_1_13' title="bbox 656 1475 2340 1553; baseline -0.007 -14"><span class='ocrx_word' id='word_1_83' title='bbox 656 1495 827 1539; x_wconf 89' lang='lat' dir='ltr'><strong>rentes</strong></span> <span class='ocrx_word' id='word_1_84' title='bbox 879 1484 1018 1553; x_wconf 88' lang='lat' dir='ltr'><strong>ejus,</strong></span> <span class='ocrx_word' id='word_1_85' title='bbox 1059 1482 1149 1535; x_wconf 88' lang='lat' dir='ltr'><strong>sed</strong></span> <span class='ocrx_word' id='word_1_86' title='bbox 1193 1489 1247 1534; x_wconf 86' lang='lat' dir='ltr'><strong>ut</strong></span> <span class='ocrx_word' id='word_1_87' title='bbox 1284 1479 1686 1548; x_wconf 79' lang='lat' dir='ltr'><strong>manifestentur</strong></span> <span class='ocrx_word' id='word_1_88' title='bbox 1728 1496 1883 1549; x_wconf 81' lang='lat' dir='ltr'><strong>opera</strong></span> <span class='ocrx_word' id='word_1_89' title='bbox 1920 1477 2019 1532; x_wconf 89' lang='lat' dir='ltr'><strong>Dei</strong></span> <span class='ocrx_word' id='word_1_90' title='bbox 2051 1478 2105 1530; x_wconf 90' lang='lat' dir='ltr'><strong>in</strong></span> <span class='ocrx_word' id='word_1_91' title='bbox 2153 1475 2244 1529; x_wconf 89' lang='lat' dir='ltr'><strong>illo</strong></span> <span class='ocrx_word' id='word_1_92' title='bbox 2335 1506 2340 1508; x_wconf 91' lang='lat'><strong>-</strong></span> 
     </span>
    </p>
   </div>
   <div class='ocr_carea' id='block_1_14' title="bbox 657 1567 2244 1647">
    <p class='ocr_par' dir='ltr' id='par_1_14' title="bbox 657 1567 2244 1647">
     <span class='ocr_line' id='line_1_14' title="bbox 657 1567 2244 1647; baseline -0.006 -17"><span class='ocrx_word' id='word_1_93' title='bbox 657 1575 863 1647; x_wconf 88' lang='lat' dir='ltr'><strong>(Ibid.,</strong></span> <span class='ocrx_word' id='word_1_94' title='bbox 932 1574 1009 1644; x_wconf 83' lang='grc'><strong>5).</strong></span> <span class='ocrx_word' id='word_1_95' title='bbox 1072 1572 1337 1628; x_wconf 85' lang='lat' dir='ltr'><strong>Similiter</strong></span> <span class='ocrx_word' id='word_1_96' title='bbox 1384 1571 1450 1625; x_wconf 88' lang='lat' dir='ltr'><strong>de</strong></span> <span class='ocrx_word' id='word_1_97' title='bbox 1503 1570 1709 1626; x_wconf 78' lang='lat' dir='ltr'><strong>Lazaro</strong></span> <span class='ocrx_word' id='word_1_98' title='bbox 1765 1570 2093 1624; x_wconf 80' lang='lat' dir='ltr'><strong>inﬁrmato:</strong></span> <span class='ocrx_word' id='word_1_99' title='bbox 2149 1567 2244 1622; x_wconf 88' lang='lat' dir='ltr'><strong>In-</strong></span> 
     </span>
    </p>
   </div>
   <div class='ocr_carea' id='block_1_15' title="bbox 656 1660 2242 1738">
    <p class='ocr_par' dir='ltr' id='par_1_15' title="bbox 656 1660 2242 1738">
     <span class='ocr_line' id='line_1_15' title="bbox 656 1660 2242 1738; baseline -0.006 -16"><span class='ocrx_word' id='word_1_100' title='bbox 656 1669 884 1738; x_wconf 84' lang='lat' dir='ltr'><strong>ﬁrmitas</strong></span> <span class='ocrx_word' id='word_1_101' title='bbox 909 1667 1022 1722; x_wconf 65' lang='lat' dir='ltr'><strong>hare</strong></span> <span class='ocrx_word' id='word_1_102' title='bbox 1052 1682 1155 1719; x_wconf 91' lang='lat' dir='ltr'><strong>non</strong></span> <span class='ocrx_word' id='word_1_103' title='bbox 1180 1664 1249 1718; x_wconf 85' lang='lat' dir='ltr'><strong>ad</strong></span> <span class='ocrx_word' id='word_1_104' title='bbox 1275 1673 1514 1728; x_wconf 89' lang='lat' dir='ltr'><strong>mortem,</strong></span> <span class='ocrx_word' id='word_1_105' title='bbox 1550 1665 1640 1716; x_wconf 88' lang='lat' dir='ltr'><strong>sed</strong></span> <span class='ocrx_word' id='word_1_106' title='bbox 1677 1678 1771 1732; x_wconf 90' lang='lat' dir='ltr'><strong>pro</strong></span> <span class='ocrx_word' id='word_1_107' title='bbox 1799 1661 1969 1732; x_wconf 85' lang='lat' dir='ltr'><strong>gloria</strong></span> <span class='ocrx_word' id='word_1_108' title='bbox 1999 1660 2134 1726; x_wconf 91' lang='lat' dir='ltr'><strong>Dei,</strong></span> <span class='ocrx_word' id='word_1_109' title='bbox 2185 1669 2242 1714; x_wconf 93' lang='lat' dir='ltr'><strong>ut</strong></span> 
     </span>
    </p>
   </div>
   <div class='ocr_carea' id='block_1_16' title="bbox 655 1745 2238 1828">
    <p class='ocr_par' dir='ltr' id='par_1_16' title="bbox 655 1745 2238 1828">
     <span class='ocr_line' id='line_1_16' title="bbox 655 1745 2238 1828; baseline -0.004 -17"><span class='ocrx_word' id='word_1_110' title='bbox 655 1757 980 1828; x_wconf 81' lang='lat' dir='ltr'><strong>gloriﬁcetur</strong></span> <span class='ocrx_word' id='word_1_111' title='bbox 1019 1755 1194 1808; x_wconf 86' lang='lat' dir='ltr'><strong>Filius</strong></span> <span class='ocrx_word' id='word_1_112' title='bbox 1240 1753 1338 1807; x_wconf 86' lang='lat' dir='ltr'><strong>Dei</strong></span> <span class='ocrx_word' id='word_1_113' title='bbox 1369 1769 1463 1823; x_wconf 89' lang='lat' dir='ltr'><strong>per</strong></span> <span class='ocrx_word' id='word_1_114' title='bbox 1503 1769 1617 1806; x_wconf 91' lang='lat' dir='ltr'><strong>eam</strong></span> <span class='ocrx_word' id='word_1_115' title='bbox 1661 1745 1822 1823; x_wconf 40' lang='lat' dir='ltr'><strong>(Joa&#39;n</strong></span> <span class='ocrx_word' id='word_1_116' title='bbox 1889 1769 1964 1815; x_wconf 72' lang='grc' dir='ltr'>ιιι,</span> <span class='ocrx_word' id='word_1_117' title='bbox 2000 1750 2077 1821; x_wconf 76' lang='grc'><strong>4).</strong></span> <span class='ocrx_word' id='word_1_118' title='bbox 2104 1750 2238 1805; x_wconf 85' lang='lat' dir='ltr'><strong>Cum</strong></span> 
     </span>
    </p>
   </div>
   <div class='ocr_carea' id='block_1_17' title="bbox 655 1842 2242 1918">
    <p class='ocr_par' dir='ltr' id='par_1_17' title="bbox 655 1842 2242 1918">
     <span class='ocr_line' id='line_1_17' title="bbox 655 1842 2242 1918; baseline -0.003 -18"><span class='ocrx_word' id='word_1_119' title='bbox 655 1855 838 1902; x_wconf 88' lang='lat' dir='ltr'><strong>tamen</strong></span> <span class='ocrx_word' id='word_1_120' title='bbox 880 1845 1122 1918; x_wconf 79' lang='lat' dir='ltr'><strong>legamus</strong></span> <span class='ocrx_word' id='word_1_121' title='bbox 1168 1859 1264 1915; x_wconf 90' lang='lat' dir='ltr'><strong>per</strong></span> <span class='ocrx_word' id='word_1_122' title='bbox 1303 1843 1486 1913; x_wconf 83' lang='lat' dir='ltr'><strong>plures</strong></span> <span class='ocrx_word' id='word_1_123' title='bbox 1535 1843 1882 1899; x_wconf 83' lang='lat' dir='ltr'><strong>inﬁrmitates</strong></span> <span class='ocrx_word' id='word_1_124' title='bbox 1925 1842 2242 1911; x_wconf 86' lang='lat' dir='ltr'><strong>corporibus</strong></span> 
     </span>
    </p>
   </div>
   <div class='ocr_carea' id='block_1_18' title="bbox 655 1933 2242 2008">
    <p class='ocr_par' dir='ltr' id='par_1_18' title="bbox 655 1933 2242 2008">
     <span class='ocr_line' id='line_1_18' title="bbox 655 1933 2242 2008; baseline -0.003 -14"><span class='ocrx_word' id='word_1_125' title='bbox 655 1939 920 1995; x_wconf 88' lang='lat' dir='ltr'><strong>scelerum</strong></span> <span class='ocrx_word' id='word_1_126' title='bbox 949 1952 1142 2008; x_wconf 85' lang='lat' dir='ltr'><strong>poenas</strong></span> <span class='ocrx_word' id='word_1_127' title='bbox 1171 1936 1368 1991; x_wconf 89' lang='lat' dir='ltr'><strong>merito</strong></span> <span class='ocrx_word' id='word_1_128' title='bbox 1395 1935 1644 2007; x_wconf 83' lang='lat' dir='ltr'><strong>irrogari,</strong></span> <span class='ocrx_word' id='word_1_129' title='bbox 1674 1935 1887 1990; x_wconf 80' lang='lat' dir='ltr'><strong>dicente</strong></span> <span class='ocrx_word' id='word_1_130' title='bbox 1929 1935 2153 1989; x_wconf 91' lang='lat' dir='ltr'><strong>Domino</strong></span> <span class='ocrx_word' id='word_1_131' title='bbox 2173 1933 2242 1989; x_wconf 88' lang='lat' dir='ltr'><strong>ad</strong></span> 
     </span>
    </p>
   </div>
   <div class='ocr_carea' id='block_1_19' title="bbox 653 2017 2236 2104">
    <p class='ocr_par' dir='ltr' id='par_1_19' title="bbox 653 2017 2236 2104">
     <span class='ocr_line' id='line_1_19' title="bbox 653 2017 2236 2104; baseline -0.003 -18"><span class='ocrx_word' id='word_1_132' title='bbox 653 2032 1009 2104; x_wconf 59' lang='lat' dir='ltr'><strong>paralyticum</strong></span> <span class='ocrx_word' id='word_1_133' title='bbox 1038 2017 1282 2085; x_wconf 71' lang='lat' dir='ltr'><strong>Sanatum</strong></span> <span class='ocrx_word' id='word_1_134' title='bbox 1311 2049 1323 2084; x_wconf 91' lang='lat'><strong>:</strong></span> <span class='ocrx_word' id='word_1_135' title='bbox 1357 2029 1525 2096; x_wconf 86' lang='lat' dir='ltr'><strong>Vade,</strong></span> <span class='ocrx_word' id='word_1_136' title='bbox 1547 2041 1594 2084; x_wconf 87' lang='lat' dir='ltr'><strong>et</strong></span> <span class='ocrx_word' id='word_1_137' title='bbox 1621 2029 1846 2102; x_wconf 82' lang='lat' dir='ltr'><strong>amplius</strong></span> <span class='ocrx_word' id='word_1_138' title='bbox 1872 2017 1980 2084; x_wconf 84' lang='lat' dir='ltr'><strong>noli</strong></span> <span class='ocrx_word' id='word_1_139' title='bbox 2004 2045 2236 2098; x_wconf 85' lang='lat' dir='ltr'><strong>peccare,</strong></span> 
     </span>
    </p>
   </div>
   <div class='ocr_carea' id='block_1_20' title="bbox 657 2119 2038 2201">
    <p class='ocr_par' dir='ltr' id='par_1_20' title="bbox 657 2119 2038 2201">
     <span class='ocr_line' id='line_1_20' title="bbox 657 2119 2038 2201; baseline -0.003 -25"><span class='ocrx_word' id='word_1_140' title='bbox 657 2140 720 2177; x_wconf 90' lang='lat' dir='ltr'><strong>ne</strong></span> <span class='ocrx_word' id='word_1_141' title='bbox 745 2123 972 2178; x_wconf 87' lang='lat' dir='ltr'><strong>deterius</strong></span> <span class='ocrx_word' id='word_1_142' title='bbox 1003 2122 1095 2176; x_wconf 84' lang='lat' dir='ltr'><strong>tibi</strong></span> <span class='ocrx_word' id='word_1_143' title='bbox 1123 2121 1323 2201; x_wconf 85' lang='lat' dir='ltr'><strong>aliquid</strong></span> <span class='ocrx_word' id='word_1_144' title='bbox 1354 2123 1618 2191; x_wconf 79' lang='lat' dir='ltr'><strong>contingat</strong></span> <span class='ocrx_word' id='word_1_145' title='bbox 1644 2119 1824 2190; x_wconf 80' lang='lat' dir='ltr'><strong>(Joan.</strong></span> <span class='ocrx_word' id='word_1_146' title='bbox 1851 2135 1902 2184; x_wconf 85' lang='lat' dir='ltr'><strong>v,</strong></span> <span class='ocrx_word' id='word_1_147' title='bbox 1928 2119 2038 2189; x_wconf 69' lang='grc'><strong>14).</strong></span> 
     </span>
    </p>
   </div>
   <div class='ocr_carea' id='block_1_21' title="bbox 1011 2231 1885 2297">
    <p class='ocr_par' dir='ltr' id='par_1_21' title="bbox 1011 2231 1885 2297">
     <span class='ocr_line' id='line_1_21' title="bbox 1011 2231 1885 2297; baseline -0.002 -11"><span class='ocrx_word' id='word_1_148' title='bbox 1011 2248 1131 2286; x_wconf 72' lang='lat' dir='ltr'><strong>nar.</strong></span> <span class='ocrx_word' id='word_1_149' title='bbox 1173 2247 1306 2297; x_wconf 79' lang='lat' dir='ltr'><strong>ml,</strong></span> <span class='ocrx_word' id='word_1_150' title='bbox 1346 2247 1464 2287; x_wconf 64' lang='lat' dir='ltr'><strong>car.</strong></span> <span class='ocrx_word' id='word_1_151' title='bbox 1506 2231 1592 2297; x_wconf 87' lang='grc'><strong>16,</strong></span> <span class='ocrx_word' id='word_1_152' title='bbox 1634 2231 1885 2286; x_wconf 59' lang='lat' dir='ltr'><strong>semul.</strong></span> 
     </span>
    </p>
   </div>
   <div class='ocr_carea' id='block_1_22' title="bbox 725 2341 2236 2418">
    <p class='ocr_par' dir='ltr' id='par_1_22' title="bbox 725 2341 2236 2418">
     <span class='ocr_line' id='line_1_22' title="bbox 725 2341 2236 2418; baseline -0.008 -12"><span class='ocrx_word' id='word_1_153' title='bbox 725 2359 767 2406; x_wconf 89' lang='grc' dir='ltr'>Θ</span> <span class='ocrx_word' id='word_1_154' title='bbox 801 2349 988 2405; x_wconf 91' lang='lat' dir='ltr'><strong>Dicis:</strong></span> <span class='ocrx_word' id='word_1_155' title='bbox 1013 2347 1079 2402; x_wconf 90' lang='lat' dir='ltr'><strong>In</strong></span> <span class='ocrx_word' id='word_1_156' title='bbox 1115 2348 1233 2418; x_wconf 86' lang='lat' dir='ltr'><strong>igne</strong></span> <span class='ocrx_word' id='word_1_157' title='bbox 1267 2355 1460 2401; x_wconf 75' lang='lat' dir='ltr'><strong>ceterno</strong></span> <span class='ocrx_word' id='word_1_158' title='bbox 1513 2341 1645 2398; x_wconf 80' lang='lat' dir='ltr'><strong>nihil</strong></span> <span class='ocrx_word' id='word_1_159' title='bbox 1687 2342 1835 2397; x_wconf 87' lang='lat' dir='ltr'><strong>aliud</strong></span> <span class='ocrx_word' id='word_1_160' title='bbox 1884 2358 1994 2397; x_wconf 89' lang='lat' dir='ltr'><strong>esse</strong></span> <span class='ocrx_word' id='word_1_161' title='bbox 2033 2357 2236 2411; x_wconf 65' lang='lat' dir='ltr'><strong>poenam</strong></span> 
     </span>
    </p>
   </div>
   <div class='ocr_carea' id='block_1_23' title="bbox 652 2439 1634 2514">
    <p class='ocr_par' dir='ltr' id='par_1_23' title="bbox 652 2439 1634 2514">
     <span class='ocr_line' id='line_1_23' title="bbox 652 2439 1634 2514; baseline -0.005 -17"><span class='ocrx_word' id='word_1_162' title='bbox 652 2459 811 2514; x_wconf 90' lang='lat' dir='ltr'><strong>quam</strong></span> <span class='ocrx_word' id='word_1_163' title='bbox 834 2443 997 2496; x_wconf 76' lang='lat' dir='ltr'><strong>beata:</strong></span> <span class='ocrx_word' id='word_1_164' title='bbox 1025 2440 1293 2510; x_wconf 79' lang='lat' dir='ltr'><strong>felicitatis</strong></span> <span class='ocrx_word' id='word_1_165' title='bbox 1324 2439 1634 2492; x_wconf 80' lang='lat' dir='ltr'><strong>absentiam.</strong></span> 
     </span>
    </p>
   </div>
   <div class='ocr_carea' id='block_1_24' title="bbox 651 2527 2236 2606">
    <p class='ocr_par' dir='ltr' id='par_1_24' title="bbox 651 2527 2236 2606">
     <span class='ocr_line' id='line_1_24' title="bbox 651 2527 2236 2606; baseline -0.004 -16"><span class='ocrx_word' id='word_1_166' title='bbox 651 2597 656 2603; x_wconf 44' lang='grc'><strong>,</strong></span> <span class='ocrx_word' id='word_1_167' title='bbox 720 2535 758 2606; x_wconf 86' lang='lat'><strong>1-</strong></span> <span class='ocrx_word' id='word_1_168' title='bbox 795 2534 1205 2604; x_wconf 87' lang='lat' dir='ltr'><strong>Respondemus</strong></span> <span class='ocrx_word' id='word_1_169' title='bbox 1235 2549 1248 2586; x_wconf 90' lang='lat'><strong>:</strong></span> <span class='ocrx_word' id='word_1_170' title='bbox 1281 2531 1347 2585; x_wconf 89' lang='lat' dir='ltr'><strong>Et</strong></span> <span class='ocrx_word' id='word_1_171' title='bbox 1384 2531 1525 2586; x_wconf 88' lang='lat' dir='ltr'><strong>hanc</strong></span> <span class='ocrx_word' id='word_1_172' title='bbox 1567 2545 1688 2586; x_wconf 89' lang='lat' dir='ltr'><strong>esse</strong></span> <span class='ocrx_word' id='word_1_173' title='bbox 1733 2543 1974 2600; x_wconf 76' lang='lat' dir='ltr'><strong>ptenam,</strong></span> <span class='ocrx_word' id='word_1_174' title='bbox 2013 2535 2068 2584; x_wconf 91' lang='lat' dir='ltr'><strong>et</strong></span> <span class='ocrx_word' id='word_1_175' title='bbox 2098 2527 2236 2599; x_wconf 84' lang='lat' dir='ltr'><strong>ignis</strong></span> 
     </span>
    </p>
   </div>
   <div class='ocr_carea' id='block_1_25' title="bbox 651 2621 2073 2690">
    <p class='ocr_par' dir='ltr' id='par_1_25' title="bbox 651 2621 2073 2690">
     <span class='ocr_line' id='line_1_25' title="bbox 651 2621 2073 2690; baseline -0.005 -9"><span class='ocrx_word' id='word_1_176' title='bbox 651 2627 902 2682; x_wconf 86' lang='lat' dir='ltr'><strong>ardorem</strong></span> <span class='ocrx_word' id='word_1_177' title='bbox 929 2625 1176 2688; x_wconf 89' lang='lat' dir='ltr'><strong>nimium,</strong></span> <span class='ocrx_word' id='word_1_178' title='bbox 1203 2631 1259 2678; x_wconf 92' lang='lat' dir='ltr'><strong>et</strong></span> <span class='ocrx_word' id='word_1_179' title='bbox 1290 2622 1554 2676; x_wconf 82' lang='lat' dir='ltr'><strong>vermium</strong></span> <span class='ocrx_word' id='word_1_180' title='bbox 1584 2621 2073 2690; x_wconf 88' lang='lat' dir='ltr'><strong>consumptionem.</strong></span> 
     </span>
    </p>
   </div>
   <div class='ocr_carea' id='block_1_26' title="bbox 999 2732 1879 2800">
    <p class='ocr_par' dir='ltr' id='par_1_26' title="bbox 999 2732 1879 2800">
     <span class='ocr_line' id='line_1_26' title="bbox 999 2732 1879 2800; baseline -0.005 -10"><span class='ocrx_word' id='word_1_181' title='bbox 999 2751 1119 2791; x_wconf 73' lang='lat' dir='ltr'><strong>per.</strong></span> <span class='ocrx_word' id='word_1_182' title='bbox 1157 2749 1314 2800; x_wconf 77' lang='lat' dir='ltr'><strong>xu&quot;,</strong></span> <span class='ocrx_word' id='word_1_183' title='bbox 1348 2749 1466 2790; x_wconf 58' lang='lat' dir='ltr'><strong>car.</strong></span> <span class='ocrx_word' id='word_1_184' title='bbox 1506 2732 1604 2799; x_wconf 62' lang='grc'><strong>16,</strong></span> <span class='ocrx_word' id='word_1_185' title='bbox 1633 2747 1785 2788; x_wconf 75' lang='lat' dir='ltr'><strong>sec&#39;r.</strong></span> <span class='ocrx_word' id='word_1_186' title='bbox 1825 2733 1879 2786; x_wconf 73' lang='grc'><strong>4.</strong></span> 
     </span>
    </p>
   </div>
   <div class='ocr_carea' id='block_1_27' title="bbox 707 2843 2233 2917">
    <p class='ocr_par' dir='ltr' id='par_1_27' title="bbox 707 2843 2233 2917">
     <span class='ocr_line' id='line_1_27' title="bbox 707 2843 2233 2917; baseline -0.005 -12"><span class='ocrx_word' id='word_1_187' title='bbox 707 2859 761 2906; x_wconf 89' lang='grc' dir='ltr'>-Θ</span> <span class='ocrx_word' id='word_1_188' title='bbox 797 2849 945 2905; x_wconf 86' lang='lat' dir='ltr'><strong>Dicis</strong></span> <span class='ocrx_word' id='word_1_189' title='bbox 989 2865 1002 2902; x_wconf 92' lang='lat'><strong>:</strong></span> <span class='ocrx_word' id='word_1_190' title='bbox 1045 2846 1114 2902; x_wconf 87' lang='lat' dir='ltr'><strong>In</strong></span> <span class='ocrx_word' id='word_1_191' title='bbox 1139 2845 1232 2902; x_wconf 90' lang='lat' dir='ltr'><strong>illo</strong></span> <span class='ocrx_word' id='word_1_192' title='bbox 1265 2847 1380 2917; x_wconf 86' lang='lat' dir='ltr'><strong>igne</strong></span> <span class='ocrx_word' id='word_1_193' title='bbox 1426 2845 1630 2900; x_wconf 88' lang='lat' dir='ltr'><strong>nullum</strong></span> <span class='ocrx_word' id='word_1_194' title='bbox 1655 2861 1764 2900; x_wconf 88' lang='lat' dir='ltr'><strong>esse</strong></span> <span class='ocrx_word' id='word_1_195' title='bbox 1785 2845 1875 2917; x_wconf 85' lang='lat' dir='ltr'><strong>qui</strong></span> <span class='ocrx_word' id='word_1_196' title='bbox 1903 2860 2007 2898; x_wconf 87' lang='lat' dir='ltr'><strong>non</strong></span> <span class='ocrx_word' id='word_1_197' title='bbox 2045 2843 2233 2898; x_wconf 79' lang='lat' dir='ltr'><strong>habeat</strong></span> 
     </span>
    </p>
   </div>
   <div class='ocr_carea' id='block_1_28' title="bbox 631 2937 2232 3001">
    <p class='ocr_par' dir='ltr' id='par_1_28' title="bbox 631 2937 2232 3001">
     <span class='ocr_line' id='line_1_28' title="bbox 631 2937 2232 3001; baseline -0.002 -7"><span class='ocrx_word' id='word_1_198' title='bbox 631 2942 862 2996; x_wconf 82' lang='lat' dir='ltr'><strong>insitam</strong></span> <span class='ocrx_word' id='word_1_199' title='bbox 882 2941 983 2995; x_wconf 89' lang='lat' dir='ltr'><strong>sibi</strong></span> <span class='ocrx_word' id='word_1_200' title='bbox 1005 2937 1318 2995; x_wconf 78' lang='lat' dir='ltr'><strong>naturaliter</strong></span> <span class='ocrx_word' id='word_1_201' title='bbox 1335 2939 1566 2994; x_wconf 84' lang='lat' dir='ltr'><strong>absentis</strong></span> <span class='ocrx_word' id='word_1_202' title='bbox 1588 2937 1924 2993; x_wconf 84' lang='lat' dir='ltr'><strong>beatitudinis</strong></span> <span class='ocrx_word' id='word_1_203' title='bbox 1948 2937 2232 3001; x_wconf 91' lang='lat' dir='ltr'><strong>notionem,</strong></span> 
     </span>
    </p>
   </div>
   <div class='ocr_carea' id='block_1_29' title="bbox 646 3031 1223 3103">
    <p class='ocr_par' dir='ltr' id='par_1_29' title="bbox 646 3031 1223 3103">
     <span class='ocr_line' id='line_1_29' title="bbox 646 3031 1223 3103; baseline -0.002 -17"><span class='ocrx_word' id='word_1_204' title='bbox 646 3033 862 3103; x_wconf 78' lang='lat' dir='ltr'><strong>ejusque</strong></span> <span class='ocrx_word' id='word_1_205' title='bbox 885 3031 1223 3088; x_wconf 83' lang='lat' dir='ltr'><strong>desiderium.</strong></span> 
     </span>
    </p>
   </div>
   <div class='ocr_carea' id='block_1_30' title="bbox 719 3118 2234 3194">
    <p class='ocr_par' dir='ltr' id='par_1_30' title="bbox 719 3118 2234 3194">
     <span class='ocr_line' id='line_1_30' title="bbox 719 3118 2234 3194; baseline -0.005 -15"><span class='ocrx_word' id='word_1_206' title='bbox 719 3125 762 3194; x_wconf 77' lang='lat'><strong>1-</strong></span> <span class='ocrx_word' id='word_1_207' title='bbox 791 3122 1201 3194; x_wconf 83' lang='lat' dir='ltr'><strong>Respondemus</strong></span> <span class='ocrx_word' id='word_1_208' title='bbox 1224 3137 1239 3176; x_wconf 92' lang='lat'><strong>:</strong></span> <span class='ocrx_word' id='word_1_209' title='bbox 1262 3121 1548 3192; x_wconf 73' lang='lat' dir='ltr'><strong>Prophetas</strong></span> <span class='ocrx_word' id='word_1_210' title='bbox 1575 3135 1675 3178; x_wconf 91' lang='lat' dir='ltr'><strong>nos</strong></span> <span class='ocrx_word' id='word_1_211' title='bbox 1695 3120 1876 3191; x_wconf 88' lang='lat' dir='ltr'><strong>potius</strong></span> <span class='ocrx_word' id='word_1_212' title='bbox 1906 3119 2130 3174; x_wconf 87' lang='lat' dir='ltr'><strong>credere</strong></span> <span class='ocrx_word' id='word_1_213' title='bbox 2157 3118 2234 3172; x_wconf 90' lang='lat' dir='ltr'><strong>di-</strong></span> 
     </span>
    </p>
   </div>
   <div class='ocr_carea' id='block_1_31' title="bbox 649 3210 2231 3288">
    <p class='ocr_par' dir='ltr' id='par_1_31' title="bbox 649 3210 2231 3288">
     <span class='ocr_line' id='line_1_31' title="bbox 649 3210 2231 3288; baseline -0.004 -18"><span class='ocrx_word' id='word_1_214' title='bbox 649 3216 790 3272; x_wconf 90' lang='lat' dir='ltr'><strong>centi</strong></span> <span class='ocrx_word' id='word_1_215' title='bbox 810 3230 825 3270; x_wconf 91' lang='lat'><strong>:</strong></span> <span class='ocrx_word' id='word_1_216' title='bbox 847 3214 1102 3288; x_wconf 86' lang='lat' dir='ltr'><strong>Nunquid</strong></span> <span class='ocrx_word' id='word_1_217' title='bbox 1124 3223 1504 3283; x_wconf 82' lang='lat' dir='ltr'><strong>cognoscentur</strong></span> <span class='ocrx_word' id='word_1_218' title='bbox 1523 3215 1578 3268; x_wconf 90' lang='lat' dir='ltr'><strong>in</strong></span> <span class='ocrx_word' id='word_1_219' title='bbox 1597 3213 1816 3267; x_wconf 83' lang='lat' dir='ltr'><strong>tenebris</strong></span> <span class='ocrx_word' id='word_1_220' title='bbox 1839 3210 2100 3267; x_wconf 83' lang='lat' dir='ltr'><strong>mirabilia</strong></span> <span class='ocrx_word' id='word_1_221' title='bbox 2119 3221 2231 3276; x_wconf 89' lang='lat' dir='ltr'><strong>tua,</strong></span> 
     </span>
    </p>
   </div>
   <div class='ocr_carea' id='block_1_32' title="bbox 647 3289 2233 3377">
    <p class='ocr_par' dir='ltr' id='par_1_32' title="bbox 647 3289 2233 3377">
     <span class='ocr_line' id='line_1_32' title="bbox 647 3289 2233 3377; baseline -0.004 -15"><span class='ocrx_word' id='word_1_222' title='bbox 647 3317 695 3362; x_wconf 88' lang='lat' dir='ltr'><strong>et</strong></span> <span class='ocrx_word' id='word_1_223' title='bbox 714 3307 929 3377; x_wconf 87' lang='lat' dir='ltr'><strong>justitia</strong></span> <span class='ocrx_word' id='word_1_224' title='bbox 957 3316 1048 3361; x_wconf 92' lang='lat' dir='ltr'><strong>tua</strong></span> <span class='ocrx_word' id='word_1_225' title='bbox 1070 3307 1126 3360; x_wconf 87' lang='lat' dir='ltr'><strong>in</strong></span> <span class='ocrx_word' id='word_1_226' title='bbox 1151 3317 1292 3360; x_wconf 87' lang='lat' dir='ltr'><strong>terra</strong></span> <span class='ocrx_word' id='word_1_227' title='bbox 1321 3289 1635 3360; x_wconf 82' lang='lat' dir='ltr'><strong>oblivionis?</strong></span> <span class='ocrx_word' id='word_1_228' title='bbox 1658 3303 1830 3376; x_wconf 88' lang='lat' dir='ltr'><strong>(Psal.</strong></span> <span class='ocrx_word' id='word_1_229' title='bbox 1857 3290 2100 3370; x_wconf 62' lang='lat' dir='ltr'><strong>Lsxxvu,</strong></span> <span class='ocrx_word' id='word_1_230' title='bbox 2121 3301 2233 3373; x_wconf 79' lang='grc'><strong>1⁸5.)</strong></span> 
     </span>
    </p>
   </div>
   <div class='ocr_carea' id='block_1_33' title="bbox 1003 3416 1879 3483">
    <p class='ocr_par' dir='ltr' id='par_1_33' title="bbox 1003 3416 1879 3483">
     <span class='ocr_line' id='line_1_33' title="bbox 1003 3416 1879 3483; baseline -0.003 -11"><span class='ocrx_word' id='word_1_231' title='bbox 1003 3433 1124 3472; x_wconf 72' lang='lat' dir='ltr'><strong>nar.</strong></span> <span class='ocrx_word' id='word_1_232' title='bbox 1162 3432 1305 3482; x_wconf 65' lang='grc' dir='ltr'><strong>κων,</strong></span> <span class='ocrx_word' id='word_1_233' title='bbox 1347 3432 1467 3472; x_wconf 65' lang='grc' dir='ltr'>αλιι.</span> <span class='ocrx_word' id='word_1_234' title='bbox 1506 3416 1592 3483; x_wconf 87' lang='grc'><strong>16,</strong></span> <span class='ocrx_word' id='word_1_235' title='bbox 1633 3431 1785 3473; x_wconf 74' lang='grc' dir='ltr'><strong>διιεῖ.</strong></span> <span class='ocrx_word' id='word_1_236' title='bbox 1828 3417 1879 3470; x_wconf 83' lang='grc'>1.</span> 
     </span>
    </p>
   </div>
   <div class='ocr_carea' id='block_1_34' title="bbox 717 3531 2233 3603">
    <p class='ocr_par' dir='ltr' id='par_1_34' title="bbox 717 3531 2233 3603">
     <span class='ocr_line' id='line_1_34' title="bbox 717 3531 2233 3603; baseline -0.001 -16"><span class='ocrx_word' id='word_1_237' title='bbox 717 3542 760 3588; x_wconf 88' lang='grc' dir='ltr'><strong>Θ</strong></span> <span class='ocrx_word' id='word_1_238' title='bbox 791 3531 938 3587; x_wconf 88' lang='lat' dir='ltr'><strong>Dicis</strong></span> <span class='ocrx_word' id='word_1_239' title='bbox 970 3550 984 3586; x_wconf 89' lang='lat'><strong>:</strong></span> <span class='ocrx_word' id='word_1_240' title='bbox 1025 3531 1314 3586; x_wconf 84' lang='lat' dir='ltr'><strong>Habituros</strong></span> <span class='ocrx_word' id='word_1_241' title='bbox 1360 3533 1576 3586; x_wconf 86' lang='lat' dir='ltr'><strong>miseros</strong></span> <span class='ocrx_word' id='word_1_242' title='bbox 1601 3531 1867 3603; x_wconf 78' lang='lat' dir='ltr'><strong>felicitatis</strong></span> <span class='ocrx_word' id='word_1_243' title='bbox 1906 3541 1954 3586; x_wconf 89' lang='lat' dir='ltr'><strong>et</strong></span> <span class='ocrx_word' id='word_1_244' title='bbox 1997 3533 2233 3586; x_wconf 84' lang='lat' dir='ltr'><strong>veritatis</strong></span> 
     </span>
    </p>
   </div>
   <div class='ocr_carea' id='block_1_35' title="bbox 627 3624 2232 3695">
    <p class='ocr_par' dir='ltr' id='par_1_35' title="bbox 627 3624 2232 3695">
     <span class='ocr_line' id='line_1_35' title="bbox 627 3624 2232 3695; baseline 0.001 -18"><span class='ocrx_word' id='word_1_245' title='bbox 627 3624 910 3678; x_wconf 68' lang='lat' dir='ltr'><strong>notionem</strong></span> <span class='ocrx_word' id='word_1_246' title='bbox 931 3633 1087 3695; x_wconf 89' lang='lat' dir='ltr'><strong>atque</strong></span> <span class='ocrx_word' id='word_1_247' title='bbox 1113 3624 1406 3688; x_wconf 86' lang='lat' dir='ltr'><strong>scientiam,</strong></span> <span class='ocrx_word' id='word_1_248' title='bbox 1430 3639 1492 3680; x_wconf 87' lang='lat' dir='ltr'><strong>ac</strong></span> <span class='ocrx_word' id='word_1_249' title='bbox 1512 3641 1605 3694; x_wconf 88' lang='lat' dir='ltr'><strong>per</strong></span> <span class='ocrx_word' id='word_1_250' title='bbox 1628 3624 1726 3678; x_wconf 84' lang='lat' dir='ltr'><strong>hoc</strong></span> <span class='ocrx_word' id='word_1_251' title='bbox 1753 3641 1856 3678; x_wconf 88' lang='lat' dir='ltr'><strong>non</strong></span> <span class='ocrx_word' id='word_1_252' title='bbox 1882 3640 1994 3679; x_wconf 88' lang='lat' dir='ltr'><strong>esse</strong></span> <span class='ocrx_word' id='word_1_253' title='bbox 2015 3625 2232 3678; x_wconf 88' lang='lat' dir='ltr'><strong>miseros</strong></span> 
     </span>
    </p>
   </div>
   <div class='ocr_carea' id='block_1_36' title="bbox 625 3715 965 3783">
    <p class='ocr_par' dir='ltr' id='par_1_36' title="bbox 625 3715 965 3783">
     <span class='ocr_line' id='line_1_36' title="bbox 625 3715 965 3783; baseline 0.003 -17"><span class='ocrx_word' id='word_1_254' title='bbox 625 3729 740 3767; x_wconf 79' lang='lat' dir='ltr'><strong>.~nec</strong></span> <span class='ocrx_word' id='word_1_255' title='bbox 769 3715 965 3783; x_wconf 88' lang='lat' dir='ltr'><strong>puniri.</strong></span> 
     </span>
    </p>
   </div>
   <div class='ocr_carea' id='block_1_37' title="bbox 719 3801 2231 3876">
    <p class='ocr_par' dir='ltr' id='par_1_37' title="bbox 719 3801 2231 3876">
     <span class='ocr_line' id='line_1_37' title="bbox 719 3801 2231 3876; baseline 0.002 -19"><span class='ocrx_word' id='word_1_256' title='bbox 719 3802 758 3872; x_wconf 87' lang='lat'><strong>1-</strong></span> <span class='ocrx_word' id='word_1_257' title='bbox 793 3801 1202 3872; x_wconf 83' lang='lat' dir='ltr'><strong>Respondemus</strong></span> <span class='ocrx_word' id='word_1_258' title='bbox 1255 3819 1270 3859; x_wconf 92' lang='lat'><strong>:</strong></span> <span class='ocrx_word' id='word_1_259' title='bbox 1311 3805 1523 3861; x_wconf 80' lang='lat' dir='ltr'><strong>Dixisse</strong></span> <span class='ocrx_word' id='word_1_260' title='bbox 1563 3804 1884 3876; x_wconf 82' lang='lat' dir='ltr'><strong>PrOphetam</strong></span> <span class='ocrx_word' id='word_1_261' title='bbox 1913 3825 1948 3862; x_wconf 91' lang='lat'><strong>.:</strong></span> <span class='ocrx_word' id='word_1_262' title='bbox 1987 3805 2231 3860; x_wconf 85' lang='lat' dir='ltr'><strong>Introibit</strong></span> 
     </span>
    </p>
   </div>
   <div class='ocr_carea' id='block_1_38' title="bbox 630 3895 2230 3969">
    <p class='ocr_par' dir='ltr' id='par_1_38' title="bbox 630 3895 2230 3969">
     <span class='ocr_line' id='line_1_38' title="bbox 630 3895 2230 3969; baseline 0.003 -22"><span class='ocrx_word' id='word_1_263' title='bbox 630 3910 809 3964; x_wconf 59' lang='lat' dir='ltr'><strong>usque</strong></span> <span class='ocrx_word' id='word_1_264' title='bbox 831 3895 885 3948; x_wconf 87' lang='lat' dir='ltr'><strong>in</strong></span> <span class='ocrx_word' id='word_1_265' title='bbox 905 3895 1174 3966; x_wconf 83' lang='lat' dir='ltr'><strong>progenies</strong></span> <span class='ocrx_word' id='word_1_266' title='bbox 1198 3907 1406 3965; x_wconf 84' lang='lat' dir='ltr'><strong>patrum</strong></span> <span class='ocrx_word' id='word_1_267' title='bbox 1432 3913 1673 3962; x_wconf 86' lang='lat' dir='ltr'><strong>suorum,</strong></span> <span class='ocrx_word' id='word_1_268' title='bbox 1699 3915 1859 3969; x_wconf 87' lang='lat' dir='ltr'><strong>usque</strong></span> <span class='ocrx_word' id='word_1_269' title='bbox 1881 3899 1936 3952; x_wconf 89' lang='lat' dir='ltr'><strong>in</strong></span> <span class='ocrx_word' id='word_1_270' title='bbox 1977 3908 2230 3952; x_wconf 75' lang='lat' dir='ltr'><strong>wternum</strong></span> 
     </span>
    </p>
   </div>
   <div class='ocr_carea' id='block_1_39' title="bbox 632 3985 2230 4060">
    <p class='ocr_par' dir='ltr' id='par_1_39' title="bbox 632 3985 2230 4060">
     <span class='ocr_line' id='line_1_39' title="bbox 632 3985 2230 4060; baseline 0.004 -23"><span class='ocrx_word' id='word_1_271' title='bbox 632 4002 750 4040; x_wconf 59' lang='lat' dir='ltr'><strong>non</strong></span> <span class='ocrx_word' id='word_1_272' title='bbox 794 3985 982 4040; x_wconf 83' lang='lat' dir='ltr'><strong>videbit</strong></span> <span class='ocrx_word' id='word_1_273' title='bbox 1023 3986 1198 4042; x_wconf 89' lang='lat' dir='ltr'><strong>lumen</strong></span> <span class='ocrx_word' id='word_1_274' title='bbox 1231 3985 1347 4058; x_wconf 83' lang='lat' dir='ltr'><strong>(Ps.</strong></span> <span class='ocrx_word' id='word_1_275' title='bbox 1377 4005 1568 4054; x_wconf 81' lang='lat' dir='ltr'><strong>vam,</strong></span> <span class='ocrx_word' id='word_1_276' title='bbox 1609 3989 1703 4060; x_wconf 74' lang='grc'><strong>20)</strong></span> <span class='ocrx_word' id='word_1_277' title='bbox 1735 4005 1750 4044; x_wconf 87' lang='lat'><strong>:</strong></span> <span class='ocrx_word' id='word_1_278' title='bbox 1779 4004 1846 4044; x_wconf 91' lang='lat' dir='ltr'><strong>ac</strong></span> <span class='ocrx_word' id='word_1_279' title='bbox 1887 4006 1984 4059; x_wconf 91' lang='lat' dir='ltr'><strong>per</strong></span> <span class='ocrx_word' id='word_1_280' title='bbox 2033 3991 2135 4044; x_wconf 88' lang='lat' dir='ltr'><strong>hoc</strong></span> <span class='ocrx_word' id='word_1_281' title='bbox 2173 4000 2230 4044; x_wconf 92' lang='lat' dir='ltr'><strong>ct</strong></span> 
     </span>
    </p>
   </div>
   <div class='ocr_carea' id='block_1_40' title="bbox 643 4076 2227 4151">
    <p class='ocr_par' dir='ltr' id='par_1_40' title="bbox 643 4076 2227 4151">
     <span class='ocr_line' id='line_1_40' title="bbox 643 4076 2227 4151; baseline 0.003 -21"><span class='ocrx_word' id='word_1_282' title='bbox 643 4076 898 4142; x_wconf 84' lang='lat' dir='ltr'><strong>miseros,</strong></span> <span class='ocrx_word' id='word_1_283' title='bbox 930 4077 1056 4146; x_wconf 89' lang='lat' dir='ltr'><strong>quia</strong></span> <span class='ocrx_word' id='word_1_284' title='bbox 1087 4078 1156 4132; x_wconf 91' lang='lat' dir='ltr'><strong>ad</strong></span> <span class='ocrx_word' id='word_1_285' title='bbox 1180 4078 1570 4134; x_wconf 86' lang='lat' dir='ltr'><strong>beatitudinem</strong></span> <span class='ocrx_word' id='word_1_286' title='bbox 1605 4095 1884 4149; x_wconf 88' lang='lat' dir='ltr'><strong>nunquam</strong></span> <span class='ocrx_word' id='word_1_287' title='bbox 1919 4089 2227 4151; x_wconf 80' lang='lat' dir='ltr'><strong>assurgant,</strong></span> 
     </span>
    </p>
   </div>
   <div class='ocr_carea' id='block_1_41' title="bbox 644 4167 1873 4241">
    <p class='ocr_par' dir='ltr' id='par_1_41' title="bbox 644 4167 1873 4241">
     <span class='ocr_line' id='line_1_41' title="bbox 644 4167 1873 4241; baseline 0.003 -21"><span class='ocrx_word' id='word_1_288' title='bbox 644 4175 697 4221; x_wconf 92' lang='lat' dir='ltr'><strong>et</strong></span> <span class='ocrx_word' id='word_1_289' title='bbox 725 4167 966 4237; x_wconf 85' lang='lat' dir='ltr'><strong>punitos,</strong></span> <span class='ocrx_word' id='word_1_290' title='bbox 993 4167 1190 4238; x_wconf 87' lang='lat' dir='ltr'><strong>quibus</strong></span> <span class='ocrx_word' id='word_1_291' title='bbox 1223 4183 1382 4239; x_wconf 68' lang='lat' dir='ltr'><strong>poena</strong></span> <span class='ocrx_word' id='word_1_292' title='bbox 1415 4186 1690 4241; x_wconf 89' lang='lat' dir='ltr'><strong>nunquam</strong></span> <span class='ocrx_word' id='word_1_293' title='bbox 1717 4172 1873 4227; x_wconf 86' lang='lat' dir='ltr'><strong>desit.</strong></span> 
     </span>
    </p>
   </div>
   <div class='ocr_carea' id='block_1_42' title="bbox 919 4307 1955 4375">
    <p class='ocr_par' dir='ltr' id='par_1_42' title="bbox 919 4307 1955 4375">
     <span class='ocr_line' id='line_1_42' title="bbox 919 4307 1955 4375; baseline 0.001 -16"><span class='ocrx_word' id='word_1_294' title='bbox 919 4321 1040 4361; x_wconf 74' lang='lat' dir='ltr'><strong>per.</strong></span> <span class='ocrx_word' id='word_1_295' title='bbox 1078 4322 1204 4374; x_wconf 71' lang='grc' dir='ltr'><strong>ην,</strong></span> <span class='ocrx_word' id='word_1_296' title='bbox 1231 4318 1364 4364; x_wconf 68' lang='lat' dir='ltr'><strong>car.</strong></span> <span class='ocrx_word' id='word_1_297' title='bbox 1410 4307 1499 4375; x_wconf 90' lang='grc'><strong>16,</strong></span> <span class='ocrx_word' id='word_1_298' title='bbox 1539 4323 1691 4364; x_wconf 76' lang='lat' dir='ltr'><strong>sec&#39;r.</strong></span> <span class='ocrx_word' id='word_1_299' title='bbox 1726 4309 1762 4364; x_wconf 75' lang='grc'><strong>2</strong></span> <span class='ocrx_word' id='word_1_300' title='bbox 1795 4325 1865 4364; x_wconf 75' lang='grc' dir='ltr'><strong>ετ</strong></span> <span class='ocrx_word' id='word_1_301' title='bbox 1903 4309 1955 4361; x_wconf 92' lang='lat'><strong>7.</strong></span> 
     </span>
    </p>
   </div>
   <div class='ocr_carea' id='block_1_43' title="bbox 671 4405 2232 4494">
    <p class='ocr_par' dir='ltr' id='par_1_43' title="bbox 671 4405 2232 4494">
     <span class='ocr_line' id='line_1_43' title="bbox 671 4405 2232 4494; baseline 0.004 -22"><span class='ocrx_word' id='word_1_302' title='bbox 671 4475 680 4480; x_wconf 64' lang='grc'><strong>,</strong></span> <span class='ocrx_word' id='word_1_303' title='bbox 713 4426 756 4473; x_wconf 88' lang='grc' dir='ltr'><strong>Θ</strong></span> <span class='ocrx_word' id='word_1_304' title='bbox 787 4417 932 4475; x_wconf 89' lang='lat' dir='ltr'><strong>Dicis</strong></span> <span class='ocrx_word' id='word_1_305' title='bbox 968 4438 980 4474; x_wconf 93' lang='lat'><strong>:</strong></span> <span class='ocrx_word' id='word_1_306' title='bbox 1011 4419 1078 4476; x_wconf 86' lang='lat' dir='ltr'><strong>In</strong></span> <span class='ocrx_word' id='word_1_307' title='bbox 1107 4421 1341 4486; x_wconf 87' lang='lat' dir='ltr'><strong>diabolo,</strong></span> <span class='ocrx_word' id='word_1_308' title='bbox 1380 4434 1428 4477; x_wconf 89' lang='lat' dir='ltr'><strong>et</strong></span> <span class='ocrx_word' id='word_1_309' title='bbox 1456 4424 1631 4493; x_wconf 89' lang='lat' dir='ltr'><strong>impiis</strong></span> <span class='ocrx_word' id='word_1_310' title='bbox 1671 4405 1969 4480; x_wconf 69' lang='lat' dir='ltr'><strong>nominibus</strong></span> <span class='ocrx_word' id='word_1_311' title='bbox 2000 4440 2104 4478; x_wconf 83' lang='lat' dir='ltr'><strong>non</strong></span> <span class='ocrx_word' id='word_1_312' title='bbox 2129 4442 2232 4494; x_wconf 85' lang='lat' dir='ltr'><strong>pu-</strong></span> 
     </span>
    </p>
   </div>
   <div class='ocr_carea' id='block_1_44' title="bbox 644 4510 1899 4590">
    <p class='ocr_par' dir='ltr' id='par_1_44' title="bbox 644 4510 1899 4590">
     <span class='ocr_line' id='line_1_44' title="bbox 644 4510 1899 4590; baseline 0.004 -26"><span class='ocrx_word' id='word_1_313' title='bbox 644 4510 770 4574; x_wconf 88' lang='lat' dir='ltr'><strong>niri,</strong></span> <span class='ocrx_word' id='word_1_314' title='bbox 795 4511 895 4566; x_wconf 87' lang='lat' dir='ltr'><strong>nisi</strong></span> <span class='ocrx_word' id='word_1_315' title='bbox 919 4513 1306 4581; x_wconf 86' lang='lat' dir='ltr'><strong>perversitatem</strong></span> <span class='ocrx_word' id='word_1_316' title='bbox 1333 4516 1562 4584; x_wconf 75' lang='lat' dir='ltr'><strong>prOprio:</strong></span> <span class='ocrx_word' id='word_1_317' title='bbox 1599 4515 1899 4590; x_wconf 80' lang='lat' dir='ltr'><strong>voluntatis.</strong></span> 
     </span>
    </p>
   </div>
   <div class='ocr_carea' id='block_1_45' title="bbox 712 4603 2232 4678">
    <p class='ocr_par' dir='ltr' id='par_1_45' title="bbox 712 4603 2232 4678">
     <span class='ocr_line' id='line_1_45' title="bbox 712 4603 2232 4678; baseline 0.004 -21"><span class='ocrx_word' id='word_1_318' title='bbox 712 4605 752 4674; x_wconf 87' lang='lat'><strong>1-</strong></span> <span class='ocrx_word' id='word_1_319' title='bbox 781 4603 1188 4673; x_wconf 78' lang='lat' dir='ltr'><strong>Respondemus</strong></span> <span class='ocrx_word' id='word_1_320' title='bbox 1213 4623 1226 4658; x_wconf 90' lang='lat'><strong>:</strong></span> <span class='ocrx_word' id='word_1_321' title='bbox 1255 4604 1440 4659; x_wconf 91' lang='lat' dir='ltr'><strong>Puniri</strong></span> <span class='ocrx_word' id='word_1_322' title='bbox 1476 4604 1530 4658; x_wconf 92' lang='lat' dir='ltr'><strong>in</strong></span> <span class='ocrx_word' id='word_1_323' title='bbox 1561 4605 1643 4660; x_wconf 87' lang='lat' dir='ltr'><strong>eis</strong></span> <span class='ocrx_word' id='word_1_324' title='bbox 1691 4613 1938 4661; x_wconf 90' lang='lat' dir='ltr'><strong>naturam</strong></span> <span class='ocrx_word' id='word_1_325' title='bbox 1968 4608 2232 4678; x_wconf 87' lang='lat' dir='ltr'><strong>deprava-</strong></span> 
     </span>
    </p>
   </div>
   <div class='ocr_carea' id='block_1_46' title="bbox 643 4694 1656 4766">
    <p class='ocr_par' dir='ltr' id='par_1_46' title="bbox 643 4694 1656 4766">
     <span class='ocr_line' id='line_1_46' title="bbox 643 4694 1656 4766; baseline 0.002 -18"><span class='ocrx_word' id='word_1_326' title='bbox 643 4700 752 4750; x_wconf 88' lang='lat' dir='ltr'><strong>tam</strong></span> <span class='ocrx_word' id='word_1_327' title='bbox 782 4703 837 4751; x_wconf 89' lang='lat' dir='ltr'><strong>et</strong></span> <span class='ocrx_word' id='word_1_328' title='bbox 855 4695 1097 4750; x_wconf 88' lang='lat' dir='ltr'><strong>vitiatam</strong></span> <span class='ocrx_word' id='word_1_329' title='bbox 1121 4694 1338 4766; x_wconf 87' lang='lat' dir='ltr'><strong>propria</strong></span> <span class='ocrx_word' id='word_1_330' title='bbox 1362 4695 1656 4752; x_wconf 86' lang='lat' dir='ltr'><strong>voluntate.</strong></span> 
     </span>
    </p>
   </div>
   <div class='ocr_carea' id='block_1_47' title="bbox 1009 4828 1870 4896">
    <p class='ocr_par' dir='ltr' id='par_1_47' title="bbox 1009 4828 1870 4896">
     <span class='ocr_line' id='line_1_47' title="bbox 1009 4828 1870 4896; baseline 0.001 -13"><span class='ocrx_word' id='word_1_331' title='bbox 1009 4845 1128 4883; x_wconf 77' lang='lat' dir='ltr'><strong>per.</strong></span> <span class='ocrx_word' id='word_1_332' title='bbox 1168 4843 1452 4894; x_wconf 62' lang='lat' dir='ltr'><strong>nmen.</strong></span> <span class='ocrx_word' id='word_1_333' title='bbox 1493 4828 1581 4896; x_wconf 88' lang='grc'>16,</span> <span class='ocrx_word' id='word_1_334' title='bbox 1625 4843 1778 4885; x_wconf 75' lang='grc' dir='ltr'><strong>εεοτ.</strong></span> <span class='ocrx_word' id='word_1_335' title='bbox 1815 4830 1870 4884; x_wconf 75' lang='grc'><strong>2.</strong></span> 
     </span>
    </p>
   </div>
   <div class='ocr_carea' id='block_1_48' title="bbox 712 4929 2224 5012">
    <p class='ocr_par' dir='ltr' id='par_1_48' title="bbox 712 4929 2224 5012">
     <span class='ocr_line' id='line_1_48' title="bbox 712 4929 2224 5012; baseline 0.001 -15"><span class='ocrx_word' id='word_1_336' title='bbox 712 4949 756 4997; x_wconf 90' lang='grc' dir='ltr'><strong>Θ</strong></span> <span class='ocrx_word' id='word_1_337' title='bbox 786 4939 974 4997; x_wconf 90' lang='lat' dir='ltr'><strong>Dicis:</strong></span> <span class='ocrx_word' id='word_1_338' title='bbox 1014 4939 1136 4996; x_wconf 88' lang='lat' dir='ltr'><strong>Non</strong></span> <span class='ocrx_word' id='word_1_339' title='bbox 1165 4959 1406 5012; x_wconf 83' lang='lat' dir='ltr'><strong>peccasse</strong></span> <span class='ocrx_word' id='word_1_340' title='bbox 1434 4929 1704 5008; x_wconf 85' lang='lat' dir='ltr'><strong>naturam,</strong></span> <span class='ocrx_word' id='word_1_341' title='bbox 1751 4944 1842 4998; x_wconf 87' lang='lat' dir='ltr'><strong>sed</strong></span> <span class='ocrx_word' id='word_1_342' title='bbox 1885 4942 2224 4998; x_wconf 87' lang='lat' dir='ltr'><strong>voluntatem.</strong></span> 
     </span>
    </p>
   </div>
   <div class='ocr_carea' id='block_1_49' title="bbox 710 5027 2230 5103">
    <p class='ocr_par' dir='ltr' id='par_1_49' title="bbox 710 5027 2230 5103">
     <span class='ocr_line' id='line_1_49' title="bbox 710 5027 2230 5103; baseline 0.004 -21"><span class='ocrx_word' id='word_1_343' title='bbox 710 5029 752 5098; x_wconf 84' lang='lat'><strong>1-</strong></span> <span class='ocrx_word' id='word_1_344' title='bbox 778 5027 1183 5100; x_wconf 87' lang='lat' dir='ltr'><strong>Respondemus</strong></span> <span class='ocrx_word' id='word_1_345' title='bbox 1212 5047 1226 5086; x_wconf 89' lang='lat'><strong>:</strong></span> <span class='ocrx_word' id='word_1_346' title='bbox 1268 5029 1528 5088; x_wconf 87' lang='lat' dir='ltr'><strong>Naturam</strong></span> <span class='ocrx_word' id='word_1_347' title='bbox 1578 5047 1833 5102; x_wconf 84' lang='lat' dir='ltr'><strong>peccasse</strong></span> <span class='ocrx_word' id='word_1_348' title='bbox 1867 5034 2104 5103; x_wconf 86' lang='lat' dir='ltr'><strong>quidem,</strong></span> <span class='ocrx_word' id='word_1_349' title='bbox 2136 5034 2230 5088; x_wconf 90' lang='lat' dir='ltr'><strong>sed</strong></span> 
     </span>
    </p>
   </div>
   <div class='ocr_carea' id='block_1_50' title="bbox 640 5119 2228 5188">
    <p class='ocr_par' dir='ltr' id='par_1_50' title="bbox 640 5119 2228 5188">
     <span class='ocr_line' id='line_1_50' title="bbox 640 5119 2228 5188; baseline 0 -10"><span class='ocrx_word' id='word_1_350' title='bbox 640 5135 749 5178; x_wconf 90' lang='lat' dir='ltr'><strong>non</strong></span> <span class='ocrx_word' id='word_1_351' title='bbox 773 5119 940 5176; x_wconf 82' lang='lat' dir='ltr'><strong>fuisse</strong></span> <span class='ocrx_word' id='word_1_352' title='bbox 960 5122 1152 5176; x_wconf 87' lang='lat' dir='ltr'><strong>vitium</strong></span> <span class='ocrx_word' id='word_1_353' title='bbox 1181 5133 1410 5188; x_wconf 65' lang='lat' dir='ltr'><strong>naturae,</strong></span> <span class='ocrx_word' id='word_1_354' title='bbox 1443 5124 1585 5178; x_wconf 90' lang='lat' dir='ltr'><strong>sicut</strong></span> <span class='ocrx_word' id='word_1_355' title='bbox 1611 5139 1642 5178; x_wconf 89' lang='lat' dir='ltr'><strong>a</strong></span> <span class='ocrx_word' id='word_1_356' title='bbox 1686 5123 1796 5178; x_wconf 89' lang='lat' dir='ltr'><strong>Deo</strong></span> <span class='ocrx_word' id='word_1_357' title='bbox 1847 5125 1988 5181; x_wconf 91' lang='lat' dir='ltr'><strong>bono</strong></span> <span class='ocrx_word' id='word_1_358' title='bbox 2015 5125 2228 5179; x_wconf 89' lang='lat' dir='ltr'><strong>condita</strong></span> 
     </span>
    </p>
   </div>
   <div class='ocr_carea' id='block_1_51' title="bbox 639 5209 2226 5287">
    <p class='ocr_par' dir='ltr' id='par_1_51' title="bbox 639 5209 2226 5287">
     <span class='ocr_line' id='line_1_51' title="bbox 639 5209 2226 5287; baseline 0.002 -17"><span class='ocrx_word' id='word_1_359' title='bbox 639 5223 726 5270; x_wconf 87' lang='lat' dir='ltr'><strong>est</strong></span> <span class='ocrx_word' id='word_1_360' title='bbox 753 5233 766 5269; x_wconf 93' lang='lat'><strong>:</strong></span> <span class='ocrx_word' id='word_1_361' title='bbox 795 5215 890 5270; x_wconf 91' lang='lat' dir='ltr'><strong>sed</strong></span> <span class='ocrx_word' id='word_1_362' title='bbox 916 5215 1057 5270; x_wconf 89' lang='lat' dir='ltr'><strong>sicut</strong></span> <span class='ocrx_word' id='word_1_363' title='bbox 1074 5231 1172 5286; x_wconf 88' lang='lat' dir='ltr'><strong>per</strong></span> <span class='ocrx_word' id='word_1_364' title='bbox 1195 5209 1468 5287; x_wconf 87' lang='lat' dir='ltr'><strong>propriam</strong></span> <span class='ocrx_word' id='word_1_365' title='bbox 1493 5217 1826 5273; x_wconf 76' lang='lat' dir='ltr'><strong>voluntatem</strong></span> <span class='ocrx_word' id='word_1_366' title='bbox 1848 5227 2099 5286; x_wconf 88' lang='lat' dir='ltr'><strong>corrupta</strong></span> <span class='ocrx_word' id='word_1_367' title='bbox 2121 5227 2226 5284; x_wconf 90' lang='lat' dir='ltr'><strong>est,</strong></span> 
     </span>
    </p>
   </div>
   <div class='ocr_carea' id='block_1_52' title="bbox 640 5306 2228 5377">
    <p class='ocr_par' dir='ltr' id='par_1_52' title="bbox 640 5306 2228 5377">
     <span class='ocr_line' id='line_1_52' title="bbox 640 5306 2228 5377; baseline 0.003 -18"><span class='ocrx_word' id='word_1_368' title='bbox 640 5306 819 5376; x_wconf 89' lang='lat' dir='ltr'><strong>ipsum</strong></span> <span class='ocrx_word' id='word_1_369' title='bbox 871 5315 1049 5360; x_wconf 85' lang='lat' dir='ltr'><strong>tamen</strong></span> <span class='ocrx_word' id='word_1_370' title='bbox 1079 5316 1360 5377; x_wconf 88' lang='lat' dir='ltr'><strong>peccatum</strong></span> <span class='ocrx_word' id='word_1_371' title='bbox 1422 5324 1528 5364; x_wconf 90' lang='lat' dir='ltr'><strong>non</strong></span> <span class='ocrx_word' id='word_1_372' title='bbox 1585 5309 1920 5364; x_wconf 83' lang='lat' dir='ltr'><strong>solummodo</strong></span> <span class='ocrx_word' id='word_1_373' title='bbox 1965 5309 2228 5364; x_wconf 83' lang='lat' dir='ltr'><strong>voluntati</strong></span> 
     </span>
    </p>
   </div>
   <div class='ocr_carea' id='block_1_53' title="bbox 639 5395 2224 5471">
    <p class='ocr_par' dir='ltr' id='par_1_53' title="bbox 639 5395 2224 5471">
     <span class='ocr_line' id='line_1_53' title="bbox 639 5395 2224 5471; baseline 0.004 -22"><span class='ocrx_word' id='word_1_374' title='bbox 639 5395 761 5465; x_wconf 66' lang='lat' dir='ltr'><strong>quae</strong></span> <span class='ocrx_word' id='word_1_375' title='bbox 787 5404 980 5452; x_wconf 89' lang='lat' dir='ltr'><strong>natura</strong></span> <span class='ocrx_word' id='word_1_376' title='bbox 1003 5410 1114 5453; x_wconf 85' lang='lat' dir='ltr'><strong>non</strong></span> <span class='ocrx_word' id='word_1_377' title='bbox 1143 5407 1246 5466; x_wconf 88' lang='lat' dir='ltr'><strong>est,</strong></span> <span class='ocrx_word' id='word_1_378' title='bbox 1288 5399 1382 5455; x_wconf 89' lang='lat' dir='ltr'><strong>sed</strong></span> <span class='ocrx_word' id='word_1_379' title='bbox 1427 5399 1546 5470; x_wconf 88' lang='lat' dir='ltr'><strong>ejus</strong></span> <span class='ocrx_word' id='word_1_380' title='bbox 1579 5403 1788 5470; x_wconf 65' lang='lat' dir='ltr'><strong>natura:</strong></span> <span class='ocrx_word' id='word_1_381' title='bbox 1839 5399 2224 5471; x_wconf 87' lang='lat' dir='ltr'><strong>deputandum,</strong></span> 
     </span>
    </p>
   </div>
   <div class='ocr_carea' id='block_1_54' title="bbox 640 5485 2227 5562">
    <p class='ocr_par' dir='ltr' id='par_1_54' title="bbox 640 5485 2227 5562">
     <span class='ocr_line' id='line_1_54' title="bbox 640 5485 2227 5562; baseline 0.005 -22"><span class='ocrx_word' id='word_1_382' title='bbox 640 5485 796 5554; x_wconf 86' lang='lat' dir='ltr'><strong>cujus</strong></span> <span class='ocrx_word' id='word_1_383' title='bbox 822 5487 1072 5544; x_wconf 85' lang='lat' dir='ltr'><strong>voluntas</strong></span> <span class='ocrx_word' id='word_1_384' title='bbox 1102 5499 1225 5557; x_wconf 88' lang='lat' dir='ltr'><strong>est;</strong></span> <span class='ocrx_word' id='word_1_385' title='bbox 1287 5491 1514 5562; x_wconf 83' lang='lat' dir='ltr'><strong>ideoque</strong></span> <span class='ocrx_word' id='word_1_386' title='bbox 1565 5500 1813 5548; x_wconf 86' lang='lat' dir='ltr'><strong>naturam</strong></span> <span class='ocrx_word' id='word_1_387' title='bbox 1869 5493 2227 5562; x_wconf 80' lang='lat' dir='ltr'><strong>peccatricem</strong></span> 
     </span>
    </p>
   </div>
   <div class='ocr_carea' id='block_1_55' title="bbox 636 5572 2230 5661">
    <p class='ocr_par' dir='ltr' id='par_1_55' title="bbox 636 5572 2230 5661">
     <span class='ocr_line' id='line_1_55' title="bbox 636 5572 2230 5661; baseline 0.006 -28"><span class='ocrx_word' id='word_1_388' title='bbox 636 5572 760 5648; x_wconf 63' lang='lat' dir='ltr'><strong>j&#39;ure</strong></span> <span class='ocrx_word' id='word_1_389' title='bbox 789 5579 1054 5651; x_wconf 84' lang='lat' dir='ltr'><strong>punitam.</strong></span> <span class='ocrx_word' id='word_1_390' title='bbox 1086 5581 1287 5661; x_wconf 84' lang='lat' dir='ltr'><strong>Natura</strong></span> <span class='ocrx_word' id='word_1_391' title='bbox 1316 5585 1546 5656; x_wconf 89' lang='lat' dir='ltr'><strong>quippe,</strong></span> <span class='ocrx_word' id='word_1_392' title='bbox 1579 5586 1632 5640; x_wconf 88' lang='lat' dir='ltr'><strong>id</strong></span> <span class='ocrx_word' id='word_1_393' title='bbox 1661 5595 1745 5641; x_wconf 90' lang='lat' dir='ltr'><strong>est</strong></span> <span class='ocrx_word' id='word_1_394' title='bbox 1792 5581 2230 5651; x_wconf 52' lang='lat' dir='ltr'><strong>anima,&#39;suasio-</strong></span> 
     </span>
    </p>
   </div>
   <div class='ocr_carea' id='block_1_56' title="bbox 641 5675 2227 5749">
    <p class='ocr_par' dir='ltr' id='par_1_56' title="bbox 641 5675 2227 5749">
     <span class='ocr_line' id='line_1_56' title="bbox 641 5675 2227 5749; baseline 0.006 -27"><span class='ocrx_word' id='word_1_395' title='bbox 641 5681 774 5724; x_wconf 86' lang='lat' dir='ltr'><strong>nem</strong></span> <span class='ocrx_word' id='word_1_396' title='bbox 797 5675 1063 5744; x_wconf 87' lang='lat' dir='ltr'><strong>serpentis</strong></span> <span class='ocrx_word' id='word_1_397' title='bbox 1117 5675 1359 5739; x_wconf 86' lang='lat' dir='ltr'><strong>admisit.</strong></span> <span class='ocrx_word' id='word_1_398' title='bbox 1391 5685 1446 5732; x_wconf 89' lang='lat' dir='ltr'><strong>et</strong></span> <span class='ocrx_word' id='word_1_399' title='bbox 1480 5679 1670 5732; x_wconf 84' lang='lat' dir='ltr'><strong>eadem</strong></span> <span class='ocrx_word' id='word_1_400' title='bbox 1706 5677 1805 5749; x_wconf 78' lang='lat' dir='ltr'><strong>per</strong></span> <span class='ocrx_word' id='word_1_401' title='bbox 1847 5687 2120 5743; x_wconf 71' lang='lat' dir='ltr'><strong>naturam,</strong></span> <span class='ocrx_word' id='word_1_402' title='bbox 2175 5677 2227 5732; x_wconf 92' lang='lat' dir='ltr'><strong>id</strong></span> 
     </span>
    </p>
   </div>
   <div class='ocr_carea' id='block_1_57' title="bbox 645 5765 2224 5840">
    <p class='ocr_par' dir='ltr' id='par_1_57' title="bbox 645 5765 2224 5840">
     <span class='ocr_line' id='line_1_57' title="bbox 645 5765 2224 5840; baseline 0.005 -24"><span class='ocrx_word' id='word_1_403' title='bbox 645 5771 730 5817; x_wconf 90' lang='lat' dir='ltr'><strong>est</strong></span> <span class='ocrx_word' id='word_1_404' title='bbox 755 5777 853 5832; x_wconf 83' lang='lat' dir='ltr'><strong>per</strong></span> <span class='ocrx_word' id='word_1_405' title='bbox 872 5779 1069 5835; x_wconf 80' lang='lat' dir='ltr'><strong>corpus</strong></span> <span class='ocrx_word' id='word_1_406' title='bbox 1098 5782 1275 5834; x_wconf 81' lang='lat' dir='ltr'><strong>suum,</strong></span> <span class='ocrx_word' id='word_1_407' title='bbox 1305 5768 1435 5839; x_wconf 67' lang='lat' dir='ltr'><strong>ligni</strong></span> <span class='ocrx_word' id='word_1_408' title='bbox 1459 5768 1670 5824; x_wconf 87' lang='lat' dir='ltr'><strong>inhibiti</strong></span> <span class='ocrx_word' id='word_1_409' title='bbox 1705 5765 1920 5840; x_wconf 86' lang='lat' dir='ltr'><strong>pomum</strong></span> <span class='ocrx_word' id='word_1_410' title='bbox 1966 5769 2224 5826; x_wconf 88' lang='lat' dir='ltr'><strong>comedit.</strong></span> 
     </span>
    </p>
   </div>
   <div class='ocr_carea' id='block_1_58' title="bbox 1729 325 3773 392">
    <p class='ocr_par' dir='ltr' id='par_1_58' title="bbox 1729 325 3773 392">
     <span class='ocr_line' id='line_1_58' title="bbox 1729 325 3773 392; baseline -0.001 -2"><span class='ocrx_word' id='word_1_411' title='bbox 1729 335 1787 390; x_wconf 92' lang='lat' dir='ltr'><strong>S.</strong></span> <span class='ocrx_word' id='word_1_412' title='bbox 1830 329 2220 392; x_wconf 65' lang='lat' dir='ltr'><strong>PRUDENTII&#39;</strong></span> <span class='ocrx_word' id='word_1_413' title='bbox 2239 329 2618 388; x_wconf 79' lang='lat' dir='ltr'><strong>TRECENSIS</strong></span> <span class='ocrx_word' id='word_1_414' title='bbox 2655 325 2961 386; x_wconf 81' lang='lat' dir='ltr'><strong>EPISCOPI</strong></span> <span class='ocrx_word' id='word_1_415' title='bbox 3693 336 3773 390; x_wconf 65' lang='lat' dir='ltr'><strong>tam</strong></span> 
     </span>
    </p>
   </div>
   <div class='ocr_carea' id='block_1_59' title="bbox 2709 440 3533 507">
    <p class='ocr_par' dir='ltr' id='par_1_59' title="bbox 2709 440 3533 507">
     <span class='ocr_line' id='line_1_59' title="bbox 2709 440 3533 507; baseline 0.002 -11"><span class='ocrx_word' id='word_1_416' title='bbox 2709 458 2828 496; x_wconf 73' lang='lat' dir='ltr'><strong>per.</strong></span> <span class='ocrx_word' id='word_1_417' title='bbox 2871 456 3038 506; x_wconf 66' lang='lat' dir='ltr'><strong>xcvu,</strong></span> <span class='ocrx_word' id='word_1_418' title='bbox 3070 455 3185 495; x_wconf 63' lang='lat' dir='ltr'><strong>car.</strong></span> <span class='ocrx_word' id='word_1_419' title='bbox 3221 440 3301 507; x_wconf 84' lang='grc'><strong>16,</strong></span> <span class='ocrx_word' id='word_1_420' title='bbox 3330 457 3461 497; x_wconf 75' lang='grc' dir='ltr'><strong>εεετ.</strong></span> <span class='ocrx_word' id='word_1_421' title='bbox 3488 444 3533 498; x_wconf 76' lang='lat'><strong>3.</strong></span> 
     </span>
    </p>
   </div>
   <div class='ocr_carea' id='block_1_60' title="bbox 2425 552 3778 624">
    <p class='ocr_par' dir='ltr' id='par_1_60' title="bbox 2425 552 3778 624">
     <span class='ocr_line' id='line_1_60' title="bbox 2425 552 3778 624; baseline -0.001 -12"><span class='ocrx_word' id='word_1_422' title='bbox 2425 566 2467 612; x_wconf 92' lang='grc' dir='ltr'>Θ</span> <span class='ocrx_word' id='word_1_423' title='bbox 2496 555 2640 610; x_wconf 90' lang='lat' dir='ltr'><strong>Dicis</strong></span> <span class='ocrx_word' id='word_1_424' title='bbox 2670 573 2682 608; x_wconf 90' lang='lat'><strong>:</strong></span> <span class='ocrx_word' id='word_1_425' title='bbox 2717 555 2785 622; x_wconf 84' lang='lat' dir='ltr'><strong>In</strong></span> <span class='ocrx_word' id='word_1_426' title='bbox 2825 554 2993 624; x_wconf 87' lang='lat' dir='ltr'><strong>primo</strong></span> <span class='ocrx_word' id='word_1_427' title='bbox 3043 552 3246 606; x_wconf 81' lang='lat' dir='ltr'><strong>homine</strong></span> <span class='ocrx_word' id='word_1_428' title='bbox 3291 569 3386 605; x_wconf 87' lang='lat' dir='ltr'><strong>non</strong></span> <span class='ocrx_word' id='word_1_429' title='bbox 3425 571 3618 622; x_wconf 77' lang='lat' dir='ltr'><strong>peccasse</strong></span> <span class='ocrx_word' id='word_1_430' title='bbox 3652 573 3778 612; x_wconf 65' lang='lat' dir='ltr'><strong>natura</strong></span> 
     </span>
    </p>
   </div>
   <div class='ocr_carea' id='block_1_61' title="bbox 2349 643 3778 720">
    <p class='ocr_par' dir='ltr' id='par_1_61' title="bbox 2349 643 3778 720">
     <span class='ocr_line' id='line_1_61' title="bbox 2349 643 3778 720; baseline -0.001 -18"><span class='ocrx_word' id='word_1_431' title='bbox 2349 647 2764 720; x_wconf 88' lang='lat' dir='ltr'><strong>generalitatem,</strong></span> <span class='ocrx_word' id='word_1_432' title='bbox 2795 643 2885 700; x_wconf 84' lang='lat' dir='ltr'><strong>sed</strong></span> <span class='ocrx_word' id='word_1_433' title='bbox 2907 643 3310 714; x_wconf 82' lang='lat' dir='ltr'><strong>uniuscujusque</strong></span> <span class='ocrx_word' id='word_1_434' title='bbox 3329 643 3607 698; x_wconf 82' lang='lat' dir='ltr'><strong>individuam</strong></span> <span class='ocrx_word' id='word_1_435' title='bbox 3629 646 3778 701; x_wconf 68' lang='lat' dir='ltr'><strong>tollat:-</strong></span> 
     </span>
    </p>
   </div>
   <div class='ocr_carea' id='block_1_62' title="bbox 2329 731 2470 797">
    <p class='ocr_par' dir='ltr' id='par_1_62' title="bbox 2329 731 2470 797">
     <span class='ocr_line' id='line_1_62' title="bbox 2329 731 2470 797; baseline -0.014 0"><span class='ocrx_word' id='word_1_436' title='bbox 2329 731 2470 797; x_wconf 41' lang='lat' dir='ltr'><strong>-tem.</strong></span> 
     </span>
    </p>
   </div>
   <div class='ocr_carea' id='block_1_63' title="bbox 2418 829 3780 906">
    <p class='ocr_par' dir='ltr' id='par_1_63' title="bbox 2418 829 3780 906">
     <span class='ocr_line' id='line_1_63' title="bbox 2418 829 3780 906; baseline -0.001 -18"><span class='ocrx_word' id='word_1_437' title='bbox 2418 834 2458 906; x_wconf 83' lang='lat'><strong>1-</strong></span> <span class='ocrx_word' id='word_1_438' title='bbox 2489 833 2895 904; x_wconf 88' lang='lat' dir='ltr'><strong>Respondemus</strong></span> <span class='ocrx_word' id='word_1_439' title='bbox 2925 830 3224 887; x_wconf 85' lang='lat' dir='ltr'><strong>:Peccasse</strong></span> <span class='ocrx_word' id='word_1_440' title='bbox 3255 829 3308 883; x_wconf 90' lang='lat' dir='ltr'><strong>in</strong></span> <span class='ocrx_word' id='word_1_441' title='bbox 3333 845 3394 884; x_wconf 89' lang='lat' dir='ltr'><strong>eo</strong></span> <span class='ocrx_word' id='word_1_442' title='bbox 3431 838 3602 884; x_wconf 60' lang='lat' dir='ltr'><strong>natura:</strong></span> <span class='ocrx_word' id='word_1_443' title='bbox 3642 845 3780 899; x_wconf 81' lang='lat' dir='ltr'><strong>genen-</strong></span> 
     </span>
    </p>
   </div>
   <div class='ocr_carea' id='block_1_64' title="bbox 2348 919 3780 994">
    <p class='ocr_par' dir='ltr' id='par_1_64' title="bbox 2348 919 3780 994">
     <span class='ocr_line' id='line_1_64' title="bbox 2348 919 3780 994; baseline -0.003 -15"><span class='ocrx_word' id='word_1_444' title='bbox 2348 925 2578 989; x_wconf 84' lang='lat' dir='ltr'><strong>litatem,</strong></span> <span class='ocrx_word' id='word_1_445' title='bbox 2606 939 2768 994; x_wconf 86' lang='lat' dir='ltr'><strong>quam</strong></span> <span class='ocrx_word' id='word_1_446' title='bbox 2799 936 3034 976; x_wconf 87' lang='lat' dir='ltr'><strong>massam</strong></span> <span class='ocrx_word' id='word_1_447' title='bbox 3075 919 3420 975; x_wconf 87' lang='lat' dir='ltr'><strong>damnationis</strong></span> <span class='ocrx_word' id='word_1_448' title='bbox 3447 919 3678 988; x_wconf 75' lang='lat' dir='ltr'><strong>Scriptura:</strong></span> <span class='ocrx_word' id='word_1_449' title='bbox 3697 925 3780 974; x_wconf 76' lang='lat' dir='ltr'><strong>voci-</strong></span> 
     </span>
    </p>
   </div>
   <div class='ocr_carea' id='block_1_65' title="bbox 2349 1009 3779 1094">
    <p class='ocr_par' dir='ltr' id='par_1_65' title="bbox 2349 1009 3779 1094">
     <span class='ocr_line' id='line_1_65' title="bbox 2349 1009 3779 1094; baseline -0.003 -23"><span class='ocrx_word' id='word_1_450' title='bbox 2349 1025 2487 1081; x_wconf 86' lang='lat' dir='ltr'><strong>tant,</strong></span> <span class='ocrx_word' id='word_1_451' title='bbox 2515 1015 2741 1086; x_wconf 90' lang='lat' dir='ltr'><strong>ideoque</strong></span> <span class='ocrx_word' id='word_1_452' title='bbox 2773 1021 2939 1068; x_wconf 88' lang='lat' dir='ltr'><strong>totam</strong></span> <span class='ocrx_word' id='word_1_453' title='bbox 2987 1027 3015 1066; x_wconf 88' lang='lat' dir='ltr'><strong>a</strong></span> <span class='ocrx_word' id='word_1_454' title='bbox 3041 1011 3188 1082; x_wconf 87' lang='lat' dir='ltr'><strong>justo</strong></span> <span class='ocrx_word' id='word_1_455' title='bbox 3216 1009 3690 1094; x_wconf 47' lang='lat' dir='ltr'><strong>Iudice‘damnatam,</strong></span> <span class='ocrx_word' id='word_1_456' title='bbox 3719 1025 3779 1066; x_wconf 80' lang='lat' dir='ltr'><strong>non</strong></span> 
     </span>
    </p>
   </div>
   <div class='ocr_carea' id='block_1_66' title="bbox 2331 1097 3780 1172">
    <p class='ocr_par' dir='ltr' id='par_1_66' title="bbox 2331 1097 3780 1172">
     <span class='ocr_line' id='line_1_66' title="bbox 2331 1097 3780 1172; baseline -0.004 -10"><span class='ocrx_word' id='word_1_457' title='bbox 2331 1107 2515 1162; x_wconf 76' lang='lat' dir='ltr'><strong>&#39;solam</strong></span> <span class='ocrx_word' id='word_1_458' title='bbox 2543 1097 2896 1170; x_wconf 74' lang='lat' dir='ltr'><strong>voluntatem,</strong></span> <span class='ocrx_word' id='word_1_459' title='bbox 2945 1117 3048 1157; x_wconf 90' lang='lat' dir='ltr'><strong>nec</strong></span> <span class='ocrx_word' id='word_1_460' title='bbox 3068 1101 3306 1171; x_wconf 84' lang='lat' dir='ltr'><strong>reparari</strong></span> <span class='ocrx_word' id='word_1_461' title='bbox 3351 1115 3493 1172; x_wconf 89' lang='lat' dir='ltr'><strong>posse</strong></span> <span class='ocrx_word' id='word_1_462' title='bbox 3531 1102 3704 1172; x_wconf 85' lang='lat' dir='ltr'><strong>penitus,</strong></span> <span class='ocrx_word' id='word_1_463' title='bbox 3723 1102 3780 1156; x_wconf 82' lang='lat' dir='ltr'><strong>nisi</strong></span> 
     </span>
    </p>
   </div>
   <div class='ocr_carea' id='block_1_67' title="bbox 2347 1195 3198 1270">
    <p class='ocr_par' dir='ltr' id='par_1_67' title="bbox 2347 1195 3198 1270">
     <span class='ocr_line' id='line_1_67' title="bbox 2347 1195 3198 1270; baseline -0.008 -15"><span class='ocrx_word' id='word_1_464' title='bbox 2347 1215 2446 1270; x_wconf 86' lang='lat' dir='ltr'><strong>per</strong></span> <span class='ocrx_word' id='word_1_465' title='bbox 2479 1197 2792 1255; x_wconf 85' lang='lat' dir='ltr'><strong>Mediatoris</strong></span> <span class='ocrx_word' id='word_1_466' title='bbox 2818 1195 3198 1252; x_wconf 58' lang='lat' dir='ltr'><strong>humilitatem.</strong></span> 
     </span>
    </p>
   </div>
   <div class='ocr_carea' id='block_1_68' title="bbox 2672 1321 3551 1402">
    <p class='ocr_par' dir='ltr' id='par_1_68' title="bbox 2672 1321 3551 1402">
     <span class='ocr_line' id='line_1_68' title="bbox 2672 1321 3551 1402; baseline -0.008 -19"><span class='ocrx_word' id='word_1_467' title='bbox 2672 1398 2674 1402; x_wconf 21' lang='grc' dir='ltr'><strong><em>τ</em></strong></span> <span class='ocrx_word' id='word_1_468' title='bbox 2701 1343 2824 1383; x_wconf 72' lang='lat' dir='ltr'><strong>per.</strong></span> <span class='ocrx_word' id='word_1_469' title='bbox 2849 1342 3035 1392; x_wconf 67' lang='lat' dir='ltr'><strong>xnvm,</strong></span> <span class='ocrx_word' id='word_1_470' title='bbox 3062 1341 3182 1380; x_wconf 58' lang='lat' dir='ltr'><strong>car.</strong></span> <span class='ocrx_word' id='word_1_471' title='bbox 3215 1323 3282 1380; x_wconf 87' lang='grc'><strong>16</strong></span> <span class='ocrx_word' id='word_1_472' title='bbox 3299 1365 3314 1390; x_wconf 92' lang='grc'><strong>,</strong></span> <span class='ocrx_word' id='word_1_473' title='bbox 3343 1338 3481 1378; x_wconf 73' lang='lat' dir='ltr'><strong>sac&#39;r.</strong></span> <span class='ocrx_word' id='word_1_474' title='bbox 3504 1321 3551 1376; x_wconf 79' lang='lat'><strong>5.</strong></span> 
     </span>
    </p>
   </div>
   <div class='ocr_carea' id='block_1_69' title="bbox 2416 1437 3781 1509">
    <p class='ocr_par' dir='ltr' id='par_1_69' title="bbox 2416 1437 3781 1509">
     <span class='ocr_line' id='line_1_69' title="bbox 2416 1437 3781 1509; baseline -0.008 -9"><span class='ocrx_word' id='word_1_475' title='bbox 2416 1453 2458 1500; x_wconf 91' lang='grc' dir='ltr'><strong>Θ</strong></span> <span class='ocrx_word' id='word_1_476' title='bbox 2481 1442 2624 1499; x_wconf 90' lang='lat' dir='ltr'><strong>Dicis</strong></span> <span class='ocrx_word' id='word_1_477' title='bbox 2649 1460 2662 1496; x_wconf 93' lang='lat'><strong>:</strong></span> <span class='ocrx_word' id='word_1_478' title='bbox 2691 1440 2752 1496; x_wconf 92' lang='lat' dir='ltr'><strong>Si</strong></span> <span class='ocrx_word' id='word_1_479' title='bbox 2775 1458 2837 1496; x_wconf 90' lang='lat' dir='ltr'><strong>ea</strong></span> <span class='ocrx_word' id='word_1_480' title='bbox 2861 1450 3052 1495; x_wconf 90' lang='lat' dir='ltr'><strong>natura</strong></span> <span class='ocrx_word' id='word_1_481' title='bbox 3081 1438 3416 1509; x_wconf 78' lang='lat' dir='ltr'><strong>delinqueret,</strong></span> <span class='ocrx_word' id='word_1_482' title='bbox 3437 1452 3541 1491; x_wconf 86' lang='lat' dir='ltr'><strong>cum</strong></span> <span class='ocrx_word' id='word_1_483' title='bbox 3560 1452 3640 1489; x_wconf 79' lang='lat' dir='ltr'><strong>una</strong></span> <span class='ocrx_word' id='word_1_484' title='bbox 3656 1437 3781 1501; x_wconf 77' lang='lat' dir='ltr'><strong>sit,tota</strong></span> 
     </span>
    </p>
   </div>
   <div class='ocr_carea' id='block_1_70' title="bbox 2345 1533 2810 1604">
    <p class='ocr_par' dir='ltr' id='par_1_70' title="bbox 2345 1533 2810 1604">
     <span class='ocr_line' id='line_1_70' title="bbox 2345 1533 2810 1604; baseline -0.004 -18"><span class='ocrx_word' id='word_1_485' title='bbox 2345 1533 2579 1603; x_wconf 83' lang='lat' dir='ltr'><strong>profecta</strong></span> <span class='ocrx_word' id='word_1_486' title='bbox 2597 1533 2810 1604; x_wconf 88' lang='lat' dir='ltr'><strong>periret.</strong></span> 
     </span>
    </p>
   </div>
   <div class='ocr_carea' id='block_1_71' title="bbox 2336 1615 3783 1694">
    <p class='ocr_par' dir='ltr' id='par_1_71' title="bbox 2336 1615 3783 1694">
     <span class='ocr_line' id='line_1_71' title="bbox 2336 1615 3783 1694; baseline -0.008 -14"><span class='ocrx_word' id='word_1_487' title='bbox 2336 1675 2340 1680; x_wconf 83' lang='lat'><strong>.</strong></span> <span class='ocrx_word' id='word_1_488' title='bbox 2414 1626 2454 1694; x_wconf 82' lang='lat'><strong>1-</strong></span> <span class='ocrx_word' id='word_1_489' title='bbox 2477 1623 2916 1693; x_wconf 88' lang='lat' dir='ltr'><strong>Respondemus:</strong></span> <span class='ocrx_word' id='word_1_490' title='bbox 2935 1620 3126 1677; x_wconf 88' lang='lat' dir='ltr'><strong>Totam</strong></span> <span class='ocrx_word' id='word_1_491' title='bbox 3149 1627 3395 1674; x_wconf 87' lang='lat' dir='ltr'><strong>naturam</strong></span> <span class='ocrx_word' id='word_1_492' title='bbox 3420 1615 3783 1686; x_wconf 67' lang='lat' dir='ltr'><strong>deliquisse,proia</strong></span> 
     </span>
    </p>
   </div>
   <div class='ocr_carea' id='block_1_72' title="bbox 2345 1705 3782 1786">
    <p class='ocr_par' dir='ltr' id='par_1_72' title="bbox 2345 1705 3782 1786">
     <span class='ocr_line' id='line_1_72' title="bbox 2345 1705 3782 1786; baseline -0.01 -14"><span class='ocrx_word' id='word_1_493' title='bbox 2345 1717 2518 1786; x_wconf 90' lang='lat' dir='ltr'><strong>deque</strong></span> <span class='ocrx_word' id='word_1_494' title='bbox 2543 1723 2714 1771; x_wconf 87' lang='lat' dir='ltr'><strong>totam</strong></span> <span class='ocrx_word' id='word_1_495' title='bbox 2763 1711 3161 1784; x_wconf 89' lang='lat' dir='ltr'><strong>quodammodo</strong></span> <span class='ocrx_word' id='word_1_496' title='bbox 3215 1710 3434 1782; x_wconf 90' lang='lat' dir='ltr'><strong>perisse.</strong></span> <span class='ocrx_word' id='word_1_497' title='bbox 3480 1707 3546 1762; x_wconf 83' lang='lat' dir='ltr'><strong>Ac</strong></span> <span class='ocrx_word' id='word_1_498' title='bbox 3571 1723 3646 1777; x_wconf 80' lang='lat' dir='ltr'><strong>per</strong></span> <span class='ocrx_word' id='word_1_499' title='bbox 3669 1705 3782 1760; x_wconf 82' lang='lat' dir='ltr'><strong>hocli-</strong></span> 
     </span>
    </p>
   </div>
   <div class='ocr_carea' id='block_1_73' title="bbox 2273 1797 3782 1877">
    <p class='ocr_par' dir='ltr' id='par_1_73' title="bbox 2273 1797 3782 1877">
     <span class='ocr_line' id='line_1_73' title="bbox 2273 1797 3782 1877; baseline -0.013 -8"><span class='ocrx_word' id='word_1_500' title='bbox 2273 1808 2318 1869; x_wconf 90' lang='lat' dir='ltr'><strong>B</strong></span> <span class='ocrx_word' id='word_1_501' title='bbox 2346 1809 2598 1864; x_wconf 85' lang='lat' dir='ltr'><strong>heratore</strong></span> <span class='ocrx_word' id='word_1_502' title='bbox 2629 1821 2749 1863; x_wconf 88' lang='lat' dir='ltr'><strong>eam</strong></span> <span class='ocrx_word' id='word_1_503' title='bbox 2767 1805 3028 1877; x_wconf 80' lang='lat' dir='ltr'><strong>indigere.</strong></span> <span class='ocrx_word' id='word_1_504' title='bbox 3051 1801 3167 1858; x_wconf 85' lang='lat' dir='ltr'><strong>Non</strong></span> <span class='ocrx_word' id='word_1_505' title='bbox 3199 1803 3346 1858; x_wconf 90' lang='lat' dir='ltr'><strong>enim</strong></span> <span class='ocrx_word' id='word_1_506' title='bbox 3380 1801 3429 1856; x_wconf 90' lang='lat' dir='ltr'><strong>in</strong></span> <span class='ocrx_word' id='word_1_507' title='bbox 3457 1798 3648 1871; x_wconf 82' lang='lat' dir='ltr'><strong>parvulis</strong></span> <span class='ocrx_word' id='word_1_508' title='bbox 3675 1797 3782 1852; x_wconf 72' lang='lat' dir='ltr'><strong>volun-</strong></span> 
     </span>
    </p>
   </div>
   <div class='ocr_carea' id='block_1_74' title="bbox 2347 1891 3784 1968">
    <p class='ocr_par' dir='ltr' id='par_1_74' title="bbox 2347 1891 3784 1968">
     <span class='ocr_line' id='line_1_74' title="bbox 2347 1891 3784 1968; baseline -0.009 -14"><span class='ocrx_word' id='word_1_509' title='bbox 2347 1907 2432 1954; x_wconf 88' lang='lat' dir='ltr'><strong>tas</strong></span> <span class='ocrx_word' id='word_1_510' title='bbox 2457 1897 2691 1968; x_wconf 90' lang='lat' dir='ltr'><strong>peccati,</strong></span> <span class='ocrx_word' id='word_1_511' title='bbox 2717 1912 2836 1967; x_wconf 70' lang='lat' dir='ltr'><strong>qua:</strong></span> <span class='ocrx_word' id='word_1_512' title='bbox 2865 1893 3008 1950; x_wconf 90' lang='lat' dir='ltr'><strong>nulla</strong></span> <span class='ocrx_word' id='word_1_513' title='bbox 3038 1903 3144 1960; x_wconf 91' lang='lat' dir='ltr'><strong>est,</strong></span> <span class='ocrx_word' id='word_1_514' title='bbox 3172 1893 3269 1949; x_wconf 89' lang='lat' dir='ltr'><strong>sed</strong></span> <span class='ocrx_word' id='word_1_515' title='bbox 3305 1902 3488 1947; x_wconf 90' lang='lat' dir='ltr'><strong>natura</strong></span> <span class='ocrx_word' id='word_1_516' title='bbox 3515 1893 3711 1946; x_wconf 69' lang='lat' dir='ltr'><strong>damnatae</strong></span> <span class='ocrx_word' id='word_1_517' title='bbox 3727 1891 3784 1941; x_wconf 76' lang='lat' dir='ltr'><strong>ori-</strong></span> 
     </span>
    </p>
   </div>
   <div class='ocr_carea' id='block_1_75' title="bbox 2344 1989 2752 2062">
    <p class='ocr_par' dir='ltr' id='par_1_75' title="bbox 2344 1989 2752 2062">
     <span class='ocr_line' id='line_1_75' title="bbox 2344 1989 2752 2062; baseline 0 -18"><span class='ocrx_word' id='word_1_518' title='bbox 2344 1990 2484 2061; x_wconf 79' lang='lat' dir='ltr'><strong>ginis</strong></span> <span class='ocrx_word' id='word_1_519' title='bbox 2512 1989 2752 2062; x_wconf 91' lang='lat' dir='ltr'><strong>punitur.</strong></span> 
     </span>
    </p>
   </div>
   <div class='ocr_carea' id='block_1_76' title="bbox 2724 2115 3538 2185">
    <p class='ocr_par' dir='ltr' id='par_1_76' title="bbox 2724 2115 3538 2185">
     <span class='ocr_line' id='line_1_76' title="bbox 2724 2115 3538 2185; baseline -0.011 -9"><span class='ocrx_word' id='word_1_520' title='bbox 2724 2134 2846 2176; x_wconf 73' lang='lat' dir='ltr'><strong>per.</strong></span> <span class='ocrx_word' id='word_1_521' title='bbox 2870 2133 3018 2185; x_wconf 69' lang='grc' dir='ltr'>χιιι,</span> <span class='ocrx_word' id='word_1_522' title='bbox 3051 2133 3168 2173; x_wconf 66' lang='lat' dir='ltr'><strong>car.</strong></span> <span class='ocrx_word' id='word_1_523' title='bbox 3195 2116 3287 2183; x_wconf 87' lang='grc'><strong>16,</strong></span> <span class='ocrx_word' id='word_1_524' title='bbox 3317 2131 3464 2172; x_wconf 79' lang='lat' dir='ltr'><strong>sscr.</strong></span> <span class='ocrx_word' id='word_1_525' title='bbox 3491 2115 3538 2169; x_wconf 82' lang='grc'><strong>5.</strong></span> 
     </span>
    </p>
   </div>
   <div class='ocr_carea' id='block_1_77' title="bbox 2413 2227 3783 2298">
    <p class='ocr_par' dir='ltr' id='par_1_77' title="bbox 2413 2227 3783 2298">
     <span class='ocr_line' id='line_1_77' title="bbox 2413 2227 3783 2298; baseline -0.012 -7"><span class='ocrx_word' id='word_1_526' title='bbox 2413 2234 2627 2291; x_wconf 81' lang='lat' dir='ltr'><strong>8-Dicis</strong></span> <span class='ocrx_word' id='word_1_527' title='bbox 2677 2251 2691 2288; x_wconf 88' lang='lat'><strong>:</strong></span> <span class='ocrx_word' id='word_1_528' title='bbox 2736 2232 2970 2287; x_wconf 88' lang='lat' dir='ltr'><strong>Proinde</strong></span> <span class='ocrx_word' id='word_1_529' title='bbox 2993 2233 3049 2287; x_wconf 87' lang='lat' dir='ltr'><strong>in</strong></span> <span class='ocrx_word' id='word_1_530' title='bbox 3100 2231 3248 2287; x_wconf 86' lang='lat' dir='ltr'><strong>nullo</strong></span> <span class='ocrx_word' id='word_1_531' title='bbox 3280 2239 3512 2286; x_wconf 86' lang='lat' dir='ltr'><strong>naturam</strong></span> <span class='ocrx_word' id='word_1_532' title='bbox 3542 2227 3783 2298; x_wconf 81' lang='lat' dir='ltr'><strong>puniri,</strong></span> 
     </span>
    </p>
   </div>
   <div class='ocr_carea' id='block_1_78' title="bbox 2341 2325 3783 2399">
    <p class='ocr_par' dir='ltr' id='par_1_78' title="bbox 2341 2325 3783 2399">
     <span class='ocr_line' id='line_1_78' title="bbox 2341 2325 3783 2399; baseline -0.01 -14"><span class='ocrx_word' id='word_1_533' title='bbox 2341 2347 2404 2385; x_wconf 79' lang='lat' dir='ltr'><strong>ea:</strong></span> <span class='ocrx_word' id='word_1_534' title='bbox 2430 2329 2533 2384; x_wconf 86' lang='lat' dir='ltr'><strong>Deo</strong></span> <span class='ocrx_word' id='word_1_535' title='bbox 2563 2331 2651 2394; x_wconf 88' lang='lat' dir='ltr'><strong>sit,</strong></span> <span class='ocrx_word' id='word_1_536' title='bbox 2680 2337 2728 2382; x_wconf 92' lang='lat' dir='ltr'><strong>et</strong></span> <span class='ocrx_word' id='word_1_537' title='bbox 2756 2345 2860 2382; x_wconf 88' lang='lat' dir='ltr'><strong>non</strong></span> <span class='ocrx_word' id='word_1_538' title='bbox 2889 2337 3060 2399; x_wconf 88' lang='lat' dir='ltr'><strong>peccet</strong></span> <span class='ocrx_word' id='word_1_539' title='bbox 3087 2341 3106 2379; x_wconf 92' lang='lat'><strong>:</strong></span> <span class='ocrx_word' id='word_1_540' title='bbox 3130 2326 3219 2381; x_wconf 90' lang='lat' dir='ltr'><strong>sed</strong></span> <span class='ocrx_word' id='word_1_541' title='bbox 3251 2325 3510 2380; x_wconf 84' lang='lat' dir='ltr'><strong>libidinem</strong></span> <span class='ocrx_word' id='word_1_542' title='bbox 3545 2335 3783 2391; x_wconf 58' lang='lat' dir='ltr'><strong>pervertet:L</strong></span> 
     </span>
    </p>
   </div>
   <div class='ocr_carea' id='block_1_79' title="bbox 2347 2411 3782 2490">
    <p class='ocr_par' dir='ltr' id='par_1_79' title="bbox 2347 2411 3782 2490">
     <span class='ocr_line' id='line_1_79' title="bbox 2347 2411 3782 2490; baseline -0.009 -13"><span class='ocrx_word' id='word_1_543' title='bbox 2347 2422 2554 2478; x_wconf 85' lang='lat' dir='ltr'><strong>luntatis</strong></span> <span class='ocrx_word' id='word_1_544' title='bbox 2575 2422 2826 2488; x_wconf 86' lang='lat' dir='ltr'><strong>cruciari,</strong></span> <span class='ocrx_word' id='word_1_545' title='bbox 2851 2421 2976 2473; x_wconf 87' lang='lat' dir='ltr'><strong>dum</strong></span> <span class='ocrx_word' id='word_1_546' title='bbox 2998 2436 3061 2474; x_wconf 90' lang='lat' dir='ltr'><strong>ea</strong></span> <span class='ocrx_word' id='word_1_547' title='bbox 3093 2411 3212 2490; x_wconf 69' lang='lat' dir='ltr'><strong>qua:</strong></span> <span class='ocrx_word' id='word_1_548' title='bbox 3267 2417 3403 2472; x_wconf 88' lang='lat' dir='ltr'><strong>male</strong></span> <span class='ocrx_word' id='word_1_549' title='bbox 3437 2425 3520 2470; x_wconf 87' lang='lat' dir='ltr'><strong>aut</strong></span> <span class='ocrx_word' id='word_1_550' title='bbox 3549 2415 3704 2483; x_wconf 81' lang='lat' dir='ltr'><strong>indigne</strong></span> <span class='ocrx_word' id='word_1_551' title='bbox 3735 2429 3782 2480; x_wconf 53' lang='lat' dir='ltr'><strong>at»</strong></span> 
     </span>
    </p>
   </div>
   <div class='ocr_carea' id='block_1_80' title="bbox 2337 2511 3123 2584">
    <p class='ocr_par' dir='ltr' id='par_1_80' title="bbox 2337 2511 3123 2584">
     <span class='ocr_line' id='line_1_80' title="bbox 2337 2511 3123 2584; baseline -0.006 -16"><span class='ocrx_word' id='word_1_552' title='bbox 2337 2514 2460 2584; x_wconf 87' lang='lat' dir='ltr'><strong>petit</strong></span> <span class='ocrx_word' id='word_1_553' title='bbox 2495 2513 2684 2567; x_wconf 87' lang='lat' dir='ltr'><strong>habere</strong></span> <span class='ocrx_word' id='word_1_554' title='bbox 2713 2528 2816 2566; x_wconf 89' lang='lat' dir='ltr'><strong>non</strong></span> <span class='ocrx_word' id='word_1_555' title='bbox 2843 2511 3066 2566; x_wconf 89' lang='lat' dir='ltr'><strong>sinatur.</strong></span> <span class='ocrx_word' id='word_1_556' title='bbox 3121 2573 3123 2575; x_wconf 20' lang='grc' dir='ltr'><strong><em>ι</em></strong></span> 
     </span>
    </p>
   </div>
   <div class='ocr_carea' id='block_1_81' title="bbox 2407 2594 3784 2676">
    <p class='ocr_par' dir='ltr' id='par_1_81' title="bbox 2407 2594 3784 2676">
     <span class='ocr_line' id='line_1_81' title="bbox 2407 2594 3784 2676; baseline -0.01 -18"><span class='ocrx_word' id='word_1_557' title='bbox 2407 2605 2449 2676; x_wconf 84' lang='lat'><strong>1-</strong></span> <span class='ocrx_word' id='word_1_558' title='bbox 2469 2602 2878 2674; x_wconf 88' lang='lat' dir='ltr'><strong>Respondemus</strong></span> <span class='ocrx_word' id='word_1_559' title='bbox 2907 2620 2919 2656; x_wconf 90' lang='lat'><strong>:</strong></span> <span class='ocrx_word' id='word_1_560' title='bbox 2951 2601 3082 2657; x_wconf 87' lang='lat' dir='ltr'><strong>Esse</strong></span> <span class='ocrx_word' id='word_1_561' title='bbox 3103 2599 3325 2671; x_wconf 87' lang='lat' dir='ltr'><strong>quidem</strong></span> <span class='ocrx_word' id='word_1_562' title='bbox 3356 2609 3409 2655; x_wconf 91' lang='lat' dir='ltr'><strong>et</strong></span> <span class='ocrx_word' id='word_1_563' title='bbox 3433 2599 3555 2653; x_wconf 85' lang='lat' dir='ltr'><strong>hanc</strong></span> <span class='ocrx_word' id='word_1_564' title='bbox 3589 2611 3734 2667; x_wconf 63' lang='lat' dir='ltr'><strong>prensa</strong></span> <span class='ocrx_word' id='word_1_565' title='bbox 3758 2594 3784 2645; x_wconf 71' lang='lat' dir='ltr'><strong>ia</strong></span> 
     </span>
    </p>
   </div>
   <div class='ocr_carea' id='block_1_82' title="bbox 2338 2689 3782 2759">
    <p class='ocr_par' dir='ltr' id='par_1_82' title="bbox 2338 2689 3782 2759">
     <span class='ocr_line' id='line_1_82' title="bbox 2338 2689 3782 2759; baseline -0.012 -10"><span class='ocrx_word' id='word_1_566' title='bbox 2338 2695 2443 2749; x_wconf 85' lang='lat' dir='ltr'><strong>hac</strong></span> <span class='ocrx_word' id='word_1_567' title='bbox 2463 2693 2680 2749; x_wconf 90' lang='lat' dir='ltr'><strong>interim</strong></span> <span class='ocrx_word' id='word_1_568' title='bbox 2693 2693 2827 2759; x_wconf 85' lang='lat' dir='ltr'><strong>vita,</strong></span> <span class='ocrx_word' id='word_1_569' title='bbox 2841 2699 3034 2746; x_wconf 88' lang='lat' dir='ltr'><strong>ctante</strong></span> <span class='ocrx_word' id='word_1_570' title='bbox 3058 2689 3200 2745; x_wconf 89' lang='lat' dir='ltr'><strong>diem</strong></span> <span class='ocrx_word' id='word_1_571' title='bbox 3215 2689 3440 2758; x_wconf 75' lang='lat' dir='ltr'><strong>iudicii;</strong></span> <span class='ocrx_word' id='word_1_572' title='bbox 3467 2699 3571 2758; x_wconf 87' lang='lat' dir='ltr'><strong>post</strong></span> <span class='ocrx_word' id='word_1_573' title='bbox 3593 2697 3782 2739; x_wconf 75' lang='lat' dir='ltr'><strong>autemnon</strong></span> 
     </span>
    </p>
   </div>
   <div class='ocr_carea' id='block_1_83' title="bbox 2339 2777 3785 2856">
    <p class='ocr_par' dir='ltr' id='par_1_83' title="bbox 2339 2777 3785 2856">
     <span class='ocr_line' id='line_1_83' title="bbox 2339 2777 3785 2856; baseline -0.01 -16"><span class='ocrx_word' id='word_1_574' title='bbox 2339 2785 2517 2850; x_wconf 86' lang='lat' dir='ltr'><strong>aliam,</strong></span> <span class='ocrx_word' id='word_1_575' title='bbox 2556 2800 2719 2856; x_wconf 90' lang='lat' dir='ltr'><strong>quam</strong></span> <span class='ocrx_word' id='word_1_576' title='bbox 2747 2792 2804 2839; x_wconf 92' lang='lat' dir='ltr'><strong>et</strong></span> <span class='ocrx_word' id='word_1_577' title='bbox 2859 2783 3178 2838; x_wconf 89' lang='lat' dir='ltr'><strong>memoriam</strong></span> <span class='ocrx_word' id='word_1_578' title='bbox 3218 2793 3574 2853; x_wconf 88' lang='lat' dir='ltr'><strong>peccatorum,</strong></span> <span class='ocrx_word' id='word_1_579' title='bbox 3611 2786 3654 2831; x_wconf 83' lang='lat' dir='ltr'><strong>et</strong></span> <span class='ocrx_word' id='word_1_580' title='bbox 3686 2777 3785 2845; x_wconf 73' lang='lat' dir='ltr'><strong>ignea</strong></span> 
     </span>
    </p>
   </div>
   <div class='ocr_carea' id='block_1_84' title="bbox 2339 2873 3784 2948">
    <p class='ocr_par' dir='ltr' id='par_1_84' title="bbox 2339 2873 3784 2948">
     <span class='ocr_line' id='line_1_84' title="bbox 2339 2873 3784 2948; baseline -0.01 -16"><span class='ocrx_word' id='word_1_581' title='bbox 2339 2878 2599 2948; x_wconf 63' lang='lat' dir='ltr'><strong>gehennae</strong></span> <span class='ocrx_word' id='word_1_582' title='bbox 2619 2875 3136 2946; x_wconf 82' lang='lat' dir='ltr'><strong>inexstinguibilem.</strong></span> <span class='ocrx_word' id='word_1_583' title='bbox 3160 2873 3451 2944; x_wconf 75' lang='lat' dir='ltr'><strong>Apostolus</strong></span> <span class='ocrx_word' id='word_1_584' title='bbox 3474 2882 3622 2926; x_wconf 88' lang='lat' dir='ltr'><strong>autem</strong></span> <span class='ocrx_word' id='word_1_585' title='bbox 3644 2877 3784 2922; x_wconf 75' lang='lat' dir='ltr'><strong>econtra</strong></span> 
     </span>
    </p>
   </div>
   <div class='ocr_carea' id='block_1_85' title="bbox 2335 2956 3787 3036">
    <p class='ocr_par' dir='ltr' id='par_1_85' title="bbox 2335 2956 3787 3036">
     <span class='ocr_line' id='line_1_85' title="bbox 2335 2956 3787 3036; baseline -0.011 -10"><span class='ocrx_word' id='word_1_586' title='bbox 2335 2970 2534 3028; x_wconf 77' lang='lat' dir='ltr'><strong>clamat</strong></span> <span class='ocrx_word' id='word_1_587' title='bbox 2581 2985 2596 3024; x_wconf 88' lang='lat'><strong>:</strong></span> <span class='ocrx_word' id='word_1_588' title='bbox 2649 2967 2878 3024; x_wconf 84' lang='lat' dir='ltr'><strong>Fuimus</strong></span> <span class='ocrx_word' id='word_1_589' title='bbox 2923 2978 3115 3026; x_wconf 87' lang='lat' dir='ltr'><strong>natura</strong></span> <span class='ocrx_word' id='word_1_590' title='bbox 3161 2966 3268 3035; x_wconf 77' lang='lat' dir='ltr'><strong>ﬁlii</strong></span> <span class='ocrx_word' id='word_1_591' title='bbox 3311 2967 3405 3020; x_wconf 68' lang='lat' dir='ltr'><strong>ira:</strong></span> <span class='ocrx_word' id='word_1_592' title='bbox 3451 2961 3590 3036; x_wconf 79' lang='lat' dir='ltr'><strong>(Eph.</strong></span> <span class='ocrx_word' id='word_1_593' title='bbox 3613 2977 3660 3026; x_wconf 85' lang='grc' dir='ltr'><strong>ιι,</strong></span> <span class='ocrx_word' id='word_1_594' title='bbox 3679 2961 3726 3027; x_wconf 71' lang='grc'><strong>5).</strong></span> <span class='ocrx_word' id='word_1_595' title='bbox 3755 2956 3787 3009; x_wconf 76' lang='lat' dir='ltr'><strong>Et</strong></span> 
     </span>
    </p>
   </div>
   <div class='ocr_carea' id='block_1_86' title="bbox 2335 3050 3784 3116">
    <p class='ocr_par' dir='ltr' id='par_1_86' title="bbox 2335 3050 3784 3116">
     <span class='ocr_line' id='line_1_86' title="bbox 2335 3050 3784 3116; baseline -0.01 0"><span class='ocrx_word' id='word_1_596' title='bbox 2335 3062 2465 3116; x_wconf 86' lang='lat' dir='ltr'><strong>item</strong></span> <span class='ocrx_word' id='word_1_597' title='bbox 2493 3079 2506 3114; x_wconf 91' lang='lat'><strong>:</strong></span> <span class='ocrx_word' id='word_1_598' title='bbox 2535 3059 2681 3115; x_wconf 89' lang='lat' dir='ltr'><strong>Sicut</strong></span> <span class='ocrx_word' id='word_1_599' title='bbox 2723 3059 3029 3115; x_wconf 77' lang='lat' dir='ltr'><strong>exhibuistis</strong></span> <span class='ocrx_word' id='word_1_600' title='bbox 3083 3058 3322 3112; x_wconf 89' lang='lat' dir='ltr'><strong>membra</strong></span> <span class='ocrx_word' id='word_1_601' title='bbox 3373 3067 3530 3112; x_wconf 84' lang='lat' dir='ltr'><strong>vestra</strong></span> <span class='ocrx_word' id='word_1_602' title='bbox 3562 3055 3700 3108; x_wconf 78' lang='lat' dir='ltr'><strong>servire</strong></span> <span class='ocrx_word' id='word_1_603' title='bbox 3734 3050 3784 3102; x_wconf 72' lang='lat' dir='ltr'><strong>in-</strong></span> 
     </span>
    </p>
   </div>
   <div class='ocr_carea' id='block_1_87' title="bbox 2260 3141 3786 3230">
    <p class='ocr_par' dir='ltr' id='par_1_87' title="bbox 2260 3141 3786 3230">
     <span class='ocr_line' id='line_1_87' title="bbox 2260 3141 3786 3230; baseline -0.012 -24"><span class='ocrx_word' id='word_1_604' title='bbox 2260 3168 2304 3230; x_wconf 79' lang='lat' dir='ltr'>c</span> <span class='ocrx_word' id='word_1_605' title='bbox 2336 3153 2608 3207; x_wconf 77' lang='lat' dir='ltr'><strong>munditia:</strong></span> <span class='ocrx_word' id='word_1_606' title='bbox 2623 3162 2668 3206; x_wconf 91' lang='lat' dir='ltr'><strong>et</strong></span> <span class='ocrx_word' id='word_1_607' title='bbox 2692 3151 2956 3222; x_wconf 87' lang='lat' dir='ltr'><strong>iniquitati</strong></span> <span class='ocrx_word' id='word_1_608' title='bbox 2979 3149 3047 3204; x_wconf 89' lang='lat' dir='ltr'><strong>ad</strong></span> <span class='ocrx_word' id='word_1_609' title='bbox 3068 3149 3420 3220; x_wconf 84' lang='lat' dir='ltr'><strong>iniquitatem,</strong></span> <span class='ocrx_word' id='word_1_610' title='bbox 3447 3149 3514 3202; x_wconf 89' lang='lat' dir='ltr'><strong>ita</strong></span> <span class='ocrx_word' id='word_1_611' title='bbox 3533 3141 3786 3199; x_wconf 67' lang='lat' dir='ltr'><strong>nuncuhiéar</strong></span> 
     </span>
    </p>
   </div>
   <div class='ocr_carea' id='block_1_88' title="bbox 2339 3232 3786 3310">
    <p class='ocr_par' dir='ltr' id='par_1_88' title="bbox 2339 3232 3786 3310">
     <span class='ocr_line' id='line_1_88' title="bbox 2339 3232 3786 3310; baseline -0.012 -13"><span class='ocrx_word' id='word_1_612' title='bbox 2339 3243 2573 3298; x_wconf 89' lang='lat' dir='ltr'><strong>membra</strong></span> <span class='ocrx_word' id='word_1_613' title='bbox 2624 3252 2791 3297; x_wconf 78' lang='lat' dir='ltr'><strong>vestra</strong></span> <span class='ocrx_word' id='word_1_614' title='bbox 2835 3241 3030 3294; x_wconf 83' lang='lat' dir='ltr'><strong>servire</strong></span> <span class='ocrx_word' id='word_1_615' title='bbox 3074 3239 3306 3310; x_wconf 78' lang='lat' dir='ltr'><strong>justitite</strong></span> <span class='ocrx_word' id='word_1_616' title='bbox 3349 3240 3402 3292; x_wconf 89' lang='lat' dir='ltr'><strong>in</strong></span> <span class='ocrx_word' id='word_1_617' title='bbox 3464 3232 3786 3302; x_wconf 65' lang='lat' dir='ltr'><strong>sanctiﬁcatione</strong></span> 
     </span>
    </p>
   </div>
   <div class='ocr_carea' id='block_1_89' title="bbox 2339 3327 3785 3405">
    <p class='ocr_par' dir='ltr' id='par_1_89' title="bbox 2339 3327 3785 3405">
     <span class='ocr_line' id='line_1_89' title="bbox 2339 3327 3785 3405; baseline -0.01 -18"><span class='ocrx_word' id='word_1_618' title='bbox 2339 3333 2520 3405; x_wconf 80' lang='lat' dir='ltr'><strong>(Rom.</strong></span> <span class='ocrx_word' id='word_1_619' title='bbox 2549 3348 2628 3400; x_wconf 87' lang='lat' dir='ltr'><strong>vl,</strong></span> <span class='ocrx_word' id='word_1_620' title='bbox 2653 3332 2762 3404; x_wconf 85' lang='grc'><strong>19).</strong></span> <span class='ocrx_word' id='word_1_621' title='bbox 2812 3332 2880 3387; x_wconf 86' lang='grc' dir='ltr'>Ει</span> <span class='ocrx_word' id='word_1_622' title='bbox 2901 3333 3033 3386; x_wconf 89' lang='lat' dir='ltr'><strong>item</strong></span> <span class='ocrx_word' id='word_1_623' title='bbox 3061 3349 3073 3385; x_wconf 94' lang='lat'><strong>:</strong></span> <span class='ocrx_word' id='word_1_624' title='bbox 3113 3329 3278 3404; x_wconf 77' lang='lat' dir='ltr'><strong>Video</strong></span> <span class='ocrx_word' id='word_1_625' title='bbox 3311 3329 3469 3384; x_wconf 88' lang='lat' dir='ltr'><strong>aliam</strong></span> <span class='ocrx_word' id='word_1_626' title='bbox 3495 3328 3626 3398; x_wconf 81' lang='lat' dir='ltr'><strong>legem</strong></span> <span class='ocrx_word' id='word_1_627' title='bbox 3644 3327 3682 3377; x_wconf 79' lang='lat' dir='ltr'><strong>in</strong></span> <span class='ocrx_word' id='word_1_628' title='bbox 3697 3335 3785 3375; x_wconf 66' lang='lat' dir='ltr'><strong>nas-</strong></span> 
     </span>
    </p>
   </div>
   <div class='ocr_carea' id='block_1_90' title="bbox 2342 3407 3785 3495">
    <p class='ocr_par' dir='ltr' id='par_1_90' title="bbox 2342 3407 3785 3495">
     <span class='ocr_line' id='line_1_90' title="bbox 2342 3407 3785 3495; baseline -0.003 -17"><span class='ocrx_word' id='word_1_629' title='bbox 2342 3425 2446 3478; x_wconf 87' lang='lat' dir='ltr'><strong>bris</strong></span> <span class='ocrx_word' id='word_1_630' title='bbox 2469 3425 2619 3490; x_wconf 86' lang='lat' dir='ltr'><strong>meis,</strong></span> <span class='ocrx_word' id='word_1_631' title='bbox 2649 3433 3022 3495; x_wconf 85' lang='lat' dir='ltr'><strong>repugnantem</strong></span> <span class='ocrx_word' id='word_1_632' title='bbox 3063 3407 3164 3493; x_wconf 87' lang='lat' dir='ltr'><strong>legi</strong></span> <span class='ocrx_word' id='word_1_633' title='bbox 3193 3424 3388 3477; x_wconf 86' lang='lat' dir='ltr'><strong>mentis</strong></span> <span class='ocrx_word' id='word_1_634' title='bbox 3417 3438 3534 3475; x_wconf 80' lang='lat' dir='ltr'><strong>metr</strong></span> <span class='ocrx_word' id='word_1_635' title='bbox 3576 3428 3613 3472; x_wconf 86' lang='lat' dir='ltr'><strong>et</strong></span> <span class='ocrx_word' id='word_1_636' title='bbox 3635 3415 3785 3484; x_wconf 66' lang='lat' dir='ltr'><strong>raptim</strong></span> 
     </span>
    </p>
   </div>
   <div class='ocr_carea' id='block_1_91' title="bbox 2337 3501 3786 3584">
    <p class='ocr_par' dir='ltr' id='par_1_91' title="bbox 2337 3501 3786 3584">
     <span class='ocr_line' id='line_1_91' title="bbox 2337 3501 3786 3584; baseline -0.007 -17"><span class='ocrx_word' id='word_1_637' title='bbox 2337 3531 2419 3568; x_wconf 89' lang='lat' dir='ltr'><strong>me</strong></span> <span class='ocrx_word' id='word_1_638' title='bbox 2479 3515 2753 3569; x_wconf 85' lang='lat' dir='ltr'><strong>ducentem</strong></span> <span class='ocrx_word' id='word_1_639' title='bbox 2789 3515 2844 3567; x_wconf 89' lang='lat' dir='ltr'><strong>in</strong></span> <span class='ocrx_word' id='word_1_640' title='bbox 2889 3513 2998 3584; x_wconf 88' lang='lat' dir='ltr'><strong>lege</strong></span> <span class='ocrx_word' id='word_1_641' title='bbox 3037 3513 3238 3584; x_wconf 88' lang='lat' dir='ltr'><strong>peccati</strong></span> <span class='ocrx_word' id='word_1_642' title='bbox 3269 3554 3285 3578; x_wconf 94' lang='lat'><strong>,</strong></span> <span class='ocrx_word' id='word_1_643' title='bbox 3330 3528 3446 3582; x_wconf 77' lang='lat' dir='ltr'><strong>qua:</strong></span> <span class='ocrx_word' id='word_1_644' title='bbox 3476 3520 3543 3564; x_wconf 87' lang='lat' dir='ltr'><strong>est</strong></span> <span class='ocrx_word' id='word_1_645' title='bbox 3583 3510 3625 3560; x_wconf 82' lang='lat' dir='ltr'><strong>in</strong></span> <span class='ocrx_word' id='word_1_646' title='bbox 3648 3501 3786 3559; x_wconf 52' lang='lat' dir='ltr'><strong>mandit</strong></span> 
     </span>
    </p>
   </div>
   <div class='ocr_carea' id='block_1_92' title="bbox 2335 3600 3786 3674">
    <p class='ocr_par' dir='ltr' id='par_1_92' title="bbox 2335 3600 3786 3674">
     <span class='ocr_line' id='line_1_92' title="bbox 2335 3600 3786 3674; baseline -0.007 -17"><span class='ocrx_word' id='word_1_647' title='bbox 2335 3605 2462 3658; x_wconf 88' lang='lat' dir='ltr'><strong>meis</strong></span> <span class='ocrx_word' id='word_1_648' title='bbox 2485 3603 2658 3674; x_wconf 88' lang='lat' dir='ltr'><strong>(Rom.</strong></span> <span class='ocrx_word' id='word_1_649' title='bbox 2683 3620 2780 3669; x_wconf 82' lang='lat' dir='ltr'><strong>vn,</strong></span> <span class='ocrx_word' id='word_1_650' title='bbox 2811 3603 2926 3674; x_wconf 75' lang='lat'><strong>2&#39;5).</strong></span> <span class='ocrx_word' id='word_1_651' title='bbox 2980 3604 3218 3661; x_wconf 80' lang='lat' dir='ltr'><strong>Membra</strong></span> <span class='ocrx_word' id='word_1_652' title='bbox 3248 3603 3500 3674; x_wconf 81' lang='lat' dir='ltr'><strong>corporis</strong></span> <span class='ocrx_word' id='word_1_653' title='bbox 3519 3600 3661 3667; x_wconf 84' lang='lat' dir='ltr'><strong>utique</strong></span> <span class='ocrx_word' id='word_1_654' title='bbox 3681 3603 3786 3648; x_wconf 68' lang='lat' dir='ltr'><strong>natura</strong></span> 
     </span>
    </p>
   </div>
   <div class='ocr_carea' id='block_1_93' title="bbox 2338 3683 3787 3764">
    <p class='ocr_par' dir='ltr' id='par_1_93' title="bbox 2338 3683 3787 3764">
     <span class='ocr_line' id='line_1_93' title="bbox 2338 3683 3787 3764; baseline -0.008 -15"><span class='ocrx_word' id='word_1_655' title='bbox 2338 3703 2482 3759; x_wconf 86' lang='lat' dir='ltr'><strong>sunt,</strong></span> <span class='ocrx_word' id='word_1_656' title='bbox 2539 3710 2660 3764; x_wconf 69' lang='lat' dir='ltr'><strong>qum</strong></span> <span class='ocrx_word' id='word_1_657' title='bbox 2688 3710 2810 3749; x_wconf 92' lang='lat' dir='ltr'><strong>cum</strong></span> <span class='ocrx_word' id='word_1_658' title='bbox 2838 3695 2947 3749; x_wconf 90' lang='lat' dir='ltr'><strong>sint</strong></span> <span class='ocrx_word' id='word_1_659' title='bbox 2970 3694 3111 3749; x_wconf 75' lang='lat' dir='ltr'><strong>facta</strong></span> <span class='ocrx_word' id='word_1_660' title='bbox 3135 3709 3165 3747; x_wconf 92' lang='lat' dir='ltr'><strong>a</strong></span> <span class='ocrx_word' id='word_1_661' title='bbox 3196 3694 3333 3758; x_wconf 87' lang='lat' dir='ltr'><strong>Deo,</strong></span> <span class='ocrx_word' id='word_1_662' title='bbox 3369 3708 3472 3746; x_wconf 91' lang='lat' dir='ltr'><strong>non</strong></span> <span class='ocrx_word' id='word_1_663' title='bbox 3501 3706 3528 3744; x_wconf 90' lang='lat' dir='ltr'><strong>a</strong></span> <span class='ocrx_word' id='word_1_664' title='bbox 3573 3688 3657 3741; x_wconf 82' lang='lat' dir='ltr'><strong>Deo</strong></span> <span class='ocrx_word' id='word_1_665' title='bbox 3677 3683 3787 3737; x_wconf 57' lang='lat' dir='ltr'><strong>haunt</strong></span> 
     </span>
    </p>
   </div>
   <div class='ocr_carea' id='block_1_94' title="bbox 2335 3778 3784 3855">
    <p class='ocr_par' dir='ltr' id='par_1_94' title="bbox 2335 3778 3784 3855">
     <span class='ocr_line' id='line_1_94' title="bbox 2335 3778 3784 3855; baseline -0.021 0"><span class='ocrx_word' id='word_1_666' title='bbox 2335 3784 2478 3854; x_wconf 73' lang='grc' dir='ltr'><strong>(ιυοᾶ</strong></span> <span class='ocrx_word' id='word_1_667' title='bbox 2518 3793 2768 3854; x_wconf 66' lang='lat' dir='ltr'><strong>DCCC-ant,</strong></span> <span class='ocrx_word' id='word_1_668' title='bbox 2811 3785 2904 3839; x_wconf 85' lang='lat' dir='ltr'><strong>sed</strong></span> <span class='ocrx_word' id='word_1_669' title='bbox 2937 3800 2970 3838; x_wconf 87' lang='lat' dir='ltr'><strong>a</strong></span> <span class='ocrx_word' id='word_1_670' title='bbox 3014 3799 3072 3839; x_wconf 89' lang='lat' dir='ltr'><strong>se</strong></span> <span class='ocrx_word' id='word_1_671' title='bbox 3110 3799 3210 3855; x_wconf 89' lang='lat' dir='ltr'><strong>per</strong></span> <span class='ocrx_word' id='word_1_672' title='bbox 3237 3784 3513 3854; x_wconf 84' lang='lat' dir='ltr'><strong>propriam</strong></span> <span class='ocrx_word' id='word_1_673' title='bbox 3545 3778 3784 3834; x_wconf 23' lang='lat' dir='ltr'><strong>voluntatem.</strong></span> 
     </span>
    </p>
   </div>
   <div class='ocr_carea' id='block_1_95' title="bbox 2341 3876 3054 3948">
    <p class='ocr_par' dir='ltr' id='par_1_95' title="bbox 2341 3876 3054 3948">
     <span class='ocr_line' id='line_1_95' title="bbox 2341 3876 3054 3948; baseline -0.004 -15"><span class='ocrx_word' id='word_1_674' title='bbox 2341 3878 2568 3946; x_wconf 88' lang='lat' dir='ltr'><strong>ideoque</strong></span> <span class='ocrx_word' id='word_1_675' title='bbox 2589 3876 2714 3946; x_wconf 84' lang='lat' dir='ltr'><strong>jure</strong></span> <span class='ocrx_word' id='word_1_676' title='bbox 2740 3878 3054 3948; x_wconf 90' lang='lat' dir='ltr'><strong>puniuntur.</strong></span> 
     </span>
    </p>
   </div>
   <div class='ocr_carea' id='block_1_96' title="bbox 2762 3989 3505 4058">
    <p class='ocr_par' dir='ltr' id='par_1_96' title="bbox 2762 3989 3505 4058">
     <span class='ocr_line' id='line_1_96' title="bbox 2762 3989 3505 4058; baseline -0.007 -12"><span class='ocrx_word' id='word_1_677' title='bbox 2762 4008 2880 4046; x_wconf 74' lang='lat' dir='ltr'><strong>per.</strong></span> <span class='ocrx_word' id='word_1_678' title='bbox 2914 4009 2966 4058; x_wconf 83' lang='lat'><strong>1.,</strong></span> <span class='ocrx_word' id='word_1_679' title='bbox 2991 4007 3108 4046; x_wconf 66' lang='lat' dir='ltr'><strong>car.</strong></span> <span class='ocrx_word' id='word_1_680' title='bbox 3155 3989 3244 4057; x_wconf 86' lang='grc'><strong>16,</strong></span> <span class='ocrx_word' id='word_1_681' title='bbox 3280 3989 3505 4046; x_wconf 59' lang='lat' dir='ltr'><strong>smmi.</strong></span> 
     </span>
    </p>
   </div>
   <div class='ocr_carea' id='block_1_97' title="bbox 2411 4104 3744 4182">
    <p class='ocr_par' dir='ltr' id='par_1_97' title="bbox 2411 4104 3744 4182">
     <span class='ocr_line' id='line_1_97' title="bbox 2411 4104 3744 4182; baseline -0.007 -19"><span class='ocrx_word' id='word_1_682' title='bbox 2411 4117 2454 4164; x_wconf 89' lang='grc' dir='ltr'>Θ</span> <span class='ocrx_word' id='word_1_683' title='bbox 2483 4107 2628 4162; x_wconf 90' lang='lat' dir='ltr'><strong>Dicis</strong></span> <span class='ocrx_word' id='word_1_684' title='bbox 2655 4123 2670 4160; x_wconf 85' lang='lat'><strong>:</strong></span> <span class='ocrx_word' id='word_1_685' title='bbox 2704 4105 2789 4160; x_wconf 82' lang='lat' dir='ltr'><strong>Ea:</strong></span> <span class='ocrx_word' id='word_1_686' title='bbox 2819 4104 3123 4160; x_wconf 63' lang='lat' dir='ltr'><strong>uullo&#39;bono</strong></span> <span class='ocrx_word' id='word_1_687' title='bbox 3146 4105 3351 4159; x_wconf 89' lang='lat' dir='ltr'><strong>malum</strong></span> <span class='ocrx_word' id='word_1_688' title='bbox 3370 4120 3492 4159; x_wconf 87' lang='lat' dir='ltr'><strong>esse.</strong></span> <span class='ocrx_word' id='word_1_689' title='bbox 3741 4180 3744 4182; x_wconf 9' lang='grc' dir='ltr'>γ</span> 
     </span>
    </p>
   </div>
   <div class='ocr_carea' id='block_1_98' title="bbox 2410 4184 3790 4270">
    <p class='ocr_par' dir='ltr' id='par_1_98' title="bbox 2410 4184 3790 4270">
     <span class='ocr_line' id='line_1_98' title="bbox 2410 4184 3790 4270; baseline -0.013 -14"><span class='ocrx_word' id='word_1_690' title='bbox 2410 4199 2454 4269; x_wconf 74' lang='lat'><strong>1-</strong></span> <span class='ocrx_word' id='word_1_691' title='bbox 2498 4199 2906 4270; x_wconf 85' lang='lat' dir='ltr'><strong>Respondemus</strong></span> <span class='ocrx_word' id='word_1_692' title='bbox 2946 4216 2960 4252; x_wconf 92' lang='lat'><strong>:</strong></span> <span class='ocrx_word' id='word_1_693' title='bbox 3012 4197 3226 4252; x_wconf 83' lang='lat' dir='ltr'><strong>Nullum</strong></span> <span class='ocrx_word' id='word_1_694' title='bbox 3279 4197 3499 4260; x_wconf 85' lang='lat' dir='ltr'><strong>malum,</strong></span> <span class='ocrx_word' id='word_1_695' title='bbox 3524 4192 3610 4247; x_wconf 87' lang='lat' dir='ltr'><strong>nisi</strong></span> <span class='ocrx_word' id='word_1_696' title='bbox 3642 4202 3686 4241; x_wconf 82' lang='lat' dir='ltr'><strong>ex</strong></span> <span class='ocrx_word' id='word_1_697' title='bbox 3714 4184 3790 4236; x_wconf 68' lang='lat' dir='ltr'><strong>bono</strong></span> 
     </span>
    </p>
   </div>
   <div class='ocr_carea' id='block_1_99' title="bbox 2339 4302 2477 4344">
    <p class='ocr_par' dir='ltr' id='par_1_99' title="bbox 2339 4302 2477 4344">
     <span class='ocr_line' id='line_1_99' title="bbox 2339 4302 2477 4344; baseline -0.014 0"><span class='ocrx_word' id='word_1_698' title='bbox 2339 4302 2477 4344; x_wconf 89' lang='lat' dir='ltr'><strong>esse.</strong></span> 
     </span>
    </p>
   </div>
   <div class='ocr_carea' id='block_1_100' title="bbox 2690 4387 3508 4465">
    <p class='ocr_par' dir='ltr' id='par_1_100' title="bbox 2690 4387 3508 4465">
     <span class='ocr_line' id='line_1_100' title="bbox 2690 4387 3508 4465; baseline -0.006 -12"><span class='ocrx_word' id='word_1_699' title='bbox 2690 4410 2696 4418; x_wconf 88' lang='lat'>&#39;</span> <span class='ocrx_word' id='word_1_700' title='bbox 2734 4387 2873 4454; x_wconf 10' lang='lat' dir='ltr'><strong>(per.</strong></span> <span class='ocrx_word' id='word_1_701' title='bbox 2902 4415 2978 4465; x_wconf 78' lang='grc' dir='ltr'><strong>ιι,</strong></span> <span class='ocrx_word' id='word_1_702' title='bbox 3009 4415 3127 4454; x_wconf 65' lang='lat' dir='ltr'><strong>esp.</strong></span> <span class='ocrx_word' id='word_1_703' title='bbox 3159 4398 3246 4465; x_wconf 89' lang='grc'><strong>16,</strong></span> <span class='ocrx_word' id='word_1_704' title='bbox 3273 4414 3425 4454; x_wconf 75' lang='lat' dir='ltr'><strong>secr.</strong></span> <span class='ocrx_word' id='word_1_705' title='bbox 3459 4397 3508 4450; x_wconf 89' lang='lat'><strong>7.</strong></span> 
     </span>
    </p>
   </div>
   <div class='ocr_carea' id='block_1_101' title="bbox 2259 4495 3794 4586">
    <p class='ocr_par' dir='ltr' id='par_1_101' title="bbox 2259 4495 3794 4586">
     <span class='ocr_line' id='line_1_101' title="bbox 2259 4495 3794 4586; baseline -0.017 -8"><span class='ocrx_word' id='word_1_706' title='bbox 2259 4518 2313 4578; x_wconf 82' lang='lat' dir='ltr'><strong>D</strong></span> <span class='ocrx_word' id='word_1_707' title='bbox 2406 4527 2448 4573; x_wconf 94' lang='grc' dir='ltr'><strong>Θ</strong></span> <span class='ocrx_word' id='word_1_708' title='bbox 2488 4515 2632 4571; x_wconf 88' lang='lat' dir='ltr'><strong>Dicis</strong></span> <span class='ocrx_word' id='word_1_709' title='bbox 2665 4534 2678 4568; x_wconf 92' lang='lat'><strong>:</strong></span> <span class='ocrx_word' id='word_1_710' title='bbox 2713 4513 2852 4569; x_wconf 89' lang='lat' dir='ltr'><strong>Eum</strong></span> <span class='ocrx_word' id='word_1_711' title='bbox 2895 4515 2986 4586; x_wconf 90' lang='lat' dir='ltr'><strong>qui</strong></span> <span class='ocrx_word' id='word_1_712' title='bbox 3025 4514 3107 4568; x_wconf 83' lang='lat' dir='ltr'><strong>hic</strong></span> <span class='ocrx_word' id='word_1_713' title='bbox 3161 4513 3326 4568; x_wconf 88' lang='lat' dir='ltr'><strong>libero</strong></span> <span class='ocrx_word' id='word_1_714' title='bbox 3376 4507 3627 4567; x_wconf 81' lang='lat' dir='ltr'><strong>voluntatis</strong></span> <span class='ocrx_word' id='word_1_715' title='bbox 3648 4495 3794 4556; x_wconf 62' lang='lat' dir='ltr'><strong>arbitris.</strong></span> 
     </span>
    </p>
   </div>
   <div class='ocr_carea' id='block_1_102' title="bbox 2333 4586 3793 4681">
    <p class='ocr_par' dir='ltr' id='par_1_102' title="bbox 2333 4586 3793 4681">
     <span class='ocr_line' id='line_1_102' title="bbox 2333 4586 3793 4681; baseline -0.014 -17"><span class='ocrx_word' id='word_1_716' title='bbox 2333 4609 2472 4681; x_wconf 86' lang='lat' dir='ltr'><strong>quod</strong></span> <span class='ocrx_word' id='word_1_717' title='bbox 2493 4617 2567 4662; x_wconf 85' lang='lat' dir='ltr'><strong>est</strong></span> <span class='ocrx_word' id='word_1_718' title='bbox 2599 4606 2856 4661; x_wconf 87' lang='lat' dir='ltr'><strong>naturalis</strong></span> <span class='ocrx_word' id='word_1_719' title='bbox 2882 4605 3242 4672; x_wconf 77' lang='lat' dir='ltr'><strong>intelligentia:</strong></span> <span class='ocrx_word' id='word_1_720' title='bbox 3267 4620 3475 4664; x_wconf 87' lang='lat' dir='ltr'><strong>munus,</strong></span> <span class='ocrx_word' id='word_1_721' title='bbox 3518 4599 3573 4674; x_wconf 1' lang='lat' dir='ltr'><strong>id,</strong></span> <span class='ocrx_word' id='word_1_722' title='bbox 3598 4604 3654 4650; x_wconf 79' lang='lat' dir='ltr'><strong>est</strong></span> <span class='ocrx_word' id='word_1_723' title='bbox 3687 4586 3793 4681; x_wconf 56' lang='lat' dir='ltr'><strong>mill“</strong></span> 
     </span>
    </p>
   </div>
   <div class='ocr_carea' id='block_1_103' title="bbox 2336 4676 3792 4768">
    <p class='ocr_par' dir='ltr' id='par_1_103' title="bbox 2336 4688 3792 4768">
     <span class='ocr_line' id='line_1_103' title="bbox 2336 4688 3792 4768; baseline -0.015 -13"><span class='ocrx_word' id='word_1_724' title='bbox 2336 4703 2496 4767; x_wconf 83' lang='lat' dir='ltr'><strong>acies,</strong></span> <span class='ocrx_word' id='word_1_725' title='bbox 2521 4700 2576 4754; x_wconf 88' lang='lat' dir='ltr'><strong>in</strong></span> <span class='ocrx_word' id='word_1_726' title='bbox 2594 4716 2719 4753; x_wconf 88' lang='lat' dir='ltr'><strong>usus</strong></span> <span class='ocrx_word' id='word_1_727' title='bbox 2735 4697 3076 4768; x_wconf 85' lang='lat' dir='ltr'><strong>turpitudinis</strong></span> <span class='ocrx_word' id='word_1_728' title='bbox 3100 4705 3281 4760; x_wconf 88' lang='lat' dir='ltr'><strong>mutet,</strong></span> <span class='ocrx_word' id='word_1_729' title='bbox 3297 4696 3406 4748; x_wconf 85' lang='lat' dir='ltr'><strong>illic</strong></span> <span class='ocrx_word' id='word_1_730' title='bbox 3427 4709 3485 4747; x_wconf 89' lang='lat' dir='ltr'><strong>ne</strong></span> <span class='ocrx_word' id='word_1_731' title='bbox 3497 4688 3668 4744; x_wconf 86' lang='lat' dir='ltr'><strong>omnino</strong></span> <span class='ocrx_word' id='word_1_732' title='bbox 3684 4689 3792 4768; x_wconf 63' lang='lat' dir='ltr'><strong>renit-</strong></span> 
     </span>
    </p>
   </div>
   <div class='ocr_carea' id='block_1_104' title="bbox 2336 4765 3792 4858">
    <p class='ocr_par' dir='ltr' id='par_1_104' title="bbox 2336 4765 3792 4858">
     <span class='ocr_line' id='line_1_104' title="bbox 2336 4765 3792 4858; baseline -0.021 -13"><span class='ocrx_word' id='word_1_733' title='bbox 2336 4791 2399 4846; x_wconf 89' lang='lat' dir='ltr'><strong>tis</strong></span> <span class='ocrx_word' id='word_1_734' title='bbox 2420 4765 2684 4844; x_wconf 82' lang='lat' dir='ltr'><strong>honestate</strong></span> <span class='ocrx_word' id='word_1_735' title='bbox 2736 4765 2980 4858; x_wconf 80' lang='lat' dir='ltr'><strong>fruatur,</strong></span> <span class='ocrx_word' id='word_1_736' title='bbox 3012 4786 3306 4856; x_wconf 86' lang='lat' dir='ltr'><strong>justissime</strong></span> <span class='ocrx_word' id='word_1_737' title='bbox 3353 4782 3555 4854; x_wconf 86' lang='lat' dir='ltr'><strong>perdere</strong></span> <span class='ocrx_word' id='word_1_738' title='bbox 3579 4785 3617 4830; x_wconf 87' lang='lat' dir='ltr'><strong>ct</strong></span> <span class='ocrx_word' id='word_1_739' title='bbox 3652 4765 3792 4824; x_wconf 64' lang='lat' dir='ltr'><strong>tenebras</strong></span> 
     </span>
    </p>
   </div>
   <div class='ocr_carea' id='block_1_105' title="bbox 2334 4877 3249 4950">
    <p class='ocr_par' dir='ltr' id='par_1_105' title="bbox 2334 4877 3249 4950">
     <span class='ocr_line' id='line_1_105' title="bbox 2334 4877 3249 4950; baseline -0.01 -14"><span class='ocrx_word' id='word_1_740' title='bbox 2334 4891 2544 4937; x_wconf 73' lang='lat' dir='ltr'><strong>tcterna:</strong></span> <span class='ocrx_word' id='word_1_741' title='bbox 2572 4880 2884 4950; x_wconf 78' lang='lat' dir='ltr'><strong>ignorantia:</strong></span> <span class='ocrx_word' id='word_1_742' title='bbox 2914 4894 3018 4931; x_wconf 88' lang='lat' dir='ltr'><strong>non</strong></span> <span class='ocrx_word' id='word_1_743' title='bbox 3037 4877 3249 4930; x_wconf 83' lang='lat' dir='ltr'><strong>evitare.</strong></span> 
     </span>
    </p>
   </div>
   <div class='ocr_carea' id='block_1_106' title="bbox 2405 4957 3791 5043">
    <p class='ocr_par' dir='ltr' id='par_1_106' title="bbox 2405 4957 3791 5043">
     <span class='ocr_line' id='line_1_106' title="bbox 2405 4957 3791 5043; baseline -0.01 -15"><span class='ocrx_word' id='word_1_744' title='bbox 2405 4974 2445 5043; x_wconf 80' lang='lat'><strong>1-</strong></span> <span class='ocrx_word' id='word_1_745' title='bbox 2477 4972 2886 5042; x_wconf 86' lang='lat' dir='ltr'><strong>Respondemus</strong></span> <span class='ocrx_word' id='word_1_746' title='bbox 2911 4990 2924 5024; x_wconf 92' lang='lat'><strong>:</strong></span> <span class='ocrx_word' id='word_1_747' title='bbox 2962 4969 3162 5026; x_wconf 85' lang='lat' dir='ltr'><strong>Verum</strong></span> <span class='ocrx_word' id='word_1_748' title='bbox 3185 4984 3304 5024; x_wconf 87' lang='lat' dir='ltr'><strong>esse</strong></span> <span class='ocrx_word' id='word_1_749' title='bbox 3332 4967 3537 5037; x_wconf 87' lang='lat' dir='ltr'><strong>quidem</strong></span> <span class='ocrx_word' id='word_1_750' title='bbox 3554 5004 3568 5027; x_wconf 94' lang='lat'><strong>,</strong></span> <span class='ocrx_word' id='word_1_751' title='bbox 3589 4957 3662 5015; x_wconf 79' lang='lat' dir='ltr'><strong>sed</strong></span> <span class='ocrx_word' id='word_1_752' title='bbox 3683 4957 3791 5043; x_wconf 56' lang='grc' dir='ltr'><strong>οθηξη</strong></span> 
     </span>
    </p>
   </div>
   <div class='ocr_carea' id='block_1_107' title="bbox 2336 5035 3794 5134">
    <p class='ocr_par' dir='ltr' id='par_1_107' title="bbox 2336 5035 3794 5134">
     <span class='ocr_line' id='line_1_107' title="bbox 2336 5035 3794 5134; baseline -0.017 -16"><span class='ocrx_word' id='word_1_753' title='bbox 2336 5035 2568 5134; x_wconf 79' lang='lat' dir='ltr'><strong>teipsum</strong></span> <span class='ocrx_word' id='word_1_754' title='bbox 2587 5035 2689 5132; x_wconf 70' lang='lat' dir='ltr'><strong>qui</strong></span> <span class='ocrx_word' id='word_1_755' title='bbox 2710 5061 2870 5132; x_wconf 88' lang='lat' dir='ltr'><strong>paulo</strong></span> <span class='ocrx_word' id='word_1_756' title='bbox 2898 5069 3023 5116; x_wconf 89' lang='lat' dir='ltr'><strong>ante</strong></span> <span class='ocrx_word' id='word_1_757' title='bbox 3052 5061 3278 5114; x_wconf 84' lang='lat' dir='ltr'><strong>miseris</strong></span> <span class='ocrx_word' id='word_1_758' title='bbox 3301 5035 3412 5113; x_wconf 80' lang='lat' dir='ltr'><strong>illic</strong></span> <span class='ocrx_word' id='word_1_759' title='bbox 3437 5035 3794 5134; x_wconf 45' lang='lat' dir='ltr'><strong>beatitudinisde</strong></span> 
     </span>
    </p>
   </div>
   <div class='ocr_carea' id='block_1_108' title="bbox 2332 5131 3793 5219">
    <p class='ocr_par' dir='ltr' id='par_1_108' title="bbox 2332 5131 3793 5219">
     <span class='ocr_line' id='line_1_108' title="bbox 2332 5131 3793 5219; baseline -0.021 -9"><span class='ocrx_word' id='word_1_760' title='bbox 2332 5156 2554 5211; x_wconf 88' lang='lat' dir='ltr'><strong>licitatis</strong></span> <span class='ocrx_word' id='word_1_761' title='bbox 2593 5164 2650 5210; x_wconf 90' lang='lat' dir='ltr'><strong>et</strong></span> <span class='ocrx_word' id='word_1_762' title='bbox 2687 5153 2926 5208; x_wconf 85' lang='lat' dir='ltr'><strong>veritatis</strong></span> <span class='ocrx_word' id='word_1_763' title='bbox 2987 5153 3280 5212; x_wconf 87' lang='lat' dir='ltr'><strong>notionem,</strong></span> <span class='ocrx_word' id='word_1_764' title='bbox 3333 5147 3595 5204; x_wconf 84' lang='lat' dir='ltr'><strong>scientiam</strong></span> <span class='ocrx_word' id='word_1_765' title='bbox 3636 5152 3683 5190; x_wconf 85' lang='lat' dir='ltr'><strong>ac</strong></span> <span class='ocrx_word' id='word_1_766' title='bbox 3714 5131 3793 5219; x_wconf 51' lang='grc' dir='ltr'><strong>ὀξέι</strong></span> 
     </span>
    </p>
   </div>
   <div class='ocr_carea' id='block_1_109' title="bbox 2333 5214 3790 5302">
    <p class='ocr_par' dir='ltr' id='par_1_109' title="bbox 2333 5214 3790 5302">
     <span class='ocr_line' id='line_1_109' title="bbox 2333 5214 3790 5302; baseline -0.023 0"><span class='ocrx_word' id='word_1_767' title='bbox 2333 5248 2544 5302; x_wconf 89' lang='lat' dir='ltr'><strong>derium</strong></span> <span class='ocrx_word' id='word_1_768' title='bbox 2590 5245 2861 5302; x_wconf 88' lang='lat' dir='ltr'><strong>dederas:</strong></span> <span class='ocrx_word' id='word_1_769' title='bbox 2914 5258 3014 5297; x_wconf 88' lang='lat' dir='ltr'><strong>nec</strong></span> <span class='ocrx_word' id='word_1_770' title='bbox 3069 5252 3244 5297; x_wconf 80' lang='lat' dir='ltr'><strong>tamen</strong></span> <span class='ocrx_word' id='word_1_771' title='bbox 3291 5242 3395 5295; x_wconf 81' lang='lat' dir='ltr'><strong>hac</strong></span> <span class='ocrx_word' id='word_1_772' title='bbox 3437 5236 3635 5292; x_wconf 83' lang='lat' dir='ltr'><strong>veritate</strong></span> <span class='ocrx_word' id='word_1_773' title='bbox 3664 5214 3790 5281; x_wconf 68' lang='lat' dir='ltr'><strong>excludi</strong></span> 
     </span>
    </p>
   </div>
   <div class='ocr_carea' id='block_1_110' title="bbox 2335 5337 2919 5411">
    <p class='ocr_par' dir='ltr' id='par_1_110' title="bbox 2335 5337 2919 5411">
     <span class='ocr_line' id='line_1_110' title="bbox 2335 5337 2919 5411; baseline -0.012 -14"><span class='ocrx_word' id='word_1_774' title='bbox 2335 5355 2528 5411; x_wconf 67' lang='lat' dir='ltr'><strong>pinnas</strong></span> <span class='ocrx_word' id='word_1_775' title='bbox 2549 5339 2690 5410; x_wconf 81' lang='lat' dir='ltr'><strong>ignis</strong></span> <span class='ocrx_word' id='word_1_776' title='bbox 2711 5337 2919 5392; x_wconf 69' lang='lat' dir='ltr'><strong>aeterni.</strong></span> 
     </span>
    </p>
   </div>
   <div class='ocr_carea' id='block_1_111' title="bbox 2743 5466 3494 5534">
    <p class='ocr_par' dir='ltr' id='par_1_111' title="bbox 2743 5466 3494 5534">
     <span class='ocr_line' id='line_1_111' title="bbox 2743 5466 3494 5534; baseline -0.008 -11"><span class='ocrx_word' id='word_1_777' title='bbox 2743 5485 2862 5524; x_wconf 71' lang='lat' dir='ltr'><strong>per.</strong></span> <span class='ocrx_word' id='word_1_778' title='bbox 2893 5485 2991 5534; x_wconf 77' lang='grc' dir='ltr'>ιιι,</span> <span class='ocrx_word' id='word_1_779' title='bbox 3013 5484 3131 5522; x_wconf 61' lang='lat' dir='ltr'><strong>car.</strong></span> <span class='ocrx_word' id='word_1_780' title='bbox 3161 5469 3244 5532; x_wconf 87' lang='grc'>17,</span> <span class='ocrx_word' id='word_1_781' title='bbox 3271 5482 3422 5522; x_wconf 72' lang='grc' dir='ltr'>εεετ.</span> <span class='ocrx_word' id='word_1_782' title='bbox 3445 5466 3494 5520; x_wconf 85' lang='grc'><strong>’5.</strong></span> 
     </span>
    </p>
   </div>
   <div class='ocr_carea' id='block_1_112' title="bbox 2407 5561 3792 5666">
    <p class='ocr_par' dir='ltr' id='par_1_112' title="bbox 2407 5561 3792 5666">
     <span class='ocr_line' id='line_1_112' title="bbox 2407 5561 3792 5666; baseline -0.014 -24"><span class='ocrx_word' id='word_1_783' title='bbox 2407 5594 2448 5642; x_wconf 91' lang='grc' dir='ltr'><strong>Θ</strong></span> <span class='ocrx_word' id='word_1_784' title='bbox 2470 5583 2646 5666; x_wconf 69' lang='lat' dir='ltr'><strong>Dicis:</strong></span> <span class='ocrx_word' id='word_1_785' title='bbox 2673 5582 2839 5638; x_wconf 85' lang='lat' dir='ltr'><strong>Deum</strong></span> <span class='ocrx_word' id='word_1_786' title='bbox 2869 5582 3159 5652; x_wconf 88' lang='lat' dir='ltr'><strong>ubicunque</strong></span> <span class='ocrx_word' id='word_1_787' title='bbox 3185 5582 3340 5651; x_wconf 79' lang='lat' dir='ltr'><strong>fuerit</strong></span> <span class='ocrx_word' id='word_1_788' title='bbox 3371 5573 3650 5650; x_wconf 78' lang='lat' dir='ltr'><strong>prtesentia,</strong></span> <span class='ocrx_word' id='word_1_789' title='bbox 3672 5561 3792 5618; x_wconf 64' lang='lat' dir='ltr'><strong>illia“</strong></span> 
     </span>
    </p>
   </div>
   <div class='ocr_carea' id='block_1_113' title="bbox 2336 5677 2750 5732">
    <p class='ocr_par' dir='ltr' id='par_1_113' title="bbox 2336 5677 2750 5732">
     <span class='ocr_line' id='line_1_113' title="bbox 2336 5677 2750 5732; baseline -0.005 0"><span class='ocrx_word' id='word_1_790' title='bbox 2336 5687 2383 5732; x_wconf 85' lang='lat' dir='ltr'><strong>et</strong></span> <span class='ocrx_word' id='word_1_791' title='bbox 2413 5677 2750 5731; x_wconf 85' lang='lat' dir='ltr'><strong>habitatione.</strong></span> 
     </span>
    </p>
   </div>
   <div class='ocr_carea' id='block_1_114' title="bbox 2419 5743 3790 5838">
    <p class='ocr_par' dir='ltr' id='par_1_114' title="bbox 2419 5743 3790 5838">
     <span class='ocr_line' id='line_1_114' title="bbox 2419 5743 3790 5838; baseline -0.005 -17"><span class='ocrx_word' id='word_1_792' title='bbox 2419 5769 2448 5838; x_wconf 68' lang='grc' dir='ltr'><strong>ι-</strong></span> <span class='ocrx_word' id='word_1_793' title='bbox 2482 5767 2884 5837; x_wconf 86' lang='lat' dir='ltr'><strong>Respondemus</strong></span> <span class='ocrx_word' id='word_1_794' title='bbox 2923 5747 2944 5820; x_wconf 17' lang='grc' dir='ltr'><strong>ε.</strong></span> <span class='ocrx_word' id='word_1_795' title='bbox 2984 5765 3313 5836; x_wconf 81' lang='lat' dir='ltr'><strong>Scripturam</strong></span> <span class='ocrx_word' id='word_1_796' title='bbox 3358 5765 3527 5821; x_wconf 87' lang='lat' dir='ltr'><strong>dicere</strong></span> <span class='ocrx_word' id='word_1_797' title='bbox 3571 5777 3582 5811; x_wconf 89' lang='lat'><strong>:</strong></span> <span class='ocrx_word' id='word_1_798' title='bbox 3622 5743 3790 5816; x_wconf 56' lang='grc' dir='ltr'><strong>Οευπέίτδ</strong></span> 
     </span>
    </p>
   </div>
  </div>
