3974 6344
757 383 845 438 DE
881 379 1240 448 PRIEDEST.
1285 375 1566 434 CONTRA
1603 375 1653 430 J.
1699 371 1996 428 SCOTUM.
2037 399 2104 412 —-
2143 365 2716 426 RECAPITULATIO.

147 505 196 556 in
221 495 512 556 malsuolam
539 497 770 550 animam
801 512 904 562 non
923 495 1156 548 introibit
1175 491 1454 562 sapientia,
1484 505 1574 542 nec
1601 489 1696 542 ha—
1729 493 1774 548 Α
1806 503 1962 550 nam;
1997 493 2216 538 mortem
2257 493 2530 544 retentam,
2579 481 2680 534 nisi
2703 477 2938 532 ueritatis
2991 477 3414 546 ignorantiam;

151 590 310 646 bitabit
333 589 386 644 in
405 565 630 658 corpore
651 587 858 640 subdito
883 561 1108 656 peccatis
1131 561 1283 656 (Sep.
1315 599 1352 646 ι,
1383 581 1462 650 4).

511 715 626 754 per.
657 713 776 764 LIII,
807 713 925 752 exp.
959 698 1046 762 l7,
1074 711 1222 752 secr.
1255 695 1308 749 4.

213 825 252 874 0
285 813 462 870 Dicis:
495 809 836 866 Prwsentiam
881 817 928 862 et
973 805 1346 862 habitationem
1391 805 1486 860 Dei
1527 805 1582 859 in
1623 805 1704 858 his

151 925 256 980 qtttt.’
295 923 382 960 nec
423 904 486 958 ab
536 919 596 960 eo
630 913 774 968 sunt,
841 917 934 955 nec
961 917 1022 956 ea
1053 901 1198 970 fecit,
1225 917 1258 954 α
1287 901 1554 954 contrario
1579 897 1705 966 dici,

153 1015 262 1054 cum
286 998 334 1052 in
357 997 430 1051 eis
457 1011 560 1050 non
583 995 706 1052 sint.
1341 1035 1346 1040 .

219 1091 254 1159 1
273 1086 672 1156 Respondemus
697 1101 712 1138 :
747 1083 806 1138 ln
845 1083 1042 1140 divinis
1065 1083 1294 1154 eloquiis
1319 1097 1586 1152 nusquam
1613 1081 1710 1138 Dei

157 1175 522 1234 habitationem
555 1177 606 1230 in
657 1175 744 1232 bis
785 1191 906 1246 quae
939 1191 1046 1230 non
1089 1183 1214 1230 sunt
1255 1174 1522 1244 positam;
1577 1188 1718 1244 pra:-

157 1271 420 1326 scientiam
447 1283 576 1324 vero
601 1267 718 1339 ejus
739 1267 902 1322 etiam
925 1265 1146 1320 malitia:
1171 1275 1226 1322 et
1249 1265 1484 1336 peccatis
1511 1265 1715 1320 nostris

159 1381 256 1422 non
285 1363 488 1420 abesse.

527 1469 647 1508 per.
675 1467 782 1508 uv.
811 1467 928 1508 αλιι.
961 1451 1050 1518 17,
1093 1465 1246 1506 θεοτ.
1271 1449 1324 1506 5.

225 1576 264 1624 Θ
311 1565 454 1620 Dicis
489 1581 502 1618 :
551 1562 960 1618 Similitudinem
1003 1563 1192 1616 domus
1220 1561 1498 1632 cujusdam
1537 1561 1724 1632 patris-

161 1657 376 1726 familias
421 1649 560 1710 intra
591 1655 726 1708 lianc
749 1655 964 1708 domum
1003 1652 1118 1710 cali
1165 1663 1214 1708 et
1253 1661 1428 1720 teme,
1457 1651 1626 1708 malos
1667 1655 1724 1708 in

161 1765 290 1814 aere,
311 1747 468 1802 bonos
489 1747 544 1800 in
567 1747 756 1800 (ethera
785 1743 1053 1799 constitui.

1805 575 2105 644 nullumque
2131 573 2396 626 miseriam
2428 587 2558 633 esse,
2589 571 2690 624 nisi
2731 569 2964 624 veritatis
2993 568 3410 638 ignorantiam;-

1805 677 1854 720 et
1883 667 1970 720 ubi
1999 667 2267 734 ignoretur
2293 663 2500 726 veritas,
2523 661 2594 714 ibi
2623 659 2826 714 nullam
2845 660 3024 713 vitam.

1877 757 1917 828 1-
1947 755 2390 824 Respondemus:
2425 751 2774 806 Peccatorem
2807 751 2860 804 in
2897 749 3000 808 hac
3046 747 3158 802 vita
3179 745 3388 802 saluta-

1811 849 1946 903 riter
1989 847 2338 915 pmnitentem
2373 845 2592 900 dicere:
2627 841 2794 898 Miser
2819 841 2990 912 factus
3019 857 3168 906 sum,
3199 851 3247 894 et
3275 857 3414 924 cur—1

1811 951 1960 995 ratus
1989 955 2102 992 sum
2127 953 2288 1008 usque
2321 937 2378 990 in
2407 935 2564 1004 finem
2587 931 2706 1006 (Ps.
2739 949 2944 998 xxxvii,
2969 933 3046 1004 7),
3077 943 3132 986 et
3159 931 3391 1000 Aposto—

1815 1033 1924 1088 lum
1955 1051 1966 1085 :
1993 1030 2158 1085 Miser
2194 1045 2288 1100 ego
2327 1029 2480 1082 homo
2513 1027 2688 1100 (Rom.
2709 1043 2807 1092 vn,
2835 1025 2968 1098 ‘24);
3016 1031 3066 1079 cl
3117 1023 3345 1078 alterum
3379 1039 3392 1072 :

1817 1123 1998 1180 Miseri
2016 1131 2176 1178 estote
2199 1121 2436 1194 etlugete
2461 1119 2600 1192 (Jac.
2629 1133 2704 1184 ιν,
2719 1119 2798 1188 9),
2815 1133 2950 1188 quos
2970 1117 3154 1186 utique
3181 1123 3400 1170 mlerna:

1819 1218 1978 1274 morti
2005 1217 2180 1290 gratia
2211 1215 2306 1270 Dei
2331 1223 2630 1282 exemptos,
2659 1211 2914 1282 nullaque
2947 1209 3194 1264 veritatis
3243 1201 3422 1280 igno—'

1819 1309 1998 1364 rantia
2051 1307 2362 1362 tenebratos
2411 1304 2581 1360 libere
2633 1303 2974 1359 conﬁtemur.
3047 1299 3250 1356 Verum
3315 1303 3428 1352 re-'

1821 1403 2074 1468 pugnare
2089 1395 2184 1451 tibi
2207 1411 2367 1452 sensa
2391 1403 2447 1450 et
2465 1395 2610 1450 dicta
2635 1405 2724 1448 tua
2753 1393 3000 1464 quisquis
3019 1407 3128 1448 non
3145 1389 3424 1452 advertit,“

1823 1489 2096 1546 intellectu
2133 1497 2302 1546 caret.
2345 1487 2480 1542 Nam
2505 1503 2666 1560 supra
2702 1487 2920 1542 dixeras
2951 1485 3128 1542 inesse
3155 1483 3258 1540 illis
3279 1483 3378 1540 bet.

1825 1583 2094 1650 titudinis,
2119 1581 2396 1638 felicitatis
2421 1591 2476 1637 et
2500 1582 2748 1638 veritatis
2785 1581 3086 1648 notionem,
3118 1579 3404 1636 scientiam

1825 1677 2246 1732 etdesiderium.
2285 1675 2418 1730 Item
2455 1675 2549 1730 ubi
2605 1675 2883 1746 ignoretur
2923 1673 3144 1738 veritas,
3175 1671 3247 1728 ibi
3291 1671 3404 1726 nul-

1827 1769 1936 1824 lam
1965 1768 2154 1822 vitam.
2191 1767 2250 1821 Si
2277 1765 2424 1836 impii
2453 1767 2506 1820 in
2535 1765 2627 1821 illo
2677 1765 2800 1836 igne
2846 1763 3028 1820 sedem
3075 1771 3286 1819 tantum
3311 1761 3410 1818 ha-

223 1843 260 1912 ‘l‘
287 1839 692 1912 Respondemus
722 1856 736 1892 ³
765 1835 934 1930 Malos
965 1835 1064 1892 sub
1091 1835 1254 1892 “’"is
1283 1836 1336 1890 ί¹¹
1371 1833 1716 1930 ίηίθτηξῆίμὲξξί
1747 1851 1796 1912 Β
1823 1860 2010 1928 bituri,
2043 1875 2148 1926 non
2175 1867 2230 1914 et
2249 1833 2468 1928 poenam
2496 1833 2721 1930 passuri
2741 1865 2890 1923 sunt,
2912 1855 3182 1926 quomodo
3207 1855 3408 1912 nullam

159 1943 403 2004 perpetuo
431 1931 748 2002 mancipari,
779 1929 948 1988 bonos
989 1943 1150 2002 supra
1179 1943 1338 1984 omne
1365 1929 1470 1984 hoc
1513 1927 1724 1984 visibile

159 2025 362 2092 coelum,
389 2023 532 2094 quod
577 2023 974 2076 ﬁrmamentum
1021 2027 1226 2074 sanctae
1251 2017 1550 2090 Scriptura:
1588 2033 1726 2074 nun—

159 2125 364 2187 cupant,
399 2115 726 2186 sempiterna
751 2111 1086 2170 beatitudine
1107 2109 1418 2188 glorificari.

556 2241 677 2282 our.
701 2241 786 2292 ιγ,
808 2239 924 2280 esp.
953 2225 1040 2292 17,
1073 2239 1224 2280 sner.
1251 2225 1306 2280 7.

221 2353 262 2400 Θ
285 2341 428 2400 Dicis
455 2361 470 2396 :
497 2341 680 2414 Ignem
705 2351 956 2398 internum
975 2343 1046 2396 ad
1077 2343 1334 2398 urendum
1359 2343 1630 2398 diabolum
1674 2353 1724 2398 et

157 2433 360 2504 angelos
385 2433 636 2502 ejus,non
669 2431 902 2484 homines
933 2431 1152 2500 factum.

225 2524 264 2594 1-
293 2521 742 2592 Respondemus:
781 2519 994 2578 Dixisse
1029 2519 1198 2574 Dcum
1227 2537 1242 2576 :
1273 2519 1336 2576 Si
1377 2521 1560 2576 oculus
1601 2531 1724 2578 tuus

157 2611 474 2674 scandalizat
495 2620 564 2676 te,
592 2627 716 2666 erue
739 2627 858 2664 eum
895 2623 942 2666 et
963 2611 1160 2682 projiee
1185 2611 1278 2666 abs
1313 2621 1362 2666 te
1391 2629 1412 2666 :
1449 2611 1632 2668 melius
1652 2623 1728 2667 est

159 2699 246 2758 tibi
273 2701 472 2756 luscum
519 2702 736 2756 introire
765 2701 822 2754 in
861 2701 1022 2755 vitam
1067 2709 1338 2768 teternam,
1385 2719 1542 2772 quam
1597 2703 1730 2758 duos

157 2791 328 2848 oculos
357 2793 630 2846 habentem
673 2793 808 2846 mitti
833 2793 888 2846 in
919 2791 1088 2862 ignem
1115 2793 1614 2864 inexstinguibilem,
1643 2796 1732 2850 ubi

157 2885 338 2939 vermis
377 2899 554 2938 eorum
577 2899 680 2938 non
701 2885 926 2938 moritur
967 2893 1016 2940 et
1043 2885 1178 2955 ignis
1229 2901 1332 2940 non
1387 2887 1736 2958 exstinguitur-

159 2973 350 3044 (Marc.
380 2991 456 3042 IX,
485 2975 578 3042 46,
617 2974 730 3046 47).
767 2973 1032 3030 Similiter
1059 2977 1128 3030 de
1155 2991 1316 3032 manu
1339 2985 1394 3032 et
1423 2977 1576 3046 pede.

543 3107 662 3145 per.
687 3107 798 3156 LVI,
827 3105 944 3146 (ιλιι.
987 3091 1074 3156 17,
1107 3105 1258 3146 sec'r.
1297 3091 1350 3145 7.

225 3213 268 3260 Θ
305 3203 448 3259 Dicis
481 3221 493 3258 :
531 3201 770 3270 Diabolo,
823 3213 1096 3275 postquam
1143 3205 1334 3258 (athe-re
1359 3205 1604 3260 detrusus
1645 3205 1734 3270 sit,
1765 3211 1810 3274 C
1853 3273 1862 3278 _

153 3299 246 3350 ubi
267 3297 322 3350 in
344 3297 562 3352 tethereo
584 3313 798 3366 corpore
829 3313 930 3351 non
957 3305 1160 3368 poterat
1193 3315 1371 3368 plenas
1411 3299 1620 3365 sentire,
1641 3298 1738 3352 ad-

151 3387 324 3439 ditum
346 3403 532 3456 corpus
561 3403 796 3452 aereum,
825 3387 880 3442 in
899 3403 1000 3458 quo
1023 3389 1191 3459 ignem
1217 3391 1450 3443 sentiret.

225 3476 266 3546 1-
307 3475 755 3546 Respondemus:
797 3477 854 3532 ld
909 3479 1228 3533 auctoritate
1269 3469 1563 3550 Scriptura:
1613 3497 1740 3552 pro-

149 3567 382 3636 pheticae
406 3575 570 3636 atque
597 3569 906 3637 apostolicae
933 3569 1156 3624 minime
1183 3585 1342 3640 posse
1369 3571 1609 3642 probari.

467 3745 470 3748 _
537 3695 656 3734 per.
681 3693 808 3744 Lvu,
839 3695 954 3734 car.
985 3681 1082 3748 17,
1113 3697 1262 3738 SECT.
1309 3683 1362 3738 8.

215 3785 269 3846 Θ
299 3789 446 3846 Dicis
478 3805 492 3844 :
521 3789 648 3845 Non
663 3809 772 3846 esse
791 3789 942 3846 illum
985 3793 1156 3862 ignem
1193 3810 1422 3866 pinnam,
1455 3811 1615 3864 neque
1669 3795 1740 3848 ad

153 3877 278 3938 eam
304 3893 662 3954 prtrparatum
689 3883 764 3938 vel
791 3885 1242 3954 pra’destinatum.

227 3976 270 4046 1-
311 3975 760 4046 Respondemus:
795 3973 1004 4030 Dixisse
1050 3975 1370 4038 Dominum,
1407 3991 1528 4030 cum
1577 3991 1738 4046 para-

145 4067 340 4123 bolam
387 4065 614 4136 piscium
661 4068 924 4122 bonorum
975 4075 1138 4134 atque
1177 4065 1440 4140 malorum
1493 4081 1740 4136 pronun-

149 4159 354 4214 tiasset
381 4175 394 4212 :
419 4157 630 4212 exibunt
653 4155 846 4226 angeli,
869 4163 916 4210 et
943 4155 1260 4224 separabunt
1297 4155 1462 4208 malos
1485 4155 1550 4208 de
1571 4155 1740 4210 medio

135 4251 442 4320 justorum,
467 4259 514 4304 et
523 4245 832 4304 mittenteos
853 4249 906 4302 in
921 4243 1184 4302 caminum
1199 4249 1336 4318 ignis
1353 4263 1370 4302 :
1389 4247 1458 4301 ibi
1477 4249 1574 4304 erit
1587 4251 1742 4318 ﬂetus

143 4355 198 4398 et
231 4345 434 4398 stridor
445 4345 678 4398 dentium
697 4343 908 4414 (Matth.
927 4357 1050 4406 xm,
1077 4341 1295 4412 49,50).
1311 4341 1464 4409 Quod
1481 4351 1532 4398 te
1553 4345 1742 4399 adver-

143 4451 250 4490 sus
281 4435 534 4504 teipsum,
557 4443 806 4504 patenter
833 4433 1034 4488 dixisse
1065 4441 1418 4498 monstratur,
1464 4435 1556 4504 qui
1591 4435 1742 4504 prius

139 4527 410 4582 eumdem
461 4528 638 4596 ignem
680 4529 746 4582 ad
789 4527 1050 4594 urendum
1095 4525 1363 4582 diabolum
1417 4533 1474 4582 et
1523 4529 1746 4598 angelos

139 4619 274 4686 ejus
307 4619 510 4674 factun‘i
535 4619 774 4684 dixeras,
803 4633 908 4688 quo
935 4618 1078 4696 enim
1131 4627 1292 4690 pacto
1335 4619 1458 4688 quis
1500 4619 1602 4686 uri,
1637 4620 1740 4674 nisi

137 4711 452 4784 pinnaliter
486 4719 670 4782 queat,
693 4727 800 4766 non
819 4709 998 4766 video.

461 4867 466 4870 .
549 4841 666 4882 oar.
694 4841 842 4892 ιγιιι,
865 4841 982 4882 exp.
1009 4827 1096 4894 17,
1131 4841 1282 4882 εεοτ.
1311 4829 1362 4884 8.

221 4951 272 4998 Θ
299 4939 492 4996 Dicis:
529 4937 788 4994 Eumdem
825 4941 996 5010 ignem
1043 4939 1216 4994 sedem
1270 4939 1468 5009 factum
1505 4957 1614 4994 esse
1645 4941 1744 4994 im-

137 5035 394 5104 piorum,
421 5031 477 5088 in
506 5049 607 5102 quo
627 5049 730 5086 non
753 5033 926 5086 minus
949 5031 1178 5086 habitent
1205 5031 1340 5084 beati
1365 5047 1520 5102 quam
1545 5033 1744 5086 miseri.

223 5123 270 5194 1-
301 5123 714 5194 BeSpondemus
743 5139 758 5176 :
805 5123 920 5178 Non
951 5123 1134 5178 sedem
1161 5125 1442 5180 suavitatis
1473 5131 1530 5178 et
1575 5125 1750 5194 digni.

141 5223 312 5286 tatis,
343 5221 638 5292 utdesi'pis,
685 5221 972 5291 impiorum
1015 5221 1108 5276 sed
1161 5229 1424 5275 aeternum
1473 5236 1593 5276 esse
1641 5231 1750 5276 tor-

137 5323 410 5368 mentum
431 5353 446 5376 ,
475 5327 570 5368 nec
599 5313 732 5368 ineo
761 5313 1100 5380 habitaturos
1129 5313 1348 5378 beatos,
1377 5313 1600 5368 dicente
1643 5313 1748 5368 Do-

137 5405 312 5458 mino
349 5422 362 5458 :
391 5403 546 5458 Ibunt
565 5405 618 5457 hi
639 5405 694 5458 in
715 5403 1026 5474 supplicium
1052 5413 1329 5470 (sternunt,
1347 5405 1484 5475 justi
1505 5415 1676 5460 autem
1695 5405 1748 5460 in

137 5495 326 5546 vitam
353 5493 830 5572 wternamﬁllatth.
857 5509 982 5560 xxv,
1007 5495 1118 5566 46).
1157 5495 1432 5566 Nusquam
1463 5507 1642 5552 autem
1671 5515 1752 5553 sa-

137 5601 388 5640 crarum
411 5583 712 5642 litterarum
741 5585 828 5642 ille
849 5587 990 5658 ignis
1016 5587 1124 5660 vita
1161 5593 1362 5642 mterna
1389 5597 1748 5658 nuncupatur.

561 5711 678 5750 per.
709 5711 818 5762 nx,
857 5711 978 5752 car.
1019 5699 1102 5762 17,
1137 5711 1286 5754 secr.
1315 5698 1366 5752 9.

223 5817 274 5864 Ο
309 5807 498 5866 Dicis:
534 5807 804 5866 Miseriam
837 5811 1034 5868 nullam
1056 5829 1184 5878 esse,
1219 5813 1318 5868 nisi
1345 5821 1560 5868 mortem
1597 5823 1750 5868 (ωεν-

1827 1951 1996 2006 vitam
2027 1951 2356 2006 habebunt?
2389 1951 2482 2006 sed
2513 1951 2726 2007 Veritas
2754 1949 2956 2006 clamat
2979 1949 3264 2004 habituros
3307 1943 3428 2004 illic

1829 2041 2030 2113 impios
2047 2042 2237 2107 vitam,
2272 2041 2366 2096 sed
2383 2041 2672 2112 poenalem.

2147 2167 2265 2208 per.
2295 2169 2384 2218 1.x,
2413 2167 2528 2206 car.
2561 2151 2648 2220 18,
2679 2169 2734 2206 τ.
2767 2168 2838 2207 ετ
2865 2167 3016 2208 θεοῖ.
3059 2151 3113 2206 1.

1897 2275 1938 2324 Θ
1965 2266 2110 2322 Dicis
2141 2283 2156 2322 :
2187 2265 2436 2322 Eri-orem
2484 2265 2961 2336 prcedestinationis
3007 2281 3072 2320 ea:
3115 2261 3428 2320 liberalium.

1827 2355 2224 2426 disciplinarum
2245 2355 2566 2424 ignorantia,
2595 2363 2642 2410 et
2673 2353 2984 2410 Grazcarum
3010 2355 3306 2411 litterarum
3333 2355 3416 2410 in-

1827 2446 1978 2500 scitia
2001 2453 2168 2499 ortam
2197 2461 2324 2500 esse.

1897 2535 1938 2604 1-
1965 2534 2408 2604 Respondemus:
2435 2533 2550 2591 Non
2573 2551 2692 2592 esse
2721 2549 2984 2602 errorem,
3001 2537 3096 2592 sed
3133 2535 3414 2594 veritatem

1829 2625 2316 2698 przedestinationis
2336 2625 2562 2694 geminae
2583 2641 2614 2680 a
2643 2625 2896 2680 Patribus
2915 2625 3270 2695 approbatam
3293 2635 3412 2680 tan-

1835 2725 2018 2788 topere
2041 2733 2106 2772 ac
2133 2717 2480 2786 praedicatum
2529 2731 2730 2786 eosque
2757 2715 3056 2787 perfectam
3099 2717 3412 2774 earumdem

1835 2807 2116 2864 scientiam
2161 2807 2414 2864 habuisse
2439 2807 2748 2864 nullatenus
2773 2807 3102 2874 dubitamus,
3131 2817 3290 2878 teque
3316 2825 3432 2879 po-r

1839 2897 2228 2954 tiustantillula
2255 2913 2442 2954 earum
2481 2899 2764 2962 scientiola
2805 2899 2948 2954 ultra
2993 2899 3138 2954 vires
3163 2907 3286 2960 tuas
3335 2907 3416 2954 tu-

1839 2990 2040 3044 muisse
2067 2999 2230 3060 atque
2277 2991 2334 3046 in
2366 2999 2544 3045 tantas
2589 2989 2956 3060 blasphemias
3011 2991 3174 3062 impie
3221 3007 3434 3062 proru-.

1841 3085 2003 3154 pisse.

2233 3191 2350 3230 per.
2381 3191 2494 3243 th,
2525 3192 2642 3232 car.
2687 3177 2776 3242 l8,
2798 3191 2948 3234 sec'r.
2979 3177 3031 3232 1.

1911 3295 1952 3342 Θ
1987 3284 2132 3344 Dicis
2171 3303 2184 3338 :
2215 3285 2322 3340 Eas
2355 3285 2451 3340 Dei
2472 3273 2780 3358 sapientiam
2819 3303 2944 3342 suas
2975 3285 3186 3341 comites
3211 3283 3424 3340 investi-

1841 3379 2162 3448 gatrieesque
2188 3378 2306 3448 ﬁeri
2325 3379 2408 3434 vol
2413 3381 2569 3434 uisse.

1909 3469 1952 3542 1-
1999 3469 2406 3540 Bespondemus
2447 3489 2460 3526 :
2515 3471 2672 3528 Nullo
2713 3471 2913 3528 comite
2959 3471 3054 3526 Dei
3099 3469 3422 3540 sapientiam

1841 3560 2154 3632 indiguisse,
2179 3577 2282 3617 nec
2303 3577 2400 3631 per
2425 3577 2520 3618 eas
2545 3577 2602 3618 se
2619 3561 2956 3632 investigari.
2981 3559 3086 3616 Sed
3115 3573 3210 3640 per
3245 3559 3436 3630 Spiri--

1843 3657 1958 3704 tum
1981 3665 2138 3704 suum
2193 3651 2260 3706 de
2290 3666 2398 3720 quo
2429 3651 2546 3720 ipse
2576 3651 2882 3720 promittit:
2925 3647 3058 3704 Cum
3097 3649 3288 3704 venerit
3335 3647 3424 3700 ille

1844 3737 2076 3808 Spiritus
2105 3739 2360 3804 ueritatis,
2389 3737 2590 3793 docebit
2611 3755 2700 3792 vos
2717 3753 2922 3792 onmem
2943 3739 3210 3792 veritatem
3239 3737 3426 3808 (Joan.

1843 3827 2108 3896 “1,15);
2159 3827 2304 3896 quod
2335 3829 2540 3899 absque
2587 3829 3016 3884 contradictione
3043 3829 3096 3882 in
3145 3827 3434 3899 prophetis

1843 3917 2174 3987 pastoribus,
2207 3917 2260 3971 in
2299 3918 2556 3990 apostolis
2584 3919 2948 3989 piscatoribus
3001 3919 3306 3974 litterarum
3344 3919 3426 3974 in-

1843 4008 1972 4066 sciis
2005 4009 2404 4076 comprobatur,
2436 4009 2646 4071 dicente
2666 4007 2962 4080 Apostolo:
2997 4007 3142 4063 Nam
3179 4025 3296 4064 cum
3325 4025 3431 4062 non

1845 4101 2160 4170 cognovisset
2187 4099 2412 4154 mundus
2435 4101 2860 4172 per‘sapientiam
2891 4101 3079 4166 Deum,
3101 4099 3297 4174 placuit
3323 4099 3430 4154 Deo

1845 4207 1938 4262 per
1979 4189 2254 4244 stultitiam
2297 4191 2688 4260 praedicationis
2731 4189 2900 4246 salvos
2947 4191 3120 4260 facere
3163 4191 3440 4246 credentes

1848 4281 1898 4354 (l
1927 4281 2050 4336 Cor.
2079 4297 2116 4348 ι,
2151 4283 2264 4354 21).
2299 4283 2364 4338 Et
2405 4283 2738 4354 evangelista
2777 4301 2790 4336 :
2833 4283 2962 4338 Erat
2989 4283 3082 4338 lux
3127 4299 3270 4350 rem,
3313 4299 3432 4354 qua:

1847 4374 2110 4429 illuminat
2144 4391 2346 4430 onmem
2397 4377 2658 4432 hominem
2702 4377 2984 4431 uenientem
3013 4377 3068 4431 in
3109 4377 3246 4431 hunc
3285 4393 3440 4428 man--

1847 4464 1973 4518 dum
2005 4463 2185 4531 (Joan.
2237 4483 2276 4532 ι,
2327 4467 2404 4538 9).
2451 4467 2516 4522 ΕΙ.
2569 4469 2698 4522 item
2743 4467 3044 4538 Apustolo:
3087 4463 3432 4534 lt'vangeliam

1773 4575 1822 4634 ι)
1849 4555 1988 4624 quod
2015 4555 2362 4625 praedicatum
2383 4567 2458 4611 est
2493 4575 2526 4612 a
2549 4575 2650 4622 nte,
2685 4573 2794 4612 non
2817 4567 2892 4612 est
2935 4557 3224 4622 secundum
3261 4553 3436 4606 homia

1851 4661 1998 4712 nem;
2027 4663 2190 4716 neque
2213 4647 2348 4700 enim
2368 4647 2432 4700 ab
2461 4647 2668 4702 homine
2689 4649 2864 4717 accepi
2881 4647 3036 4711 illud,
3067 4659 3230 4714 neque
3243 4643 3430 4710 didici,

1849 4737 1938 4792 sed
1968 4755 2060 4810 per
2089 4737 2452 4794 reuelationem
2476 4737 2604 4792 Jesu
2635 4739 2828 4794 Christi
2859 4737 3000 4810 (Gal.
3025 4753 3066 4802 ι,
3095 4737 3184 4802 11,
3213 4735 3322 4804 12).

2221 4867 2338 4906 per.
2367 4867 2499 4918 an,
2532 4867 2648 4908 car.
2678 4851 2766 4918 18,
2812 4867 2963 4906 sec-1'.
3000 4849 3054 4904 '5.

1924 4975 1966 5022 Θ
2001 4965 2146 5020 Dicis
2197 4981 2209 5018 :
2250 4963 2772 5038 Prwdestinatibnem
2797 5003 2814 5028 ,
2873 4953 2923 5016 et
2965 4951 3442 5032 pra-:deﬁnitionem‘

1855 5057 1984 5112 nihil
2012 5057 2162 5112 aliud
2189 5073 2300 5112 esse
2327 5075 2482 5128 quam
2505 5057 2884 5128 pra-visionem.

1927 5147 1964 5218 1-
2015 5149 2426 5218 Respondemus
2468 5167 2482 5202 :
2533 5147 2748 5202 Falsum
2797 5159 2922 5200 esse
2963 5159 2980 5198 :
3017 5141 3184 5198 multa
3237 5137 3436 5208 quippe

1855 5239 2219 5308 prievideutur
2251 5255 2374 5310 qua:
2419 5253 2520 5294 nec
2555 5235 3008 5306 prmdcstiuantur
3045 5247 3148 5288 nec
3181 5229 3444 5302 prmdeﬁ-_

1857 5329 2098 5384 niuutur.

2221 5439 2334 5476 mar.
2363 5435 2652 5486 Lxm,csr.
2687 5417 2774 5486 18,
2809 5433 2962 5474 ssc'r.
2991 5417 3044 5472 4.

1927 5547 1968 5592 Θ
1995 5535 2140 5590 Dicis
2173 5551 2186 5588 :
2219 5534 2386 5588 Deum
2429 5551 2518 5588 nec
2571 5533 2868 5604 prcevidisse
2919 5549 3012 5586 nec
3039 5529 3438 5608 prardestmasse

1855 5639 2072 5684 mortem
2091 5639 2138 5680 et
2159 5641 2358 5696 plenas,
2383 5625 2508 5694 quia
2533 5623 2664 5679 nihil
2691 5631 2836 5678 sunt.

1931 5719 1970 5790 1-
2001 5715 2454 5787 Respondemus:
2499 5715 2668 5772 Deum
2709 5721 2766 5768 et
2789 5711 3098 5783 praevidisse
3145 5719 3200 5766 et
3227 5711 3438 5780 praede.

1860 5813 2094 5868 SlillaSSB
2121 5817 2350 5866 mortem
2377 5819 2430 5864 Θῑ
2447 5821 2659 5868 ηωηειε.
2681 5807 2772 5866 Olli
2793 5817 3138 5862 peccaturum
3161 5803 3440 5860 hominem
