  <div class='ocr_page' id='page_1' title='image "/cluster/home/n/w/nwhite01/storage/ocr_20150623/115/hvd.32044015466873/685.png"; bbox 0 0 3974 6344; ppageno 0'>
   <div class='ocr_carea' id='block_1_1' title="bbox 520 426 660 483">
    <p class='ocr_par' dir='ltr' id='par_1_1' title="bbox 520 426 660 483">
     <span class='ocr_line' id='line_1_1' title="bbox 520 426 660 483; baseline 0.014 -2"><span class='ocrx_word' id='word_1_1' title='bbox 520 426 660 483; x_wconf 72' lang='grc'><strong><em>1563</em></strong></span> 
     </span>
    </p>
   </div>
   <div class='ocr_carea' id='block_1_2' title="bbox 523 637 1297 710">
    <p class='ocr_par' dir='ltr' id='par_1_2' title="bbox 523 637 1297 710">
     <span class='ocr_line' id='line_1_2' title="bbox 523 637 1297 710; baseline -0.005 -14"><span class='ocrx_word' id='word_1_2' title='bbox 523 641 846 696; x_wconf 86' lang='lat' dir='ltr'><strong><em>moriturum</em></strong></span> <span class='ocrx_word' id='word_1_3' title='bbox 877 637 1024 694; x_wconf 90' lang='lat' dir='ltr'><strong><em>illum</em></strong></span> <span class='ocrx_word' id='word_1_4' title='bbox 1046 637 1297 710; x_wconf 70' lang='lat' dir='ltr'><strong><em>praedixit</em></strong></span> 
     </span>
    </p>
   </div>
   <div class='ocr_carea' id='block_1_3' title="bbox 911 767 1716 835">
    <p class='ocr_par' dir='ltr' id='par_1_3' title="bbox 911 767 1716 835">
     <span class='ocr_line' id='line_1_3' title="bbox 911 767 1716 835; baseline -0.002 -13"><span class='ocrx_word' id='word_1_5' title='bbox 911 784 1026 823; x_wconf 71' lang='lat' dir='ltr'><strong><em>per.</em></strong></span> <span class='ocrx_word' id='word_1_6' title='bbox 1054 783 1200 833; x_wconf 73' lang='lat' dir='ltr'><strong><em>an&#39;,</em></strong></span> <span class='ocrx_word' id='word_1_7' title='bbox 1224 783 1342 823; x_wconf 60' lang='lat' dir='ltr'><strong><em>cae.</em></strong></span> <span class='ocrx_word' id='word_1_8' title='bbox 1373 768 1462 835; x_wconf 88' lang='lat'><strong><em>18,</em></strong></span> <span class='ocrx_word' id='word_1_9' title='bbox 1484 783 1636 822; x_wconf 69' lang='lat' dir='ltr'><strong><em>secr.</em></strong></span> <span class='ocrx_word' id='word_1_10' title='bbox 1665 767 1716 820; x_wconf 91' lang='lat'><strong><em>7.</em></strong></span> 
     </span>
    </p>
   </div>
   <div class='ocr_carea' id='block_1_4' title="bbox 595 881 2111 954">
    <p class='ocr_par' dir='ltr' id='par_1_4' title="bbox 595 881 2111 954">
     <span class='ocr_line' id='line_1_4' title="bbox 595 881 2111 954; baseline -0.003 -15"><span class='ocrx_word' id='word_1_11' title='bbox 595 895 638 941; x_wconf 88' lang='grc' dir='ltr'><strong><em>Θ</em></strong></span> <span class='ocrx_word' id='word_1_12' title='bbox 690 884 835 938; x_wconf 87' lang='lat' dir='ltr'><strong><em>Dicis</em></strong></span> <span class='ocrx_word' id='word_1_13' title='bbox 875 901 888 936; x_wconf 91' lang='lat'><strong><em>:</em></strong></span> <span class='ocrx_word' id='word_1_14' title='bbox 933 883 1030 937; x_wconf 88' lang='lat' dir='ltr'><strong><em>Dei</em></strong></span> <span class='ocrx_word' id='word_1_15' title='bbox 1077 883 1390 954; x_wconf 72' lang='lat' dir='ltr'><strong><em>sapientiam</em></strong></span> <span class='ocrx_word' id='word_1_16' title='bbox 1445 882 1847 950; x_wconf 79' lang='lat' dir='ltr'><strong><em>prwdestinasse</em></strong></span> <span class='ocrx_word' id='word_1_17' title='bbox 1883 881 1953 934; x_wconf 84' lang='lat' dir='ltr'><strong><em>in</em></strong></span> <span class='ocrx_word' id='word_1_18' title='bbox 2000 881 2111 935; x_wconf 88' lang='lat' dir='ltr'><strong><em>suis</em></strong></span> 
     </span>
    </p>
   </div>
   <div class='ocr_carea' id='block_1_5' title="bbox 525 970 2112 1046">
    <p class='ocr_par' dir='ltr' id='par_1_5' title="bbox 525 970 2112 1046">
     <span class='ocr_line' id='line_1_5' title="bbox 525 970 2112 1046; baseline -0.002 -20"><span class='ocrx_word' id='word_1_19' title='bbox 525 974 722 1046; x_wconf 77' lang='lat' dir='ltr'><strong><em>legibus</em></strong></span> <span class='ocrx_word' id='word_1_20' title='bbox 750 975 933 1030; x_wconf 86' lang='lat' dir='ltr'><strong><em>modos</em></strong></span> <span class='ocrx_word' id='word_1_21' title='bbox 967 975 1107 1028; x_wconf 87' lang='lat' dir='ltr'><strong><em>ultra</em></strong></span> <span class='ocrx_word' id='word_1_22' title='bbox 1133 991 1260 1045; x_wconf 90' lang='lat' dir='ltr'><strong><em>quos</em></strong></span> <span class='ocrx_word' id='word_1_23' title='bbox 1291 975 1572 1044; x_wconf 88' lang='lat' dir='ltr'><strong><em>impiorum</em></strong></span> <span class='ocrx_word' id='word_1_24' title='bbox 1617 971 1822 1026; x_wconf 89' lang='lat' dir='ltr'><strong><em>malitia</em></strong></span> <span class='ocrx_word' id='word_1_25' title='bbox 1869 970 2112 1043; x_wconf 79' lang='lat' dir='ltr'><strong><em>progredi</em></strong></span> 
     </span>
    </p>
   </div>
   <div class='ocr_carea' id='block_1_6' title="bbox 525 1061 2112 1136">
    <p class='ocr_par' dir='ltr' id='par_1_6' title="bbox 525 1061 2112 1136">
     <span class='ocr_line' id='line_1_6' title="bbox 525 1061 2112 1136; baseline -0.001 -20"><span class='ocrx_word' id='word_1_26' title='bbox 525 1081 632 1120; x_wconf 82' lang='lat' dir='ltr'><strong><em>non</em></strong></span> <span class='ocrx_word' id='word_1_27' title='bbox 662 1067 848 1136; x_wconf 86' lang='lat' dir='ltr'><strong><em>possit,</em></strong></span> <span class='ocrx_word' id='word_1_28' title='bbox 877 1083 969 1120; x_wconf 90' lang='lat' dir='ltr'><strong><em>nec</em></strong></span> <span class='ocrx_word' id='word_1_29' title='bbox 999 1066 1102 1120; x_wconf 89' lang='lat' dir='ltr'><strong><em>sini</em></strong></span> <span class='ocrx_word' id='word_1_30' title='bbox 1142 1065 1368 1134; x_wconf 79' lang='lat' dir='ltr'><strong><em>alicujus</em></strong></span> <span class='ocrx_word' id='word_1_31' title='bbox 1411 1063 1670 1117; x_wconf 76' lang='lat' dir='ltr'><strong><em>malitiam</em></strong></span> <span class='ocrx_word' id='word_1_32' title='bbox 1728 1063 1782 1116; x_wconf 90' lang='lat' dir='ltr'><strong><em>in</em></strong></span> <span class='ocrx_word' id='word_1_33' title='bbox 1825 1061 2112 1131; x_wconf 81' lang='lat' dir='ltr'><strong><em>inﬁnitum,</em></strong></span> 
     </span>
    </p>
   </div>
   <div class='ocr_carea' id='block_1_7' title="bbox 528 1153 2130 1227">
    <p class='ocr_par' dir='ltr' id='par_1_7' title="bbox 528 1153 2130 1227">
     <span class='ocr_line' id='line_1_7' title="bbox 528 1153 2130 1227; baseline -0.003 -17"><span class='ocrx_word' id='word_1_34' title='bbox 528 1169 683 1227; x_wconf 88' lang='lat' dir='ltr'><strong><em>prout</em></strong></span> <span class='ocrx_word' id='word_1_35' title='bbox 706 1157 846 1221; x_wconf 87' lang='lat' dir='ltr'><strong><em>velit,</em></strong></span> <span class='ocrx_word' id='word_1_36' title='bbox 878 1158 1108 1221; x_wconf 74' lang='lat' dir='ltr'><strong><em>extendi,</em></strong></span> <span class='ocrx_word' id='word_1_37' title='bbox 1147 1157 1336 1212; x_wconf 79' lang='lat' dir='ltr'><strong><em>divinis</em></strong></span> <span class='ocrx_word' id='word_1_38' title='bbox 1365 1155 1565 1226; x_wconf 84' lang='lat' dir='ltr'><strong><em>legibus</em></strong></span> <span class='ocrx_word' id='word_1_39' title='bbox 1611 1153 1978 1225; x_wconf 83' lang='lat' dir='ltr'><strong><em>progrediendi</em></strong></span> <span class='ocrx_word' id='word_1_40' title='bbox 2005 1168 2130 1226; x_wconf 7' lang='lat' dir='ltr'><strong><em>mo—q</em></strong></span> 
     </span>
    </p>
   </div>
   <div class='ocr_carea' id='block_1_8' title="bbox 529 1248 1088 1318">
    <p class='ocr_par' dir='ltr' id='par_1_8' title="bbox 529 1248 1088 1318">
     <span class='ocr_line' id='line_1_8' title="bbox 529 1248 1088 1318; baseline 0.002 -18"><span class='ocrx_word' id='word_1_41' title='bbox 529 1248 655 1302; x_wconf 89' lang='lat' dir='ltr'><strong><em>dum</em></strong></span> <span class='ocrx_word' id='word_1_42' title='bbox 683 1248 1088 1318; x_wconf 75' lang='lat' dir='ltr'><strong><em>impatientibus.</em></strong></span> 
     </span>
    </p>
   </div>
   <div class='ocr_carea' id='block_1_9' title="bbox 599 1331 2129 1408">
    <p class='ocr_par' dir='ltr' id='par_1_9' title="bbox 599 1331 2129 1408">
     <span class='ocr_line' id='line_1_9' title="bbox 599 1331 2129 1408; baseline -0.003 -16"><span class='ocrx_word' id='word_1_43' title='bbox 599 1341 641 1408; x_wconf 63' lang='grc' dir='ltr'><strong><em>’ξ’</em></strong></span> <span class='ocrx_word' id='word_1_44' title='bbox 661 1337 1068 1408; x_wconf 80' lang='lat' dir='ltr'><strong><em>Respondemus</em></strong></span> <span class='ocrx_word' id='word_1_45' title='bbox 1094 1357 1106 1392; x_wconf 91' lang='lat'><strong><em>:</em></strong></span> <span class='ocrx_word' id='word_1_46' title='bbox 1139 1338 1338 1392; x_wconf 81' lang='lat' dir='ltr'><strong><em>Verum</em></strong></span> <span class='ocrx_word' id='word_1_47' title='bbox 1369 1353 1511 1400; x_wconf 88' lang='lat' dir='ltr'><strong><em>esse,</em></strong></span> <span class='ocrx_word' id='word_1_48' title='bbox 1545 1335 1758 1391; x_wconf 75' lang='lat' dir='ltr'><strong><em>dicente</em></strong></span> <span class='ocrx_word' id='word_1_49' title='bbox 1782 1333 1943 1390; x_wconf 88' lang='lat' dir='ltr'><strong><em>beato</em></strong></span> <span class='ocrx_word' id='word_1_50' title='bbox 1968 1331 2070 1388; x_wconf 83' lang='lat' dir='ltr'><strong><em>Job</em></strong></span> <span class='ocrx_word' id='word_1_51' title='bbox 2100 1349 2129 1394; x_wconf 69' lang='grc' dir='ltr'><strong>ε,</strong></span> 
     </span>
    </p>
   </div>
   <div class='ocr_carea' id='block_1_10' title="bbox 531 1424 2119 1497">
    <p class='ocr_par' dir='ltr' id='par_1_10' title="bbox 531 1424 2119 1497">
     <span class='ocr_line' id='line_1_10' title="bbox 531 1424 2119 1497; baseline -0.006 -14"><span class='ocrx_word' id='word_1_52' title='bbox 531 1428 861 1483; x_wconf 74' lang='lat' dir='ltr'><strong><em>Constituisti</em></strong></span> <span class='ocrx_word' id='word_1_53' title='bbox 913 1428 1158 1482; x_wconf 82' lang='lat' dir='ltr'><strong><em>terminos</em></strong></span> <span class='ocrx_word' id='word_1_54' title='bbox 1179 1426 1290 1496; x_wconf 86' lang='lat' dir='ltr'><strong><em>ejus</em></strong></span> <span class='ocrx_word' id='word_1_55' title='bbox 1313 1427 1406 1497; x_wconf 88' lang='lat' dir='ltr'><strong><em>qui</em></strong></span> <span class='ocrx_word' id='word_1_56' title='bbox 1439 1424 1699 1496; x_wconf 83' lang='lat' dir='ltr'><strong><em>prtcteriri</em></strong></span> <span class='ocrx_word' id='word_1_57' title='bbox 1729 1440 1832 1477; x_wconf 87' lang='lat' dir='ltr'><strong><em>non</em></strong></span> <span class='ocrx_word' id='word_1_58' title='bbox 1879 1430 2119 1492; x_wconf 88' lang='lat' dir='ltr'><strong><em>poterunt</em></strong></span> 
     </span>
    </p>
   </div>
   <div class='ocr_carea' id='block_1_11' title="bbox 532 1513 2123 1591">
    <p class='ocr_par' dir='ltr' id='par_1_11' title="bbox 532 1513 2123 1591">
     <span class='ocr_line' id='line_1_11' title="bbox 532 1513 2123 1591; baseline -0.005 -17"><span class='ocrx_word' id='word_1_59' title='bbox 532 1521 656 1591; x_wconf 85' lang='lat' dir='ltr'><strong><em>(Job</em></strong></span> <span class='ocrx_word' id='word_1_60' title='bbox 708 1535 824 1584; x_wconf 82' lang='lat' dir='ltr'><strong><em>xw,</em></strong></span> <span class='ocrx_word' id='word_1_61' title='bbox 869 1519 944 1590; x_wconf 85' lang='grc'><strong><em>5).</em></strong></span> <span class='ocrx_word' id='word_1_62' title='bbox 973 1519 1102 1586; x_wconf 73' lang='lat' dir='ltr'><strong><em>Quzze</em></strong></span> <span class='ocrx_word' id='word_1_63' title='bbox 1161 1517 1428 1574; x_wconf 89' lang='lat' dir='ltr'><strong><em>sententia</em></strong></span> <span class='ocrx_word' id='word_1_64' title='bbox 1481 1524 1570 1570; x_wconf 87' lang='lat' dir='ltr'><strong><em>tua</em></strong></span> <span class='ocrx_word' id='word_1_65' title='bbox 1617 1515 1898 1569; x_wconf 89' lang='lat' dir='ltr'><strong><em>nobiscum</em></strong></span> <span class='ocrx_word' id='word_1_66' title='bbox 1944 1513 2123 1584; x_wconf 79' lang='lat' dir='ltr'><strong><em>potius</em></strong></span> 
     </span>
    </p>
   </div>
   <div class='ocr_carea' id='block_1_12' title="bbox 532 1608 2130 1683">
    <p class='ocr_par' dir='ltr' id='par_1_12' title="bbox 532 1608 2130 1683">
     <span class='ocr_line' id='line_1_12' title="bbox 532 1608 2130 1683; baseline -0.006 -17"><span class='ocrx_word' id='word_1_67' title='bbox 532 1629 696 1683; x_wconf 89' lang='lat' dir='ltr'><strong><em>quam</em></strong></span> <span class='ocrx_word' id='word_1_68' title='bbox 728 1622 902 1667; x_wconf 90' lang='lat' dir='ltr'><strong><em>tecum</em></strong></span> <span class='ocrx_word' id='word_1_69' title='bbox 935 1611 1068 1680; x_wconf 86' lang='lat' dir='ltr'><strong><em>agit,</em></strong></span> <span class='ocrx_word' id='word_1_70' title='bbox 1094 1610 1180 1664; x_wconf 85' lang='lat' dir='ltr'><strong><em>vis</em></strong></span> <span class='ocrx_word' id='word_1_71' title='bbox 1206 1609 1352 1664; x_wconf 87' lang='lat' dir='ltr'><strong><em>enim</em></strong></span> <span class='ocrx_word' id='word_1_72' title='bbox 1375 1608 1517 1662; x_wconf 90' lang='lat' dir='ltr'><strong><em>hanc</em></strong></span> <span class='ocrx_word' id='word_1_73' title='bbox 1545 1619 1667 1660; x_wconf 89' lang='lat' dir='ltr'><strong><em>esse</em></strong></span> <span class='ocrx_word' id='word_1_74' title='bbox 1689 1619 1904 1674; x_wconf 79' lang='lat' dir='ltr'><strong><em>pcenam</em></strong></span> <span class='ocrx_word' id='word_1_75' title='bbox 1929 1617 2130 1674; x_wconf 86' lang='lat' dir='ltr'><strong><em>pecca-_</em></strong></span> 
     </span>
    </p>
   </div>
   <div class='ocr_carea' id='block_1_13' title="bbox 534 1696 2134 1776">
    <p class='ocr_par' dir='ltr' id='par_1_13' title="bbox 534 1696 2134 1776">
     <span class='ocr_line' id='line_1_13' title="bbox 534 1696 2134 1776; baseline -0.007 -20"><span class='ocrx_word' id='word_1_76' title='bbox 534 1702 763 1776; x_wconf 88' lang='lat' dir='ltr'><strong><em>toribus,</em></strong></span> <span class='ocrx_word' id='word_1_77' title='bbox 793 1701 1010 1770; x_wconf 85' lang='lat' dir='ltr'><strong><em>quando</em></strong></span> <span class='ocrx_word' id='word_1_78' title='bbox 1035 1716 1141 1755; x_wconf 89' lang='lat' dir='ltr'><strong><em>non</em></strong></span> <span class='ocrx_word' id='word_1_79' title='bbox 1176 1707 1386 1753; x_wconf 89' lang='lat' dir='ltr'><strong><em>tantum</em></strong></span> <span class='ocrx_word' id='word_1_80' title='bbox 1415 1711 1642 1773; x_wconf 87' lang='lat' dir='ltr'><strong><em>peccare</em></strong></span> <span class='ocrx_word' id='word_1_81' title='bbox 1663 1696 1918 1770; x_wconf 84' lang='lat' dir='ltr'><strong><em>sinuntur</em></strong></span> <span class='ocrx_word' id='word_1_82' title='bbox 1947 1707 2134 1763; x_wconf 83' lang='lat' dir='ltr'><strong><em>quan-_</em></strong></span> 
     </span>
    </p>
   </div>
   <div class='ocr_carea' id='block_1_14' title="bbox 535 1792 2123 1864">
    <p class='ocr_par' dir='ltr' id='par_1_14' title="bbox 535 1792 2123 1864">
     <span class='ocr_line' id='line_1_14' title="bbox 535 1792 2123 1864; baseline -0.006 -16"><span class='ocrx_word' id='word_1_83' title='bbox 535 1805 650 1850; x_wconf 84' lang='lat' dir='ltr'><strong><em>tum</em></strong></span> <span class='ocrx_word' id='word_1_84' title='bbox 670 1795 874 1849; x_wconf 87' lang='lat' dir='ltr'><strong><em>volunt.</em></strong></span> <span class='ocrx_word' id='word_1_85' title='bbox 912 1795 966 1848; x_wconf 87' lang='lat' dir='ltr'><strong><em>Si</em></strong></span> <span class='ocrx_word' id='word_1_86' title='bbox 989 1809 1120 1864; x_wconf 80' lang='lat' dir='ltr'><strong><em>ergo</em></strong></span> <span class='ocrx_word' id='word_1_87' title='bbox 1146 1795 1259 1849; x_wconf 71' lang='lat' dir='ltr'><strong><em>haec</em></strong></span> <span class='ocrx_word' id='word_1_88' title='bbox 1287 1792 1391 1847; x_wconf 91' lang='lat' dir='ltr'><strong><em>illis</em></strong></span> <span class='ocrx_word' id='word_1_89' title='bbox 1418 1805 1580 1862; x_wconf 65' lang='lat' dir='ltr'><strong><em>paena</em></strong></span> <span class='ocrx_word' id='word_1_90' title='bbox 1597 1797 1890 1857; x_wconf 89' lang='lat' dir='ltr'><strong><em>est,aquo,</em></strong></span> <span class='ocrx_word' id='word_1_91' title='bbox 1919 1799 2123 1856; x_wconf 69' lang='lat' dir='ltr'><strong><em>quaeso,</em></strong></span> 
     </span>
    </p>
   </div>
   <div class='ocr_carea' id='block_1_15' title="bbox 535 1876 2121 1957">
    <p class='ocr_par' dir='ltr' id='par_1_15' title="bbox 535 1876 2121 1957">
     <span class='ocr_line' id='line_1_15' title="bbox 535 1876 2121 1957; baseline -0.008 -15"><span class='ocrx_word' id='word_1_92' title='bbox 535 1897 644 1954; x_wconf 82' lang='lat' dir='ltr'><strong><em>est,</em></strong></span> <span class='ocrx_word' id='word_1_93' title='bbox 668 1888 768 1943; x_wconf 85' lang='lat' dir='ltr'><strong><em>nisi</em></strong></span> <span class='ocrx_word' id='word_1_94' title='bbox 791 1890 859 1943; x_wconf 89' lang='lat' dir='ltr'><strong><em>ah</em></strong></span> <span class='ocrx_word' id='word_1_95' title='bbox 886 1887 976 1943; x_wconf 89' lang='lat' dir='ltr'><strong><em>illo</em></strong></span> <span class='ocrx_word' id='word_1_96' title='bbox 1006 1902 1034 1940; x_wconf 91' lang='lat' dir='ltr'><strong><em>a</em></strong></span> <span class='ocrx_word' id='word_1_97' title='bbox 1058 1903 1164 1957; x_wconf 89' lang='lat' dir='ltr'><strong><em>quo</em></strong></span> <span class='ocrx_word' id='word_1_98' title='bbox 1197 1883 1567 1956; x_wconf 70' lang='lat' dir='ltr'><strong><em>praedestinati</em></strong></span> <span class='ocrx_word' id='word_1_99' title='bbox 1604 1878 1929 1954; x_wconf 9' lang='lat' dir='ltr'><strong><em>sunt‘modi,</em></strong></span> <span class='ocrx_word' id='word_1_100' title='bbox 1964 1876 2121 1950; x_wconf 24' lang='lat' dir='ltr'><strong><em>lultra</em></strong></span> 
     </span>
    </p>
   </div>
   <div class='ocr_carea' id='block_1_16' title="bbox 537 1967 2122 2051">
    <p class='ocr_par' dir='ltr' id='par_1_16' title="bbox 537 1967 2122 2051">
     <span class='ocr_line' id='line_1_16' title="bbox 537 1967 2122 2051; baseline -0.009 -16"><span class='ocrx_word' id='word_1_101' title='bbox 537 1995 677 2050; x_wconf 90' lang='lat' dir='ltr'><strong><em>quos</em></strong></span> <span class='ocrx_word' id='word_1_102' title='bbox 702 1980 989 2051; x_wconf 88' lang='lat' dir='ltr'><strong><em>impiorum</em></strong></span> <span class='ocrx_word' id='word_1_103' title='bbox 1021 1978 1226 2033; x_wconf 87' lang='lat' dir='ltr'><strong><em>malitia</em></strong></span> <span class='ocrx_word' id='word_1_104' title='bbox 1259 1974 1508 2048; x_wconf 79' lang='lat' dir='ltr'><strong><em>progredi</em></strong></span> <span class='ocrx_word' id='word_1_105' title='bbox 1546 1989 1652 2029; x_wconf 90' lang='lat' dir='ltr'><strong><em>non</em></strong></span> <span class='ocrx_word' id='word_1_106' title='bbox 1687 1969 1877 2043; x_wconf 84' lang='lat' dir='ltr'><strong><em>possit.</em></strong></span> <span class='ocrx_word' id='word_1_107' title='bbox 1920 1967 2004 2033; x_wconf 90' lang='lat' dir='ltr'><strong><em>Si,</em></strong></span> <span class='ocrx_word' id='word_1_108' title='bbox 2039 1967 2122 2022; x_wconf 90' lang='lat' dir='ltr'><strong><em>in-</em></strong></span> 
     </span>
    </p>
   </div>
   <div class='ocr_carea' id='block_1_17' title="bbox 543 2061 2138 2141">
    <p class='ocr_par' dir='ltr' id='par_1_17' title="bbox 543 2061 2138 2141">
     <span class='ocr_line' id='line_1_17' title="bbox 543 2061 2138 2141; baseline -0.007 -18"><span class='ocrx_word' id='word_1_109' title='bbox 543 2087 730 2140; x_wconf 89' lang='lat' dir='ltr'><strong><em>quam,</em></strong></span> <span class='ocrx_word' id='word_1_110' title='bbox 764 2071 962 2125; x_wconf 81' lang='lat' dir='ltr'><strong><em>divinis</em></strong></span> <span class='ocrx_word' id='word_1_111' title='bbox 981 2070 1187 2141; x_wconf 81' lang='lat' dir='ltr'><strong><em>legibus</em></strong></span> <span class='ocrx_word' id='word_1_112' title='bbox 1206 2063 1582 2138; x_wconf 83' lang='lat' dir='ltr'><strong><em>progrediendi</em></strong></span> <span class='ocrx_word' id='word_1_113' title='bbox 1603 2063 1822 2118; x_wconf 91' lang='lat' dir='ltr'><strong><em>modum</em></strong></span> <span class='ocrx_word' id='word_1_114' title='bbox 1843 2061 2138 2130; x_wconf 34' lang='lat' dir='ltr'><strong><em>imponen:</em></strong></span> 
     </span>
    </p>
   </div>
   <div class='ocr_carea' id='block_1_18' title="bbox 541 2152 2124 2229">
    <p class='ocr_par' dir='ltr' id='par_1_18' title="bbox 541 2152 2124 2229">
     <span class='ocr_line' id='line_1_18' title="bbox 541 2152 2124 2229; baseline -0.008 -13"><span class='ocrx_word' id='word_1_115' title='bbox 541 2163 708 2229; x_wconf 81' lang='lat' dir='ltr'><strong><em>tibus,</em></strong></span> <span class='ocrx_word' id='word_1_116' title='bbox 737 2177 842 2216; x_wconf 92' lang='lat' dir='ltr'><strong><em>non</em></strong></span> <span class='ocrx_word' id='word_1_117' title='bbox 876 2161 1072 2216; x_wconf 83' lang='lat' dir='ltr'><strong><em>sinitur</em></strong></span> <span class='ocrx_word' id='word_1_118' title='bbox 1094 2159 1322 2228; x_wconf 83' lang='lat' dir='ltr'><strong><em>alicujus</em></strong></span> <span class='ocrx_word' id='word_1_119' title='bbox 1348 2156 1553 2211; x_wconf 88' lang='lat' dir='ltr'><strong><em>malitia</em></strong></span> <span class='ocrx_word' id='word_1_120' title='bbox 1577 2155 1629 2208; x_wconf 92' lang='lat' dir='ltr'><strong><em>in</em></strong></span> <span class='ocrx_word' id='word_1_121' title='bbox 1647 2152 1942 2215; x_wconf 83' lang='lat' dir='ltr'><strong><em>inﬁnitum,</em></strong></span> <span class='ocrx_word' id='word_1_122' title='bbox 1964 2156 2124 2218; x_wconf 86' lang='lat' dir='ltr'><strong><em>prout</em></strong></span> 
     </span>
    </p>
   </div>
   <div class='ocr_carea' id='block_1_19' title="bbox 541 2237 2126 2318">
    <p class='ocr_par' dir='ltr' id='par_1_19' title="bbox 541 2237 2126 2318">
     <span class='ocr_line' id='line_1_19' title="bbox 541 2237 2126 2318; baseline -0.008 -14"><span class='ocrx_word' id='word_1_123' title='bbox 541 2253 673 2308; x_wconf 90' lang='lat' dir='ltr'><strong><em>velit</em></strong></span> <span class='ocrx_word' id='word_1_124' title='bbox 695 2251 938 2315; x_wconf 84' lang='lat' dir='ltr'><strong><em>extendi,</em></strong></span> <span class='ocrx_word' id='word_1_125' title='bbox 964 2259 1015 2304; x_wconf 85' lang='lat' dir='ltr'><strong><em>et</em></strong></span> <span class='ocrx_word' id='word_1_126' title='bbox 1032 2251 1145 2304; x_wconf 80' lang='lat' dir='ltr'><strong><em>haec</em></strong></span> <span class='ocrx_word' id='word_1_127' title='bbox 1159 2263 1320 2318; x_wconf 74' lang='lat' dir='ltr'><strong><em>ptena</em></strong></span> <span class='ocrx_word' id='word_1_128' title='bbox 1333 2254 1438 2311; x_wconf 90' lang='lat' dir='ltr'><strong><em>est,</em></strong></span> <span class='ocrx_word' id='word_1_129' title='bbox 1462 2261 1491 2298; x_wconf 91' lang='lat' dir='ltr'><strong><em>a</em></strong></span> <span class='ocrx_word' id='word_1_130' title='bbox 1511 2259 1640 2314; x_wconf 88' lang='lat' dir='ltr'><strong><em>quo,</em></strong></span> <span class='ocrx_word' id='word_1_131' title='bbox 1665 2258 1816 2313; x_wconf 88' lang='lat' dir='ltr'><strong><em>rogo,</em></strong></span> <span class='ocrx_word' id='word_1_132' title='bbox 1832 2240 1937 2296; x_wconf 89' lang='lat' dir='ltr'><strong><em>nisi</em></strong></span> <span class='ocrx_word' id='word_1_133' title='bbox 1954 2237 2126 2294; x_wconf 89' lang='lat' dir='ltr'><strong><em>abillo</em></strong></span> 
     </span>
    </p>
   </div>
   <div class='ocr_carea' id='block_1_20' title="bbox 544 2332 2128 2415">
    <p class='ocr_par' dir='ltr' id='par_1_20' title="bbox 544 2332 2128 2415">
     <span class='ocr_line' id='line_1_20' title="bbox 544 2332 2128 2415; baseline -0.009 -15"><span class='ocrx_word' id='word_1_134' title='bbox 544 2344 701 2413; x_wconf 85' lang='lat' dir='ltr'><strong><em>cujus</em></strong></span> <span class='ocrx_word' id='word_1_135' title='bbox 727 2345 934 2415; x_wconf 81' lang='lat' dir='ltr'><strong><em>legibus</em></strong></span> <span class='ocrx_word' id='word_1_136' title='bbox 965 2341 1282 2398; x_wconf 77' lang='lat' dir='ltr'><strong><em>coercetur?</em></strong></span> <span class='ocrx_word' id='word_1_137' title='bbox 1309 2339 1504 2395; x_wconf 86' lang='lat' dir='ltr'><strong><em>Fatere</em></strong></span> <span class='ocrx_word' id='word_1_138' title='bbox 1553 2337 1719 2408; x_wconf 82' lang='lat' dir='ltr'><strong><em>igitur</em></strong></span> <span class='ocrx_word' id='word_1_139' title='bbox 1755 2336 1895 2391; x_wconf 88' lang='lat' dir='ltr'><strong><em>hanc</em></strong></span> <span class='ocrx_word' id='word_1_140' title='bbox 1923 2332 2128 2389; x_wconf 85' lang='lat' dir='ltr'><strong><em>cohibi-</em></strong></span> 
     </span>
    </p>
   </div>
   <div class='ocr_carea' id='block_1_21' title="bbox 543 2425 2130 2507">
    <p class='ocr_par' dir='ltr' id='par_1_21' title="bbox 543 2425 2130 2507">
     <span class='ocr_line' id='line_1_21' title="bbox 543 2425 2130 2507; baseline -0.008 -16"><span class='ocrx_word' id='word_1_141' title='bbox 543 2438 748 2491; x_wconf 86' lang='lat' dir='ltr'><strong><em>tionem</em></strong></span> <span class='ocrx_word' id='word_1_142' title='bbox 781 2436 1048 2507; x_wconf 83' lang='lat' dir='ltr'><strong><em>poenalem</em></strong></span> <span class='ocrx_word' id='word_1_143' title='bbox 1100 2434 1206 2490; x_wconf 91' lang='lat' dir='ltr'><strong><em>illis</em></strong></span> <span class='ocrx_word' id='word_1_144' title='bbox 1245 2449 1274 2488; x_wconf 90' lang='lat' dir='ltr'><strong><em>a</em></strong></span> <span class='ocrx_word' id='word_1_145' title='bbox 1301 2434 1414 2487; x_wconf 88' lang='lat' dir='ltr'><strong><em>Deo</em></strong></span> <span class='ocrx_word' id='word_1_146' title='bbox 1440 2430 1772 2502; x_wconf 85' lang='lat' dir='ltr'><strong><em>impositam,</em></strong></span> <span class='ocrx_word' id='word_1_147' title='bbox 1801 2443 1864 2483; x_wconf 88' lang='lat' dir='ltr'><strong><em>ac</em></strong></span> <span class='ocrx_word' id='word_1_148' title='bbox 1897 2442 1994 2498; x_wconf 90' lang='lat' dir='ltr'><strong><em>per</em></strong></span> <span class='ocrx_word' id='word_1_149' title='bbox 2026 2425 2130 2481; x_wconf 85' lang='lat' dir='ltr'><strong><em>hoc</em></strong></span> 
     </span>
    </p>
   </div>
   <div class='ocr_carea' id='block_1_22' title="bbox 547 2528 1848 2602">
    <p class='ocr_par' dir='ltr' id='par_1_22' title="bbox 547 2528 1848 2602">
     <span class='ocr_line' id='line_1_22' title="bbox 547 2528 1848 2602; baseline -0.006 -18"><span class='ocrx_word' id='word_1_150' title='bbox 547 2532 751 2602; x_wconf 84' lang='lat' dir='ltr'><strong><em>absque</em></strong></span> <span class='ocrx_word' id='word_1_151' title='bbox 777 2529 1206 2586; x_wconf 84' lang='lat' dir='ltr'><strong><em>contradictione</em></strong></span> <span class='ocrx_word' id='word_1_152' title='bbox 1233 2529 1301 2583; x_wconf 85' lang='lat' dir='ltr'><strong><em>ab</em></strong></span> <span class='ocrx_word' id='word_1_153' title='bbox 1329 2528 1446 2597; x_wconf 91' lang='lat' dir='ltr'><strong><em>ipso</em></strong></span> <span class='ocrx_word' id='word_1_154' title='bbox 1471 2540 1593 2580; x_wconf 90' lang='lat' dir='ltr'><strong><em>esse</em></strong></span> <span class='ocrx_word' id='word_1_155' title='bbox 1608 2538 1848 2595; x_wconf 74' lang='lat' dir='ltr'><strong><em>ptenam.</em></strong></span> 
     </span>
    </p>
   </div>
   <div class='ocr_carea' id='block_1_23' title="bbox 947 2655 1746 2724">
    <p class='ocr_par' dir='ltr' id='par_1_23' title="bbox 947 2655 1746 2724">
     <span class='ocr_line' id='line_1_23' title="bbox 947 2655 1746 2724; baseline -0.013 -9"><span class='ocrx_word' id='word_1_156' title='bbox 947 2675 1066 2715; x_wconf 75' lang='lat' dir='ltr'><strong><em>per.</em></strong></span> <span class='ocrx_word' id='word_1_157' title='bbox 1095 2673 1222 2724; x_wconf 70' lang='lat' dir='ltr'><strong><em>LXV,</em></strong></span> <span class='ocrx_word' id='word_1_158' title='bbox 1247 2673 1366 2714; x_wconf 63' lang='lat' dir='ltr'><strong><em>car.</em></strong></span> <span class='ocrx_word' id='word_1_159' title='bbox 1396 2655 1483 2722; x_wconf 92' lang='lat'><strong><em>18,</em></strong></span> <span class='ocrx_word' id='word_1_160' title='bbox 1506 2670 1659 2710; x_wconf 76' lang='lat' dir='ltr'><strong><em>secr.</em></strong></span> <span class='ocrx_word' id='word_1_161' title='bbox 1693 2655 1746 2706; x_wconf 91' lang='lat'><strong><em>7.</em></strong></span> 
     </span>
    </p>
   </div>
   <div class='ocr_carea' id='block_1_24' title="bbox 617 2777 2134 2858">
    <p class='ocr_par' dir='ltr' id='par_1_24' title="bbox 617 2777 2134 2858">
     <span class='ocr_line' id='line_1_24' title="bbox 617 2777 2134 2858; baseline -0.011 -10"><span class='ocrx_word' id='word_1_162' title='bbox 617 2803 659 2848; x_wconf 89' lang='grc' dir='ltr'>Θ</span> <span class='ocrx_word' id='word_1_163' title='bbox 683 2791 863 2846; x_wconf 86' lang='lat' dir='ltr'><strong><em>Dicis:</em></strong></span> <span class='ocrx_word' id='word_1_164' title='bbox 893 2788 1044 2844; x_wconf 88' lang='lat' dir='ltr'><strong><em>Nihil</em></strong></span> <span class='ocrx_word' id='word_1_165' title='bbox 1073 2798 1310 2858; x_wconf 87' lang='lat' dir='ltr'><strong><em>appetere</em></strong></span> <span class='ocrx_word' id='word_1_166' title='bbox 1338 2785 1618 2855; x_wconf 88' lang='lat' dir='ltr'><strong><em>impiorum</em></strong></span> <span class='ocrx_word' id='word_1_167' title='bbox 1648 2781 1902 2845; x_wconf 89' lang='lat' dir='ltr'><strong><em>omnium,</em></strong></span> <span class='ocrx_word' id='word_1_168' title='bbox 1940 2788 1988 2833; x_wconf 92' lang='lat' dir='ltr'><strong><em>et</em></strong></span> <span class='ocrx_word' id='word_1_169' title='bbox 2019 2777 2134 2832; x_wconf 87' lang='lat' dir='ltr'><strong><em>dia-</em></strong></span> 
     </span>
    </p>
   </div>
   <div class='ocr_carea' id='block_1_25' title="bbox 550 2870 2133 2954">
    <p class='ocr_par' dir='ltr' id='par_1_25' title="bbox 550 2870 2133 2954">
     <span class='ocr_line' id='line_1_25' title="bbox 550 2870 2133 2954; baseline -0.009 -17"><span class='ocrx_word' id='word_1_170' title='bbox 550 2883 654 2939; x_wconf 88' lang='lat' dir='ltr'><strong><em>boli</em></strong></span> <span class='ocrx_word' id='word_1_171' title='bbox 691 2884 995 2954; x_wconf 79' lang='lat' dir='ltr'><strong><em>nequitiam,</em></strong></span> <span class='ocrx_word' id='word_1_172' title='bbox 1048 2882 1148 2936; x_wconf 85' lang='lat' dir='ltr'><strong><em>nisi</em></strong></span> <span class='ocrx_word' id='word_1_173' title='bbox 1185 2881 1249 2934; x_wconf 92' lang='lat' dir='ltr'><strong><em>ab</em></strong></span> <span class='ocrx_word' id='word_1_174' title='bbox 1307 2895 1367 2932; x_wconf 87' lang='lat' dir='ltr'><strong><em>eo</em></strong></span> <span class='ocrx_word' id='word_1_175' title='bbox 1403 2878 1493 2948; x_wconf 86' lang='lat' dir='ltr'><strong><em>qui</em></strong></span> <span class='ocrx_word' id='word_1_176' title='bbox 1535 2885 1608 2930; x_wconf 87' lang='lat' dir='ltr'><strong><em>est</em></strong></span> <span class='ocrx_word' id='word_1_177' title='bbox 1627 2872 1847 2929; x_wconf 56' lang='lat' dir='ltr'><strong><em>Summa</em></strong></span> <span class='ocrx_word' id='word_1_178' title='bbox 1891 2870 2133 2934; x_wconf 88' lang='lat' dir='ltr'><strong><em>essentia,</em></strong></span> 
     </span>
    </p>
   </div>
   <div class='ocr_carea' id='block_1_26' title="bbox 553 2961 2134 3039">
    <p class='ocr_par' dir='ltr' id='par_1_26' title="bbox 553 2961 2134 3039">
     <span class='ocr_line' id='line_1_26' title="bbox 553 2961 2134 3039; baseline -0.009 -11"><span class='ocrx_word' id='word_1_179' title='bbox 553 2975 815 3039; x_wconf 79' lang='lat' dir='ltr'><strong><em>recedere,</em></strong></span> <span class='ocrx_word' id='word_1_180' title='bbox 849 2974 904 3027; x_wconf 92' lang='lat' dir='ltr'><strong><em>in</em></strong></span> <span class='ocrx_word' id='word_1_181' title='bbox 942 2981 1146 3026; x_wconf 88' lang='lat' dir='ltr'><strong><em>tantum</em></strong></span> <span class='ocrx_word' id='word_1_182' title='bbox 1175 2979 1231 3024; x_wconf 88' lang='lat' dir='ltr'><strong><em>ut</em></strong></span> <span class='ocrx_word' id='word_1_183' title='bbox 1275 2985 1455 3023; x_wconf 79' lang='lat' dir='ltr'><strong><em>eorum</em></strong></span> <span class='ocrx_word' id='word_1_184' title='bbox 1503 2974 1719 3029; x_wconf 86' lang='lat' dir='ltr'><strong><em>natura,</em></strong></span> <span class='ocrx_word' id='word_1_185' title='bbox 1756 2964 1801 3018; x_wconf 81' lang='lat' dir='ltr'><strong><em>si</em></strong></span> <span class='ocrx_word' id='word_1_186' title='bbox 1842 2961 1928 3017; x_wconf 81' lang='lat' dir='ltr'><strong><em>lea:</em></strong></span> <span class='ocrx_word' id='word_1_187' title='bbox 1955 2961 2134 3015; x_wconf 82' lang='lat' dir='ltr'><strong><em>divina</em></strong></span> 
     </span>
    </p>
   </div>
   <div class='ocr_carea' id='block_1_27' title="bbox 550 3063 1315 3129">
    <p class='ocr_par' dir='ltr' id='par_1_27' title="bbox 550 3063 1315 3129">
     <span class='ocr_line' id='line_1_27' title="bbox 550 3063 1315 3129; baseline -0.008 -8"><span class='ocrx_word' id='word_1_188' title='bbox 550 3069 764 3129; x_wconf 82' lang='lat' dir='ltr'><strong><em>sineret,</em></strong></span> <span class='ocrx_word' id='word_1_189' title='bbox 786 3067 840 3119; x_wconf 90' lang='lat' dir='ltr'><strong><em>in</em></strong></span> <span class='ocrx_word' id='word_1_190' title='bbox 858 3063 1079 3118; x_wconf 83' lang='lat' dir='ltr'><strong><em>nihilum</em></strong></span> <span class='ocrx_word' id='word_1_191' title='bbox 1107 3063 1315 3117; x_wconf 84' lang='lat' dir='ltr'><strong><em>rediret.</em></strong></span> 
     </span>
    </p>
   </div>
   <div class='ocr_carea' id='block_1_28' title="bbox 623 3151 2143 3232">
    <p class='ocr_par' dir='ltr' id='par_1_28' title="bbox 623 3151 2143 3232">
     <span class='ocr_line' id='line_1_28' title="bbox 623 3151 2143 3232; baseline -0.011 -17"><span class='ocrx_word' id='word_1_192' title='bbox 623 3163 664 3232; x_wconf 66' lang='grc' dir='ltr'><strong><em>-ξο</em></strong></span> <span class='ocrx_word' id='word_1_193' title='bbox 691 3159 1097 3229; x_wconf 88' lang='lat' dir='ltr'><strong><em>Respondemus</em></strong></span> <span class='ocrx_word' id='word_1_194' title='bbox 1127 3175 1140 3210; x_wconf 91' lang='lat'><strong><em>:</em></strong></span> <span class='ocrx_word' id='word_1_195' title='bbox 1169 3155 1354 3210; x_wconf 86' lang='lat' dir='ltr'><strong><em>Mirari</em></strong></span> <span class='ocrx_word' id='word_1_196' title='bbox 1403 3169 1504 3210; x_wconf 90' lang='lat' dir='ltr'><strong><em>nos</em></strong></span> <span class='ocrx_word' id='word_1_197' title='bbox 1558 3151 1946 3222; x_wconf 86' lang='lat' dir='ltr'><strong><em>disputatorem</em></strong></span> <span class='ocrx_word' id='word_1_198' title='bbox 1989 3160 2143 3217; x_wconf 86' lang='lat' dir='ltr'><strong><em>argu-</em></strong></span> 
     </span>
    </p>
   </div>
   <div class='ocr_carea' id='block_1_29' title="bbox 554 3239 2216 3336">
    <p class='ocr_par' dir='ltr' id='par_1_29' title="bbox 554 3239 2216 3336">
     <span class='ocr_line' id='line_1_29' title="bbox 554 3239 2216 3336; baseline -0.012 -23"><span class='ocrx_word' id='word_1_199' title='bbox 554 3257 848 3316; x_wconf 87' lang='lat' dir='ltr'><strong><em>tissimum.</em></strong></span> <span class='ocrx_word' id='word_1_200' title='bbox 876 3263 937 3308; x_wconf 89' lang='lat' dir='ltr'><strong><em>ut</em></strong></span> <span class='ocrx_word' id='word_1_201' title='bbox 965 3243 1057 3324; x_wconf 85' lang='lat' dir='ltr'><strong><em>qui</em></strong></span> <span class='ocrx_word' id='word_1_202' title='bbox 1108 3239 1260 3322; x_wconf 85' lang='lat' dir='ltr'><strong><em>prius</em></strong></span> <span class='ocrx_word' id='word_1_203' title='bbox 1288 3251 1504 3306; x_wconf 86' lang='lat' dir='ltr'><strong><em>dixeras</em></strong></span> <span class='ocrx_word' id='word_1_204' title='bbox 1543 3247 1766 3304; x_wconf 89' lang='lat' dir='ltr'><strong><em>insitum</em></strong></span> <span class='ocrx_word' id='word_1_205' title='bbox 1811 3243 2008 3313; x_wconf 88' lang='lat' dir='ltr'><strong><em>cuique</em></strong></span> <span class='ocrx_word' id='word_1_206' title='bbox 2045 3257 2140 3296; x_wconf 86' lang='lat' dir='ltr'><strong><em>na-</em></strong></span> <span class='ocrx_word' id='word_1_207' title='bbox 2169 3274 2216 3336; x_wconf 62' lang='grc' dir='ltr'>Ο</span> 
     </span>
    </p>
   </div>
   <div class='ocr_carea' id='block_1_30' title="bbox 555 3343 2141 3414">
    <p class='ocr_par' dir='ltr' id='par_1_30' title="bbox 555 3343 2141 3414">
     <span class='ocr_line' id='line_1_30' title="bbox 555 3343 2141 3414; baseline -0.01 -11"><span class='ocrx_word' id='word_1_208' title='bbox 555 3347 808 3403; x_wconf 84' lang='lat' dir='ltr'><strong><em>turaliter</em></strong></span> <span class='ocrx_word' id='word_1_209' title='bbox 832 3345 1185 3401; x_wconf 86' lang='lat' dir='ltr'><strong><em>beatitudinis</em></strong></span> <span class='ocrx_word' id='word_1_210' title='bbox 1222 3343 1540 3414; x_wconf 88' lang='lat' dir='ltr'><strong><em>appetitum,</em></strong></span> <span class='ocrx_word' id='word_1_211' title='bbox 1569 3353 1798 3408; x_wconf 89' lang='lat' dir='ltr'><strong><em>eamque</em></strong></span> <span class='ocrx_word' id='word_1_212' title='bbox 1824 3351 2014 3392; x_wconf 85' lang='lat' dir='ltr'><strong><em>omnes</em></strong></span> <span class='ocrx_word' id='word_1_213' title='bbox 2043 3350 2141 3404; x_wconf 90' lang='lat' dir='ltr'><strong><em>ap—</em></strong></span> 
     </span>
    </p>
   </div>
   <div class='ocr_carea' id='block_1_31' title="bbox 557 3428 2144 3507">
    <p class='ocr_par' dir='ltr' id='par_1_31' title="bbox 557 3428 2144 3507">
     <span class='ocr_line' id='line_1_31' title="bbox 557 3428 2144 3507; baseline -0.008 -14"><span class='ocrx_word' id='word_1_214' title='bbox 557 3445 765 3507; x_wconf 87' lang='lat' dir='ltr'><strong><em>petere,</em></strong></span> <span class='ocrx_word' id='word_1_215' title='bbox 797 3452 941 3491; x_wconf 88' lang='lat' dir='ltr'><strong><em>uunc</em></strong></span> <span class='ocrx_word' id='word_1_216' title='bbox 974 3450 1004 3490; x_wconf 92' lang='lat' dir='ltr'><strong><em>c</em></strong></span> <span class='ocrx_word' id='word_1_217' title='bbox 1029 3433 1304 3489; x_wconf 91' lang='lat' dir='ltr'><strong><em>contrario</em></strong></span> <span class='ocrx_word' id='word_1_218' title='bbox 1343 3447 1560 3487; x_wconf 85' lang='lat' dir='ltr'><strong><em>asseras</em></strong></span> <span class='ocrx_word' id='word_1_219' title='bbox 1588 3428 1725 3485; x_wconf 86' lang='lat' dir='ltr'><strong><em>nihil</em></strong></span> <span class='ocrx_word' id='word_1_220' title='bbox 1763 3443 1860 3483; x_wconf 91' lang='lat' dir='ltr'><strong><em>eos</em></strong></span> <span class='ocrx_word' id='word_1_221' title='bbox 1887 3435 2144 3498; x_wconf 89' lang='lat' dir='ltr'><strong><em>appetere</em></strong></span> 
     </span>
    </p>
   </div>
   <div class='ocr_carea' id='block_1_32' title="bbox 557 3519 2146 3596">
    <p class='ocr_par' dir='ltr' id='par_1_32' title="bbox 557 3519 2146 3596">
     <span class='ocr_line' id='line_1_32' title="bbox 557 3519 2146 3596; baseline -0.009 -12"><span class='ocrx_word' id='word_1_222' title='bbox 557 3528 664 3584; x_wconf 89' lang='lat' dir='ltr'><strong><em>nisi</em></strong></span> <span class='ocrx_word' id='word_1_223' title='bbox 705 3527 794 3582; x_wconf 76' lang='lat' dir='ltr'><strong><em>ab;</em></strong></span> <span class='ocrx_word' id='word_1_224' title='bbox 818 3542 884 3583; x_wconf 87' lang='lat' dir='ltr'><strong><em>eo</em></strong></span> <span class='ocrx_word' id='word_1_225' title='bbox 913 3527 1001 3596; x_wconf 85' lang='lat' dir='ltr'><strong><em>qui</em></strong></span> <span class='ocrx_word' id='word_1_226' title='bbox 1049 3534 1135 3580; x_wconf 90' lang='lat' dir='ltr'><strong><em>est</em></strong></span> <span class='ocrx_word' id='word_1_227' title='bbox 1181 3539 1390 3580; x_wconf 89' lang='lat' dir='ltr'><strong><em>summa</em></strong></span> <span class='ocrx_word' id='word_1_228' title='bbox 1419 3521 1652 3578; x_wconf 85' lang='lat' dir='ltr'><strong><em>essentia</em></strong></span> <span class='ocrx_word' id='word_1_229' title='bbox 1708 3519 1963 3575; x_wconf 88' lang='lat' dir='ltr'><strong><em>recedere</em></strong></span> <span class='ocrx_word' id='word_1_230' title='bbox 1988 3536 1998 3570; x_wconf 93' lang='lat'><strong><em>:</em></strong></span> <span class='ocrx_word' id='word_1_231' title='bbox 2023 3531 2146 3571; x_wconf 90' lang='lat' dir='ltr'><strong><em>cum</em></strong></span> 
     </span>
    </p>
   </div>
   <div class='ocr_carea' id='block_1_33' title="bbox 559 3608 2150 3688">
    <p class='ocr_par' dir='ltr' id='par_1_33' title="bbox 559 3608 2150 3688">
     <span class='ocr_line' id='line_1_33' title="bbox 559 3608 2150 3688; baseline -0.01 -10"><span class='ocrx_word' id='word_1_232' title='bbox 559 3638 770 3678; x_wconf 79' lang='lat' dir='ltr'><strong><em>summa</em></strong></span> <span class='ocrx_word' id='word_1_233' title='bbox 832 3620 1068 3676; x_wconf 88' lang='lat' dir='ltr'><strong><em>essentia</em></strong></span> <span class='ocrx_word' id='word_1_234' title='bbox 1131 3619 1244 3688; x_wconf 89' lang='lat' dir='ltr'><strong><em>ipsa</em></strong></span> <span class='ocrx_word' id='word_1_235' title='bbox 1307 3613 1807 3672; x_wconf 83' lang='lat' dir='ltr'><strong><em>sitindubitanter</em></strong></span> <span class='ocrx_word' id='word_1_236' title='bbox 1867 3608 2150 3666; x_wconf 88' lang='lat' dir='ltr'><strong><em>beatitudo</em></strong></span> 
     </span>
    </p>
   </div>
   <div class='ocr_carea' id='block_1_34' title="bbox 562 3703 2147 3782">
    <p class='ocr_par' dir='ltr' id='par_1_34' title="bbox 562 3703 2147 3782">
     <span class='ocr_line' id='line_1_34' title="bbox 562 3703 2147 3782; baseline -0.009 -15"><span class='ocrx_word' id='word_1_237' title='bbox 562 3703 911 3782; x_wconf 80' lang='lat' dir='ltr'><strong><em>sciupiterna.</em></strong></span> <span class='ocrx_word' id='word_1_238' title='bbox 942 3709 1074 3765; x_wconf 87' lang='lat' dir='ltr'><strong><em>ltem</em></strong></span> <span class='ocrx_word' id='word_1_239' title='bbox 1108 3709 1198 3778; x_wconf 90' lang='lat' dir='ltr'><strong><em>qui</em></strong></span> <span class='ocrx_word' id='word_1_240' title='bbox 1231 3715 1358 3762; x_wconf 85' lang='lat' dir='ltr'><strong><em>ante</em></strong></span> <span class='ocrx_word' id='word_1_241' title='bbox 1385 3706 1601 3761; x_wconf 82' lang='lat' dir='ltr'><strong><em>dixeras</em></strong></span> <span class='ocrx_word' id='word_1_242' title='bbox 1640 3703 1841 3759; x_wconf 91' lang='lat' dir='ltr'><strong><em>nullam</em></strong></span> <span class='ocrx_word' id='word_1_243' title='bbox 1897 3711 2147 3756; x_wconf 89' lang='lat' dir='ltr'><strong><em>naturam</em></strong></span> 
     </span>
    </p>
   </div>
   <div class='ocr_carea' id='block_1_35' title="bbox 560 3793 2149 3872">
    <p class='ocr_par' dir='ltr' id='par_1_35' title="bbox 560 3793 2149 3872">
     <span class='ocr_line' id='line_1_35' title="bbox 560 3793 2149 3872; baseline -0.009 -13"><span class='ocrx_word' id='word_1_244' title='bbox 560 3804 763 3872; x_wconf 88' lang='lat' dir='ltr'><strong><em>perire,</em></strong></span> <span class='ocrx_word' id='word_1_245' title='bbox 793 3819 934 3858; x_wconf 91' lang='lat' dir='ltr'><strong><em>nunc</em></strong></span> <span class='ocrx_word' id='word_1_246' title='bbox 963 3801 1163 3856; x_wconf 87' lang='lat' dir='ltr'><strong><em>asseris</em></strong></span> <span class='ocrx_word' id='word_1_247' title='bbox 1197 3808 1469 3865; x_wconf 82' lang='lat' dir='ltr'><strong><em>naturam,</em></strong></span> <span class='ocrx_word' id='word_1_248' title='bbox 1505 3813 1551 3854; x_wconf 80' lang='lat' dir='ltr'><strong><em>St</em></strong></span> <span class='ocrx_word' id='word_1_249' title='bbox 1576 3797 1665 3853; x_wconf 85' lang='lat' dir='ltr'><strong><em>lex</em></strong></span> <span class='ocrx_word' id='word_1_250' title='bbox 1695 3795 1875 3851; x_wconf 86' lang='lat' dir='ltr'><strong><em>divina</em></strong></span> <span class='ocrx_word' id='word_1_251' title='bbox 1921 3793 2149 3855; x_wconf 87' lang='lat' dir='ltr'><strong><em>sineret,</em></strong></span> 
     </span>
    </p>
   </div>
   <div class='ocr_carea' id='block_1_36' title="bbox 564 3893 1100 3949">
    <p class='ocr_par' dir='ltr' id='par_1_36' title="bbox 564 3893 1100 3949">
     <span class='ocr_line' id='line_1_36' title="bbox 564 3893 1100 3949; baseline -0.006 -1"><span class='ocrx_word' id='word_1_252' title='bbox 564 3895 620 3948; x_wconf 91' lang='lat' dir='ltr'><strong><em>in</em></strong></span> <span class='ocrx_word' id='word_1_253' title='bbox 647 3893 873 3949; x_wconf 86' lang='lat' dir='ltr'><strong><em>nihilum</em></strong></span> <span class='ocrx_word' id='word_1_254' title='bbox 904 3893 1100 3948; x_wconf 87' lang='lat' dir='ltr'><strong><em>redire.</em></strong></span> 
     </span>
    </p>
   </div>
   <div class='ocr_carea' id='block_1_37' title="bbox 956 4016 1773 4085">
    <p class='ocr_par' dir='ltr' id='par_1_37' title="bbox 956 4016 1773 4085">
     <span class='ocr_line' id='line_1_37' title="bbox 956 4016 1773 4085; baseline -0.009 -8"><span class='ocrx_word' id='word_1_255' title='bbox 956 4039 1076 4077; x_wconf 61' lang='grc' dir='ltr'><strong><em>ηερ.</em></strong></span> <span class='ocrx_word' id='word_1_256' title='bbox 1109 4019 1256 4085; x_wconf 65' lang='lat' dir='ltr'><strong><em>LXVI,</em></strong></span> <span class='ocrx_word' id='word_1_257' title='bbox 1281 4037 1399 4076; x_wconf 61' lang='lat' dir='ltr'><strong><em>car.</em></strong></span> <span class='ocrx_word' id='word_1_258' title='bbox 1431 4019 1515 4084; x_wconf 89' lang='lat'><strong><em>18,</em></strong></span> <span class='ocrx_word' id='word_1_259' title='bbox 1539 4033 1690 4074; x_wconf 71' lang='lat' dir='ltr'><strong><em>secr.</em></strong></span> <span class='ocrx_word' id='word_1_260' title='bbox 1719 4016 1773 4071; x_wconf 91' lang='lat'><strong><em>8.</em></strong></span> 
     </span>
    </p>
   </div>
   <div class='ocr_carea' id='block_1_38' title="bbox 641 4150 2157 4226">
    <p class='ocr_par' dir='ltr' id='par_1_38' title="bbox 641 4150 2157 4226">
     <span class='ocr_line' id='line_1_38' title="bbox 641 4150 2157 4226; baseline -0.009 -15"><span class='ocrx_word' id='word_1_261' title='bbox 641 4167 682 4212; x_wconf 90' lang='grc' dir='ltr'>Θ</span> <span class='ocrx_word' id='word_1_262' title='bbox 711 4155 853 4210; x_wconf 88' lang='lat' dir='ltr'><strong><em>Dicis</em></strong></span> <span class='ocrx_word' id='word_1_263' title='bbox 888 4173 902 4208; x_wconf 91' lang='lat'><strong><em>:</em></strong></span> <span class='ocrx_word' id='word_1_264' title='bbox 934 4153 1130 4209; x_wconf 75' lang='lat' dir='ltr'><strong><em>Invitos</em></strong></span> <span class='ocrx_word' id='word_1_265' title='bbox 1157 4152 1262 4206; x_wconf 89' lang='lat' dir='ltr'><strong><em>Deo</em></strong></span> <span class='ocrx_word' id='word_1_266' title='bbox 1287 4153 1480 4226; x_wconf 83' lang='lat' dir='ltr'><strong><em>servire</em></strong></span> <span class='ocrx_word' id='word_1_267' title='bbox 1508 4150 1726 4220; x_wconf 82' lang='lat' dir='ltr'><strong><em>impios,</em></strong></span> <span class='ocrx_word' id='word_1_268' title='bbox 1754 4163 1858 4202; x_wconf 90' lang='lat' dir='ltr'><strong><em>non</em></strong></span> <span class='ocrx_word' id='word_1_269' title='bbox 1885 4154 2157 4208; x_wconf 86' lang='lat' dir='ltr'><strong><em>naturam,</em></strong></span> 
     </span>
    </p>
   </div>
   <div class='ocr_carea' id='block_1_39' title="bbox 568 4234 2160 4318">
    <p class='ocr_par' dir='ltr' id='par_1_39' title="bbox 568 4234 2160 4318">
     <span class='ocr_line' id='line_1_39' title="bbox 568 4234 2160 4318; baseline -0.009 -17"><span class='ocrx_word' id='word_1_270' title='bbox 568 4265 726 4318; x_wconf 86' lang='lat' dir='ltr'><strong><em>quam</em></strong></span> <span class='ocrx_word' id='word_1_271' title='bbox 751 4248 806 4300; x_wconf 87' lang='lat' dir='ltr'><strong><em>in</em></strong></span> <span class='ocrx_word' id='word_1_272' title='bbox 831 4247 905 4300; x_wconf 89' lang='lat' dir='ltr'><strong><em>eis</em></strong></span> <span class='ocrx_word' id='word_1_273' title='bbox 936 4245 1079 4316; x_wconf 79' lang='lat' dir='ltr'><strong><em>fecit,</em></strong></span> <span class='ocrx_word' id='word_1_274' title='bbox 1114 4254 1161 4299; x_wconf 93' lang='lat' dir='ltr'><strong><em>et</em></strong></span> <span class='ocrx_word' id='word_1_275' title='bbox 1187 4244 1242 4298; x_wconf 89' lang='lat' dir='ltr'><strong><em>in</em></strong></span> <span class='ocrx_word' id='word_1_276' title='bbox 1269 4245 1342 4297; x_wconf 83' lang='lat' dir='ltr'><strong><em>eis</em></strong></span> <span class='ocrx_word' id='word_1_277' title='bbox 1365 4258 1469 4297; x_wconf 87' lang='lat' dir='ltr'><strong><em>non</em></strong></span> <span class='ocrx_word' id='word_1_278' title='bbox 1493 4241 1662 4311; x_wconf 83' lang='lat' dir='ltr'><strong><em>punit,</em></strong></span> <span class='ocrx_word' id='word_1_279' title='bbox 1689 4238 1780 4293; x_wconf 88' lang='lat' dir='ltr'><strong><em>sed</em></strong></span> <span class='ocrx_word' id='word_1_280' title='bbox 1832 4234 2030 4290; x_wconf 88' lang='lat' dir='ltr'><strong><em>malam</em></strong></span> <span class='ocrx_word' id='word_1_281' title='bbox 2072 4251 2160 4288; x_wconf 81' lang='lat' dir='ltr'><strong><em>vo-</em></strong></span> 
     </span>
    </p>
   </div>
   <div class='ocr_carea' id='block_1_40' title="bbox 571 4325 2159 4407">
    <p class='ocr_par' dir='ltr' id='par_1_40' title="bbox 571 4325 2159 4407">
     <span class='ocr_line' id='line_1_40' title="bbox 571 4325 2159 4407; baseline -0.009 -15"><span class='ocrx_word' id='word_1_282' title='bbox 571 4339 847 4400; x_wconf 88' lang='lat' dir='ltr'><strong><em>luntatem,</em></strong></span> <span class='ocrx_word' id='word_1_283' title='bbox 869 4352 1024 4407; x_wconf 82' lang='lat' dir='ltr'><strong><em>quant</em></strong></span> <span class='ocrx_word' id='word_1_284' title='bbox 1046 4336 1101 4389; x_wconf 89' lang='lat' dir='ltr'><strong><em>in</em></strong></span> <span class='ocrx_word' id='word_1_285' title='bbox 1129 4335 1202 4389; x_wconf 87' lang='lat' dir='ltr'><strong><em>eis</em></strong></span> <span class='ocrx_word' id='word_1_286' title='bbox 1221 4350 1322 4388; x_wconf 90' lang='lat' dir='ltr'><strong><em>non</em></strong></span> <span class='ocrx_word' id='word_1_287' title='bbox 1345 4333 1484 4402; x_wconf 74' lang='lat' dir='ltr'><strong><em>fecit,</em></strong></span> <span class='ocrx_word' id='word_1_288' title='bbox 1511 4342 1556 4387; x_wconf 88' lang='lat' dir='ltr'><strong><em>et</em></strong></span> <span class='ocrx_word' id='word_1_289' title='bbox 1584 4331 1639 4384; x_wconf 88' lang='lat' dir='ltr'><strong><em>in</em></strong></span> <span class='ocrx_word' id='word_1_290' title='bbox 1669 4330 1744 4383; x_wconf 81' lang='lat' dir='ltr'><strong><em>eis</em></strong></span> <span class='ocrx_word' id='word_1_291' title='bbox 1789 4327 1976 4398; x_wconf 87' lang='lat' dir='ltr'><strong><em>punit;</em></strong></span> <span class='ocrx_word' id='word_1_292' title='bbox 2015 4325 2072 4378; x_wconf 92' lang='lat' dir='ltr'><strong><em>in</em></strong></span> <span class='ocrx_word' id='word_1_293' title='bbox 2099 4340 2159 4378; x_wconf 89' lang='lat' dir='ltr'><strong><em>eo</em></strong></span> 
     </span>
    </p>
   </div>
   <div class='ocr_carea' id='block_1_41' title="bbox 570 4419 2156 4501">
    <p class='ocr_par' dir='ltr' id='par_1_41' title="bbox 570 4419 2156 4501">
     <span class='ocr_line' id='line_1_41' title="bbox 570 4419 2156 4501; baseline -0.011 -17"><span class='ocrx_word' id='word_1_294' title='bbox 570 4429 715 4501; x_wconf 91' lang='lat' dir='ltr'><strong><em>quod</em></strong></span> <span class='ocrx_word' id='word_1_295' title='bbox 759 4429 807 4482; x_wconf 89' lang='lat' dir='ltr'><strong><em>ei</em></strong></span> <span class='ocrx_word' id='word_1_296' title='bbox 845 4427 992 4481; x_wconf 83' lang='lat' dir='ltr'><strong><em>inviti</em></strong></span> <span class='ocrx_word' id='word_1_297' title='bbox 1019 4426 1274 4491; x_wconf 79' lang='lat' dir='ltr'><strong><em>serviunt,</em></strong></span> <span class='ocrx_word' id='word_1_298' title='bbox 1315 4424 1490 4494; x_wconf 87' lang='lat' dir='ltr'><strong><em>puniri</em></strong></span> <span class='ocrx_word' id='word_1_299' title='bbox 1540 4423 1597 4476; x_wconf 90' lang='lat' dir='ltr'><strong><em>in</em></strong></span> <span class='ocrx_word' id='word_1_300' title='bbox 1640 4419 1823 4490; x_wconf 83' lang='lat' dir='ltr'><strong><em>seipsis</em></strong></span> <span class='ocrx_word' id='word_1_301' title='bbox 1863 4434 1960 4473; x_wconf 86' lang='lat' dir='ltr'><strong><em>sua</em></strong></span> <span class='ocrx_word' id='word_1_302' title='bbox 1985 4431 2156 4486; x_wconf 78' lang='lat' dir='ltr'><strong><em>poma.</em></strong></span> 
     </span>
    </p>
   </div>
   <div class='ocr_carea' id='block_1_42' title="bbox 646 4509 2164 4594">
    <p class='ocr_par' dir='ltr' id='par_1_42' title="bbox 646 4509 2164 4594">
     <span class='ocr_line' id='line_1_42' title="bbox 646 4509 2164 4594; baseline -0.01 -17"><span class='ocrx_word' id='word_1_303' title='bbox 646 4524 686 4594; x_wconf 67' lang='grc' dir='ltr'><strong><em>οξ-</em></strong></span> <span class='ocrx_word' id='word_1_304' title='bbox 712 4521 1117 4592; x_wconf 83' lang='lat' dir='ltr'><strong><em>Respondemus</em></strong></span> <span class='ocrx_word' id='word_1_305' title='bbox 1149 4538 1162 4574; x_wconf 89' lang='lat'><strong><em>:</em></strong></span> <span class='ocrx_word' id='word_1_306' title='bbox 1209 4519 1508 4588; x_wconf 87' lang='lat' dir='ltr'><strong><em>Utrumque</em></strong></span> <span class='ocrx_word' id='word_1_307' title='bbox 1541 4557 1556 4581; x_wconf 96' lang='lat'><strong><em>,</em></strong></span> <span class='ocrx_word' id='word_1_308' title='bbox 1586 4525 1642 4571; x_wconf 88' lang='lat' dir='ltr'><strong><em>et</em></strong></span> <span class='ocrx_word' id='word_1_309' title='bbox 1675 4522 1924 4569; x_wconf 86' lang='lat' dir='ltr'><strong><em>naturam</em></strong></span> <span class='ocrx_word' id='word_1_310' title='bbox 1955 4509 2164 4567; x_wconf 82' lang='lat' dir='ltr'><strong><em>scilicet</em></strong></span> 
     </span>
    </p>
   </div>
   <div class='ocr_carea' id='block_1_43' title="bbox 1519 412 2758 483">
    <p class='ocr_par' dir='ltr' id='par_1_43' title="bbox 1519 412 2758 483">
     <span class='ocr_line' id='line_1_43' title="bbox 1519 412 2758 483; baseline -0.003 -1"><span class='ocrx_word' id='word_1_311' title='bbox 1519 426 1578 482; x_wconf 84' lang='lat' dir='ltr'><strong><em>S.</em></strong></span> <span class='ocrx_word' id='word_1_312' title='bbox 1621 424 1996 483; x_wconf 76' lang='lat' dir='ltr'><strong><em>PRUDENTII</em></strong></span> <span class='ocrx_word' id='word_1_313' title='bbox 2021 412 2417 482; x_wconf 12' lang='lat' dir='ltr'><strong><em>VTRECENSIS</em></strong></span> <span class='ocrx_word' id='word_1_314' title='bbox 2452 423 2758 480; x_wconf 78' lang='lat' dir='ltr'><strong><em>EPISCOPI</em></strong></span> 
     </span>
    </p>
   </div>
   <div class='ocr_carea' id='block_1_44' title="bbox 516 507 2180 616">
    <p class='ocr_par' dir='ltr' id='par_1_44' title="bbox 516 541 2180 616">
     <span class='ocr_line' id='line_1_44' title="bbox 516 541 2180 616; baseline -0.004 -18"><span class='ocrx_word' id='word_1_315' title='bbox 516 543 840 614; x_wconf 67' lang='lat' dir='ltr'><strong><em>praevidens,</em></strong></span> <span class='ocrx_word' id='word_1_316' title='bbox 872 543 921 597; x_wconf 88' lang='lat' dir='ltr'><strong><em>ei</em></strong></span> <span class='ocrx_word' id='word_1_317' title='bbox 959 557 1024 597; x_wconf 88' lang='lat' dir='ltr'><strong><em>ne</em></strong></span> <span class='ocrx_word' id='word_1_318' title='bbox 1048 551 1299 613; x_wconf 85' lang='lat' dir='ltr'><strong><em>peccaret</em></strong></span> <span class='ocrx_word' id='word_1_319' title='bbox 1330 541 1628 606; x_wconf 77' lang='lat' dir='ltr'><strong><em>interdixit,</em></strong></span> <span class='ocrx_word' id='word_1_320' title='bbox 1676 550 1731 596; x_wconf 89' lang='lat' dir='ltr'><strong><em>et</em></strong></span> <span class='ocrx_word' id='word_1_321' title='bbox 1758 541 1804 596; x_wconf 92' lang='lat' dir='ltr'><strong><em>si</em></strong></span> <span class='ocrx_word' id='word_1_322' title='bbox 1829 548 2101 616; x_wconf 85' lang='lat' dir='ltr'><strong><em>peccaret</em></strong></span> <span class='ocrx_word' id='word_1_323' title='bbox 2129 546 2180 603; x_wconf 75' lang='grc' dir='ltr'>Α</span> 
     </span>
    </p>
   </div>
   <div class='ocr_carea' id='block_1_45' title="bbox 3683 416 3820 471">
    <p class='ocr_par' dir='ltr' id='par_1_45' title="bbox 3683 416 3820 471">
     <span class='ocr_line' id='line_1_45' title="bbox 3683 416 3820 471; baseline 0.007 -1"><span class='ocrx_word' id='word_1_324' title='bbox 3683 416 3820 471; x_wconf 63' lang='grc'><strong><em>1368</em></strong></span> 
     </span>
    </p>
   </div>
   <div class='ocr_carea' id='block_1_46' title="bbox 2569 533 3440 601">
    <p class='ocr_par' dir='ltr' id='par_1_46' title="bbox 2569 533 3440 601">
     <span class='ocr_line' id='line_1_46' title="bbox 2569 533 3440 601; baseline -0.007 -9"><span class='ocrx_word' id='word_1_325' title='bbox 2569 553 2688 592; x_wconf 73' lang='lat' dir='ltr'><strong><em>per.</em></strong></span> <span class='ocrx_word' id='word_1_326' title='bbox 2719 551 2906 599; x_wconf 77' lang='lat' dir='ltr'><strong><em>vam,</em></strong></span> <span class='ocrx_word' id='word_1_327' title='bbox 2939 549 3063 590; x_wconf 62' lang='lat' dir='ltr'><strong><em>car;</em></strong></span> <span class='ocrx_word' id='word_1_328' title='bbox 3090 533 3180 601; x_wconf 89' lang='lat'><strong><em>19,</em></strong></span> <span class='ocrx_word' id='word_1_329' title='bbox 3203 549 3353 590; x_wconf 71' lang='lat' dir='ltr'><strong><em>sscr.</em></strong></span> <span class='ocrx_word' id='word_1_330' title='bbox 3387 534 3440 588; x_wconf 93' lang='lat'><strong><em>1.</em></strong></span> 
     </span>
    </p>
   </div>
   <div class='ocr_carea' id='block_1_47' title="bbox 2278 627 3824 700">
    <p class='ocr_par' dir='ltr' id='par_1_47' title="bbox 2278 627 3824 700">
     <span class='ocr_line' id='line_1_47' title="bbox 2278 627 3824 700; baseline -0.006 -15"><span class='ocrx_word' id='word_1_331' title='bbox 2278 641 2319 686; x_wconf 89' lang='grc' dir='ltr'>Θ</span> <span class='ocrx_word' id='word_1_332' title='bbox 2347 629 2491 685; x_wconf 88' lang='lat' dir='ltr'><strong><em>Dicis</em></strong></span> <span class='ocrx_word' id='word_1_333' title='bbox 2532 647 2544 682; x_wconf 90' lang='lat'><strong><em>:</em></strong></span> <span class='ocrx_word' id='word_1_334' title='bbox 2591 629 2776 700; x_wconf 87' lang='lat' dir='ltr'><strong><em>Ignem</em></strong></span> <span class='ocrx_word' id='word_1_335' title='bbox 2828 638 3082 684; x_wconf 65' lang='lat' dir='ltr'><strong><em>teter-num</em></strong></span> <span class='ocrx_word' id='word_1_336' title='bbox 3125 629 3284 682; x_wconf 89' lang='lat' dir='ltr'><strong><em>istum</em></strong></span> <span class='ocrx_word' id='word_1_337' title='bbox 3333 627 3517 697; x_wconf 81' lang='lat' dir='ltr'><strong><em>ipsum</em></strong></span> <span class='ocrx_word' id='word_1_338' title='bbox 3567 634 3824 695; x_wconf 67' lang='lat' dir='ltr'><strong><em>quintius</em></strong></span> 
     </span>
    </p>
   </div>
   <div class='ocr_carea' id='block_1_48' title="bbox 2131 721 2745 778">
    <p class='ocr_par' dir='ltr' id='par_1_48' title="bbox 2131 721 2745 778">
     <span class='ocr_line' id='line_1_48' title="bbox 2131 721 2745 778; baseline -0.002 -1"><span class='ocrx_word' id='word_1_339' title='bbox 2131 747 2134 751; x_wconf 60' lang='grc' dir='ltr'>λ</span> <span class='ocrx_word' id='word_1_340' title='bbox 2210 723 2393 778; x_wconf 82' lang='lat' dir='ltr'><strong><em>mundi</em></strong></span> <span class='ocrx_word' id='word_1_341' title='bbox 2419 721 2745 776; x_wconf 88' lang='lat' dir='ltr'><strong><em>elementum.</em></strong></span> 
     </span>
    </p>
   </div>
   <div class='ocr_carea' id='block_1_49' title="bbox 2281 809 3826 886">
    <p class='ocr_par' dir='ltr' id='par_1_49' title="bbox 2281 809 3826 886">
     <span class='ocr_line' id='line_1_49' title="bbox 2281 809 3826 886; baseline -0.001 -20"><span class='ocrx_word' id='word_1_342' title='bbox 2281 814 2322 886; x_wconf 71' lang='grc' dir='ltr'><strong><em>-ι-</em></strong></span> <span class='ocrx_word' id='word_1_343' title='bbox 2355 813 2764 884; x_wconf 82' lang='lat' dir='ltr'><strong><em>Respondemus</em></strong></span> <span class='ocrx_word' id='word_1_344' title='bbox 2796 814 3009 869; x_wconf 83' lang='lat' dir='ltr'><strong><em>:Alium</em></strong></span> <span class='ocrx_word' id='word_1_345' title='bbox 3038 813 3217 884; x_wconf 86' lang='lat' dir='ltr'><strong><em>potius</em></strong></span> <span class='ocrx_word' id='word_1_346' title='bbox 3250 813 3424 868; x_wconf 87' lang='lat' dir='ltr'><strong><em>multo</em></strong></span> <span class='ocrx_word' id='word_1_347' title='bbox 3447 809 3666 878; x_wconf 81' lang='lat' dir='ltr'><strong><em>videri,</em></strong></span> <span class='ocrx_word' id='word_1_348' title='bbox 3697 825 3826 879; x_wconf 80' lang='lat' dir='ltr'><strong><em>quo-</em></strong></span> 
     </span>
    </p>
   </div>
   <div class='ocr_carea' id='block_1_50' title="bbox 2213 904 3174 976">
    <p class='ocr_par' dir='ltr' id='par_1_50' title="bbox 2213 904 3174 976">
     <span class='ocr_line' id='line_1_50' title="bbox 2213 904 3174 976; baseline 0 -16"><span class='ocrx_word' id='word_1_349' title='bbox 2213 905 2361 960; x_wconf 84' lang='lat' dir='ltr'><strong><em>niam</em></strong></span> <span class='ocrx_word' id='word_1_350' title='bbox 2387 913 2443 959; x_wconf 91' lang='lat' dir='ltr'><strong><em>et</em></strong></span> <span class='ocrx_word' id='word_1_351' title='bbox 2472 904 2750 976; x_wconf 85' lang='lat' dir='ltr'><strong><em>qualitatis</em></strong></span> <span class='ocrx_word' id='word_1_352' title='bbox 2785 905 3013 960; x_wconf 77' lang='lat' dir='ltr'><strong><em>diversa:</em></strong></span> <span class='ocrx_word' id='word_1_353' title='bbox 3047 905 3174 960; x_wconf 85' lang='lat' dir='ltr'><strong><em>sint.</em></strong></span> 
     </span>
    </p>
   </div>
   <div class='ocr_carea' id='block_1_51' title="bbox 2599 1016 3436 1084">
    <p class='ocr_par' dir='ltr' id='par_1_51' title="bbox 2599 1016 3436 1084">
     <span class='ocr_line' id='line_1_51' title="bbox 2599 1016 3436 1084; baseline -0.002 -13"><span class='ocrx_word' id='word_1_354' title='bbox 2599 1031 2720 1071; x_wconf 72' lang='lat' dir='ltr'><strong><em>oar.</em></strong></span> <span class='ocrx_word' id='word_1_355' title='bbox 2748 1032 2900 1084; x_wconf 73' lang='lat' dir='ltr'><strong><em>uix,</em></strong></span> <span class='ocrx_word' id='word_1_356' title='bbox 2931 1032 3046 1072; x_wconf 63' lang='lat' dir='ltr'><strong><em>cap.</em></strong></span> <span class='ocrx_word' id='word_1_357' title='bbox 3086 1016 3172 1083; x_wconf 87' lang='lat'><strong><em>19,</em></strong></span> <span class='ocrx_word' id='word_1_358' title='bbox 3199 1031 3353 1072; x_wconf 72' lang='lat' dir='ltr'><strong><em>secr.</em></strong></span> <span class='ocrx_word' id='word_1_359' title='bbox 3383 1017 3436 1070; x_wconf 90' lang='lat'><strong><em>1.</em></strong></span> 
     </span>
    </p>
   </div>
   <div class='ocr_carea' id='block_1_52' title="bbox 2285 1127 3826 1199">
    <p class='ocr_par' dir='ltr' id='par_1_52' title="bbox 2285 1127 3826 1199">
     <span class='ocr_line' id='line_1_52' title="bbox 2285 1127 3826 1199; baseline -0.004 -14"><span class='ocrx_word' id='word_1_360' title='bbox 2285 1140 2328 1186; x_wconf 89' lang='grc' dir='ltr'><strong><em>Θ</em></strong></span> <span class='ocrx_word' id='word_1_361' title='bbox 2367 1129 2554 1184; x_wconf 87' lang='lat' dir='ltr'><strong><em>Dicis:</em></strong></span> <span class='ocrx_word' id='word_1_362' title='bbox 2592 1127 2660 1182; x_wconf 85' lang='lat' dir='ltr'><strong><em>In</em></strong></span> <span class='ocrx_word' id='word_1_363' title='bbox 2706 1145 2766 1183; x_wconf 88' lang='lat' dir='ltr'><strong><em>eo</em></strong></span> <span class='ocrx_word' id='word_1_364' title='bbox 2808 1145 3029 1199; x_wconf 90' lang='lat' dir='ltr'><strong><em>corpora</em></strong></span> <span class='ocrx_word' id='word_1_365' title='bbox 3079 1138 3384 1182; x_wconf 85' lang='lat' dir='ltr'><strong><em>sanctorum</em></strong></span> <span class='ocrx_word' id='word_1_366' title='bbox 3429 1128 3492 1180; x_wconf 86' lang='lat' dir='ltr'><strong><em>in</em></strong></span> <span class='ocrx_word' id='word_1_367' title='bbox 3539 1129 3826 1180; x_wconf 58' lang='lat' dir='ltr'><strong><em>cytherea</em></strong></span> 
     </span>
    </p>
   </div>
   <div class='ocr_carea' id='block_1_53' title="bbox 2218 1218 3829 1292">
    <p class='ocr_par' dir='ltr' id='par_1_53' title="bbox 2218 1218 3829 1292">
     <span class='ocr_line' id='line_1_53' title="bbox 2218 1218 3829 1292; baseline -0.002 -18"><span class='ocrx_word' id='word_1_368' title='bbox 2218 1223 2413 1275; x_wconf 87' lang='lat' dir='ltr'><strong><em>mutari</em></strong></span> <span class='ocrx_word' id='word_1_369' title='bbox 2432 1220 2760 1292; x_wconf 81' lang='lat' dir='ltr'><strong><em>qualitatem,</em></strong></span> <span class='ocrx_word' id='word_1_370' title='bbox 2787 1220 3065 1290; x_wconf 86' lang='lat' dir='ltr'><strong><em>impiorum</em></strong></span> <span class='ocrx_word' id='word_1_371' title='bbox 3092 1235 3208 1275; x_wconf 72' lang='lat' dir='ltr'><strong><em>vero</em></strong></span> <span class='ocrx_word' id='word_1_372' title='bbox 3253 1221 3305 1274; x_wconf 87' lang='lat' dir='ltr'><strong><em>in</em></strong></span> <span class='ocrx_word' id='word_1_373' title='bbox 3345 1234 3569 1273; x_wconf 84' lang='lat' dir='ltr'><strong><em>aeream</em></strong></span> <span class='ocrx_word' id='word_1_374' title='bbox 3602 1218 3829 1289; x_wconf 75' lang='lat' dir='ltr'><strong><em>qualita-</em></strong></span> 
     </span>
    </p>
   </div>
   <div class='ocr_carea' id='block_1_54' title="bbox 2220 1313 2652 1366">
    <p class='ocr_par' dir='ltr' id='par_1_54' title="bbox 2220 1313 2652 1366">
     <span class='ocr_line' id='line_1_54' title="bbox 2220 1313 2652 1366; baseline 0.002 -1"><span class='ocrx_word' id='word_1_375' title='bbox 2220 1322 2321 1366; x_wconf 83' lang='lat' dir='ltr'><strong><em>tem</em></strong></span> <span class='ocrx_word' id='word_1_376' title='bbox 2343 1313 2652 1366; x_wconf 82' lang='lat' dir='ltr'><strong><em>transitura.</em></strong></span> 
     </span>
    </p>
   </div>
   <div class='ocr_carea' id='block_1_55' title="bbox 2293 1404 3828 1475">
    <p class='ocr_par' dir='ltr' id='par_1_55' title="bbox 2293 1404 3828 1475">
     <span class='ocr_line' id='line_1_55' title="bbox 2293 1404 3828 1475; baseline -0.003 -17"><span class='ocrx_word' id='word_1_377' title='bbox 2293 1404 2796 1475; x_wconf 55' lang='lat' dir='ltr'><strong><em>fliespondemus:</em></strong></span> <span class='ocrx_word' id='word_1_378' title='bbox 2831 1404 3152 1460; x_wconf 89' lang='lat' dir='ltr'><strong><em>Sanctorum</em></strong></span> <span class='ocrx_word' id='word_1_379' title='bbox 3204 1419 3435 1474; x_wconf 89' lang='lat' dir='ltr'><strong><em>corpora</em></strong></span> <span class='ocrx_word' id='word_1_380' title='bbox 3473 1417 3828 1472; x_wconf 68' lang='lat' dir='ltr'><strong><em>nequaquam</em></strong></span> 
     </span>
    </p>
   </div>
   <div class='ocr_carea' id='block_1_56' title="bbox 2222 1493 3828 1568">
    <p class='ocr_par' dir='ltr' id='par_1_56' title="bbox 2222 1493 3828 1568">
     <span class='ocr_line' id='line_1_56' title="bbox 2222 1493 3828 1568; baseline -0.007 -14"><span class='ocrx_word' id='word_1_381' title='bbox 2222 1498 2306 1554; x_wconf 86' lang='lat' dir='ltr'><strong><em>vel</em></strong></span> <span class='ocrx_word' id='word_1_382' title='bbox 2334 1498 2386 1552; x_wconf 91' lang='lat' dir='ltr'><strong><em>in</em></strong></span> <span class='ocrx_word' id='word_1_383' title='bbox 2409 1498 2500 1553; x_wconf 90' lang='lat' dir='ltr'><strong><em>illo</em></strong></span> <span class='ocrx_word' id='word_1_384' title='bbox 2523 1498 2666 1567; x_wconf 84' lang='lat' dir='ltr'><strong><em>igne,</em></strong></span> <span class='ocrx_word' id='word_1_385' title='bbox 2694 1497 2778 1552; x_wconf 88' lang='lat' dir='ltr'><strong><em>vel</em></strong></span> <span class='ocrx_word' id='word_1_386' title='bbox 2807 1499 3008 1567; x_wconf 87' lang='lat' dir='ltr'><strong><em>absque</em></strong></span> <span class='ocrx_word' id='word_1_387' title='bbox 3036 1498 3154 1568; x_wconf 91' lang='lat' dir='ltr'><strong><em>ipso</em></strong></span> <span class='ocrx_word' id='word_1_388' title='bbox 3181 1497 3234 1551; x_wconf 93' lang='lat' dir='ltr'><strong><em>in</em></strong></span> <span class='ocrx_word' id='word_1_389' title='bbox 3268 1497 3584 1550; x_wconf 82' lang='lat' dir='ltr'><strong><em>:etheream</em></strong></span> <span class='ocrx_word' id='word_1_390' title='bbox 3635 1493 3828 1546; x_wconf 70' lang='lat' dir='ltr'><strong><em>mutari</em></strong></span> 
     </span>
    </p>
   </div>
   <div class='ocr_carea' id='block_1_57' title="bbox 2224 1585 3831 1661">
    <p class='ocr_par' dir='ltr' id='par_1_57' title="bbox 2224 1585 3831 1661">
     <span class='ocr_line' id='line_1_57' title="bbox 2224 1585 3831 1661; baseline -0.005 -16"><span class='ocrx_word' id='word_1_391' title='bbox 2224 1591 2560 1661; x_wconf 87' lang='lat' dir='ltr'><strong><em>qualitatem,</em></strong></span> <span class='ocrx_word' id='word_1_392' title='bbox 2599 1590 2694 1645; x_wconf 90' lang='lat' dir='ltr'><strong><em>sed</em></strong></span> <span class='ocrx_word' id='word_1_393' title='bbox 2745 1589 2800 1644; x_wconf 92' lang='lat' dir='ltr'><strong><em>in</em></strong></span> <span class='ocrx_word' id='word_1_394' title='bbox 2845 1590 3074 1645; x_wconf 74' lang='lat' dir='ltr'><strong><em>veritate</em></strong></span> <span class='ocrx_word' id='word_1_395' title='bbox 3127 1589 3362 1659; x_wconf 68' lang='lat' dir='ltr'><strong><em>prapriae</em></strong></span> <span class='ocrx_word' id='word_1_396' title='bbox 3411 1585 3620 1641; x_wconf 81' lang='lat' dir='ltr'><strong><em>carnis</em></strong></span> <span class='ocrx_word' id='word_1_397' title='bbox 3681 1594 3831 1653; x_wconf 76' lang='lat' dir='ltr'><strong><em>atque</em></strong></span> 
     </span>
    </p>
   </div>
   <div class='ocr_carea' id='block_1_58' title="bbox 2225 1679 3828 1753">
    <p class='ocr_par' dir='ltr' id='par_1_58' title="bbox 2225 1679 3828 1753">
     <span class='ocr_line' id='line_1_58' title="bbox 2225 1679 3828 1753; baseline -0.008 -11"><span class='ocrx_word' id='word_1_398' title='bbox 2225 1684 2592 1742; x_wconf 87' lang='lat' dir='ltr'><strong><em>membrorum</em></strong></span> <span class='ocrx_word' id='word_1_399' title='bbox 2612 1679 2908 1753; x_wconf 85' lang='lat' dir='ltr'><strong><em>quamlibet</em></strong></span> <span class='ocrx_word' id='word_1_400' title='bbox 2926 1682 3236 1753; x_wconf 74' lang='lat' dir='ltr'><strong><em>gloriﬁcaue</em></strong></span> <span class='ocrx_word' id='word_1_401' title='bbox 3258 1694 3554 1741; x_wconf 80' lang='lat' dir='ltr'><strong><em>mansura,</em></strong></span> <span class='ocrx_word' id='word_1_402' title='bbox 3584 1687 3756 1746; x_wconf 80' lang='lat' dir='ltr'><strong><em>atque</em></strong></span> <span class='ocrx_word' id='word_1_403' title='bbox 3781 1679 3828 1730; x_wconf 82' lang='lat' dir='ltr'><strong><em>in</em></strong></span> 
     </span>
    </p>
   </div>
   <div class='ocr_carea' id='block_1_59' title="bbox 2225 1768 3826 1844">
    <p class='ocr_par' dir='ltr' id='par_1_59' title="bbox 2225 1768 3826 1844">
     <span class='ocr_line' id='line_1_59' title="bbox 2225 1768 3826 1844; baseline -0.006 -14"><span class='ocrx_word' id='word_1_404' title='bbox 2225 1785 2488 1830; x_wconf 79' lang='lat' dir='ltr'><strong><em>:eternum</em></strong></span> <span class='ocrx_word' id='word_1_405' title='bbox 2538 1775 2782 1841; x_wconf 90' lang='lat' dir='ltr'><strong><em>victura;</em></strong></span> <span class='ocrx_word' id='word_1_406' title='bbox 2831 1775 3118 1844; x_wconf 89' lang='lat' dir='ltr'><strong><em>impiorum</em></strong></span> <span class='ocrx_word' id='word_1_407' title='bbox 3161 1788 3293 1827; x_wconf 87' lang='lat' dir='ltr'><strong><em>vero</em></strong></span> <span class='ocrx_word' id='word_1_408' title='bbox 3335 1786 3582 1840; x_wconf 84' lang='lat' dir='ltr'><strong><em>corpora</em></strong></span> <span class='ocrx_word' id='word_1_409' title='bbox 3635 1768 3826 1824; x_wconf 78' lang='lat' dir='ltr'><strong><em>nullan</em></strong></span> 
     </span>
    </p>
   </div>
   <div class='ocr_carea' id='block_1_60' title="bbox 2228 1859 3830 1933">
    <p class='ocr_par' dir='ltr' id='par_1_60' title="bbox 2228 1859 3830 1933">
     <span class='ocr_line' id='line_1_60' title="bbox 2228 1859 3830 1933; baseline -0.006 -12"><span class='ocrx_word' id='word_1_410' title='bbox 2228 1866 2448 1922; x_wconf 92' lang='lat' dir='ltr'><strong><em>omnino</em></strong></span> <span class='ocrx_word' id='word_1_411' title='bbox 2475 1866 2910 1920; x_wconf 88' lang='lat' dir='ltr'><strong><em>immutationem</em></strong></span> <span class='ocrx_word' id='word_1_412' title='bbox 2939 1864 3186 1920; x_wconf 84' lang='lat' dir='ltr'><strong><em>habitura</em></strong></span> <span class='ocrx_word' id='word_1_413' title='bbox 3217 1870 3423 1933; x_wconf 63' lang='lat' dir='ltr'><strong><em>praeter</em></strong></span> <span class='ocrx_word' id='word_1_414' title='bbox 3449 1859 3830 1915; x_wconf 69' lang='lat' dir='ltr'><strong><em>immortalita-</em></strong></span> 
     </span>
    </p>
   </div>
   <div class='ocr_carea' id='block_1_61' title="bbox 2227 1950 3830 2028">
    <p class='ocr_par' dir='ltr' id='par_1_61' title="bbox 2227 1950 3830 2028">
     <span class='ocr_line' id='line_1_61' title="bbox 2227 1950 3830 2028; baseline -0.004 -16"><span class='ocrx_word' id='word_1_415' title='bbox 2227 1967 2356 2023; x_wconf 90' lang='lat' dir='ltr'><strong><em>tem,</em></strong></span> <span class='ocrx_word' id='word_1_416' title='bbox 2381 1974 2486 2028; x_wconf 89' lang='lat' dir='ltr'><strong><em>qua</em></strong></span> <span class='ocrx_word' id='word_1_417' title='bbox 2511 1958 2624 2028; x_wconf 86' lang='lat' dir='ltr'><strong><em>jam</em></strong></span> <span class='ocrx_word' id='word_1_418' title='bbox 2677 1957 2950 2028; x_wconf 90' lang='lat' dir='ltr'><strong><em>corrumpi</em></strong></span> <span class='ocrx_word' id='word_1_419' title='bbox 2984 1971 3081 2026; x_wconf 89' lang='lat' dir='ltr'><strong><em>per</em></strong></span> <span class='ocrx_word' id='word_1_420' title='bbox 3127 1950 3358 2012; x_wconf 85' lang='lat' dir='ltr'><strong><em>mortem</em></strong></span> <span class='ocrx_word' id='word_1_421' title='bbox 3390 1962 3570 2024; x_wconf 86' lang='lat' dir='ltr'><strong><em>atque</em></strong></span> <span class='ocrx_word' id='word_1_422' title='bbox 3598 1954 3830 2008; x_wconf 80' lang='lat' dir='ltr'><strong><em>deﬁcere</em></strong></span> 
     </span>
    </p>
   </div>
   <div class='ocr_carea' id='block_1_62' title="bbox 2224 2048 2755 2120">
    <p class='ocr_par' dir='ltr' id='par_1_62' title="bbox 2224 2048 2755 2120">
     <span class='ocr_line' id='line_1_62' title="bbox 2224 2048 2755 2120; baseline -0.004 -16"><span class='ocrx_word' id='word_1_423' title='bbox 2224 2065 2499 2120; x_wconf 87' lang='lat' dir='ltr'><strong><em>nunquam</em></strong></span> <span class='ocrx_word' id='word_1_424' title='bbox 2527 2048 2755 2119; x_wconf 86' lang='lat' dir='ltr'><strong><em>possint.</em></strong></span> 
     </span>
    </p>
   </div>
   <div class='ocr_carea' id='block_1_63' title="bbox 2556 2159 3425 2228">
    <p class='ocr_par' dir='ltr' id='par_1_63' title="bbox 2556 2159 3425 2228">
     <span class='ocr_line' id='line_1_63' title="bbox 2556 2159 3425 2228; baseline -0.008 -9"><span class='ocrx_word' id='word_1_425' title='bbox 2556 2181 2564 2189; x_wconf 77' lang='lat'><strong>&#39;</strong></span> <span class='ocrx_word' id='word_1_426' title='bbox 2616 2179 2735 2218; x_wconf 79' lang='lat' dir='ltr'><strong><em>per.</em></strong></span> <span class='ocrx_word' id='word_1_427' title='bbox 2761 2179 2888 2228; x_wconf 83' lang='lat' dir='ltr'><strong><em>Lxx,</em></strong></span> <span class='ocrx_word' id='word_1_428' title='bbox 2927 2178 3044 2218; x_wconf 77' lang='lat' dir='ltr'><strong>CAP.</strong></span> <span class='ocrx_word' id='word_1_429' title='bbox 3076 2161 3164 2227; x_wconf 87' lang='lat'><strong><em>19,</em></strong></span> <span class='ocrx_word' id='word_1_430' title='bbox 3192 2175 3348 2216; x_wconf 71' lang='lat' dir='ltr'><strong><em>sec&#39;r.</em></strong></span> <span class='ocrx_word' id='word_1_431' title='bbox 3371 2159 3425 2213; x_wconf 84' lang='lat'><strong><em>3.</em></strong></span> 
     </span>
    </p>
   </div>
   <div class='ocr_carea' id='block_1_64' title="bbox 2297 2269 3826 2348">
    <p class='ocr_par' dir='ltr' id='par_1_64' title="bbox 2297 2269 3826 2348">
     <span class='ocr_line' id='line_1_64' title="bbox 2297 2269 3826 2348; baseline -0.009 -12"><span class='ocrx_word' id='word_1_432' title='bbox 2297 2289 2338 2336; x_wconf 89' lang='grc' dir='ltr'><strong><em>Θ</em></strong></span> <span class='ocrx_word' id='word_1_433' title='bbox 2373 2277 2593 2334; x_wconf 84' lang='lat' dir='ltr'><strong><em>Dicis:l</em></strong></span> <span class='ocrx_word' id='word_1_434' title='bbox 2599 2295 2631 2331; x_wconf 83' lang='grc' dir='ltr'><em>η</em></span> <span class='ocrx_word' id='word_1_435' title='bbox 2654 2277 2832 2332; x_wconf 88' lang='lat' dir='ltr'><strong><em>eodem</em></strong></span> <span class='ocrx_word' id='word_1_436' title='bbox 2851 2278 2968 2348; x_wconf 89' lang='lat' dir='ltr'><strong><em>igne</em></strong></span> <span class='ocrx_word' id='word_1_437' title='bbox 2991 2284 3301 2330; x_wconf 86' lang='lat' dir='ltr'><strong><em>naturarum</em></strong></span> <span class='ocrx_word' id='word_1_438' title='bbox 3323 2274 3472 2327; x_wconf 86' lang='lat' dir='ltr'><strong><em>intra</em></strong></span> <span class='ocrx_word' id='word_1_439' title='bbox 3504 2289 3564 2326; x_wconf 84' lang='lat' dir='ltr'><strong><em>se</em></strong></span> <span class='ocrx_word' id='word_1_440' title='bbox 3596 2269 3826 2325; x_wconf 70' lang='lat' dir='ltr'><strong><em>mirabile</em></strong></span> 
     </span>
    </p>
   </div>
   <div class='ocr_carea' id='block_1_65' title="bbox 2229 2361 3827 2440">
    <p class='ocr_par' dir='ltr' id='par_1_65' title="bbox 2229 2361 3827 2440">
     <span class='ocr_line' id='line_1_65' title="bbox 2229 2361 3827 2440; baseline -0.005 -18"><span class='ocrx_word' id='word_1_441' title='bbox 2229 2367 2408 2440; x_wconf 81' lang='lat' dir='ltr'><strong><em>perﬁci</em></strong></span> <span class='ocrx_word' id='word_1_442' title='bbox 2434 2367 2708 2438; x_wconf 87' lang='lat' dir='ltr'><strong><em>gaudium,</em></strong></span> <span class='ocrx_word' id='word_1_443' title='bbox 2737 2366 3018 2420; x_wconf 85' lang='lat' dir='ltr'><strong><em>malarum</em></strong></span> <span class='ocrx_word' id='word_1_444' title='bbox 3043 2381 3160 2419; x_wconf 77' lang='lat' dir='ltr'><strong><em>vero</em></strong></span> <span class='ocrx_word' id='word_1_445' title='bbox 3200 2363 3534 2418; x_wconf 79' lang='lat' dir='ltr'><strong><em>voluntatem</em></strong></span> <span class='ocrx_word' id='word_1_446' title='bbox 3569 2361 3827 2430; x_wconf 50' lang='lat' dir='ltr'><strong><em>aqua:</em></strong></span> 
     </span>
    </p>
   </div>
   <div class='ocr_carea' id='block_1_66' title="bbox 2231 2473 2565 2518">
    <p class='ocr_par' dir='ltr' id='par_1_66' title="bbox 2231 2473 2565 2518">
     <span class='ocr_line' id='line_1_66' title="bbox 2231 2473 2565 2518; baseline -0.009 -1"><span class='ocrx_word' id='word_1_447' title='bbox 2231 2473 2565 2518; x_wconf 87' lang='lat' dir='ltr'><strong><em>tormentum.</em></strong></span> 
     </span>
    </p>
   </div>
   <div class='ocr_carea' id='block_1_67' title="bbox 2262 2548 3827 2624">
    <p class='ocr_par' dir='ltr' id='par_1_67' title="bbox 2262 2548 3827 2624">
     <span class='ocr_line' id='line_1_67' title="bbox 2262 2548 3827 2624; baseline -0.003 -20"><span class='ocrx_word' id='word_1_448' title='bbox 2262 2599 2264 2604; x_wconf 91' lang='lat'><strong><em>.</em></strong></span> <span class='ocrx_word' id='word_1_449' title='bbox 2301 2556 2342 2624; x_wconf 66' lang='grc' dir='ltr'><strong><em>σξ·</em></strong></span> <span class='ocrx_word' id='word_1_450' title='bbox 2369 2553 2774 2624; x_wconf 79' lang='lat' dir='ltr'><strong><em>Respondemus</em></strong></span> <span class='ocrx_word' id='word_1_451' title='bbox 2807 2570 2819 2604; x_wconf 88' lang='lat'><strong><em>:</em></strong></span> <span class='ocrx_word' id='word_1_452' title='bbox 2853 2551 3067 2606; x_wconf 83' lang='lat' dir='ltr'><strong><em>Nullum</em></strong></span> <span class='ocrx_word' id='word_1_453' title='bbox 3087 2548 3469 2620; x_wconf 81' lang='lat' dir='ltr'><strong><em>illicgaudium</em></strong></span> <span class='ocrx_word' id='word_1_454' title='bbox 3484 2555 3827 2608; x_wconf 77' lang='lat' dir='ltr'><strong><em>naturarum,</em></strong></span> 
     </span>
    </p>
   </div>
   <div class='ocr_carea' id='block_1_68' title="bbox 2145 2639 3828 2712">
    <p class='ocr_par' dir='ltr' id='par_1_68' title="bbox 2145 2639 3828 2712">
     <span class='ocr_line' id='line_1_68' title="bbox 2145 2639 3828 2712; baseline -0.007 -9"><span class='ocrx_word' id='word_1_455' title='bbox 2145 2689 2147 2692; x_wconf 52' lang='grc' dir='ltr'><strong><em>ι</em></strong></span> <span class='ocrx_word' id='word_1_456' title='bbox 2233 2647 2347 2712; x_wconf 89' lang='lat' dir='ltr'><strong><em>ubi,</em></strong></span> <span class='ocrx_word' id='word_1_457' title='bbox 2372 2653 2606 2700; x_wconf 88' lang='lat' dir='ltr'><strong><em>testante</em></strong></span> <span class='ocrx_word' id='word_1_458' title='bbox 2643 2643 2892 2708; x_wconf 90' lang='lat' dir='ltr'><strong><em>Domino,</em></strong></span> <span class='ocrx_word' id='word_1_459' title='bbox 2923 2645 3082 2710; x_wconf 80' lang='lat' dir='ltr'><strong><em>fletus</em></strong></span> <span class='ocrx_word' id='word_1_460' title='bbox 3112 2643 3210 2696; x_wconf 87' lang='lat' dir='ltr'><strong><em>erit</em></strong></span> <span class='ocrx_word' id='word_1_461' title='bbox 3238 2651 3285 2695; x_wconf 89' lang='lat' dir='ltr'><strong><em>et</em></strong></span> <span class='ocrx_word' id='word_1_462' title='bbox 3341 2640 3556 2694; x_wconf 82' lang='lat' dir='ltr'><strong><em>stridor</em></strong></span> <span class='ocrx_word' id='word_1_463' title='bbox 3575 2639 3828 2698; x_wconf 62' lang='lat' dir='ltr'><strong><em>tientia.</em></strong></span> 
     </span>
    </p>
   </div>
   <div class='ocr_carea' id='block_1_69' title="bbox 2236 2730 3832 2808">
    <p class='ocr_par' dir='ltr' id='par_1_69' title="bbox 2236 2730 3832 2808">
     <span class='ocr_line' id='line_1_69' title="bbox 2236 2730 3832 2808; baseline -0.006 -16"><span class='ocrx_word' id='word_1_464' title='bbox 2236 2747 2396 2808; x_wconf 87' lang='lat' dir='ltr'><strong><em>teque</em></strong></span> <span class='ocrx_word' id='word_1_465' title='bbox 2421 2737 2593 2806; x_wconf 90' lang='lat' dir='ltr'><strong><em>ipsum</em></strong></span> <span class='ocrx_word' id='word_1_466' title='bbox 2617 2735 2944 2790; x_wconf 86' lang='lat' dir='ltr'><strong><em>validissime</em></strong></span> <span class='ocrx_word' id='word_1_467' title='bbox 2971 2734 3306 2804; x_wconf 88' lang='lat' dir='ltr'><strong><em>impugnare,</em></strong></span> <span class='ocrx_word' id='word_1_468' title='bbox 3350 2730 3446 2801; x_wconf 90' lang='lat' dir='ltr'><strong><em>qui</em></strong></span> <span class='ocrx_word' id='word_1_469' title='bbox 3508 2739 3646 2784; x_wconf 86' lang='lat' dir='ltr'><strong><em>ante</em></strong></span> <span class='ocrx_word' id='word_1_470' title='bbox 3695 2730 3832 2784; x_wconf 79' lang='lat' dir='ltr'><strong><em>dixe-</em></strong></span> 
     </span>
    </p>
   </div>
   <div class='ocr_carea' id='block_1_70' title="bbox 2237 2823 3832 2889">
    <p class='ocr_par' dir='ltr' id='par_1_70' title="bbox 2237 2823 3832 2889">
     <span class='ocr_line' id='line_1_70' title="bbox 2237 2823 3832 2889; baseline -0.006 -6"><span class='ocrx_word' id='word_1_471' title='bbox 2237 2844 2328 2883; x_wconf 87' lang='lat' dir='ltr'><strong><em>ras</em></strong></span> <span class='ocrx_word' id='word_1_472' title='bbox 2361 2827 2636 2883; x_wconf 88' lang='lat' dir='ltr'><strong><em>miseriam</em></strong></span> <span class='ocrx_word' id='word_1_473' title='bbox 2681 2825 2882 2880; x_wconf 85' lang='lat' dir='ltr'><strong><em>nullam</em></strong></span> <span class='ocrx_word' id='word_1_474' title='bbox 2913 2838 3058 2889; x_wconf 89' lang='lat' dir='ltr'><strong><em>esse,</em></strong></span> <span class='ocrx_word' id='word_1_475' title='bbox 3105 2823 3208 2878; x_wconf 88' lang='lat' dir='ltr'><strong><em>nisi</em></strong></span> <span class='ocrx_word' id='word_1_476' title='bbox 3258 2829 3502 2877; x_wconf 85' lang='lat' dir='ltr'><strong><em>mortem</em></strong></span> <span class='ocrx_word' id='word_1_477' title='bbox 3549 2830 3832 2880; x_wconf 61' lang='lat' dir='ltr'><strong><em>aeternam.</em></strong></span> 
     </span>
    </p>
   </div>
   <div class='ocr_carea' id='block_1_71' title="bbox 2242 2908 3831 2984">
    <p class='ocr_par' dir='ltr' id='par_1_71' title="bbox 2242 2908 3831 2984">
     <span class='ocr_line' id='line_1_71' title="bbox 2242 2908 3831 2984; baseline -0.009 -8"><span class='ocrx_word' id='word_1_478' title='bbox 2242 2930 2499 2976; x_wconf 69' lang='lat' dir='ltr'><strong><em>aeternam</em></strong></span> <span class='ocrx_word' id='word_1_479' title='bbox 2555 2926 2786 2974; x_wconf 87' lang='lat' dir='ltr'><strong><em>mortem</em></strong></span> <span class='ocrx_word' id='word_1_480' title='bbox 2847 2916 3096 2971; x_wconf 82' lang='lat' dir='ltr'><strong><em>veritatis</em></strong></span> <span class='ocrx_word' id='word_1_481' title='bbox 3149 2913 3520 2984; x_wconf 82' lang='lat' dir='ltr'><strong><em>ignorantiam</em></strong></span> <span class='ocrx_word' id='word_1_482' title='bbox 3577 2929 3595 2964; x_wconf 90' lang='lat'><strong><em>:</em></strong></span> <span class='ocrx_word' id='word_1_483' title='bbox 3651 2919 3708 2965; x_wconf 86' lang='lat' dir='ltr'><strong><em>et</em></strong></span> <span class='ocrx_word' id='word_1_484' title='bbox 3749 2908 3831 2962; x_wconf 80' lang='lat' dir='ltr'><strong><em>ubi</em></strong></span> 
     </span>
    </p>
   </div>
   <div class='ocr_carea' id='block_1_72' title="bbox 2240 3002 3831 3084">
    <p class='ocr_par' dir='ltr' id='par_1_72' title="bbox 2240 3002 3831 3084">
     <span class='ocr_line' id='line_1_72' title="bbox 2240 3002 3831 3084; baseline -0.009 -16"><span class='ocrx_word' id='word_1_485' title='bbox 2240 3013 2516 3084; x_wconf 77' lang='lat' dir='ltr'><strong><em>ignoretur</em></strong></span> <span class='ocrx_word' id='word_1_486' title='bbox 2558 3010 2780 3075; x_wconf 89' lang='lat' dir='ltr'><strong><em>veritas,</em></strong></span> <span class='ocrx_word' id='word_1_487' title='bbox 2821 3009 2894 3063; x_wconf 90' lang='lat' dir='ltr'><strong><em>ibi</em></strong></span> <span class='ocrx_word' id='word_1_488' title='bbox 2926 3006 3131 3062; x_wconf 86' lang='lat' dir='ltr'><strong><em>nullam</em></strong></span> <span class='ocrx_word' id='word_1_489' title='bbox 3175 3005 3361 3058; x_wconf 83' lang='lat' dir='ltr'><strong><em>vitam.</em></strong></span> <span class='ocrx_word' id='word_1_490' title='bbox 3405 3002 3598 3070; x_wconf 80' lang='lat' dir='ltr'><strong><em>Quod,</em></strong></span> <span class='ocrx_word' id='word_1_491' title='bbox 3633 3014 3831 3071; x_wconf 64' lang='lat' dir='ltr'><strong><em>quas»,</em></strong></span> 
     </span>
    </p>
   </div>
   <div class='ocr_carea' id='block_1_73' title="bbox 2243 3091 3832 3173">
    <p class='ocr_par' dir='ltr' id='par_1_73' title="bbox 2243 3091 3832 3173">
     <span class='ocr_line' id='line_1_73' title="bbox 2243 3091 3832 3173; baseline -0.008 -18"><span class='ocrx_word' id='word_1_492' title='bbox 2243 3103 2494 3173; x_wconf 78' lang='lat' dir='ltr'><strong><em>gaudium</em></strong></span> <span class='ocrx_word' id='word_1_493' title='bbox 2519 3099 2624 3154; x_wconf 91' lang='lat' dir='ltr'><strong><em>illis</em></strong></span> <span class='ocrx_word' id='word_1_494' title='bbox 2656 3100 2866 3168; x_wconf 83' lang='lat' dir='ltr'><strong><em>irrogas</em></strong></span> <span class='ocrx_word' id='word_1_495' title='bbox 2883 3097 3081 3167; x_wconf 89' lang='lat' dir='ltr'><strong><em>quibus</em></strong></span> <span class='ocrx_word' id='word_1_496' title='bbox 3095 3103 3352 3150; x_wconf 55' lang='lat' dir='ltr'><strong><em>aeternam</em></strong></span> <span class='ocrx_word' id='word_1_497' title='bbox 3383 3101 3654 3156; x_wconf 85' lang='lat' dir='ltr'><strong><em>mortem,</em></strong></span> <span class='ocrx_word' id='word_1_498' title='bbox 3687 3091 3832 3144; x_wconf 61' lang='lat' dir='ltr'><strong><em>miseo</em></strong></span> 
     </span>
    </p>
   </div>
   <div class='ocr_carea' id='block_1_74' title="bbox 2246 3186 3836 3265">
    <p class='ocr_par' dir='ltr' id='par_1_74' title="bbox 2246 3186 3836 3265">
     <span class='ocr_line' id='line_1_74' title="bbox 2246 3186 3836 3265; baseline -0.009 -13"><span class='ocrx_word' id='word_1_499' title='bbox 2246 3197 2404 3261; x_wconf 87' lang='lat' dir='ltr'><strong><em>riam,</em></strong></span> <span class='ocrx_word' id='word_1_500' title='bbox 2431 3194 2677 3250; x_wconf 79' lang='lat' dir='ltr'><strong><em>veritatis</em></strong></span> <span class='ocrx_word' id='word_1_501' title='bbox 2706 3192 3086 3265; x_wconf 82' lang='lat' dir='ltr'><strong><em>ignorantiam,</em></strong></span> <span class='ocrx_word' id='word_1_502' title='bbox 3121 3189 3436 3258; x_wconf 87' lang='lat' dir='ltr'><strong><em>nullamque</em></strong></span> <span class='ocrx_word' id='word_1_503' title='bbox 3469 3187 3650 3242; x_wconf 86' lang='lat' dir='ltr'><strong><em>vitam</em></strong></span> <span class='ocrx_word' id='word_1_504' title='bbox 3673 3186 3836 3239; x_wconf 76' lang='lat' dir='ltr'><strong><em>inesse</em></strong></span> 
     </span>
    </p>
   </div>
   <div class='ocr_carea' id='block_1_75' title="bbox 2247 3288 2552 3344">
    <p class='ocr_par' dir='ltr' id='par_1_75' title="bbox 2247 3288 2552 3344">
     <span class='ocr_line' id='line_1_75' title="bbox 2247 3288 2552 3344; baseline -0.013 0"><span class='ocrx_word' id='word_1_505' title='bbox 2247 3290 2509 3344; x_wconf 89' lang='lat' dir='ltr'><strong><em>docueras</em></strong></span> <span class='ocrx_word' id='word_1_506' title='bbox 2529 3288 2552 3340; x_wconf 70' lang='grc' dir='ltr'><strong><em>’Ξ</em></strong></span> 
     </span>
    </p>
   </div>
   <div class='ocr_carea' id='block_1_76' title="bbox 2628 3370 3434 3442">
    <p class='ocr_par' dir='ltr' id='par_1_76' title="bbox 2628 3370 3434 3442">
     <span class='ocr_line' id='line_1_76' title="bbox 2628 3370 3434 3442; baseline -0.007 -12"><span class='ocrx_word' id='word_1_507' title='bbox 2628 3392 2744 3430; x_wconf 75' lang='lat' dir='ltr'><strong><em>per.</em></strong></span> <span class='ocrx_word' id='word_1_508' title='bbox 2777 3391 2928 3442; x_wconf 77' lang='lat' dir='ltr'><strong>LXXI,</strong></span> <span class='ocrx_word' id='word_1_509' title='bbox 2953 3391 3071 3430; x_wconf 57' lang='lat' dir='ltr'><strong><em>car.</em></strong></span> <span class='ocrx_word' id='word_1_510' title='bbox 3097 3373 3184 3438; x_wconf 89' lang='lat'><strong><em>19,</em></strong></span> <span class='ocrx_word' id='word_1_511' title='bbox 3213 3387 3367 3426; x_wconf 68' lang='lat' dir='ltr'><strong><em>secr.</em></strong></span> <span class='ocrx_word' id='word_1_512' title='bbox 3398 3370 3434 3424; x_wconf 81' lang='grc'><strong>5</strong></span> 
     </span>
    </p>
   </div>
   <div class='ocr_carea' id='block_1_77' title="bbox 2269 3484 3834 3561">
    <p class='ocr_par' dir='ltr' id='par_1_77' title="bbox 2269 3484 3834 3561">
     <span class='ocr_line' id='line_1_77' title="bbox 2269 3484 3834 3561; baseline -0.016 -8"><span class='ocrx_word' id='word_1_513' title='bbox 2269 3553 2274 3555; x_wconf 91' lang='lat'>_</span> <span class='ocrx_word' id='word_1_514' title='bbox 2316 3504 2358 3552; x_wconf 88' lang='grc' dir='ltr'><strong><em>Θ</em></strong></span> <span class='ocrx_word' id='word_1_515' title='bbox 2385 3491 2530 3548; x_wconf 87' lang='lat' dir='ltr'><strong><em>Dicis</em></strong></span> <span class='ocrx_word' id='word_1_516' title='bbox 2557 3509 2570 3545; x_wconf 91' lang='lat'><strong><em>:</em></strong></span> <span class='ocrx_word' id='word_1_517' title='bbox 2603 3489 2898 3561; x_wconf 84' lang='lat' dir='ltr'><strong><em>Impiorum</em></strong></span> <span class='ocrx_word' id='word_1_518' title='bbox 2919 3487 3224 3558; x_wconf 80' lang='lat' dir='ltr'><strong><em>angelorum</em></strong></span> <span class='ocrx_word' id='word_1_519' title='bbox 3244 3495 3291 3540; x_wconf 84' lang='lat' dir='ltr'><strong><em>et</em></strong></span> <span class='ocrx_word' id='word_1_520' title='bbox 3322 3484 3607 3538; x_wconf 70' lang='lat' dir='ltr'><strong><em>hominum</em></strong></span> <span class='ocrx_word' id='word_1_521' title='bbox 3633 3493 3834 3548; x_wconf 71' lang='lat' dir='ltr'><strong><em>corpus</em></strong></span> 
     </span>
    </p>
   </div>
   <div class='ocr_carea' id='block_1_78' title="bbox 2250 3569 3836 3656">
    <p class='ocr_par' dir='ltr' id='par_1_78' title="bbox 2250 3569 3836 3656">
     <span class='ocr_line' id='line_1_78' title="bbox 2250 3569 3836 3656; baseline -0.013 -18"><span class='ocrx_word' id='word_1_522' title='bbox 2250 3581 2696 3656; x_wconf 86' lang='lat' dir='ltr'><strong><em>pulchritudinem</em></strong></span> <span class='ocrx_word' id='word_1_523' title='bbox 2721 3589 2768 3635; x_wconf 88' lang='lat' dir='ltr'><strong><em>et</em></strong></span> <span class='ocrx_word' id='word_1_524' title='bbox 2796 3577 3092 3633; x_wconf 85' lang='lat' dir='ltr'><strong><em>naturalem</em></strong></span> <span class='ocrx_word' id='word_1_525' title='bbox 3125 3573 3555 3630; x_wconf 77' lang='lat' dir='ltr'><strong><em>incolumitatem</em></strong></span> <span class='ocrx_word' id='word_1_526' title='bbox 3605 3569 3836 3624; x_wconf 69' lang='lat' dir='ltr'><strong><em>habitum</em></strong></span> 
     </span>
    </p>
   </div>
   <div class='ocr_carea' id='block_1_79' title="bbox 2251 3679 2606 3750">
    <p class='ocr_par' dir='ltr' id='par_1_79' title="bbox 2251 3679 2606 3750">
     <span class='ocr_line' id='line_1_79' title="bbox 2251 3679 2606 3750; baseline -0.006 -16"><span class='ocrx_word' id='word_1_527' title='bbox 2251 3691 2298 3735; x_wconf 91' lang='lat' dir='ltr'><strong><em>et</em></strong></span> <span class='ocrx_word' id='word_1_528' title='bbox 2323 3679 2606 3750; x_wconf 77' lang='lat' dir='ltr'><strong><em>refulsura.</em></strong></span> 
     </span>
    </p>
   </div>
   <div class='ocr_carea' id='block_1_80' title="bbox 2323 3751 3838 3840">
    <p class='ocr_par' dir='ltr' id='par_1_80' title="bbox 2323 3751 3838 3840">
     <span class='ocr_line' id='line_1_80' title="bbox 2323 3751 3838 3840; baseline -0.015 -15"><span class='ocrx_word' id='word_1_529' title='bbox 2323 3770 2364 3840; x_wconf 71' lang='grc' dir='ltr'><strong><em>-ι-</em></strong></span> <span class='ocrx_word' id='word_1_530' title='bbox 2393 3767 2806 3838; x_wconf 81' lang='lat' dir='ltr'><strong><em>Respondemus</em></strong></span> <span class='ocrx_word' id='word_1_531' title='bbox 2839 3783 2852 3818; x_wconf 89' lang='lat'><strong><em>:</em></strong></span> <span class='ocrx_word' id='word_1_532' title='bbox 2881 3763 3074 3819; x_wconf 78' lang='lat' dir='ltr'><strong><em>Dicere</em></strong></span> <span class='ocrx_word' id='word_1_533' title='bbox 3098 3760 3438 3830; x_wconf 84' lang='lat' dir='ltr'><strong><em>Scripturam</em></strong></span> <span class='ocrx_word' id='word_1_534' title='bbox 3467 3773 3486 3810; x_wconf 88' lang='lat'><strong><em>:</em></strong></span> <span class='ocrx_word' id='word_1_535' title='bbox 3534 3753 3643 3808; x_wconf 76' lang='lat' dir='ltr'><strong><em>Ubi</em></strong></span> <span class='ocrx_word' id='word_1_536' title='bbox 3681 3751 3838 3806; x_wconf 67' lang='lat' dir='ltr'><strong><em>nulla:</em></strong></span> 
     </span>
    </p>
   </div>
   <div class='ocr_carea' id='block_1_81' title="bbox 2251 3844 3749 3928">
    <p class='ocr_par' dir='ltr' id='par_1_81' title="bbox 2251 3844 3749 3928">
     <span class='ocr_line' id='line_1_81' title="bbox 2251 3844 3749 3928; baseline -0.013 -13"><span class='ocrx_word' id='word_1_537' title='bbox 2251 3863 2381 3915; x_wconf 86' lang='lat' dir='ltr'><strong><em>ordo</em></strong></span> <span class='ocrx_word' id='word_1_538' title='bbox 2403 3869 2450 3914; x_wconf 90' lang='lat' dir='ltr'><strong><em>et</em></strong></span> <span class='ocrx_word' id='word_1_539' title='bbox 2477 3859 2820 3928; x_wconf 83' lang='lat' dir='ltr'><strong><em>sempiternus</em></strong></span> <span class='ocrx_word' id='word_1_540' title='bbox 2843 3855 3032 3909; x_wconf 89' lang='lat' dir='ltr'><strong><em>horror</em></strong></span> <span class='ocrx_word' id='word_1_541' title='bbox 3074 3852 3328 3907; x_wconf 84' lang='lat' dir='ltr'><strong><em>inhabitat</em></strong></span> <span class='ocrx_word' id='word_1_542' title='bbox 3358 3847 3486 3918; x_wconf 85' lang='lat' dir='ltr'><strong><em>(Job</em></strong></span> <span class='ocrx_word' id='word_1_543' title='bbox 3514 3846 3608 3912; x_wconf 86' lang='lat'><strong><em>10,</em></strong></span> <span class='ocrx_word' id='word_1_544' title='bbox 3637 3844 3749 3908; x_wconf 69' lang='lat'><strong>22‘).</strong></span> 
     </span>
    </p>
   </div>
   <div class='ocr_carea' id='block_1_82' title="bbox 2613 3959 3495 4034">
    <p class='ocr_par' dir='ltr' id='par_1_82' title="bbox 2613 3959 3495 4034">
     <span class='ocr_line' id='line_1_82' title="bbox 2613 3959 3495 4034; baseline -0.01 -10"><span class='ocrx_word' id='word_1_545' title='bbox 2613 3987 2732 4024; x_wconf 72' lang='lat' dir='ltr'><strong><em>per.</em></strong></span> <span class='ocrx_word' id='word_1_546' title='bbox 2782 3984 2951 4034; x_wconf 76' lang='lat' dir='ltr'><strong><em>Lxxu,</em></strong></span> <span class='ocrx_word' id='word_1_547' title='bbox 2978 3983 3096 4022; x_wconf 60' lang='lat' dir='ltr'><strong><em>car.</em></strong></span> <span class='ocrx_word' id='word_1_548' title='bbox 3129 3965 3224 4030; x_wconf 87' lang='lat'><strong><em>19,</em></strong></span> <span class='ocrx_word' id='word_1_549' title='bbox 3250 3978 3403 4019; x_wconf 71' lang='lat' dir='ltr'><strong><em>sscr.</em></strong></span> <span class='ocrx_word' id='word_1_550' title='bbox 3434 3959 3495 4015; x_wconf 80' lang='grc'><strong><em>5.</em></strong></span> 
     </span>
    </p>
   </div>
   <div class='ocr_carea' id='block_1_83' title="bbox 2327 4067 3846 4152">
    <p class='ocr_par' dir='ltr' id='par_1_83' title="bbox 2327 4067 3846 4152">
     <span class='ocr_line' id='line_1_83' title="bbox 2327 4067 3846 4152; baseline -0.016 -9"><span class='ocrx_word' id='word_1_551' title='bbox 2327 4095 2370 4143; x_wconf 88' lang='grc' dir='ltr'><strong><em>Θ</em></strong></span> <span class='ocrx_word' id='word_1_552' title='bbox 2397 4085 2540 4141; x_wconf 85' lang='lat' dir='ltr'><strong><em>Dicis</em></strong></span> <span class='ocrx_word' id='word_1_553' title='bbox 2570 4103 2582 4138; x_wconf 92' lang='lat'><strong><em>:</em></strong></span> <span class='ocrx_word' id='word_1_554' title='bbox 2612 4083 2846 4152; x_wconf 74' lang='lat' dir='ltr'><strong><em>Excepta</em></strong></span> <span class='ocrx_word' id='word_1_555' title='bbox 2875 4078 3193 4135; x_wconf 86' lang='lat' dir='ltr'><strong><em>beatitudine</em></strong></span> <span class='ocrx_word' id='word_1_556' title='bbox 3215 4091 3320 4146; x_wconf 88' lang='lat' dir='ltr'><strong><em>qua</em></strong></span> <span class='ocrx_word' id='word_1_557' title='bbox 3338 4071 3723 4145; x_wconf 61' lang='lat' dir='ltr'><strong><em>privabantur,</em></strong></span> <span class='ocrx_word' id='word_1_558' title='bbox 3741 4067 3846 4120; x_wconf 70' lang='lat' dir='ltr'><strong><em>tutt-</em></strong></span> 
     </span>
    </p>
   </div>
   <div class='ocr_carea' id='block_1_84' title="bbox 2258 4178 2819 4247">
    <p class='ocr_par' dir='ltr' id='par_1_84' title="bbox 2258 4178 2819 4247">
     <span class='ocr_line' id='line_1_84' title="bbox 2258 4178 2819 4247; baseline -0.011 -14"><span class='ocrx_word' id='word_1_559' title='bbox 2258 4181 2365 4234; x_wconf 90' lang='lat' dir='ltr'><strong><em>lam</em></strong></span> <span class='ocrx_word' id='word_1_560' title='bbox 2386 4178 2576 4234; x_wconf 85' lang='lat' dir='ltr'><strong><em>habere</em></strong></span> <span class='ocrx_word' id='word_1_561' title='bbox 2594 4191 2819 4247; x_wconf 75' lang='lat' dir='ltr'><strong><em>ptenam.</em></strong></span> 
     </span>
    </p>
   </div>
   <div class='ocr_carea' id='block_1_85' title="bbox 2279 4261 3844 4344">
    <p class='ocr_par' dir='ltr' id='par_1_85' title="bbox 2279 4261 3844 4344">
     <span class='ocr_line' id='line_1_85' title="bbox 2279 4261 3844 4344; baseline -0.015 -16"><span class='ocrx_word' id='word_1_562' title='bbox 2279 4333 2281 4336; x_wconf 19' lang='lat'><strong>,</strong></span> <span class='ocrx_word' id='word_1_563' title='bbox 2331 4273 2369 4344; x_wconf 76' lang='grc' dir='ltr'><strong><em>-ι-</em></strong></span> <span class='ocrx_word' id='word_1_564' title='bbox 2411 4269 2820 4341; x_wconf 87' lang='lat' dir='ltr'><strong><em>Respondemus</em></strong></span> <span class='ocrx_word' id='word_1_565' title='bbox 2856 4282 2871 4320; x_wconf 89' lang='lat'><strong><em>:</em></strong></span> <span class='ocrx_word' id='word_1_566' title='bbox 2904 4265 3012 4320; x_wconf 88' lang='lat' dir='ltr'><strong><em>Eos</em></strong></span> <span class='ocrx_word' id='word_1_567' title='bbox 3053 4273 3108 4319; x_wconf 88' lang='lat' dir='ltr'><strong><em>et</em></strong></span> <span class='ocrx_word' id='word_1_568' title='bbox 3131 4261 3436 4318; x_wconf 87' lang='lat' dir='ltr'><strong><em>animarum</em></strong></span> <span class='ocrx_word' id='word_1_569' title='bbox 3464 4266 3530 4313; x_wconf 87' lang='lat' dir='ltr'><strong><em>et</em></strong></span> <span class='ocrx_word' id='word_1_570' title='bbox 3565 4265 3844 4326; x_wconf 79' lang='lat' dir='ltr'><strong><em>corpoan</em></strong></span> 
     </span>
    </p>
   </div>
   <div class='ocr_carea' id='block_1_86' title="bbox 2261 4359 3050 4433">
    <p class='ocr_par' dir='ltr' id='par_1_86' title="bbox 2261 4359 3050 4433">
     <span class='ocr_line' id='line_1_86' title="bbox 2261 4359 3050 4433; baseline -0.016 -10"><span class='ocrx_word' id='word_1_571' title='bbox 2261 4376 2497 4422; x_wconf 73' lang='lat' dir='ltr'><strong><em>mternos</em></strong></span> <span class='ocrx_word' id='word_1_572' title='bbox 2525 4360 2732 4433; x_wconf 88' lang='lat' dir='ltr'><strong><em>perpeti</em></strong></span> <span class='ocrx_word' id='word_1_573' title='bbox 2758 4359 3050 4414; x_wconf 88' lang='lat' dir='ltr'><strong><em>cruciatus.</em></strong></span> 
     </span>
    </p>
   </div>
   <div class='ocr_carea' id='block_1_87' title="bbox 2621 4464 3502 4537">
    <p class='ocr_par' dir='ltr' id='par_1_87' title="bbox 2621 4464 3502 4537">
     <span class='ocr_line' id='line_1_87' title="bbox 2621 4464 3502 4537; baseline -0.011 -11"><span class='ocrx_word' id='word_1_574' title='bbox 2621 4489 2741 4526; x_wconf 70' lang='lat' dir='ltr'><strong><em>per.</em></strong></span> <span class='ocrx_word' id='word_1_575' title='bbox 2772 4487 2966 4537; x_wconf 73' lang='lat' dir='ltr'><strong><em>usui,</em></strong></span> <span class='ocrx_word' id='word_1_576' title='bbox 3000 4485 3118 4526; x_wconf 67' lang='lat' dir='ltr'><strong><em>car.</em></strong></span> <span class='ocrx_word' id='word_1_577' title='bbox 3153 4467 3240 4531; x_wconf 90' lang='grc'><strong><em>19,</em></strong></span> <span class='ocrx_word' id='word_1_578' title='bbox 3261 4480 3416 4520; x_wconf 78' lang='lat' dir='ltr'><strong><em>secr.</em></strong></span> <span class='ocrx_word' id='word_1_579' title='bbox 3441 4464 3502 4518; x_wconf 78' lang='lat'><strong><em>5.</em></strong></span> 
     </span>
    </p>
   </div>
   <div class='ocr_carea' id='block_1_88' title="bbox 573 4573 2144 4690">
    <p class='ocr_par' dir='ltr' id='par_1_88' title="bbox 573 4573 2144 4682">
     <span class='ocr_line' id='line_1_88' title="bbox 659 4573 1554 4594; baseline -0.002 -4"><span class='ocrx_word' id='word_1_580' title='bbox 659 4573 673 4594; x_wconf 91' lang='lat'><strong><em>.</em></strong></span> <span class='ocrx_word' id='word_1_581' title='bbox 712 4573 1069 4592; x_wconf 45' lang='grc' dir='ltr'><strong><em>--ν-τνκ-ηρη</em></strong></span> <span class='ocrx_word' id='word_1_582' title='bbox 1098 4573 1158 4576; x_wconf 43' lang='grc' dir='ltr'><strong><em>τί</em></strong></span> <span class='ocrx_word' id='word_1_583' title='bbox 1220 4573 1240 4575; x_wconf 84' lang='grc'><strong>-</strong></span> <span class='ocrx_word' id='word_1_584' title='bbox 1421 4573 1436 4588; x_wconf 92' lang='grc'><strong><em>.</em></strong></span> <span class='ocrx_word' id='word_1_585' title='bbox 1543 4573 1554 4581; x_wconf 87' lang='grc'><strong><em>.</em></strong></span> 
     </span>
     <span class='ocr_line' id='line_1_89' title="bbox 573 4599 2144 4682; baseline -0.011 -9"><span class='ocrx_word' id='word_1_586' title='bbox 573 4625 630 4673; x_wconf 89' lang='lat' dir='ltr'><strong><em>et</em></strong></span> <span class='ocrx_word' id='word_1_587' title='bbox 671 4616 1003 4672; x_wconf 84' lang='lat' dir='ltr'><strong><em>voluntatem</em></strong></span> <span class='ocrx_word' id='word_1_588' title='bbox 1050 4612 1337 4682; x_wconf 89' lang='lat' dir='ltr'><strong><em>impiorum</em></strong></span> <span class='ocrx_word' id='word_1_589' title='bbox 1384 4609 1493 4664; x_wconf 82' lang='lat' dir='ltr'><strong><em>Deo</em></strong></span> <span class='ocrx_word' id='word_1_590' title='bbox 1538 4607 1704 4662; x_wconf 83' lang='lat' dir='ltr'><strong><em>invite</em></strong></span> <span class='ocrx_word' id='word_1_591' title='bbox 1743 4603 1950 4660; x_wconf 84' lang='lat' dir='ltr'><strong><em>servire</em></strong></span> <span class='ocrx_word' id='word_1_592' title='bbox 1993 4599 2144 4670; x_wconf 87' lang='lat' dir='ltr'><strong><em>juste</em></strong></span> 
     </span>
    </p>
   </div>
   <div class='ocr_carea' id='block_1_89' title="bbox 2263 4573 3848 4690">
    <p class='ocr_par' dir='ltr' id='par_1_89' title="bbox 2339 4573 3848 4656">
     <span class='ocr_line' id='line_1_90' title="bbox 2339 4573 3848 4656; baseline -0.018 -6"><span class='ocrx_word' id='word_1_593' title='bbox 2339 4603 2381 4651; x_wconf 90' lang='grc' dir='ltr'><strong><em>Θ</em></strong></span> <span class='ocrx_word' id='word_1_594' title='bbox 2405 4590 2548 4646; x_wconf 89' lang='lat' dir='ltr'><strong><em>Dicis</em></strong></span> <span class='ocrx_word' id='word_1_595' title='bbox 2576 4603 2592 4642; x_wconf 92' lang='lat'><strong><em>:</em></strong></span> <span class='ocrx_word' id='word_1_596' title='bbox 2618 4586 2920 4656; x_wconf 76' lang='lat' dir='ltr'><strong><em>Infelicium</em></strong></span> <span class='ocrx_word' id='word_1_597' title='bbox 2954 4582 3252 4636; x_wconf 87' lang='lat' dir='ltr'><strong><em>animarum</em></strong></span> <span class='ocrx_word' id='word_1_598' title='bbox 3282 4576 3625 4632; x_wconf 75' lang='lat' dir='ltr'><strong><em>intentionem</em></strong></span> <span class='ocrx_word' id='word_1_599' title='bbox 3657 4573 3726 4627; x_wconf 78' lang='lat' dir='ltr'><strong><em>de</em></strong></span> <span class='ocrx_word' id='word_1_600' title='bbox 3746 4587 3848 4624; x_wconf 72' lang='lat' dir='ltr'><strong><em>cor-</em></strong></span> 
     </span>
    </p>
   </div>
   <div class='ocr_carea' id='block_1_90' title="bbox 574 4694 2166 4780">
    <p class='ocr_par' dir='ltr' id='par_1_90' title="bbox 574 4694 2166 4780">
     <span class='ocr_line' id='line_1_91' title="bbox 574 4694 2166 4780; baseline -0.013 -16"><span class='ocrx_word' id='word_1_601' title='bbox 574 4725 683 4780; x_wconf 88' lang='lat' dir='ltr'><strong><em>que</em></strong></span> <span class='ocrx_word' id='word_1_602' title='bbox 709 4708 911 4780; x_wconf 90' lang='lat' dir='ltr'><strong><em>puniri,</em></strong></span> <span class='ocrx_word' id='word_1_603' title='bbox 943 4721 1050 4762; x_wconf 87' lang='lat' dir='ltr'><strong><em>non</em></strong></span> <span class='ocrx_word' id='word_1_604' title='bbox 1078 4721 1107 4758; x_wconf 90' lang='lat' dir='ltr'><strong><em>a</em></strong></span> <span class='ocrx_word' id='word_1_605' title='bbox 1153 4702 1345 4772; x_wconf 88' lang='lat' dir='ltr'><strong><em>seipsis</em></strong></span> <span class='ocrx_word' id='word_1_606' title='bbox 1367 4716 1462 4755; x_wconf 88' lang='lat' dir='ltr'><strong><em>sua</em></strong></span> <span class='ocrx_word' id='word_1_607' title='bbox 1492 4713 1674 4771; x_wconf 65' lang='lat' dir='ltr'><strong><em>pinna,</em></strong></span> <span class='ocrx_word' id='word_1_608' title='bbox 1705 4697 1799 4752; x_wconf 87' lang='lat' dir='ltr'><strong><em>sed</em></strong></span> <span class='ocrx_word' id='word_1_609' title='bbox 1829 4696 1897 4750; x_wconf 88' lang='lat' dir='ltr'><strong><em>ab</em></strong></span> <span class='ocrx_word' id='word_1_610' title='bbox 1930 4694 2041 4758; x_wconf 82' lang='lat' dir='ltr'><strong><em>illo,</em></strong></span> <span class='ocrx_word' id='word_1_611' title='bbox 2070 4708 2166 4747; x_wconf 76' lang='lat' dir='ltr'><strong><em>cu-</em></strong></span> 
     </span>
    </p>
   </div>
   <div class='ocr_carea' id='block_1_91' title="bbox 573 4788 2166 4874">
    <p class='ocr_par' dir='ltr' id='par_1_91' title="bbox 573 4788 2166 4874">
     <span class='ocr_line' id='line_1_92' title="bbox 573 4788 2166 4874; baseline -0.011 -16"><span class='ocrx_word' id='word_1_612' title='bbox 573 4820 664 4874; x_wconf 51' lang='lat' dir='ltr'><strong><em>ius</em></strong></span> <span class='ocrx_word' id='word_1_613' title='bbox 683 4812 766 4859; x_wconf 90' lang='lat' dir='ltr'><strong><em>est</em></strong></span> <span class='ocrx_word' id='word_1_614' title='bbox 795 4810 1038 4873; x_wconf 89' lang='lat' dir='ltr'><strong><em>potestas</em></strong></span> <span class='ocrx_word' id='word_1_615' title='bbox 1058 4799 1227 4870; x_wconf 85' lang='lat' dir='ltr'><strong><em>justa.</em></strong></span> <span class='ocrx_word' id='word_1_616' title='bbox 1263 4796 1462 4850; x_wconf 71' lang='lat' dir='ltr'><strong><em>Verum</em></strong></span> <span class='ocrx_word' id='word_1_617' title='bbox 1495 4803 1545 4848; x_wconf 90' lang='lat' dir='ltr'><strong><em>te</em></strong></span> <span class='ocrx_word' id='word_1_618' title='bbox 1580 4793 1664 4848; x_wconf 88' lang='lat' dir='ltr'><strong><em>his</em></strong></span> <span class='ocrx_word' id='word_1_619' title='bbox 1689 4790 1848 4846; x_wconf 88' lang='lat' dir='ltr'><strong><em>dictis</em></strong></span> <span class='ocrx_word' id='word_1_620' title='bbox 1877 4788 2166 4858; x_wconf 88' lang='lat' dir='ltr'><strong><em>plurimum</em></strong></span> 
     </span>
    </p>
   </div>
   <div class='ocr_carea' id='block_1_92' title="bbox 576 4877 2170 4965">
    <p class='ocr_par' dir='ltr' id='par_1_92' title="bbox 576 4877 2170 4965">
     <span class='ocr_line' id='line_1_93' title="bbox 576 4877 2170 4965; baseline -0.014 -15"><span class='ocrx_word' id='word_1_621' title='bbox 576 4896 888 4965; x_wconf 81' lang='lat' dir='ltr'><strong><em>impugnas,</em></strong></span> <span class='ocrx_word' id='word_1_622' title='bbox 935 4891 1025 4960; x_wconf 90' lang='lat' dir='ltr'><strong><em>qui</em></strong></span> <span class='ocrx_word' id='word_1_623' title='bbox 1066 4903 1226 4958; x_wconf 88' lang='lat' dir='ltr'><strong><em>supra</em></strong></span> <span class='ocrx_word' id='word_1_624' title='bbox 1279 4885 1484 4957; x_wconf 86' lang='lat' dir='ltr'><strong><em>nullum</em></strong></span> <span class='ocrx_word' id='word_1_625' title='bbox 1511 4883 1593 4937; x_wconf 87' lang='lat' dir='ltr'><strong><em>vel</em></strong></span> <span class='ocrx_word' id='word_1_626' title='bbox 1631 4883 1696 4937; x_wconf 89' lang='lat' dir='ltr'><strong><em>ad</em></strong></span> <span class='ocrx_word' id='word_1_627' title='bbox 1738 4882 1940 4936; x_wconf 88' lang='lat' dir='ltr'><strong><em>bonum</em></strong></span> <span class='ocrx_word' id='word_1_628' title='bbox 1991 4877 2075 4931; x_wconf 87' lang='lat' dir='ltr'><strong><em>vel</em></strong></span> <span class='ocrx_word' id='word_1_629' title='bbox 2102 4877 2170 4930; x_wconf 89' lang='lat' dir='ltr'><strong><em>ad</em></strong></span> 
     </span>
    </p>
   </div>
   <div class='ocr_carea' id='block_1_93' title="bbox 579 4982 1418 5054">
    <p class='ocr_par' dir='ltr' id='par_1_93' title="bbox 579 4982 1418 5054">
     <span class='ocr_line' id='line_1_94' title="bbox 579 4982 1418 5054; baseline -0.012 -13"><span class='ocrx_word' id='word_1_630' title='bbox 579 4987 779 5042; x_wconf 88' lang='lat' dir='ltr'><strong><em>malum</em></strong></span> <span class='ocrx_word' id='word_1_631' title='bbox 808 4982 1055 5054; x_wconf 87' lang='lat' dir='ltr'><strong><em>compelli</em></strong></span> <span class='ocrx_word' id='word_1_632' title='bbox 1091 4989 1418 5034; x_wconf 79' lang='lat' dir='ltr'><strong><em>astruxeras.</em></strong></span> 
     </span>
    </p>
   </div>
   <div class='ocr_carea' id='block_1_94' title="bbox 823 5109 1814 5181">
    <p class='ocr_par' dir='ltr' id='par_1_94' title="bbox 823 5109 1814 5181">
     <span class='ocr_line' id='line_1_95' title="bbox 823 5109 1814 5181; baseline -0.017 -6"><span class='ocrx_word' id='word_1_633' title='bbox 823 5136 883 5181; x_wconf 66' lang='grc' dir='ltr'><strong><em>απ</em></strong></span> <span class='ocrx_word' id='word_1_634' title='bbox 945 5135 1062 5172; x_wconf 72' lang='lat' dir='ltr'><strong><em>per.</em></strong></span> <span class='ocrx_word' id='word_1_635' title='bbox 1095 5132 1264 5178; x_wconf 69' lang='lat' dir='ltr'><strong><em>LXVII,</em></strong></span> <span class='ocrx_word' id='word_1_636' title='bbox 1309 5129 1426 5168; x_wconf 59' lang='lat' dir='ltr'><strong><em>car.</em></strong></span> <span class='ocrx_word' id='word_1_637' title='bbox 1457 5110 1548 5176; x_wconf 88' lang='grc'><strong>18,</strong></span> <span class='ocrx_word' id='word_1_638' title='bbox 1575 5124 1729 5164; x_wconf 75' lang='lat' dir='ltr'><strong><em>sscr.</em></strong></span> <span class='ocrx_word' id='word_1_639' title='bbox 1763 5109 1814 5162; x_wconf 93' lang='lat'><strong><em>8.</em></strong></span> 
     </span>
    </p>
   </div>
   <div class='ocr_carea' id='block_1_95' title="bbox 601 5215 2171 5300">
    <p class='ocr_par' dir='ltr' id='par_1_95' title="bbox 601 5215 2171 5300">
     <span class='ocr_line' id='line_1_96' title="bbox 601 5215 2171 5300; baseline -0.017 -8"><span class='ocrx_word' id='word_1_640' title='bbox 601 5233 604 5238; x_wconf 70' lang='grc'><em>’</em></span> <span class='ocrx_word' id='word_1_641' title='bbox 655 5246 696 5292; x_wconf 90' lang='grc' dir='ltr'><strong><em>Θ</em></strong></span> <span class='ocrx_word' id='word_1_642' title='bbox 724 5233 867 5288; x_wconf 85' lang='lat' dir='ltr'><strong><em>Dicis</em></strong></span> <span class='ocrx_word' id='word_1_643' title='bbox 899 5251 911 5285; x_wconf 94' lang='lat'><strong><em>:</em></strong></span> <span class='ocrx_word' id='word_1_644' title='bbox 952 5231 1028 5284; x_wconf 77' lang='lat' dir='ltr'><strong><em>De</em></strong></span> <span class='ocrx_word' id='word_1_645' title='bbox 1048 5247 1151 5300; x_wconf 88' lang='lat' dir='ltr'><strong><em>qua</em></strong></span> <span class='ocrx_word' id='word_1_646' title='bbox 1183 5245 1332 5300; x_wconf 75' lang='lat' dir='ltr'><strong><em>ptrna</em></strong></span> <span class='ocrx_word' id='word_1_647' title='bbox 1366 5241 1498 5298; x_wconf 87' lang='lat' dir='ltr'><strong><em>quos</em></strong></span> <span class='ocrx_word' id='word_1_648' title='bbox 1536 5223 1680 5293; x_wconf 86' lang='lat' dir='ltr'><strong><em>jnste</em></strong></span> <span class='ocrx_word' id='word_1_649' title='bbox 1725 5219 1827 5273; x_wconf 84' lang='lat' dir='ltr'><strong><em>non</em></strong></span> <span class='ocrx_word' id='word_1_650' title='bbox 1873 5219 2072 5277; x_wconf 85' lang='lat' dir='ltr'><strong><em>liberet,</em></strong></span> <span class='ocrx_word' id='word_1_651' title='bbox 2104 5215 2171 5266; x_wconf 89' lang='lat' dir='ltr'><strong><em>ad</em></strong></span> 
     </span>
    </p>
   </div>
   <div class='ocr_carea' id='block_1_96' title="bbox 585 5309 2176 5396">
    <p class='ocr_par' dir='ltr' id='par_1_96' title="bbox 585 5309 2176 5396">
     <span class='ocr_line' id='line_1_97' title="bbox 585 5309 2176 5396; baseline -0.016 -13"><span class='ocrx_word' id='word_1_652' title='bbox 585 5344 701 5382; x_wconf 79' lang='lat' dir='ltr'><strong><em>eam</em></strong></span> <span class='ocrx_word' id='word_1_653' title='bbox 725 5326 844 5380; x_wconf 90' lang='lat' dir='ltr'><strong><em>illos</em></strong></span> <span class='ocrx_word' id='word_1_654' title='bbox 866 5320 1252 5396; x_wconf 82' lang='lat' dir='ltr'><strong><em>quodammodo</em></strong></span> <span class='ocrx_word' id='word_1_655' title='bbox 1275 5325 1530 5388; x_wconf 82' lang='lat' dir='ltr'><strong><em>prwparet</em></strong></span> <span class='ocrx_word' id='word_1_656' title='bbox 1561 5313 1686 5367; x_wconf 81' lang='lat' dir='ltr'><strong><em>dum</em></strong></span> <span class='ocrx_word' id='word_1_657' title='bbox 1717 5327 1803 5364; x_wconf 84' lang='lat' dir='ltr'><strong><em>eos</em></strong></span> <span class='ocrx_word' id='word_1_658' title='bbox 1847 5309 1915 5363; x_wconf 93' lang='lat' dir='ltr'><strong><em>ad</em></strong></span> <span class='ocrx_word' id='word_1_659' title='bbox 1955 5325 2067 5361; x_wconf 87' lang='lat' dir='ltr'><strong><em>eam</em></strong></span> <span class='ocrx_word' id='word_1_660' title='bbox 2096 5323 2176 5360; x_wconf 76' lang='lat' dir='ltr'><strong><em>se</em></strong></span> 
     </span>
    </p>
   </div>
   <div class='ocr_carea' id='block_1_97' title="bbox 585 5412 2169 5491">
    <p class='ocr_par' dir='ltr' id='par_1_97' title="bbox 585 5412 2169 5491">
     <span class='ocr_line' id='line_1_98' title="bbox 585 5412 2169 5491; baseline -0.013 -19"><span class='ocrx_word' id='word_1_661' title='bbox 585 5425 727 5491; x_wconf 82' lang='lat' dir='ltr'><strong><em>ipsos</em></strong></span> <span class='ocrx_word' id='word_1_662' title='bbox 755 5429 1056 5486; x_wconf 78' lang='lat' dir='ltr'><strong><em>prrrparare</em></strong></span> <span class='ocrx_word' id='word_1_663' title='bbox 1075 5412 1358 5484; x_wconf 87' lang='lat' dir='ltr'><strong><em>permittat.</em></strong></span> <span class='ocrx_word' id='word_1_664' title='bbox 2167 5415 2169 5418; x_wconf 68' lang='lat'><em>‘</em></span> 
     </span>
    </p>
   </div>
   <div class='ocr_carea' id='block_1_98' title="bbox 657 5491 2177 5585">
    <p class='ocr_par' dir='ltr' id='par_1_98' title="bbox 657 5491 2177 5585">
     <span class='ocr_line' id='line_1_99' title="bbox 657 5491 2177 5585; baseline -0.014 -17"><span class='ocrx_word' id='word_1_665' title='bbox 657 5515 699 5585; x_wconf 53' lang='grc' dir='ltr'><strong><em>οῖ</em></strong></span> <span class='ocrx_word' id='word_1_666' title='bbox 717 5510 1160 5579; x_wconf 86' lang='lat' dir='ltr'><strong><em>Respondemus:</em></strong></span> <span class='ocrx_word' id='word_1_667' title='bbox 1193 5503 1248 5556; x_wconf 85' lang='lat' dir='ltr'><strong><em>id</em></strong></span> <span class='ocrx_word' id='word_1_668' title='bbox 1264 5503 1452 5557; x_wconf 84' lang='lat' dir='ltr'><strong><em>Patres</em></strong></span> <span class='ocrx_word' id='word_1_669' title='bbox 1477 5511 1754 5568; x_wconf 86' lang='lat' dir='ltr'><strong><em>nunquam</em></strong></span> <span class='ocrx_word' id='word_1_670' title='bbox 1783 5493 1874 5548; x_wconf 86' lang='lat' dir='ltr'><strong><em>tali</em></strong></span> <span class='ocrx_word' id='word_1_671' title='bbox 1906 5491 2177 5546; x_wconf 91' lang='lat' dir='ltr'><strong><em>locutione</em></strong></span> 
     </span>
    </p>
   </div>
   <div class='ocr_carea' id='block_1_99' title="bbox 595 5581 2185 5664">
    <p class='ocr_par' dir='ltr' id='par_1_99' title="bbox 595 5581 2185 5664">
     <span class='ocr_line' id='line_1_100' title="bbox 595 5581 2185 5664; baseline -0.014 -5"><span class='ocrx_word' id='word_1_672' title='bbox 595 5581 799 5658; x_wconf 82' lang='lat' dir='ltr'><strong><em>dictum</em></strong></span> <span class='ocrx_word' id='word_1_673' title='bbox 828 5597 1064 5655; x_wconf 88' lang='lat' dir='ltr'><strong><em>sensisse</em></strong></span> <span class='ocrx_word' id='word_1_674' title='bbox 1082 5635 1096 5660; x_wconf 94' lang='lat'><strong>,</strong></span> <span class='ocrx_word' id='word_1_675' title='bbox 1124 5593 1254 5664; x_wconf 91' lang='lat' dir='ltr'><strong><em>quin</em></strong></span> <span class='ocrx_word' id='word_1_676' title='bbox 1300 5592 1408 5646; x_wconf 89' lang='lat' dir='ltr'><strong><em>imo</em></strong></span> <span class='ocrx_word' id='word_1_677' title='bbox 1434 5598 1491 5645; x_wconf 90' lang='lat' dir='ltr'><strong><em>et</em></strong></span> <span class='ocrx_word' id='word_1_678' title='bbox 1527 5599 1839 5660; x_wconf 79' lang='lat' dir='ltr'><strong><em>praeparare</em></strong></span> <span class='ocrx_word' id='word_1_679' title='bbox 1879 5581 2089 5652; x_wconf 88' lang='lat' dir='ltr'><strong><em>seipsos</em></strong></span> <span class='ocrx_word' id='word_1_680' title='bbox 2116 5581 2185 5636; x_wconf 89' lang='lat' dir='ltr'><strong><em>ad</em></strong></span> 
     </span>
    </p>
   </div>
   <div class='ocr_carea' id='block_1_100' title="bbox 595 5673 2181 5762">
    <p class='ocr_par' dir='ltr' id='par_1_100' title="bbox 595 5673 2181 5762">
     <span class='ocr_line' id='line_1_101' title="bbox 595 5673 2181 5762; baseline -0.011 -16"><span class='ocrx_word' id='word_1_681' title='bbox 595 5707 811 5762; x_wconf 81' lang='lat' dir='ltr'><strong><em>poenam</em></strong></span> <span class='ocrx_word' id='word_1_682' title='bbox 841 5689 1024 5758; x_wconf 89' lang='lat' dir='ltr'><strong><em>inique</em></strong></span> <span class='ocrx_word' id='word_1_683' title='bbox 1039 5683 1291 5748; x_wconf 86' lang='lat' dir='ltr'><strong><em>vivendo,</em></strong></span> <span class='ocrx_word' id='word_1_684' title='bbox 1307 5691 1362 5737; x_wconf 88' lang='lat' dir='ltr'><strong><em>et</em></strong></span> <span class='ocrx_word' id='word_1_685' title='bbox 1374 5682 1428 5738; x_wconf 88' lang='lat' dir='ltr'><strong><em>in</em></strong></span> <span class='ocrx_word' id='word_1_686' title='bbox 1443 5679 1728 5751; x_wconf 87' lang='lat' dir='ltr'><strong><em>iniquitate</em></strong></span> <span class='ocrx_word' id='word_1_687' title='bbox 1743 5673 2144 5749; x_wconf 84' lang='lat' dir='ltr'><strong><em>perseverando</em></strong></span> <span class='ocrx_word' id='word_1_688' title='bbox 2167 5689 2181 5736; x_wconf 90' lang='lat'><strong>;</strong></span> 
     </span>
    </p>
   </div>
   <div class='ocr_carea' id='block_1_101' title="bbox 596 5764 2182 5847">
    <p class='ocr_par' dir='ltr' id='par_1_101' title="bbox 596 5764 2182 5847">
     <span class='ocr_line' id='line_1_102' title="bbox 596 5764 2182 5847; baseline -0.011 -11"><span class='ocrx_word' id='word_1_689' title='bbox 596 5792 652 5836; x_wconf 81' lang='lat' dir='ltr'><strong><em>et</em></strong></span> <span class='ocrx_word' id='word_1_690' title='bbox 673 5782 840 5834; x_wconf 87' lang='lat' dir='ltr'><strong><em>Deum</em></strong></span> <span class='ocrx_word' id='word_1_691' title='bbox 868 5780 950 5833; x_wconf 82' lang='lat' dir='ltr'><strong><em>vel</em></strong></span> <span class='ocrx_word' id='word_1_692' title='bbox 972 5791 1300 5847; x_wconf 66' lang='lat' dir='ltr'><strong><em>pratparare,</em></strong></span> <span class='ocrx_word' id='word_1_693' title='bbox 1325 5773 1406 5828; x_wconf 87' lang='lat' dir='ltr'><strong><em>vel</em></strong></span> <span class='ocrx_word' id='word_1_694' title='bbox 1422 5771 1830 5841; x_wconf 71' lang='lat' dir='ltr'><strong><em>prtedestinare,</em></strong></span> <span class='ocrx_word' id='word_1_695' title='bbox 1857 5766 1975 5822; x_wconf 79' lang='lat' dir='ltr'><strong><em>illos</em></strong></span> <span class='ocrx_word' id='word_1_696' title='bbox 1997 5764 2182 5836; x_wconf 80' lang='lat' dir='ltr'><strong><em>justis-</em></strong></span> 
     </span>
    </p>
   </div>
   <div class='ocr_carea' id='block_1_102' title="bbox 601 5870 1075 5938">
    <p class='ocr_par' dir='ltr' id='par_1_102' title="bbox 601 5870 1075 5938">
     <span class='ocr_line' id='line_1_103' title="bbox 601 5870 1075 5938; baseline -0.015 -11"><span class='ocrx_word' id='word_1_697' title='bbox 601 5873 737 5926; x_wconf 73' lang='lat' dir='ltr'><strong><em>sime</em></strong></span> <span class='ocrx_word' id='word_1_698' title='bbox 763 5870 1075 5938; x_wconf 79' lang='lat' dir='ltr'><strong><em>judicaudo.</em></strong></span> 
     </span>
    </p>
   </div>
   <div class='ocr_carea' id='block_1_103' title="bbox 2271 4675 3302 4759">
    <p class='ocr_par' dir='ltr' id='par_1_103' title="bbox 2271 4675 3302 4759">
     <span class='ocr_line' id='line_1_104' title="bbox 2271 4675 3302 4759; baseline -0.017 -19"><span class='ocrx_word' id='word_1_699' title='bbox 2271 4684 2483 4759; x_wconf 88' lang='lat' dir='ltr'><strong><em>poribus</em></strong></span> <span class='ocrx_word' id='word_1_700' title='bbox 2504 4680 2614 4734; x_wconf 84' lang='lat' dir='ltr'><strong><em>suis</em></strong></span> <span class='ocrx_word' id='word_1_701' title='bbox 2631 4689 2855 4733; x_wconf 69' lang='lat' dir='ltr'><strong><em>aeternas</em></strong></span> <span class='ocrx_word' id='word_1_702' title='bbox 2882 4675 2990 4745; x_wconf 90' lang='lat' dir='ltr'><strong><em>pati</em></strong></span> <span class='ocrx_word' id='word_1_703' title='bbox 3019 4686 3302 4727; x_wconf 83' lang='lat' dir='ltr'><strong><em>ternmnas.</em></strong></span> 
     </span>
    </p>
   </div>
   <div class='ocr_carea' id='block_1_104' title="bbox 2347 4756 3850 4847">
    <p class='ocr_par' dir='ltr' id='par_1_104' title="bbox 2347 4756 3850 4847">
     <span class='ocr_line' id='line_1_105' title="bbox 2347 4756 3850 4847; baseline -0.015 -17"><span class='ocrx_word' id='word_1_704' title='bbox 2347 4778 2389 4847; x_wconf 62' lang='grc' dir='ltr'><strong><em>σξ-</em></strong></span> <span class='ocrx_word' id='word_1_705' title='bbox 2409 4772 2818 4842; x_wconf 89' lang='lat' dir='ltr'><strong><em>Respondemus</em></strong></span> <span class='ocrx_word' id='word_1_706' title='bbox 2835 4786 2848 4822; x_wconf 90' lang='lat'><strong><em>:</em></strong></span> <span class='ocrx_word' id='word_1_707' title='bbox 2865 4765 3182 4822; x_wconf 87' lang='lat' dir='ltr'><strong><em>Nullatenus</em></strong></span> <span class='ocrx_word' id='word_1_708' title='bbox 3201 4777 3302 4817; x_wconf 91' lang='lat' dir='ltr'><strong><em>nos</em></strong></span> <span class='ocrx_word' id='word_1_709' title='bbox 3315 4760 3500 4815; x_wconf 80' lang='lat' dir='ltr'><strong><em>videre</em></strong></span> <span class='ocrx_word' id='word_1_710' title='bbox 3511 4756 3850 4829; x_wconf 65' lang='lat' dir='ltr'><strong><em>quam</em></strong></span> 
     </span>
    </p>
   </div>
   <div class='ocr_carea' id='block_1_105' title="bbox 2283 4845 3849 4928">
    <p class='ocr_par' dir='ltr' id='par_1_105' title="bbox 2283 4845 3849 4928">
     <span class='ocr_line' id='line_1_106' title="bbox 2283 4845 3849 4928; baseline -0.018 -4"><span class='ocrx_word' id='word_1_711' title='bbox 2283 4845 2528 4925; x_wconf 82' lang='lat' dir='ltr'><strong><em>infelices</em></strong></span> <span class='ocrx_word' id='word_1_712' title='bbox 2574 4861 2852 4926; x_wconf 88' lang='lat' dir='ltr'><strong><em>homines,</em></strong></span> <span class='ocrx_word' id='word_1_713' title='bbox 2875 4858 3072 4928; x_wconf 86' lang='lat' dir='ltr'><strong><em>quibus</em></strong></span> <span class='ocrx_word' id='word_1_714' title='bbox 3100 4864 3224 4910; x_wconf 89' lang='lat' dir='ltr'><strong><em>ante</em></strong></span> <span class='ocrx_word' id='word_1_715' title='bbox 3250 4851 3506 4924; x_wconf 83' lang='lat' dir='ltr'><strong><em>gaudium</em></strong></span> <span class='ocrx_word' id='word_1_716' title='bbox 3559 4845 3849 4902; x_wconf 72' lang='lat' dir='ltr'><strong><em>contulisti:</em></strong></span> 
     </span>
    </p>
   </div>
   <div class='ocr_carea' id='block_1_106' title="bbox 2209 4935 3854 5029">
    <p class='ocr_par' dir='ltr' id='par_1_106' title="bbox 2209 4935 3854 5029">
     <span class='ocr_line' id='line_1_107' title="bbox 2209 4935 3854 5029; baseline -0.022 -9"><span class='ocrx_word' id='word_1_717' title='bbox 2209 5017 2211 5020; x_wconf 22' lang='lat'><strong><em>,</em></strong></span> <span class='ocrx_word' id='word_1_718' title='bbox 2284 4961 2368 5016; x_wconf 87' lang='lat' dir='ltr'><strong><em>vel</em></strong></span> <span class='ocrx_word' id='word_1_719' title='bbox 2395 4972 2532 5029; x_wconf 90' lang='lat' dir='ltr'><strong><em>quas</em></strong></span> <span class='ocrx_word' id='word_1_720' title='bbox 2553 4968 2828 5010; x_wconf 69' lang='lat' dir='ltr'><strong><em>aerumnas</em></strong></span> <span class='ocrx_word' id='word_1_721' title='bbox 2860 4951 2929 5005; x_wconf 88' lang='lat' dir='ltr'><strong><em>de</em></strong></span> <span class='ocrx_word' id='word_1_722' title='bbox 2957 4946 3274 5017; x_wconf 90' lang='lat' dir='ltr'><strong><em>corporibus</em></strong></span> <span class='ocrx_word' id='word_1_723' title='bbox 3289 4942 3402 4998; x_wconf 87' lang='lat' dir='ltr'><strong><em>suis</em></strong></span> <span class='ocrx_word' id='word_1_724' title='bbox 3427 4940 3735 5010; x_wconf 81' lang='lat' dir='ltr'><strong><em>patiantur,</em></strong></span> <span class='ocrx_word' id='word_1_725' title='bbox 3755 4935 3854 5004; x_wconf 72' lang='lat' dir='ltr'><strong><em>qui-</em></strong></span> 
     </span>
    </p>
   </div>
   <div class='ocr_carea' id='block_1_107' title="bbox 2287 5023 3854 5118">
    <p class='ocr_par' dir='ltr' id='par_1_107' title="bbox 2287 5023 3854 5118">
     <span class='ocr_line' id='line_1_108' title="bbox 2287 5023 3854 5118; baseline -0.019 -12"><span class='ocrx_word' id='word_1_726' title='bbox 2287 5053 2388 5106; x_wconf 90' lang='lat' dir='ltr'><strong><em>bus</em></strong></span> <span class='ocrx_word' id='word_1_727' title='bbox 2412 5023 2796 5118; x_wconf 82' lang='lat' dir='ltr'><strong><em>integritatem,</em></strong></span> <span class='ocrx_word' id='word_1_728' title='bbox 2822 5036 3300 5113; x_wconf 87' lang='lat' dir='ltr'><strong><em>pulchritudinem,</em></strong></span> <span class='ocrx_word' id='word_1_729' title='bbox 3325 5030 3756 5086; x_wconf 75' lang='lat' dir='ltr'><strong><em>incolumitatem</em></strong></span> <span class='ocrx_word' id='word_1_730' title='bbox 3777 5023 3854 5077; x_wconf 77' lang='lat' dir='ltr'><strong><em>iul-</em></strong></span> 
     </span>
    </p>
   </div>
   <div class='ocr_carea' id='block_1_108' title="bbox 2279 5137 2814 5216">
    <p class='ocr_par' dir='ltr' id='par_1_108' title="bbox 2279 5137 2814 5216">
     <span class='ocr_line' id='line_1_109' title="bbox 2279 5137 2814 5216; baseline -0.021 -15"><span class='ocrx_word' id='word_1_731' title='bbox 2279 5155 2572 5216; x_wconf 87' lang='lat' dir='ltr'><strong><em>goremque</em></strong></span> <span class='ocrx_word' id='word_1_732' title='bbox 2599 5137 2814 5194; x_wconf 90' lang='lat' dir='ltr'><strong><em>dedisti.</em></strong></span> 
     </span>
    </p>
   </div>
   <div class='ocr_carea' id='block_1_109' title="bbox 2616 5233 3528 5309">
    <p class='ocr_par' dir='ltr' id='par_1_109' title="bbox 2616 5233 3528 5309">
     <span class='ocr_line' id='line_1_110' title="bbox 2616 5233 3528 5309; baseline -0.02 -5"><span class='ocrx_word' id='word_1_733' title='bbox 2616 5264 2737 5304; x_wconf 77' lang='lat' dir='ltr'><strong><em>per.</em></strong></span> <span class='ocrx_word' id='word_1_734' title='bbox 2781 5261 2966 5309; x_wconf 74' lang='lat' dir='ltr'><strong>Lxxw,</strong></span> <span class='ocrx_word' id='word_1_735' title='bbox 3005 5259 3122 5298; x_wconf 61' lang='lat' dir='ltr'><strong><em>car.</em></strong></span> <span class='ocrx_word' id='word_1_736' title='bbox 3165 5240 3252 5303; x_wconf 85' lang='lat'><strong><em>19,</em></strong></span> <span class='ocrx_word' id='word_1_737' title='bbox 3284 5252 3438 5291; x_wconf 70' lang='lat' dir='ltr'><strong><em>ssc-r.</em></strong></span> <span class='ocrx_word' id='word_1_738' title='bbox 3468 5233 3528 5286; x_wconf 81' lang='lat'><strong><em>5.</em></strong></span> 
     </span>
    </p>
   </div>
   <div class='ocr_carea' id='block_1_110' title="bbox 2289 5340 3854 5433">
    <p class='ocr_par' dir='ltr' id='par_1_110' title="bbox 2289 5340 3854 5433">
     <span class='ocr_line' id='line_1_111' title="bbox 2289 5340 3854 5433; baseline -0.02 -7"><span class='ocrx_word' id='word_1_739' title='bbox 2289 5384 2296 5386; x_wconf 81' lang='lat'>&#39;</span> <span class='ocrx_word' id='word_1_740' title='bbox 2354 5381 2394 5424; x_wconf 85' lang='grc' dir='ltr'><strong><em>Θ</em></strong></span> <span class='ocrx_word' id='word_1_741' title='bbox 2427 5367 2571 5421; x_wconf 89' lang='lat' dir='ltr'><strong><em>Dicis</em></strong></span> <span class='ocrx_word' id='word_1_742' title='bbox 2607 5383 2618 5416; x_wconf 90' lang='lat'><strong><em>:</em></strong></span> <span class='ocrx_word' id='word_1_743' title='bbox 2653 5362 2837 5433; x_wconf 86' lang='lat' dir='ltr'><strong><em>Ipsam</em></strong></span> <span class='ocrx_word' id='word_1_744' title='bbox 2884 5361 3058 5429; x_wconf 86' lang='lat' dir='ltr'><strong><em>ignem</em></strong></span> <span class='ocrx_word' id='word_1_745' title='bbox 3111 5353 3350 5408; x_wconf 87' lang='lat' dir='ltr'><strong><em>omnibus</em></strong></span> <span class='ocrx_word' id='word_1_746' title='bbox 3407 5345 3720 5415; x_wconf 72' lang='lat' dir='ltr'><strong><em>corporibus</em></strong></span> 
     </span>
    </p>
   </div>
   <div class='ocr_carea' id='block_1_111' title="bbox 2281 5445 2928 5536">
    <p class='ocr_par' dir='ltr' id='par_1_111' title="bbox 2281 5445 2928 5531">
     <span class='ocr_line' id='line_1_112' title="bbox 2281 5445 2928 5531; baseline -0.011 -18"><span class='ocrx_word' id='word_1_747' title='bbox 2281 5459 2506 5531; x_wconf 87' lang='lat' dir='ltr'><strong><em>gloriam</em></strong></span> <span class='ocrx_word' id='word_1_748' title='bbox 2925 5445 2928 5448; x_wconf 50' lang='grc'><strong>’</strong></span> 
     </span>
    </p>
   </div>
   <div class='ocr_carea' id='block_1_112' title="bbox 2286 5529 3855 5624">
    <p class='ocr_par' dir='ltr' id='par_1_112' title="bbox 2286 5529 3855 5624">
     <span class='ocr_line' id='line_1_113' title="bbox 2286 5529 3855 5624; baseline -0.02 -14"><span class='ocrx_word' id='word_1_749' title='bbox 2286 5529 2299 5570; x_wconf 29' lang='lat' dir='ltr'><strong><em>&#39;v</em></strong></span> <span class='ocrx_word' id='word_1_750' title='bbox 2359 5556 2398 5624; x_wconf 61' lang='grc' dir='ltr'><strong><em>’ὶ-</em></strong></span> <span class='ocrx_word' id='word_1_751' title='bbox 2431 5531 2840 5620; x_wconf 79' lang='lat' dir='ltr'><strong><em>Respondemus</em></strong></span> <span class='ocrx_word' id='word_1_752' title='bbox 2866 5562 2878 5596; x_wconf 92' lang='lat'><strong><em>:</em></strong></span> <span class='ocrx_word' id='word_1_753' title='bbox 2904 5542 3113 5598; x_wconf 83' lang='lat' dir='ltr'><strong><em>Nullam</em></strong></span> <span class='ocrx_word' id='word_1_754' title='bbox 3141 5551 3366 5610; x_wconf 87' lang='lat' dir='ltr'><strong><em>prorsus</em></strong></span> <span class='ocrx_word' id='word_1_755' title='bbox 3383 5532 3496 5588; x_wconf 81' lang='lat' dir='ltr'><strong><em>ﬁeri</em></strong></span> <span class='ocrx_word' id='word_1_756' title='bbox 3531 5529 3855 5600; x_wconf 57' lang='lat' dir='ltr'><strong><em>gloriam...»</em></strong></span> 
     </span>
    </p>
   </div>
   <div class='ocr_carea' id='block_1_113' title="bbox 2289 5633 3283 5702">
    <p class='ocr_par' dir='ltr' id='par_1_113' title="bbox 2289 5633 3283 5702">
     <span class='ocr_line' id='line_1_114' title="bbox 2289 5633 3283 5702; baseline -0.02 0"><span class='ocrx_word' id='word_1_757' title='bbox 2289 5660 2474 5702; x_wconf 80' lang='lat' dir='ltr'><strong><em>verum</em></strong></span> <span class='ocrx_word' id='word_1_758' title='bbox 2510 5637 2908 5698; x_wconf 87' lang='lat' dir='ltr'><strong><em>interminabile</em></strong></span> <span class='ocrx_word' id='word_1_759' title='bbox 2938 5633 3283 5689; x_wconf 80' lang='lat' dir='ltr'><strong><em>tormentum.</em></strong></span> 
     </span>
    </p>
   </div>
   <div class='ocr_carea' id='block_1_114' title="bbox 2681 5736 3463 5810">
    <p class='ocr_par' dir='ltr' id='par_1_114' title="bbox 2681 5736 3463 5810">
     <span class='ocr_line' id='line_1_115' title="bbox 2681 5736 3463 5810; baseline -0.022 -5"><span class='ocrx_word' id='word_1_760' title='bbox 2681 5765 2827 5804; x_wconf 66' lang='lat' dir='ltr'><strong><em>‘ItEF.</em></strong></span> <span class='ocrx_word' id='word_1_761' title='bbox 2864 5762 3024 5810; x_wconf 74' lang='lat' dir='ltr'><strong><em>1.xxv,</em></strong></span> <span class='ocrx_word' id='word_1_762' title='bbox 3053 5758 3192 5798; x_wconf 74' lang='lat' dir='ltr'><strong><em>EI‘IL.</em></strong></span> <span class='ocrx_word' id='word_1_763' title='bbox 3226 5755 3378 5794; x_wconf 62' lang='lat' dir='ltr'><strong><em>sum.</em></strong></span> <span class='ocrx_word' id='word_1_764' title='bbox 3406 5736 3463 5790; x_wconf 71' lang='lat'><strong><em>9..</em></strong></span> 
     </span>
    </p>
   </div>
   <div class='ocr_carea' id='block_1_115' title="bbox 2363 5825 3854 5911">
    <p class='ocr_par' dir='ltr' id='par_1_115' title="bbox 2363 5825 3854 5911">
     <span class='ocr_line' id='line_1_116' title="bbox 2363 5825 3854 5911; baseline -0.029 0"><span class='ocrx_word' id='word_1_765' title='bbox 2363 5863 2402 5911; x_wconf 78' lang='grc' dir='ltr'><strong><em>Θ</em></strong></span> <span class='ocrx_word' id='word_1_766' title='bbox 2452 5849 2596 5905; x_wconf 83' lang='lat' dir='ltr'><strong><em>Dicis</em></strong></span> <span class='ocrx_word' id='word_1_767' title='bbox 2628 5865 2640 5902; x_wconf 91' lang='lat'><strong><em>:</em></strong></span> <span class='ocrx_word' id='word_1_768' title='bbox 2679 5841 3088 5899; x_wconf 75' lang='lat' dir='ltr'><strong><em>Pro-destinasse</em></strong></span> <span class='ocrx_word' id='word_1_769' title='bbox 3125 5836 3290 5894; x_wconf 82' lang='lat' dir='ltr'><strong><em>Demn</em></strong></span> <span class='ocrx_word' id='word_1_770' title='bbox 3310 5829 3493 5894; x_wconf 79' lang='lat' dir='ltr'><strong><em>impios</em></strong></span> <span class='ocrx_word' id='word_1_771' title='bbox 3520 5830 3592 5881; x_wconf 85' lang='lat' dir='ltr'><strong><em>ad</em></strong></span> <span class='ocrx_word' id='word_1_772' title='bbox 3613 5825 3854 5878; x_wconf 70' lang='lat' dir='ltr'><strong><em>interith</em></strong></span> 
     </span>
    </p>
   </div>
  </div>
