3974 6344
139 453 280 511 1305

1314 437 1647 496 EPISTOLA
1687 435 1778 490 AD
1820 428 2237 488 VENILONEM.

3273 424 3410 482 {506

135 581 226 624 aut
248 555 512 624 interiium
536 569 808 640 impiis,'id
837 578 935 634 est,
965 546 1308 623 antestecula
1333 565 1580 635 deﬁnisse
1606 581 1719 618 cer-
1751 564 1793 621 Α
1823 559 2030 640 ξὶοιξςξιὶ
2075 557 2192 611 Vide
2223 555 2288 640 ad
2319 551 2906 640 Fpilogqttrknﬁzm—
2931 543 3192 640 chlililég
3203 543 3416 640 31122;:

137 674 248 717 tum
288 677 561 716 numerum
589 677 766 716 eorum
805 661 894 732 qui
928 660 982 714 in
1010 676 1108 714 sua
1150 658 1413 728 impietate
1461 656 1725 712 interituri

137 764 327 809 essent.

215 849 250 917 ἦ·
287 845 738 916 Respondemus:
775 848 830 903 ld
884 863 984 903 nos
1036 846 1285 918 amplecti
1337 853 1498 916 atque
1549 843 1726 907 fateri,

138 936 358 1007 esplosa
391 946 568 994 tamen
615 939 1056 1011 tergiversatione
1092 948 1204 1004 tua,
1257 953 1362 1008 qua
1389 937 1533 992 aliud
1567 951 1729 1006 quam

141 1036 298 1084 sonet
324 1029 594 1102 intelligis.

559 1159 678 1199 per.
710 1161 890 1210 Lxxvt,
927 1161 1065 1201 BNL.
1094 1161 1246 1202 sac'r.
1279 1147 1335 1201 2.

157 1307 162 1310 .
213 1259 257 1307 Θ
309 1250 456 1341 Dicis
495 1270 508 1303 :
550 1250 673 1307 Non
710 1255 763 1309 in
795 1255 866 1310 eis
888 1255 1056 1310 Deum
1102 1257 1241 1328 quod
1267 1257 1460 1327 fecerat
1511 1267 1727 1326 punitu-

148 1357 286 1406 rum,
329 1342 419 1396 sed
444 1343 592 1398 ineis
627 1345 766 1415 quod
813 1362 915 1400 non
959 1347 1151 1418 fecerat
1183 1349 1361 1420 puniri
1398 1349 1718 1404 relicturum.

165 1493 189 1530 ._
221 1455 374 1523 (Quae
395 1470 705 1526 supersunt,
734 1463 1012 1530 responsio
1031 1463 1237 1519 scilicet
1266 1465 1332 1520 ad
1361 1465 1500 1520 hanc
1539 1465 1730 1520 deﬁni-

153 1526 786 1609 tionemncn-mjultima
811 1526 1144 1609 deﬁnitione,
1203 1536 1398 1609 desunt
1443 1536 1496 1590 in
1539 1552 1738 1609 manu-,

153 1596 356 1665 scripto
385 1598 720 1656 bibliothecae
761 1600 877 1658 Jac.
911 1603 1049 1675 Aug.
1081 1604 1314 1671 Thuani,
1364 1609 1458 1662 sed
1506 1622 1728 1678 respon-

1828 612 1880 683 in
1927 628 2217 684 Hincmaro
2247 612 2572 680 habéturvdc
2610 612 2891 685 Praedest.,
2928 633 2978 672 c.
3009 614 3102 674 3|,
3132 629 3252 685 pag.
3281 612 3415 679 ἰδὲ,

1832 700 1972 753 unde
2008 699 2093 774 hic
2128 697 2410 768 reposita.)

1851 877 1854 880 ,
2069 827 2190 867 DEF.
2233 826 2416 865 LXXVII
2457 826 2524 863 ΕΤ
2565 825 2716 884 ULT.,_
2756 822 2893 861 EPIL.
2937 817 3088 884 DECT.
3125 799 3163 854 δ

1849 956 1852 958 γ
1933 913 1974 958 Θ
2016 902 2158 957 Dicis
2200 919 2213 954 :
2261 881 2724 954 Anathematizare
2779 907 2828 951 te
2883 881 2970 949 eos
3024 894 3114 964 qui
3163 891 3424 962 geminam

1837 994 2345 1066 prwdestinationem
2372 992 2573 1058 dicunt,
2603 999 2694 1046 aut
2717 987 3198 1062 prmdestinationes
3244 982 3426 1055 plura-

1836 1083 1954 1138 liter
1984 1083 2228 1153 eﬂ'erum.

1903 1175 1944 1244 1-
1983 1173 2389 1243 Respondemus
2423 1192 2437 1228 :
2471 1172 2588 1226 Tibi
2638 1171 2818 1242 potius
2843 1167 3154 1233 convenire,
3207 1167 3296 1236 qui
3336 1179 3429 1219 ve.

1836 1267 2052 1338 ritatem
2086 1266 2414 1338 judiciorum
2454 1265 2548 1320 Dei
2583 1263 2849 1332 tantisper
2894 1262 3202 1332 impugnas,
3268 1255 3428 1310 ﬁdem

1837 1359 2102 1414 dictorum
2130 1359 2401 1412 veracium
2432 1372 2618 1428 negas,
2666 1370 2825 1410 sensa
2864 1353 3086 1408 Patrum
3118 1365 3216 1420 per
3247 1348 3429 1402 omnia

1834 1451 2255 1506 reverendorum
2296 1449 2606 1504 ﬁdelissima
2655 1448 2949 1516 depravas,
3007 1451 3062 1498 et
3087 1456 3150 1496 ea
3208 1439 3430 1508 insuper

1835 1559 2008 1600 novus
2076 1543 2372 1598 falsitatum
2431 1541 2683 1596 inventor
2742 1537 3023 1599 enuntias,
3067 1549 3188 1603 qua:
3249 1529 3429 1586 nullus

1836 1642 1962 1687 ante
1993 1634 2095 1688 hac
2139 1633 2342 1687 dixisse
2379 1631 2459 1687 vel
2497 1629 2780 1700 scripsisse
2825 1627 3096 1682 ullatenus
3132 1621 3426 1694 reperitur.

501 1743 3427 1772 MM

901 1899 1580 2058 sanan
1621 1871 2696 2036 rutilianus

1427 2114 1810 2173 TRECENSIS
1844 2069 2152 2173 EPISCOPI

651 2234 1638 2424 'EPISTOLA
1734 2267 2842 2425 TBACTORIA“

1547 2547 1632 2588 an
1674 2545 2068 2605 VENILONEM,

273 2676 480 2750 Quam
520 2688 634 2752 per
667 2667 976 2733 vicarium
1013 2668 1190 2732 misit
1224 2669 1303 2734 ad
1333 2667 1804 2733 ordinationem
1842 2671 2060 2812 {ineas
2093 2670 2499 2742 Parisiensis,
2539 2687 2687 2734 cum
2732 2669 2873 2749 ipse
2917 2667 3145 2734 adesse
3179 2657 3314 2735 non

1676 2759 1867 2812 nosse
1903 2797 1918 2812 .

1676 2759 1918 2831 posset.

1429 2900 1630 2914 ~—

159 3056 524 3113 stncerissime
549 3053 835 3126 diligendis
866 3063 1028 3123 atque
1046 3053 1379 3124 coepiscopis
1413 3055 1744 3120 reverendis,

161 3147 511 3202 Pauperi-rtus
540 3157 800 3201 mternam
832 3145 884 3199 in
919 3143 1147 3205 Domino
1177 3144 1428 3200 salutem.

177 3269 182 3274 ο
232 3237 504 3304 Quantum
527 3235 592 3290 ad
618 3237 869 3290 meritum
898 3245 1243 3306 peccatorum
1269 3250 1513 3290 meorum
1540 3243 1749 3306 spectat

157 3328 463 3398 iustissimo
502 3326 596 3382 Dei
634 3323 1162 3398 judicio,'quatenus
1215 3340 1345 3382 vero
1373 3327 1441 3382 ad
1485 3326 1751 3384 indebitas

165 3429 328 3490 atque
368 3417 736 3475 indeﬁcientes
767 3418 882 3489 ejus
925 3419 1324 3474 misericordias
1365 3414 1642 3489 pertinere
1675 3421 1754 3475 di-

163 3509 462 3577 gnoscitur,
494 3509 1187 3579 misericordissimoipsius
1209 3525 1435 3565 munere
1467 3509 1752 3565 inﬁrmita-

165 3601 312 3656 tibus
335 3616 472 3672 pene
498 3601 748 3656 omnibus
776 3601 917 3654 notis
937 3600 1247 3671 depressus,
1271 3612 1459 3657 sancto
1481 3602 1754 3657 desidera-

164 3693 368 3762 bilique
397 3701 576 3748 vestro
603 3692 887 3747 conventui
917 3692 1104 3748 adesse
1133 3694 1441 3764 prohibeor.
1470 3693 1624 3761 Quod
1649 3708 1752 3747 au-

167 3795 278 3840 tem
311 3799 530 3854 possum
554 3785 908 3854 praesentibus
933 3783 1130 3838 litteris
1155 3793 1316 3853 atque
1343 3784 1520 3856 legato
1556 3791 1754 3838 nostrae

167 3875 423 3930 Ecclesia
455 3875 769 3946 presbytero
789 3874 1026 3931 Arnoldo
1050 3876 1152 3929 mei
1188 3892 1486 3931 consensus
1514 3891 1754 3946 praisen-

169 3965 300 4020 tiam
329 3973 553 4020 eatenus
581 3965 831 4028 exhibeo,
857 3973 916 4018 ut
940 3963 986 4019 is
1013 3965 1103 4034 qui
1125 3965 1457 4020 ordinandus
1492 3973 1596 4028 est,
1625 3979 1756 4034 apo-

171 4059 372 4114 stolicae
396 4059 541 4113 sedis
559 4058 808 4112 omnibus
831 4058 1114 4122 institutis,
1139 4067 1194 4113 et
1211 4059 1489 4113 beatorum
1513 4058 1755 4125 Patrum,

171 4151 490 4216 Innocentii,
522 4148 746 4213 Zosimi,
768 4147 1053 4214 Bonifacii,
1095 4149 1254 4216 Xisti,
1287 4150 1507 4216 Leonis,
1533 4151 1757 4219 Gclasii,

175 4241 474 4304 Caelestini,
530 4239 797 4310 Gregorii,
851 4237 1059 4303 Hilarii,
1115 4241 1410 4307 Ambrosii,
1448 4243 1756 4313 Augustini,

228 2965 374 3020 Patri
415 2963 711 3020 venerabili
750 2972 807 3019 et
837 2961 1049 3018 caeteris
1075 2961 1330 3019 Patribus
1377 2963 1745 3034 fratribusque
1774 2965 1824 3027 Β

2370 2962 2447 3016 De
2466 2961 2628 3016 libero
2667 2959 2906 3014 arbitrio.

1917 3054 2122 3110 Primo.
2143 3054 2424 3118 Videlicet,
2442 3061 2500 3107 ut
2514 3052 2742 3107 liberum
2759 3049 3042 3106 arbitrium
3057 3049 3111 3103 in
3136 3048 3304 3104 Adam
3322 3065 3433 3106 me-

1848 3147 2638 3211 ritoinobedientimamissum,
2657 3147 2730 3200 ita
2746 3145 2901 3200 nobis
2913 3160 3009 3216 per
3024 3143 3313 3200 Dominum
3338 3160 3438 3201 ut».

1849 3249 2023 3296 slrum
2036 3239 2218 3295 .lesum
2233 3238 2508 3294 Christum
2530 3237 2795 3294 redditum
2816 3247 2979 3306 atque
3005 3235 3294 3292 liberatum
3309 3251 3443 3291 cun-

1852 3329 2108 3385 ﬁteatur:
2152 3329 2370 3384 interim
2409 3328 2462 3382 in
2497 3343 2613 3398 spe,
2667 3326 3012 3398 postmodum
3062 3334 3242 3382 autem
3279 3325 3332 3380 in
3362 3340 3444 3394 re,

1852 3421 1995 3490 sicut
2049 3420 2180 3475 dicit
2219 3418 2554 3489 Apostolus:
2587 3415 2690 3488 Spe
2740 3418 2878 3472 enim
2917 3415 3050 3472 salvi
3095 3415 3223 3486 facti
3262 3431 3445 3470 sumus

1853 3511 2029 3583 (Rom.
2075 3527 2212 3576 vm,
2249 3510 2364 3580 24).
2417 3507 2490 3566 Ut
2537 3519 2719 3564 tamen
2759 3522 2974 3579 semper
3020 3509 3088 3563 ad
3114 3521 3274 3562 omne
3311 3522 3448 3578 opus

1855 3602 2054 3657 bonum
2097 3601 2191 3656 Dei
2213 3599 2601 3669 omnipotentis
2625 3597 2798 3670 gratia
2825 3596 3183 3666 indigeamus,
3214 3596 3328 3650 sive
3352 3610 3446 3650 co-

1855 3692 2156 3764 gitandum,
2187 3693 2299 3746 sive
2328 3689 2711 3753 inchoandum,
2753 3687 3084 3757 operandum
3113 3703 3176 3740 ac
3199 3699 3448 3754 perseve-

1859 3793 2044 3838 ranter
2091 3781 2598 3844 consummandum,
2647 3779 2842 3836 etsine
2869 3779 2982 3848 ipsa
3023 3777 3158 3832 nihil
3194 3777 3319 3832 boni
3350 3792 3449 3834 nos

1858 3888 2017 3946 posse
2047 3871 2337 3939 ullatenus,
2369 3881 2462 3928 aut
2495 3872 2755 3943 cogitare,
2804 3879 2898 3926 aut
2927 3861 3081 3938 velle,
3113 3878 3206 3925 aut
3233 3872 3450 3940 operari

1861 3965 2114 4020 sciamus.

2247 4054 2322 4109 De
2367 4053 2572 4125 gemina
2610 4054 3088 4125 prtedestinatione.

1933 4145 2204 4202 Secundo.
2251 4145 2320 4201 Ut
2345 4145 2436 4200 Dei
2471 4145 2859 4215 omnipotentis
2893 4143 3160 4200 altissimo
3211 4151 3450 4199 secreto-
3495 4213 3504 4217 κ

1864 4255 1971 4310 que
2008 4239 2232 4295 consilio
2282 4239 2472 4295 credat
2515 4247 2678 4308 atque
2729 4237 2986 4304 fateatur,
3043 4237 3304 4308 quosdam
3354 4237 3453 4294 Dei

173 4332 383 4397 lsidori,
429 4332 701 4395 Primasii,
752 4330 1038 4401 Fulgentii,
1107 4332 1376 4407 Gregorii,
1429 4333 1762 4406 Hieronymi,
1792 4331 1836 4392 C
1868 4332 2100 4403 gratuita
2155 4331 2526 4388 misericordia
2557 4341 2685 4387 ante
2713 4333 2894 4387 omnia
2925 4331 3121 4388 saecula
3169 4330 3452 4402 praedesti-
3551 4370 3558 4377 .

175 4425 500 4490 Cassiodori,
529 4425 686 4480 Beda:
713 4424 1070 4493 aliorumque,
1110 4425 1330 4494 aquue
1361 4425 1756 4481 catholicorum

177 4528 339 4590 atque
384 4519 809 4573 orthodoxorum
856 4518 1094 4571 virorum
1127 4518 1343 4586 scriptis
1389 4527 1444 4573 et
1472 4519 1652 4583 dictis,
1696 4533 1761 4574 ac

177 4610 487 4680 specialiter
535 4595 702 4680 super
740 4621 975 4678 quatuor
1019 4609 1289 4679 capitulis,
1340 4609 1538 4680 quibus
1586 4610 1762 4666 omnis

179 4701 418 4756 Ecclesia
448 4700 710 4755 catholica
747 4700 1006 4754 adversus
1037 4699 1309 4770 Pelagium
1341 4699 1567 4771 ejusque
1593 4701 1764 4756 haere-

181 4807 302 4848 seos
323 4807 581 4862 sequaces
601 4793 858 4860 pugnavit
883 4807 950 4846 ac
971 4792 1119 4857 vicit,
1150 4803 1311 4862 atque
1332 4793 1398 4847 ad
1426 4803 1763 4864 posterorum

181 4883 494 4939 memoriam
534 4883 727 4938 litteris
750 4884 1074 4938 auctoritate
1107 4893 1162 4938 et
1189 4884 1415 4939 veritate
1443 4885 1769 4956 plenissimis

163 4975 491 5038 mandavit,
554 4974 861 5030 conﬁtendo
931 4975 1306 5041 subscribere,
1381 4977 1769 5033 subscribendo

185 5065 427 5121 conﬁteri
453 5064 699 5129 voluerit,
728 5065 845 5135 ejus
883 5081 968 5124 me
994 5066 1320 5121 ordinationi
1347 5078 1768 5125 consentaneum

186 5156 604 5228 esse‘proﬁteor.
671 5156 764 5211 Sin
787 5156 950 5232 alias,
991 5173 1214 5227 prorsus
1258 5172 1433 5229 neque
1479 5161 1771 5228 assentior,

187 5263 358 5317 neque
393 5249 637 5303 ﬁdelibus
663 5248 864 5302 Christi
894 5249 1297 5305 assentiendum
1338 5253 1557 5306 suadeo.
1609 5251 1770 5321 Capi-

189 5339 418 5393 tulorum
441 5355 568 5395 vero
596 5348 827 5408 quatuor
848 5340 1249 5408 prmmissorum
1279 5342 1495 5407 seriem,
1529 5342 1776 5411 quamvis

187 5439 422 5486 vestram
459 5431 798 5502 prudentiam
831 5431 1000 5485 multo
1026 5432 1267 5488 vivacius
1291 5449 1450 5503 quam
1477 5449 1650 5489 meam
1688 5447 1778 5488 ex-

190 5521 511 5576 tremitatem
542 5529 873 5591 compertam
897 5537 1018 5578 esse
1050 5538 1153 5577 non
1185 5523 1446 5590 dubitem,
1469 5525 1778 5580 necessario

191 5622 371 5668 tamen
427 5611 664 5667 breviter
713 5613 1103 5668 annectendam
1129 5612 1389 5682 judicavi.
1445 5612 1516 5668 Ut
1565 5613 1779 5670 facilius

1862 4437 2018 4484 natos
2067 4426 2134 4482 ad
2184 4425 2376 4492 vitam,
2427 4426 2692 4496 quosdam
2747 4424 3199 4496 imperscrutabili
3242 4423 3454 4495 justitia

1861 4519 2274 4592 praedestinatos
2302 4519 2368 4574 ad
2397 4534 2634 4588 ptenam,
2663 4525 2722 4572 ut
2750 4518 2802 4573 id
2833 4519 3100 4584 videlicet,
3129 4519 3243 4574 sive
3273 4519 3324 4571 in
3349 4516 3456 4570 sal-

1864 4613 2076 4678 vandis,
2119 4613 2232 4669 sive
2259 4614 2312 4668 in
2343 4614 2682 4678 damnandis,
2719 4614 3187 4685 prmdestinaverit
3221 4613 3456 4682 quod‘se

1865 4704 2174 4776 praescierat
2227 4719 2346 4760 esse
2383 4701 2678 4772 iudicando
2719 4705 3014 4769 facturum,
3058 4704 3274 4758 dicente
3328 4715 3456 4774 pro-

1867 4797 2027 4866 pheta
2051 4811 2074 4850 .:
2128 4794 2260 4860 Qui,
2279 4794 2399 4864 fecit
2443 4811 2561 4862 quae
2603 4794 2784 4864 futura
2835 4805 2957 4850 sunt
2996 4792 3130 4864 (lsa.
3190 4808 3316 4858 xu,
3369 4792 3457 4846 il.

1866 4904 1968 4942 sec.
2004 4883 2196 4957 LXX).

2393 4977 2469 5032 De
2512 4987 2678 5034 morte
2719 4975 2935 5032 Christi.

1944 5069 2150 5124 Tertio.
2196 5067 2268 5124 Ut
2298 5070 2485 5124 credat
2509 5087 2573 5126 ac
2599 5069 2922 5125 conﬁteatur
2942 5081 3065 5122 cum
3087 5067 3339 5122 omnibus
3367 5081 3460 5121 ea-

1875 5161 2111 5226 tholicis,
2166 5162 2482 5231 sanguinem
2515 5161 2729 5216 Domini
2760 5160 2930 5215 nostri
2969 5157 3097 5215 Jesu
3129 5157 3331 5214 Christi
3363 5171 3464 5228 pro

1877 5254 2127 5309 omnibus
2163 5255 2468 5309 hominibus
2495 5271 2558 5308 ex
2593 5263 2705 5308 toto
2737 5253 2937 5307 mundo
2959 5252 3012 5307 in
3047 5267 3170 5307 eum
3201 5249 3470 5306 credenti-

1877 5347 1978 5400 bus
2007 5344 2183 5400 l‘usum
2214 5364 2227 5400 :
2258 5361 2363 5400 non
2393 5355 2572 5400 autem
2601 5360 2700 5415 pro
2727 5343 2833 5398 illis
2854 5343 2944 5412 qui
2970 5357 3244 5414 nunquam
3268 5341 3320 5396 in
3342 5355 3467 5396 cum

1881 5437 2258 5500 crediderunt,
2312 5450 2413 5490 nec
2456 5434 2724 5505 hodieque
2774 5435 3021 5495 credunt,
3084 5445 3470 5500 nunquamque

1881 5527 2136 5582 credituri
2187 5535 2332 5592 sunt,
2388 5526 2600 5581 dicente
2651 5525 2769 5595 ipso
2809 5525 3036 5580 Domino
3079 5542 3092 5577 :
3138 5522 3290 5577 Venit
3330 5521 3470 5576 enim

1886 5619 2058 5674 Filius
2078 5619 2303 5673 hominis
2327 5633 2428 5672 non
2457 5618 2765 5682 ministrari,
2808 5616 2898 5671 sed
2924 5616 3241 5677 ministrare,
3269 5622 3317 5668 et
3343 5614 3472 5668 dare

191 5706 318 5776 quid
341 5705 593 5772 sentiam,
616 5705 700 5761 cui
729 5705 944 5761 veritati
975 5706 1329 5773 consentiam,
1355 5715 1534 5762 vestra
1557 5705 1775 5765 bonitas
1805 5694 1854 5752 D
1879 5711 2114 5764 animam
2149 5724 2300 5764 suam
2349 5709 2402 5762 in
2448 5707 2850 5779 redemptionem
2889 5720 2982 5776 pro
3025 5703 3204 5760 multis
3253 5702 3469 5778 (Matth.

194 5804 560 5868 recognoscat.

1881 5815 1972 5866 xx,
2011 5799 2126 5870 28).

267 5919 292 5948 ι
352 5905 482 5962 Vide
533 5904 915 5973 Hincmarum,
947 5906 1038 5962 lib.
1079 5908 1144 5963 de
1189 5907 1689 5980 Prtedestinatione,
1732 5925 1849 5978 cap.
1883 5909 1971 5965 2|.
