3974 6344
664 338 805 397 ίόιιἻ
1662 341 1720 400 S.
1758 342 2128 402 PRUDEN’I‘II
2167 341 2550 402 TRECENSIS
2588 339 2892 403 EPISCOPI
3147 335 3157 341 ’
3677 356 3761 416 ua

1203 461 1282 518 De
1302 463 1567 519 uoluntate
1587 463 1707 519 Dei.
2265 464 2315 526 Α
2343 471 2506 532 atque
2532 458 2934 530 subscripserit,
2987 457 3101 531 haec
3122 466 3293 516 tamen
3316 463 3573 531 specialiter
3602 470 3764 529 adversus

730 552 955 621 Quarto.
978 542 1074 610 'Ut
1099 554 1286 611 credat
1329 562 1491 627 atque
1524 556 1845 613 conﬁteatur
1872 558 2040 615 Deum
2068 559 2244 614 omni-
2346 566 2470 611 eum
2497 549 2723 622 θὲιιείιιιε
2755 549 3046 624 “implices
3073 565 3170 621 ρει·
3203 552 3513 622 θροδιοιίοειιι
3534 558 3685 627 sedem.
3714 564 3761 618 in.

654 651 941 715 potentem,
987 659 1341 717 quoscunque
1404 647 1519 703 vult
1565 648 1801 717 salvare,
1858 656 1914 706 et
1966 652 2223 707 neminen

2193 667 2243 708 ιη
2348 643 2547 701 stantia
2592 641 2893 698 beatissimi
2926 641 3157 708 Aurelii,
3183 641 3567 713 Carthaginensis
3599 651 3762 724 episcopi,

655 750 820 806 posse
863 735 1064 791 salvari
1088 728 1378 803 ullatenus,
1424 734 1527 794 nisi
1553 754 1713 810 quem
1742 740 1858 812 ipse
1898 741 2239 798 saivaverit:
2347 744 2509 809 atque
2555 734 2864 807 Augustini,
2909 750 3034 791 cum
3074 733 3194 791 aliis
3219 736 3443 792 ducentis
3484 743 3761 807 quamordecia

656 838 847 882 omnes
881 833 1062 883 autem
1097 825 1295 883 salvari
1335 842 1689 900 quoscunque
1737 829 1851 901 ipse
1886 831 2101 888 salvarc
2136 830 2237 889 ‘vo-
2344 827 2613 900 episcopis
2642 828 2710 883 ab
2740 825 2857 895 ejus
2881 826 3220 896 pravissimis
3242 828 3465 885 sensibus
3490 840 3627 897 eruta,
3657 835 3763 890 vind-

654 914 835 975 luerit.
879 918 960 975 Ac
982 933 1081 991 per
1106 912 1211 976 hoc
1235 916 1545 992 quicunque
1565 937 1670 977 non
1700 922 1997 989 salvantur,
2024 924 2240 994 penitus
2341 929 2485 989 cata,
2534 928 2590 975 et
2623 920 2808 976 multis
2856 929 2967 974 tam
2990 920 3230 989 epistolis
3256 934 3407 990 quam
3432 920 3556 1001 libris
3578 931 3659 980 toto
3687 925 3761 981 orbe

652 1023 765 1064 non
813 1022 935 1065 esse
983 1009 1314 1066 voluntatem
1374 1010 1518 1067 illius
1551 1020 1613 1068 ut
1660 1012 1959 1079 salventur,
2022 1014 2237 1071 dicente
2338 1014 2576 1086 vulgata,
2630 1014 2810 1070 omnis
2849 1012 3119 1093 hodieque
3161 1014 3367 1087 gaudet,
3409 1015 3655 1083 conﬁtetur,
3684 1034 3762 1090 pia.

568 1146 581 1158 .
650 1094 921 1170 Propheta
959 1114 976 1154 :
1015 1096 1209 1156 Omnia
1250 1096 1570 1175 quacunque
1606 1104 1768 1160 volarit
1807 1104 1972 1172 Deus,
2013 1104 2134 1175 fecit
2177 1108 2234 1162 in
2337 1111 2504 1175 dicat,
2532 1117 2588 1165 et
2615 1115 2763 1165 tenet
2788 1117 2951 1178 atque
2976 1107 3181 1164 tenebit
3206 1108 3447 1165 Ecclesia.
3472 1108 3550 1165 His
3569 1113 3760 1181 peremnia

650 1192 778 1247 mlo
802 1203 849 1248 et
871 1193 925 1248 in
947 1204 1109 1261 terra,
1154 1195 1209 1250 in
1235 1195 1371 1250 mari
1401 1205 1448 1250 et
1472 1195 1528 1250 in
1558 1196 1798 1252 omnibus
1826 1197 2026 1268 abyssis
2055 1196 2233 1270 (Paul.
2338 1212 2789 1268 consentaneum,
2834 1201 3232 1273 praedicabilem
3271 1201 3617 1273 paternitalcm,
3651 1199 3764 1257 Inter

647 1300 871 1359 CXXXIV,
895 1287 975 1359 6).
2337 1297 2668 1368 nitatemque
2696 1305 2935 1353 vestram
2968 1296 3142 1369 gratia
3191 1310 3409 1367 superna
3438 1294 3641 1349 invictam
3670 1302 3765 1363 atque

721 1379 788 1434 Et
816 1378 945 1436 licet
968 1383 1211 1452 quaedam
1242 1384 1353 1440 sint
1378 1385 1483 1441 alia
1529 1385 1724 1457 quibus
1766 1386 1821 1441 in
1843 1385 2059 1459 Pelagio
2080 1382 2218 1442 dam-
2334 1387 2702 1458 praavalidam,
2761 1396 2817 1444 et
2864 1401 2963 1443 suo
3000 1400 3228 1442 munere
3282 1386 3565 1458 gaudentem
3600 1393 3763 1455 perpetuo

648 1471 792 1527 natis
838 1472 1216 1531 universaliter
1269 1474 1512 1534 Ecclesia
1555 1480 1928 1545 consenserit,
1972 1477 2230 1551 satagerit
2336 1493 2664 1536 conservare
2697 1478 2967 1550 dignetur.

1338 1763 1695 1834 EJUSDEM
1734 1765 2126 1833 EPISTOLA
2166 1767 2277 1831 AD
2318 1766 2725 1842 QUEMDAM
2766 1765 3239 1831 EPISCOPUM.

1936 1935 2166 1997 (Mabill.,
2191 1934 2306 1988 Vet.
2332 1937 2580 1999 Aualect.)

709 2141 940 2199 Domino
969 2136 1102 2197 mihi
1130 2139 1187 2196 in
1220 2140 1562 2198 dominorum
1591 2141 1823 2199 Domino
1849 2144 2225 2201 desiderabili-
2251 2149 2300 2210 B
2329 2160 2507 2201 meum
2537 2145 2618 2199 ill.
2665 2160 2978 2218 germanum
3024 2147 3357 2215 unanimem,
3404 2150 3501 2205 imo
3523 2165 3594 2206 me
3623 2150 3760 2207 alterni

638 2228 727 2292 ter
773 2234 1086 2301 venerando
1130 2233 1212 2288 ill.
1269 2235 1464 2292 merito
1509 2235 1831 2292 sacerdotali
1883 2245 2218 2309 paterneque
2320 2238 2638 2309 quaeritans,
2667 2241 2883 2296 tandem
2911 2238 3183 2311 reperisse
3211 2257 3299 2298 me
3325 2241 3577 2313 plurimum
3597 2245 3754 2313 gaudeo:

636 2327 871 2384 culmine
910 2326 1184 2398 insignito,
1238 2325 1583 2383 PRUDENTIUB
1638 2326 1964 2384 famulorum
2012 2327 2216 2386 Christi
2319 2331 2572 2402 quoniam
2602 2331 2693 2402 qui
2730 2331 2849 2401 ipso
2880 2332 3013 2387 mihi
3042 2332 3234 2388 auditu
3263 2334 3540 2390 exstinctus
3564 2334 3758 2398 videntur,

635 2420 995 2487 humillimus,
1058 2419 1441 2490 sempiternam
1468 2450 1471 2455 ι
1499 2420 1554 2475 in
1617 2420 1887 2475 omnium.
1936 2419 2217 2478 Salvatore
2318 2425 2497 2481 subito
2524 2423 2712 2480 vivens
2738 2424 3019 2495 apparuit;
3048 2434 3107 2480 et
3134 2440 3298 2497 quem
3326 2426 3489 2482 abisse
3508 2426 3746 2481 autumabas

631 2513 881 2568 salutem.
2316 2528 2601 2585 superesse
2626 2530 2733 2571 non
2762 2514 2998 2587 ambigo.
3038 2516 3226 2588 Agens
3272 2517 3448 2587 itaque
3470 2516 3635 2573 auctori
3662 2516 3747 2571 bono

712 2603 1011 2672 Quantum,
1063 2600 1145 2661 mi
1182 2602 1408 2661 fratrum
1467 2604 1805 2672 charissime,
1838 2605 2057 2663 littera:
2109 2614 2235 2683 tuae]
2314 2616 2433 2660 rum
2462 2606 2704 2661 omnium
2744 2607 2967 2678 gratias,
2998 2606 3269 2664 indefesse
3296 2609 3397 2664 hoc
3428 2623 3522 2663 uno
3543 2605 3758 2677 inexplebili-

624 2697 1098 2769 perdcsidcrabilis
1126 2699 1257 2754 mihi
1293 2700 1669 2772 germanitatis
1696 2707 1878 2755 textus
1907 2714 2085 2756 meam
2118 2700 2211 2756 diu
2315 2706 2401 2753 ter
2423 2696 2565 2753 bono
2591 2695 2822 2763 afﬁcior,
2850 2711 2959 2768 quo
2983 2705 3037 2754 te
3063 2701 3170 2755 don
3200 2708 3310 2755 tam
3337 2699 3503 2756 vivere
3525 2712 3649 2769 quam
3677 2694 3755 2749 bene

624 2790 1109 2862 insatiabilitcrque
1137 2791 1416 2848 collectam
1464 2791 1611 2848 sitim
1656 2801 1957 2863 aestumque
1983 2791 2213 2849 dulcedo
2311 2791 2497 2847 vivere
2520 2790 2702 2856 audio,
2733 2790 2959 2847 audiens
3008 2790 3276 2862 gratulor,
3320 2789 3568 2862 gratulans
3588 2786 3752 2842 daidm

622 2881 976 2963 recreaverit,
1003 2890 1377 2953 quantumque
1396 2880 1806 2951 iucundissima:
1833 2881 2214 2939 oblectationis
2248 2890 2255 2897 '
2311 2882 2627 2940 desiderans
2667 2881 2909 2953 postulo;
2954 2889 3012 2938 et
3052 2891 3117 2937 ut
3156 2881 3278 2953 ipse
3326 2879 3579 2937 convivere
3614 2886 3744 2931 nterea

623 2962 909 3039 invexerit,
948 2970 1179 3031 ﬁdeliter
1208 2973 1383 3030 fateor
1405 2974 1511 3030 dici
1556 2974 1743 3045 nequit
1774 2992 1789 3029 :
1827 2968 2030 3047 quippe
2059 2971 2208 3028 'cum
2311 2975 2420 3032 tuis
2444 2973 2594 3048 [piis]
2624 2973 2878 3046 precibus
2908 2982 3040 3045 opto
3080 2988 3147 3029 ac
3192 2972 3420 3037 meritis,
3463 2970 3622 3040 quibus
3650 2962 3757 3021 meai

620 3075 705 3123 tot
752 3068 1031 3138 tantisque
1068 3067 1539 3138 perturbationum
1584 3065 1839 3124 ﬁuctlhus
1885 3064 2026 3139 pene
2064 3068 2207 3124 irre-
2308 3067 2561 3123 omnibus
2596 3065 2931 3137 propositum
2976 3073 3279 3134 votumque
3320 3061 3602 3118 Christiana:
3634 3052 3755 3151 uti“?

621 3158 944 3214 vocabiliter
970 3159 1218 3226 obrutus,
1244 3173 1313 3215 ne
1341 3158 1500 3216 sibilo
1527 3153 1768 3232 quidem,
1796 3169 1858 3216 ut
1885 3160 2101 3230 dicitur,
2129 3162 2207 3217 tui
2308 3157 2713 3230 infatigabiliter
2757 3154 3194 3229 oppugnantibus
3248 3151 3587 3210 innutabiliter
3617 3146 3752 3203 relmn'

620 3244 912 3319 quidquam
943 3248 1164 3304 haurire
1190 3249 1475 3317 valuerim,
1504 3258 1689 3306 utrum
1720 3260 1773 3305 te
1799 3265 1963 3322 super
1989 3251 2058 3307 ad
2100 3251 2211 3307 Do;
2305 3251 2537 3307 confido.
2603 3250 2714 3321 Age
2760 3264 2925 3315 nunc,
2982 3246 3215 3302 fratrum
3277 3243 3581 3306 dulcissime,
3607 3246 3648 3294 α
3677 3233 3753 3288 ἀπε

618 3338 825 3395 minam
867 3338 981 3409 jam
1019 3341 1225 3397 redisse
1272 3342 1630 3413 contingeret,
1678 3357 1800 3399 cum
1847 3354 2068 3415 repente
2112 3343 2201 3397 vix
2304 3330 2547 3403 omnium
2587 3346 2910 3411 ordinantis,
2962 3344 3146 3401 omnia
3211 3340 3504 3401 serenantis
3538 3335 3679 3409 gratia.
3706 3341 3754 3384 ³⁸

615 3428 834 3492 tandem
869 3446 899 3484 a
935 3430 1185 3501 palatinis
1232 3429 1518 3498 excubiis,
1544 3430 1741 3503 quibus
1782 3433 1874 3489 diu
1933 3433 2202 3489 inservire
2304 3456 2544 3513 meaeque
2568 3440 2881 3498 discretioni
2924 3438 3248 3495 commissos
3294 3425 3750 3493 sanctissimam

616 3534 837 3580 coactus
864 3523 1094 3586 fueram.
1127 3526 1424 3592 absolutus,
1459 3525 1685 3583 latorem
1714 3541 1877 3598 quam
1920 3526 2199 3583 desidera-
2224 3513 2273 3576 (ἶ
2306 3535 2637 3604 tissimaeque
2664 3532 3069 3589 intercessionis
3109 3545 3216 3602 ope
3264 3529 3449 3586 fulcire
3482 3517 3750 3583 neadd“:

612 3616 803 3675 hilium
856 3620 985 3677 mihi
1034 3621 1327 3691 apicum...
1382 3630 1580 3678 vestrae
1629 3620 1855 3687 Trecas,
1883 3620 1970 3676 cui
2000 3634 2088 3676 me
2115 3618 2198 3675 di-
2304 3642 2441 3699 quos
2473 3626 2761 3697 plurimum
2789 3625 2974 3680 vivere
3003 3624 3049 3680 si
3090 3623 3253 3679 xenia
3286 3621 3506 3693 propria

612 3715 739 3771 vina
790 3717 985 3789 gratia,
1034 3733 1140 3774 non
1191 3724 1373 3772 autem
1415 3716 1521 3771 ulla
1578 3716 1897 3772 meritorum
1948 3728 2194 3771 meorum
2302 3719 2388 3775 nis
2420 3717 2505 3774 vel
2532 3717 2733 3791 ligatae,
2765 3717 2851 3772 vel
2881 3716 3072 3772 soluta:
3115 3714 3315 3771 crebro
3346 3703 3643 3776 visitans,ni

609 3807 890 3878 plenitudo
921 3821 1153 3880 praeesse
1204 3810 1421 3882 dignata
1468 3819 1574 3875 est,
1621 3807 1841 3865 oﬂ'endi.
1876 3808 1944 3863 Et
1984 3808 2191 3873 audito,
2300 3810 2594 3879 imperans,
2632 3806 3062 3863 desiderantibus
3096 3805 3334 3860 miseris.
3368 3803 3503 3857 Bene
3524 3807 3571 3853 te
3599 3798 3747 3858 ξεινον

612 3899 759 3970 quod
810 3900 1138 3955 exstinctum
1167 3899 1496 3965 metuebam,
1535 3898 1761 3954 alterius
1806 3898 1913 3954 mei
1944 3896 2189 3963 nomine,
2299 3909 2405 3970 que
2466 3899 2523 3952 in‘
2571 3897 2799 3953 Domino
2841 3895 3138 3960 valentem,
3184 3909 3396 3966 nosque
3438 3887 3749 3959 ξωνοηωιηι

607 3990 864 4060 explosis,
894 3991 1089 4065 gaudio
1117 3999 1429 4064 superante,
1477 3992 1779 4063 soporibus,
1813 3990 2193 4063 desperatione
2295 3991 2451 4046 clavo
2475 3988 2923 4061 supplicationum
2948 3987 3018 4043 ad
3050 3994 3270 4058 portum
3299 3982 3461 4056 aptati
3494 3974 3750 4065 littoris"?

606 4052 789 4155 potius
811 4052 972 4156 quam
1002 4052 1273 4142 oblivione
1318 4052 1639 4152 contractis,
1686 4052 1977 4156 respiravi;
2011 4090 2069 4139 et
2096 4096 2192 4138 su-
2294 4081 2510 4137 hentem
2555 4052 2727 4135 virtus
2769 4078 3155 4149 omnipotentis
3204 4074 3409 4133 brachii
3447 4052 3751 4129 conseml‘“

606 4190 791 4245 perna:
826 4177 1078 4242 bonitati;
1107 4192 1228 4249 qua:
1256 4180 1397 4233 inter
1426 4178 1652 4234 adversa
1681 4184 1737 4232 et
1778 4188 2038 4246 prospera
2064 4188 2190 4230 suos
2294 4180 2507 4243 gnetur.

605 4284 828 4325 servare
868 4270 1147 4327 consuevit
1194 4270 1516 4343 gratulatus,
1564 4269 1866 4343 litterarum
1896 4264 2188 4324 insatiabili
2364 4264 2507 4332 Quot
2552 4278 2715 4320 voces
2747 4262 2943 4328 oculis,
2976 4261 3181 4333 lingua,
3215 4259 3499 4328 audituque
3517 4253 3711 4313 ωιιιυιικ

606 4368 771 4431 atque
820 4362 1094 4417 multoties
1138 4364 1332 4419 iterata
1398 4361 1710 4419 recursione
1759 4358 2029 4414 inherens
2077 4358 2188 4413 illic
2434 4355 2692 4420 Hausisti,
2723 4355 2947 4411 totidem
2975 4352 3251 4408 laetiticere
3276 4350 3448 4407 bonis.

3371 4482 3749 4524 ...Α

1336 4658 2008 4787 suum:
2081 4564 3113 4773 PRUDEN'I'II

1875 4871 2255 4929 TRECENSIS
2290 4869 2597 4928 EPISCOPI

642 5045 1018 5176 SERMO'
1063 5047 1197 5175 DE
1277 5044 1534 5179 VITA
1613 5046 1746 5170 ET
1828 5044 2186 5171 MORTE
2273 5014 2811 5168 GLORIOSE
2867 5034 3327 5166 VlRGlNlS
3396 5018 3701 5162 MAUM

1517 5274 1683 5339 (Apul
1702 5272 1922 5334 Camn,
1938 5272 2326 5335 Promptnarium
2347 5273 2480 5332 anth
2519 5269 2735 5320 Trlcass.
2753 5269 2897 5319 direc.
2910 5275 2927 5328 )

2008 5407 2443 5423 ﬂ

656 5495 896 5560 Instatis,
943 5494 1249 5552 charissimi
1294 5493 1413 5559 lilii,
1459 5508 1790 5564 opportune,
1833 5492 2158 5563 importune,
2194 5494 2245 5554 D
2268 5470 2362 5546 sco
2393 5506 2448 5545 et
2490 5489 2749 5557 scriptum
2776 5483 3075 5554 relinquam
3115 5477 3347 5552 posteris
3373 5448 3742 5575 proiciunt-'1‘

584 5596 648 5644 ut
673 5589 794 5644 loco
815 5553 1081 5657 sermonis
1112 5600 1275 5657 quem
1308 5553 1511 5641 diebus.
1526 5553 1856 5641 solemnibus
1898 5553 2047 5638 vobis
2085 5553 2162 5637 la;
2200 5553 2223 5554 ﬁ
2274 5582 2375 5637 hoc
2414 5581 2557 5635 enim
2591 5578 2757 5632 frater
2781 5576 2899 5667 ejus
2928 5574 3236 5667 Eutropius,

587 5692 712 5733 rere
755 5679 1027 5741 consuevi,
1061 5679 1127 5733 de
1170 5677 1279 5731 vita
1309 5674 1564 5745 gloriosa,
1610 5664 1878 5732 ct'iuortc
1928 5673 2163 5746 pretiosa
2273 5674 2362 5744 qui
2416 5671 2514 5726 fuit
2546 5668 2772 5741 spiritali
2813 5665 3109 5723 alfectionc‘
3143 5646 3742 5780 germal'tior,

746 5771 757 5780 ·
1041 5771 1087 5780 --
1501 5769 1515 5780 -
1655 5770 1688 5780 ..
1919 5770 1929 5780 .
1958 5769 1968 5780 .
2348 5766 2379 5780 μ
2504 5779 2507 5780 ,
2556 5778 2565 5780 _
2638 5779 2645 5780 ,
2676 5770 2780 5780 ___.-
2818 5769 2988 5780 __--.__
3072 5769 3117 5780 η
3164 5757 3241 5780 -.2-
3273 5769 3333 5780 ..Α
3357 5750 3498 5780 ξιιῖλει

588 5771 791 5833 sororis
820 5780 1015 5826 nostra:
1041 5771 1258 5837 Mamre,
1290 5785 1396 5824 non
1439 5769 1611 5827 solum
1639 5770 1814 5826 (liram
1842 5769 2156 5839 quidquam,
2273 5766 2400 5835 nali,
2434 5779 2519 5821 me
2541 5778 2606 5822 cr
2634 5770 2786 5831 parte
2818 5769 3019 5827 vcslt‘a,
3066 5769 3121 5814 et
3164 5757 3242 5813 Vir
3273 5747 3659 5822 religiosissimus
