3974 6344
239 328 382 386 1569

1226 329 1314 398 DE
1351 332 1504 388 VITA
1546 335 1634 390 ET
1671 338 1907 400 MORTE
1946 343 2005 398 Β.
2049 343 2114 398 ν.
2158 343 2448 401 MAURE.
2507 371 2514 382 ο

3356 344 3494 402 1570

235 445 424 510 abbas,
465 443 677 498 vicinus
723 450 923 506 noster,
954 443 1045 512 qui
1081 458 1201 500 eam
1245 449 1603 506 catechizavit
1645 464 1702 510 et
1728 472 1813 513 re—
1839 460 1893 520 Α
1916 473 1982 512 ex
2019 459 2239 528 nuptiis,
2281 459 2376 516 sed
2411 457 2628 514 vitalem
2657 474 2725 514 ex
2761 459 3034 532 lacrymis,
3074 462 3194 532 ejus
3242 475 3494 532 saporem

233 535 516 608 generavit
545 548 610 589 ex
645 549 780 603 aqua
811 543 865 588 et
895 534 1096 603 Spiritu
1121 545 1330 604 sancto,
1360 554 1426 594 ex
1454 552 1611 611 parte
1649 562 1809 603 sanc-

238 637 415 680 torum
446 625 832 680 monachorum
880 624 1189 696 sollicitavit
1229 626 1559 699 frequenter.
1593 633 1811 693 Gaudeo

234 719 292 774 in
338 718 566 773 Domino
610 717 676 772 de
707 717 996 774 uberrimis
1047 727 1245 774 vestrae
1291 721 1594 779 devotionis
1639 727 1813 782 mani-

232 809 395 880 pulis,
428 808 623 878 quibus
662 824 768 864 non
809 806 1004 863 sufﬁcit
1041 810 1186 878 quod
1218 810 1445 868 virtutes
1487 813 1584 870 Dei
1631 817 1686 870 in
1719 817 1810 874 illa

233 899 468 969 propriis
513 897 684 954 oculis
724 899 1036 968 aspexistis,
1086 901 1190 958 nisi
1219 903 1385 958 etiam
1433 904 1634 974 plnries
1671 909 1812 964 reci-

233 999 376 1045 tatas
399 990 639 1060 propriis
679 991 898 1046 auribus
935 991 1220 1049 bauriatis.
1259 995 1342 1050 Ad
1391 996 1627 1067 ipsarum
1663 999 1810 1055 enim

233 1081 565 1137 auditionem
598 1081 870 1147 iteratam,
905 1084 960 1138 in
1000 1085 1220 1140 odorem
1253 1098 1646 1158 unguentorum
1691 1107 1812 1148 suo-

232 1187 354 1227 rum
391 1163 686 1228 ferventius
715 1175 956 1240 curritis,
1001 1185 1057 1230 et
1091 1177 1337 1248 exemplo
1369 1180 1664 1238 domestico
1685 1197 1811 1252 pro-

230 1263 432 1338 vocati,
454 1279 644 1320 rursus
666 1263 907 1321 laborem
939 1267 1348 1338 amplectentes,
1377 1271 1548 1326 bravii
1572 1273 1809 1330 fructum

230 1363 288 1410 et
315 1355 574 1412 honorem
613 1359 964 1428 exsliectatis,
1011 1375 1173 1430 quem
1217 1360 1329 1429 jam
1368 1365 1608 1434 prudens
1654 1367 1809 1438 virgo

230 1447 421 1519 adepta
436 1457 538 1516 est,
564 1465 702 1519 quae,
723 1460 945 1521 accepto
958 1451 1078 1508 oleo
1105 1461 1162 1509 et
1180 1462 1362 1524 aptata
1391 1456 1658 1528 lampade,
1684 1475 1806 1516 cum

227 1556 429 1611 sponso
453 1543 520 1597 ad
552 1557 819 1613 perennes
847 1545 1064 1616 nuptias
1091 1554 1176 1601 est
1218 1547 1492 1617 ingressa,
1515 1553 1582 1606 de
1611 1552 1808 1622 quibus

227 1635 390 1689 modo
434 1642 622 1689 nostro
666 1645 950 1692 cantemus
997 1637 1216 1694 interim
1266 1640 1394 1694 dum
1434 1642 1693 1710 viatores,
1747 1654 1808 1700 ut

228 1725 297 1778 ad
344 1739 440 1780 eos
491 1726 807 1782 recumbere
857 1726 1134 1784 valeamus
1188 1732 1689 1801 comprehensores,
1721 1749 1806 1790 re-

1915 565 2138 628 gustans
2182 558 2236 612 in
2274 556 2460 621 cmlis,
2511 555 2662 624 cujus
2707 557 2929 614 odorem
2977 556 3162 613 olfecit
3207 557 3261 612 in
3309 557 3494 612 terris.

1914 647 2031 705 Non
2066 649 2271 716 doleas,
2299 649 2523 720 Eutropi
2561 650 2638 705 ﬁli
2665 651 2761 714 mi,
2794 667 2894 708 nec
2939 659 2996 706 te
3024 651 3076 706 in
3107 651 3301 721 opibus
3345 651 3500 706 dere-

1913 742 2074 808 lictis,
2125 729 2230 799 tuaa
2278 742 2593 798 intentionis
2637 741 2813 798 fructu
2862 742 3181 797 frustratum
3229 740 3496 805 causeris,

1912 847 2100 889 revera
2124 832 2255 902 ipsis
2281 832 2662 896 mediantibus,
2695 832 2879 888 Maura
2905 847 3062 887 soror
3089 840 3179 887 tua
3203 830 3498 886 nobiliores

1913 923 2178 978 thalamos
2239 923 2427 989 subiit,
2481 933 2537 978 et
2591 923 2887 979 solemnius
2938 923 3264 978 connubium
3301 903 3522 977 sortita‘

1912 1017 2015 1080 est,
2039 1015 2106 1070 de
2128 1029 2435 1069 mammona
2453 1014 2770 1084 iniquitatis,
2799 1030 3023 1087 magnos
3043 1015 3246 1070 amicos
3266 1023 3496 1084 etspon-

1911 1121 2031 1160 sum
2075 1114 2352 1177 potentem
2407 1114 2463 1161 et
2505 1106 2725 1161 divitem
2772 1106 2826 1160 in
2881 1121 3069 1162 omnes
3109 1107 3201 1177 qui
3243 1106 3496 1161 invocant

1910 1211 2033 1253 eum
2065 1207 2120 1254 et
2147 1199 2453 1268 speciosum
2476 1197 2646 1253 forma
2661 1214 2771 1270 prae
2798 1198 2924 1256 ﬁliis
2953 1200 3230 1255 hominum
3259 1197 3499 1268 acquisi-

1912 1289 2006 1344 vit.
2034 1289 2257 1360 Magnus
2275 1290 2484 1345 amicus
2509 1290 2759 1360 princeps
2791 1289 3154 1360 apostolorum
3175 1298 3228 1344 et
3258 1287 3494 1359 claviger

1912 1379 2064 1451 regni
2107 1379 2388 1443 ccelorum,
2434 1393 2661 1448 magnus
2709 1387 2932 1435 sanctus
2974 1377 3173 1433 Paulus
3208 1376 3492 1432 electionis

1911 1485 2030 1536 vas,
2060 1485 2290 1540 quorum
2321 1469 2597 1539 obsequiis
2641 1469 2696 1524 in
2744 1469 3054 1525 Tricassina
3099 1467 3328 1523 ecclesia
3351 1475 3407 1521 et
3433 1479 3496 1520 se

1910 1570 1964 1616 et
1992 1576 2088 1615 sua
2129 1575 2229 1630 pro
2263 1569 2418 1630 parte
2446 1576 2554 1615 non
2591 1559 2804 1614 modica
2834 1559 3124 1616 dedicavit.
3153 1558 3285 1626 Quis
3313 1557 3492 1614 oleum

1909 1655 1977 1708 ad
2011 1653 2288 1723 lampades
2327 1653 2704 1708 ministrabat?
2733 1652 2937 1708 Maura.
2985 1651 3118 1720 Quis
3169 1651 3319 1721 palas
3363 1666 3494 1707 con-

1908 1744 2150 1800 ferebat?
2199 1743 2404 1798 Maura.
2479 1742 2612 1809 Quis
2657 1743 2983 1798 vestimenta
3033 1739 3389 1797 sacerdotalia
3425 1739 3494 1795 de

227 1816 367 1885 cepti
410 1817 501 1872 ubi
538 1817 670 1888 justi
697 1817 984 1888 epulantur
1015 1827 1072 1875 et
1111 1821 1383 1877 exsultant
1424 1823 1479 1878 in
1508 1834 1798 1895 conspectu
1831 1819 1878 1881 B
1908 1835 2125 1906 proprio
2166 1835 2554 1906 comparabat?
2607 1833 2814 1890 Maura.
2846 1834 3146 1890 Pretiosius
3185 1833 3362 1888 habeo
3405 1846 3501 1886 su-

227 1907 344 1962 Dei.

301 1995 502 2052 Sedula
529 1999 583 2053 in
611 1997 813 2069 Christi
848 2009 904 2056 et
927 1999 1184 2058 Ecclesiae
1208 2004 1432 2059 servitio
1473 2003 1689 2060 Sedulia
1714 2007 1801 2061 vi-

226 2091 350 2155 dua,
367 2091 537 2146 beatae
553 2100 726 2148 mater
739 2093 946 2161 puellae,
970 2103 1027 2150 et
1047 2095 1304 2166 praefatus
1318 2098 1612 2170 Eutropius
1636 2100 1805 2157 frater

223 2184 342 2254 ejus
379 2192 628 2239 asserunt
669 2187 907 2246 nondum
951 2201 1072 2242 eam
1115 2190 1292 2244 aetatis
1341 2205 1451 2245 sua:
1495 2207 1693 2246 annum
1724 2192 1805 2246 vi-

222 2276 486 2345 gesimum
511 2276 727 2332 tertium
750 2277 1042 2348 peregisse,
1073 2295 1218 2344 cum,
1252 2280 1475 2336 calcatis
1494 2282 1802 2339 carnalibus

224 2365 446 2433 nuptiis,
475 2366 540 2418 ad
569 2365 856 2434 prmdictas
882 2367 1129 2422 caelestes
1169 2369 1386 2438 nuptias
1429 2379 1515 2424 est
1541 2371 1798 2426 admissa.

226 2454 394 2508 Porro
432 2453 705 2508 Mariauus
729 2465 884 2526 pater
917 2456 1053 2526 ejus,
1103 2458 1194 2526 qui
1224 2459 1281 2513 in
1309 2459 1540 2515 ecclesia
1578 2461 1804 2530 Aposto-

223 2546 395 2600 lorum
445 2545 690 2616 sepultus
737 2555 852 2612 est,
901 2547 1064 2616 paulo
1110 2558 1236 2606 ante
1273 2551 1446 2620 ipsam
1496 2552 1802 2623 migravita

224 2634 442 2700 seculo,
469 2650 631 2704 quem
666 2636 782 2706 ipsa
822 2637 952 2702 ﬁlia,
1007 2639 1076 2694 ab
1104 2639 1221 2710 ipso
1262 2641 1556 2698 carnaliter
1602 2644 1803 2700 mundo

224 2730 402 2799 genita
435 2770 452 2792 ,
480 2731 649 2785 multo
673 2731 880 2787 semine
915 2731 1280 2805 lacrymarum
1321 2735 1432 2790 Deo
1455 2735 1660 2791 studuit
1680 2752 1802 2807 spe-

225 2818 434 2872 cialiter
472 2833 752 2888 generare.
796 2820 899 2888 Qui
949 2837 1072 2876 cum
1115 2831 1262 2878 esset
1308 2824 1479 2891 dives,
1517 2833 1709 2894 potens
1747 2834 1803 2882 et

223 2908 438 2972 nobilis,
460 2909 574 2975 jam
605 2911 880 2979 ingressus
909 2921 1028 2967 erat
1049 2912 1186 2969 latas
1213 2916 1396 2970 saeculi
1419 2917 1550 2982 vias,
1583 2918 1675 2972 sed
1704 2933 1802 2989 per

223 2999 316 3054 Dei
342 3001 574 3070 gratiam
625 3001 692 3057 ad
729 3011 936 3058 arctam
981 3005 1124 3059 viam
1165 3021 1285 3075 qua:
1328 3008 1477 3064 ducit
1509 3009 1578 3064 ad
1607 3009 1796 3076 vitam,

223 3092 356 3146 duce
372 3093 500 3156 ﬁlia,
525 3103 888 3150 reversusest.
913 3095 1125 3151 Revera
1154 3099 1454 3155 tractabilis
1475 3101 1636 3156 homo
1658 3111 1795 3168 erat,

1905 1943 2003 1998 per
2056 1942 2249 1982 aurum
2295 1936 2352 1983 et
2407 1928 2726 1999 topazium,
2777 1927 3034 1984 collatum
3098 1926 3232 1980 mihi
3288 1925 3494 1980 liueum

1905 2018 2305 2082 indumentum,
2353 2018 2496 2086 quod
2549 2017 2786 2088 propriis
2835 2016 3090 2071 manibus
3117 2014 3289 2078 nevit,
3339 2027 3490 2067 com-

1903 2109 2100 2178 posuit,
2145 2108 2448 2174 dealbavit,
2504 2117 2559 2166 et
2613 2115 2671 2161 ut
2717 2122 2783 2162 eo
2837 2107 3090 2161 induerer
3154 2105 3296 2158 inter
3331 2116 3486 2158 sacra

1902 2198 2194 2254 missarum
2253 2198 2520 2253 solemnia
2568 2197 2846 2253 humiliter
2899 2195 3210 2266 postulavit.
3241 2193 3288 2249 Ο
3334 2193 3490 2264 virgo

1902 2291 2140 2346 liberalis
2184 2288 2527 2362 et'benigna,
2561 2290 2678 2346 haec
2730 2288 2940 2354 fecisti,
2965 2295 3021 2342 et
3073 2285 3253 2341 tacui!
3289 2285 3480 2349 Tacui,

1905 2383 2151 2453 nunquid
2215 2398 2432 2452 semper
2479 2382 2715 2438 tacebo?
2761 2391 2971 2450 tempus
3021 2379 3233 2436 tacendi
3264 2387 3320 2434 et
3349 2386 3488 2433 tem-

1900 2490 2014 2544 pus
2047 2473 2338 2543 loquendi,
2389 2489 2528 2529 cum-
2559 2472 2672 2541 jam
2709 2489 2834 2528 cum
2869 2474 3082 2543 Sponso.
3121 2470 3372 2543 gloriaris
3423 2469 3504 2524 in.

1901 2565 2060 2622 coelo.
2090 2565 2307 2629 Fateor,
2356 2567 2508 2636 virgo
2545 2565 2993 2636 prudentissima,
3033 2564 3146 2636 jam
3198 2563 3480 2618 continere

1900 2671 2006 2710 non
2027 2671 2248 2726 possum
2275 2671 2340 2711 os
2365 2670 2566 2710 meum.
2613 2655 2670 2710 In
2697 2671 2803 2710 una
2837 2670 2894 2711 re
2935 2655 3046 2710 duo
3091 2653 3488 2724 pretiosissima

1898 2761 2128 2801 munera
2176 2745 2472 2810 contulisti,
2527 2760 2634 2816 qua
2677 2745 2908 2800 donante
2949 2761 3054 2799 non
3110 2754 3295 2814 posset
3330 2741 3495 2812 quid-

1899 2849 2061 2903 quam
2100 2834 2234 2888 mihi
2251 2848 2407 2898 esse,
2459 2832 2563 2888 nisi
2591 2834 2888 2904 pretiosum
2915 2841 2972 2888 et
3008 2831 3326 2896 maximum,
3365 2845 3492 2900 ,qua

1901 2922 2172 2977 tribuente
2203 2937 2365 2977 oume
2401 2921 2586 2976 datum
2617 2930 2700 2976 est
2743 2931 3166 2992 gratum,.omne
3207 2927 3492 2990 receptum

1901 3022 2208 3083 acceptum,
2257 3028 2421 3068 omne
2451 3029 2650 3068 irarum
2693 3022 2778 3069 est
2823 3015 3070 3068 charum.
3121 3012 3261 3079 Quid
3310 3010 3490 3066 mihi?

1903 3103 2034 3160 Plus
2064 3106 2304 3159 animum
2333 3104 2627 3176 pensabam
2657 3120 2817 3173 quam
2838 3120 3078 3170 manum,
3099 3104 3220 3174 plus
3241 3102 3494 3158 affectum

223 3193 277 3238 et
302 3183 540 3248 consiliis
588 3185 960 3254 acquiescens,
1009 3195 1064 3242 et
1109 3188 1200 3257 qui
1241 3188 1376 3242 nihil
1421 3190 1799 3261 qualecunque
1827 3167 1872 3230 Ο
1903 3213 2066 3266 quam
2111 3167 2358 3261 factum,
2405 3196 2525 3266 plus
2580 3167 2913 3252 hilaritatem
2962 3167 3125 3265 quam
3185 3195 3491 3250 tristitiam.

222 3276 361 3344 patri
392 3291 490 3330 suo
527 3275 595 3330 de
633 3277 856 3331 salutari
900 3279 1254 3334 conversione
1289 3281 1534 3351 Eutropii
1575 3283 1669 3338 ﬁlii
1714 3286 1798 3341 sui

223 3366 466 3430 credidit,
500 3369 569 3422 de
609 3367 780 3424 salute
809 3371 1026 3440 pr0pria
1058 3371 1252 3442 virgini
1298 3373 1498 3430 Maura:
1523 3375 1645 3432 ﬁliae
1683 3393 1802 3434 cre-

223 3461 348 3514 dere
377 3475 482 3514 non
509 3461 744 3531 negavit.
771 3460 1008 3516 Adduxit
1034 3463 1101 3518 ad
1133 3479 1219 3518 me
1249 3463 1452 3520 femina
1483 3467 1678 3532 virum,
1710 3468 1799 3538 ju-

222 3551 446 3607 vencula
467 3567 684 3617 senem,
719 3553 826 3607 ﬁlia
855 3562 1086 3624 patrem,
1108 3556 1319 3612 ovicula
1350 3555 1558 3614 leonem
1585 3577 1598 3613 :
1648 3568 1704 3615 et
1731 3561 1797 3616 ad

221 3647 385 3715 pedes
414 3661 564 3701 meos
593 3648 949 3716 procumbere
977 3647 1204 3714 faciens,
1246 3651 1560 3707 admiranda
1588 3654 1796 3708 cautela

223 3739 406 3792 docuit
441 3747 499 3793 et
533 3740 600 3794 de
638 3740 942 3795 commissis
990 3741 1300 3797 medullitus
1335 3745 1566 3809 conteri,
1591 3753 1646 3799 et
1687 3745 1798 3814 ple-

223 3831 372 3884 narie
408 3830 675 3885 conﬁteri.
710 3831 1018 3897 Qui‘etiam
1053 3833 1120 3887 de
1151 3833 1376 3888 consilio
1421 3849 1546 3888 meo
1581 3843 1638 3888 et
1677 3834 1798 3887 ﬁliae

223 3939 332 3977 sua:
359 3939 521 3992 quam
546 3924 806 3992 optimam
837 3923 1002 3977 habui
1031 3924 1374 3992 adjutricem,
1411 3923 1797 3992 temporalibus

223 4017 517 4080 abdicatis,
565 4025 619 4070 et
673 4014 958 4072 ecclesiam
1005 4014 1384 4084 Apostolorum
1442 4028 1470 4056 ιι
1527 4007 1798 4084 hazrcdem

223 4107 525 4170 constituit,
565 4116 620 4160 et
653 4107 704 4160 in
754 4106 869 4176 ipsa
910 4105 1124 4160 tandem
1173 4120 1372 4175 corpus
1411 4106 1688 4176 proprium
1729 4123 1796 4162 ex

223 4200 389 4254 multa
433 4198 612 4254 cordis
656 4195 942 4252 devotione
999 4194 1213 4264 sepeliri
1253 4196 1548 4250 mandavit.
1580 4194 1800 4252 Gratias

224 4298 318 4351 tibi
351 4311 470 4368 ago,
501 4295 726 4350 Domine
769 4293 934 4359 Deus,
959 4293 1052 4361 qui
1095 4291 1257 4347 talem
1287 4291 1442 4347 nobis
1484 4292 1538 4346 in
1573 4300 1664 4348 tuo
1692 4292 1800 4347 mi-

224 4388 449 4443 nisterio
479 4383 900 4456 cooperatricem
928 4381 1026 4437 tibi
1055 4381 1380 4452 complacuit
1423 4383 1756 4438 concessisse
1779 4378 1819 4448 ;’

223 4497 341 4545 quae
371 4480 510 4534 sicut
536 4478 674 4549 ignis
701 4477 793 4546 qui
826 4474 1096 4530 comburit
1120 4474 1308 4530 silvam
1331 4515 1346 4540 ,
1380 4483 1437 4529 et
1474 4475 1615 4528 sicut
1649 4473 1800 4530 ﬁam-

225 4590 312 4628 ma
365 4572 688 4627 comburens
729 4577 965 4633 montes,
1003 4567 1154 4638 prius
1194 4567 1439 4638 proxima
1466 4582 1714 4639 qumque,
1741 4577 1802 4624 ut

224 4673 372 4736 patet
397 4665 447 4718 in
491 4671 646 4732 patre
677 4669 730 4715 et
774 4659 978 4715 familia
1025 4659 1218 4728 patris,
1265 4667 1321 4712 et
1371 4668 1582 4714 remota
1611 4669 1801 4728 postea

225 4753 594 4819 inﬂammavit,
619 4752 739 4821 igne
765 4765 926 4816 quem
951 4749 1144 4805 venisti
1168 4749 1383 4805 mittere
1409 4749 1464 4804 in
1489 4758 1718 4817 terram.
1747 4760 1804 4808 et

223 4854 284 4900 ut
311 4845 499 4900 ardeat
520 4843 758 4899 voluisti.

293 4936 436 4991 Nihil
466 4951 653 4992 secum
685 4935 854 4990 frater
886 4935 1199 5006 Eutropius,
1241 4934 1294 4989 in
1318 4935 1672 4991 conversione
1701 4952 1797 4992 sua

227 5029 291 5082 de
317 5028 480 5082 rebus
521 5026 764 5096 paternis
803 5025 1006 5092 attulit,
1038 5040 1102 5080 ea
1129 5024 1304 5082 unicae
1346 5025 1524 5080 sorori
1555 5042 1688 5092 suae,
1735 5042 1799 5082 ea

228 5120 521 5175 intentione
537 5118 812 5173 habendas
839 5119 1172 5188 relinquens,
1194 5126 1255 5171 ut
1284 5117 1416 5186 ipsis
1437 5117 1803 5174 mediantibus

226 5212 516 5267 nobiliores
543 5210 749 5266 subiret
770 5210 1130 5276 thalamos,et
1162 5210 1456 5274 solemnius
1480 5219 1667 5279 posset
1690 5225 1806 5264 ma-

226 5304 536 5359 trimonium
572 5302 867 5358 celebrare.
907 5302 1044 5356 Mira
1071 5301 1188 5356 res!
1220 5301 1528 5371 Eutropius,
1570 5308 1630 5356 ut
1653 5300 1799 5356 salva

225 5410 356 5465 pace
384 5409 480 5451 sua
510 5395 723 5465 loquar,
751 5393 1063 5449 valedicens
1111 5392 1326 5457 saeculo,
1357 5391 1426 5447 de
1452 5391 1800 5448 smcularibus

226 5485 536 5557 cogitabat;
574 5486 758 5540 Maura
785 5500 932 5550 vero,
962 5499 1253 5540 remanens
1278 5484 1334 5538 in
1374 5484 1592 5549 szeculo,
1615 5501 1796 5542 secum

227 5575 292 5629 de
315 5576 774 5641 ctelo'tractabat,
821 5576 972 5631 unde
1008 5575 1242 5630 fructum
1289 5590 1432 5628 nunc
1461 5585 1701 5644 reportat
1743 5579 1794 5631 in

228 5668 564 5734 respectiouc
615 5669 920 5723 animarum
975 5673 1306 5730 sanctarum,
1353 5680 1458 5720 non
1510 5669 1793 5724 mortalem

1899 3287 2116 3342 Gratias
2165 3302 2288 3357 ago,
2312 3287 2480 3356 virgo-
2507 3286 2766 3357 gratiosa,
2796 3285 3076 3357 gratuitati
3109 3293 3212 3340 tua:
3236 3300 3358 3354 quae
3379 3293 3494 3340 tam

1898 3378 2218 3448 praeclarum
2265 3378 2510 3432 habitum
2537 3377 2757 3446 indigno
2786 3376 3085 3432 contulisti.
3112 3375 3218 3430 Sed
3251 3374 3495 3444 nunquid

1899 3469 2106 3524 solum?
2137 3467 2255 3524 Non
2281 3469 2468 3538 utique
2496 3486 2510 3522 :
2535 3468 2735 3524 donum
2768 3469 3088 3540 geminasti,
3114 3477 3176 3530 et,
3202 3467 3492 3522 abundans

1897 3561 2110 3616 abunde
2134 3561 2365 3616 donasti.
2392 3559 2653 3615 Ornatum
2682 3559 2948 3629 duplicem
2976 3556 3288 3627 praebuisti,
3320 3570 3490 3610 unum

1873 3651 2937 3722 -corporalem,etalterumspiritualem,
2969 3663 3136 3703 unum
3161 3647 3488 3703 exteriorem

1897 3751 1952 3796 et
1972 3743 2199 3796 alterum
2219 3743 2552 3806 interiorem,
2571 3757 2734 3795 unum
2748 3748 3044 3809 patentem,
3060 3739 3286 3792 alterum
3314 3735 3492 3790 laten-

1901 3840 2029 3897 tem,
2062 3847 2222 3900 quem
2249 3834 2316 3885 ad
2343 3831 2692 3901 operiendam
2722 3830 2958 3884 divinam
2985 3835 3041 3882 et
3072 3835 3220 3881 tuam
3251 3825 3493 3880 clemen-

1902 3925 2054 3988 tiam,
2086 3931 2141 3978 et
2170 3922 2352 3977 miseri
2384 3923 2566 3978 cordis
2601 3923 2707 3976 mei
2733 3921 3008 3983 duritiam,
3041 3934 3148 3973 non
3175 3917 3292 3987 jam
3323 3917 3495 3972 latere

1899 4014 2043 4079 volo,
2079 4015 2170 4069 scd
2199 4023 2407 4084 patere.
2433 4014 2594 4068 Ficus
2615 4029 2762 4068 eram
2786 4012 3137 4078 arida,etiam
3161 4011 3356 4066 merito
3383 4027 3495 4068 non

1899 4107 2002 4162 nisi
2065 4106 2374 4160 incendium
2439 4106 2855 4174 exspectabam;
2914 4117 3165 4158 arueram
3230 4108 3492 4171 tanquam

1901 4199 2082 4253 fenum
2130 4198 2326 4252 merito
2377 4197 2696 4251 mittendum
2729 4197 2781 4250 in
2811 4195 3322 4261 clibanum;anima
3367 4209 3490 4248 mea

1901 4295 2042 4349 sicut
2065 4302 2207 4348 terra
2237 4293 2354 4347 sine
2384 4307 2545 4362 aqua,
2571 4299 2626 4346 et
2654 4291 2775 4346 ideo
2811 4291 3014 4346 sterilis
3041 4299 3097 4345 et
3129 4290 3486 4345 infructuosa.

1901 4387 2041 4454 Quid
2087 4385 2552 4457 exspecto?,Quid
2603 4385 2878 4440 miseriam
2926 4397 3103 4439 meam
3148 4382 3493 4438 manifestius

1827 4517 1880 4577 Β
1907 4495 2012 4535 non
2052 4479 2312 4534 ostendo?
2341 4477 2606 4532 Dominici
2641 4477 2887 4547 corporis
2933 4484 3336 4532 sacramentum
3367 4489 3491 4530 cum

1911 4587 2036 4628 raro
2083 4571 2382 4627 devotionis
2421 4571 2618 4642 butyro
2672 4569 2989 4634 tractabam,
3018 4568 3234 4639 quando
3282 4577 3490 4621 vestem

1911 4664 2140 4722 contulit
2169 4670 2545 4728 memoratam,
2571 4661 2686 4716 sine
2715 4661 2938 4717 lactucis
2958 4658 3262 4730 agrestibus
3291 4671 3490 4728 agnum

1910 4757 2154 4820 edebam,
2185 4754 2301 4810 sine
2347 4767 2485 4822 pane
2530 4752 2889 4822 lacrymarum
2930 4751 2998 4803 ad
3034 4762 3230 4819 panem
3267 4747 3493 4802 accede»

1910 4849 2033 4903 bam
2057 4845 2390 4916 angelorum.
2416 4844 2554 4910 Quid
2583 4843 2772 4913 plura?
2804 4843 2919 4912 Ipsa
2946 4841 3102 4896 fortis
3121 4840 3318 4894 mulier
3346 4855 3492 4909 quae-

1907 4941 2054 5004 sivit,
2098 4953 2204 4993 non
2251 4936 2373 4992 dico
2423 4935 2633 4999 lanam,
2669 4934 2764 4989 sed
2810 4933 3000 4996 linum,
3045 4939 3102 4985 et
3154 4937 3376 5000 operata
3407 4938 3491 4984 est

1909 5034 2137 5092 consilio
2165 5046 2422 5087 manuum
2447 5044 2690 5093 suarum,
2717 5025 3112 5096 complevitque
3139 5023 3330 5078 diebus
3357 5035 3490 5090 pau-

1911 5127 1990 5182 cis
2012 5140 2147 5195 opus
2168 5137 2324 5179 suum
2345 5122 2487 5191 quod
2509 5119 2733 5182 fecerat,
2757 5117 2810 5170 in
2829 5129 2937 5186 quo
2957 5114 3202 5169 facientis
3223 5111 3489 5166 industria

1911 5216 2204 5278 relucebat,
2233 5221 2288 5268 et
2313 5213 2526 5266 tandem
2555 5207 2850 5263 Prudentia
2877 5205 3023 5260 dedit
3049 5204 3300 5274 episcopo
3325 5216 3488 5271 quem

1905 5304 2146 5358 amabat.
2194 5300 2311 5356 Non
2353 5298 2678 5355 abscondam
2717 5295 2968 5365 amplius,
2999 5293 3243 5357 Domine,
3275 5288 3489 5346 miseri-

1905 5397 2144 5451 cordiam
2196 5403 2341 5446 tuam
2374 5406 2403 5445 a
2440 5390 2668 5445 consilio
2695 5388 2893 5451 multo,
2945 5387 3178 5441 narrabo
3225 5382 3487 5440 altissima

1857 5488 1864 5495 ’
1903 5503 2024 5558 quae.
2065 5486 2240 5542 fecisti
2273 5483 2538 5554 magnalia
2581 5497 2679 5552 per
2721 5481 2979 5536 famulam
3010 5489 3155 5534 tuam
3204 5477 3484 5541 Mauram;

1904 5587 2027 5634 nam
2072 5588 2349 5646 receptum
2403 5575 2800 5638 indumentum,
2833 5571 3016 5627 statim
3068 5568 3210 5622 illius
3253 5565 3490 5634 antiqua:

1902 5673 2065 5742 virga:
2109 5671 2367 5723 virtutem
2414 5667 2622 5732 habuit,
2664 5675 2718 5721 et
2762 5679 2957 5734 aquam
3005 5659 3375 5743 copiosatnde
3401 5671 3490 5714 me

299 5788 324 5816 α
356 5778 594 5836 Ecclesia
631 5778 1008 5850 Apostolorum
1045 5785 1129 5836 est
1150 5780 1378 5836 ecclesia
1411 5778 1727 5852 episcopalis
1757 5782 2060 5848 Trecensis,
2101 5799 2218 5854 qum
2242 5782 2442 5849 sanctis
2474 5781 2635 5836 Petro
2666 5789 2718 5835 ct
2747 5777 2912 5834 Paulo
2938 5776 3116 5832 dicata
3139 5781 3243 5831 cst.
