3974 6344
240 356 381 413 1575

1235 358 1322 413 DE
1362 356 1534 414 νιΤΑη
1563 359 1650 413 ΕΤ
1688 357 1926 415 MORTE
1965 357 2026 413 Β.
2069 357 2133 414 ν..
2176 359 2467 416 MAUBE.

238 472 418 538 lineis,
445 471 498 528 in
542 479 695 528 arcto
722 471 880 542 panis
908 478 964 526 et
1002 484 1153 541 aqua:
1175 470 1381 542 jejunio
1414 471 1735 550 visitabatur
1757 473 1827 528 ab
1854 476 1901 532 A
1931 471 2244 539 fluentibus,
2268 490 2608 545 nequaquam
2633 477 2781 547 potui
2813 493 2974 548 quem
3004 478 3334 550 incoeperam
3361 493 3516 532 com-

239 567 378 637 ipsa.
415 562 641 630 Quanta:
669 571 849 617 autem
876 561 1098 616 virtutis
1131 570 1188 617 et
1225 560 1479 618 efﬁcaciae
1510 563 1583 618 sit
1610 564 1824 634 mapula

238 673 406 730 quam
430 656 599 712 Leoni
631 655 816 711 Maura
849 655 1056 721 tribuit,
1089 655 1253 710 claris
1285 656 1500 710 indiciis
1527 665 1828 725 protestan-

236 758 330 803 tur
351 754 406 801 et
435 745 674 802 Melanus
699 746 928 802 clericus
949 756 1004 816 et
1036 747 1410 810 sanctissimus
1440 748 1734 802 monachus
1772 755 1828 803 et

237 839 496 895 Paulinus
520 822 1132 916 clericus,ipsius“tactu
1150 852 1182 891 a
1215 836 1457 892 febribus
1483 836 1723 900 liberati.
1759 837 1826 890 Et

237 930 488 1002 quamvis
515 930 618 985 hoc
646 929 862 998 quidam
898 929 1168 984 mansueti
1200 927 1400 1006 Leonis
1428 929 1639 984 meritis
1665 928 1826 982 attri-

237 1023 409 1078 buant
437 1029 494 1076 et
532 1020 827 1086 ascribant,
872 1021 1054 1090 potius
1091 1029 1270 1075 tamen
1304 1020 1543 1076 arbitror
1587 1020 1827 1073 sentien-

239 1116 370 1170 dum
406 1117 550 1188 quod
594 1125 651 1172 et
695 1117 808 1186 ipse
849 1114 958 1170 Leo
988 1115 1153 1170 sentit
1179 1113 1485 1179 nobiscum,
1519 1121 1579 1167 ut
1609 1111 1737 1167 illud
1770 1111 1824 1166 in

237 1207 464 1278 gloriam
507 1217 708 1263 sanctae
741 1207 967 1279 virginis
998 1213 1368 1268 convertatur,
1407 1205 1550 1273 quod
1583 1201 1827 1274 Sponsus

238 1312 370 1352 suus
399 1297 717 1352 mirabiliter
737 1305 1013 1366 operatur,
1044 1312 1109 1352 ne
1136 1295 1449 1350 nmrenulas
1493 1309 1688 1350 aureas
1713 1293 1818 1349 sibi

237 1397 532 1458 praesumat
561 1389 698 1444 alius
718 1403 1006 1460 usurpare,
1029 1402 1166 1458 quas
1199 1388 1251 1442 in
1284 1387 1495 1458 signum
1520 1384 1828 1440 dilectionis

239 1490 296 1536 et
319 1490 703 1537 ornamentum
731 1481 962 1545 decoris,
995 1480 1226 1535 dilectus
1253 1479 1464 1535 dilectae
1488 1479 1660 1534 voluit
1681 1492 1827 1548 prae-

239 1579 476 1627 sentare.
525 1570 795 1636 Nondum,
825 1570 997 1626 frater
1047 1569 1294 1635 Maurici,
1325 1585 1355 1624 a
1396 1569 1658 1625 memoria
1705 1583 1826 1623 mea

237 1660 481 1730 elapsum
519 1667 605 1715 est
639 1659 783 1730 quod
811 1668 863 1714 te
891 1660 1234 1714 ministrante
1263 1659 1530 1714 occultata
1559 1657 1652 1730 [[2,
1697 1673 1827 1713 ocu-

238 1752 372 1825 lata]
393 1751 498 1808 lide
520 1753 768 1823 cognovi.
793 1751 1020 1823 Expleta
1043 1767 1276 1822 namque
1297 1751 1561 1806 matutina
1582 1751 1824 1823 synopsi,

1899 589 1901 592 ⁴
1930 563 2078 632 plere
2107 579 2436 638 sermonem.
2472 567 2672 622 Verum
2701 569 2843 624 illico
2868 577 3089 640 propter
3111 569 3372 634 infideles,
3404 585 3492 624 ma

1929 654 2104 722 guaiia
2133 654 2226 709 Dei
2255 657 2458 712 certius
2489 657 2794 727 probaturi,
2825 661 2892 714 ad
2918 659 3300 730 Apostolorum
3335 660 3516 716 eccle-

1930 744 2064 798 siam
2121 746 2531 814 properavimus
2578 748 2840 812 universi,
2871 749 2924 802 in
2967 749 3123 818 cujus
3176 749 3402 803 introitu
3432 747 3515 804 fa-

1929 835 2134 891 cientes
2163 837 2428 891 modicam
2460 837 2748 892 stationem
2770 879 2784 904 ,
2809 839 2894 892 vix
2929 840 3143 894 tandem
3173 838 3362 894 audire
3405 853 3508 909 po-

1929 932 2136 982 tuimus
2175 929 2352 982 adhuc
2403 928 2631 999 legentis
2671 928 2913 984 Mauricii
2961 945 3146 985 vocem
3196 938 3410 984 tenuem
3459 938 3515 983 et

1928 1020 2145 1075 exilem.
2183 1020 2318 1074 Tum
2367 1019 2518 1074 finito
2545 1021 2839 1092 Evangelio
2889 1021 3180 1077 Dominica:
3220 1017 3514 1091 passionis,

1927 1110 2290 1190 communiter
2317 1108 2608 1186 offerentes
2647 1111 2876 1166 Domino
2919 1113 3143 1182 gloriam
3170 1119 3224 1166 et
3251 1112 3514 1167 honorem

1897 1198 2216 1274 efferentes
2248 1202 2474 1272 Domino
2516 1201 2741 1272 gloriam
2773 1203 2997 1268 ,nomini
3043 1203 3180 1273 ejus,
3227 1203 3280 1256 in
3315 1201 3516 1272 templo

1927 1289 2044 1360 ejus
2072 1306 2260 1348 omnes
2287 1291 2522 1346 diximus
2551 1292 2909 1363 gloriam,qui
2948 1294 3000 1347 in
3031 1293 3233 1348 sanctis
3265 1292 3376 1347 suis
3401 1292 3516 1363 glo-

1927 1385 2106 1441 riosus
2149 1387 2250 1440 est.
2304 1385 2473 1440 Porro
2503 1387 2654 1456 virgo
2685 1387 2778 1441 Dei
2830 1386 2896 1440 ad
2929 1386 3092 1456 pedes
3122 1401 3272 1440 meos
3311 1393 3515 1440 treme--

1927 1477 2105 1532 bunda
2127 1475 2378 1545 jacebat;
2411 1477 2532 1532 aliis
2554 1477 2930 1547 gaudentibus,
2961 1477 3076 1546 ipsa
3108 1475 3290 1541 ﬂebat,
3320 1484 3515 1546 pectus

1930 1567 2211 1630 tundebat,
2245 1576 2437 1637 etquae
2456 1568 2678 1623 verbum
2703 1567 2894 1623 salutis
2916 1567 3210 1634 turbasset,
3235 1581 3295 1622 se
3319 1581 3516 1636 pecca-

1915 1659 2119 1715 tricem
2144 1659 2510 1715 miserrimam
2536 1659 2867 1715 clamitabat.

1998 1748 2164 1804 Paulo
2194 1759 2317 1820 post
2345 1749 2523 1805 illuxit
2569 1751 2684 1806 dics
2729 1751 3034 1806 vocationis
3075 1750 3370 1822 praedictae,
3399 1750 3516 1806 dies

237 1848 461 1903 innuisti
489 1849 618 1904 mihi
650 1857 711 1904 ut
742 1848 984 1903 Mauram
1027 1849 1328 1919 aspicerem
1371 1849 1585 1904 arctius
1617 1844 1824 1919 ample;
1854 1831 1902 1890 B
1929 1842 2017 1896 cui
2061 1858 2316 1913 magnum
2371 1852 2599 1910 praeerat
2639 1843 2926 1910 luminare,
2950 1843 3230 1899 Matthaeus
3269 1841 3520 1898 videlicet

237 1949 473 1994 cteutem
519 1951 574 1996 et
621 1941 832 1996 dulcius
877 1940 1212 1996 osculantem
1267 1939 1437 1994 altare
1492 1940 1580 1994 ubi
1629 1956 1827 2011 corpus

236 2030 410 2086 beatae
436 2031 663 2102 virginis
684 2023 946 2086 Mastidiaa
970 2031 1284 2103 requiescit,
1313 2031 1488 2088 sedet
1517 2031 1650 2086 hora
1674 2041 1825 2086 sexta

238 2139 268 2178 a
300 2123 559 2178 fratribus
587 2124 893 2187 decantata,
940 2124 1009 2179 ad
1043 2123 1208 2194 pedes
1242 2122 1482 2192 ejusdem
1530 2123 1720 2178 altaris
1751 2123 1829 2177 la-

237 2227 548 2283 crymarum
575 2227 794 2267 suarum
829 2212 1059 2267 rivulum
1090 2212 1408 2276 ostendisti,
1441 2227 1549 2282 quo
1579 2211 1828 2282 proprios

237 2301 427 2357 oculos
459 2302 700 2368 linivisti,
733 2318 852 2372 quae
883 2303 1058 2357 linitio
1089 2311 1352 2372 quantum
1384 2303 1480 2358 tibi
1521 2303 1743 2372 profuit,
1773 2311 1830 2358 et

240 2392 412 2462 gratia
463 2391 827 2462 lacrymarum
871 2409 1034 2462 quam
1083 2393 1272 2458 habes,
1321 2402 1375 2448 et
1425 2394 1569 2448 oculi
1617 2393 1829 2448 macula

241 2497 408 2552 quam
439 2482 597 2537 modo
624 2498 732 2537 non
763 2482 930 2538 habes
955 2483 1119 2538 certis
1142 2485 1376 2554 probant
1400 2493 1455 2537 et
1485 2483 1832 2554 irrefragabi-

241 2573 386 2627 libus
425 2573 780 2644 argumentis.
811 2572 930 2643 Ipse
973 2589 1208 2643 namque
1250 2572 1580 2628 mirabilium
1607 2573 1744 2644 Agni
1775 2583 1832 2628 et

244 2677 456 2732 sponsze
485 2677 597 2717 suae
620 2677 843 2732 operum
876 2664 1054 2733 quoad
1079 2663 1305 2728 vixeris,
1338 2663 1719 2729 clarissimum,
1750 2664 1833 2718 vi-

243 2767 371 2804 vum
397 2760 454 2806 et
491 2767 678 2806 verum
704 2753 1073 2807 testimonium
1103 2749 1327 2808 effectus
1355 2767 1446 2818 es;
1479 2768 1602 2806 nam
1647 2751 1834 2807 laudes

244 2841 450 2896 Christi
491 2849 548 2896 et
586 2841 806 2908 Maurae,
830 2844 934 2897 etsi
979 2842 1160 2912 lingua
1193 2851 1390 2908 taceat,
1417 2842 1605 2898 oculus
1653 2850 1832 2898 tamen

248 2945 570 3001 quocunque
592 2933 902 3002 perrexeris
928 2933 1229 3003 praedicare
1255 2948 1362 2988 non
1392 2940 1591 2988 cessat.

254 3053 257 3057 -
321 3023 536 3080 Scimus
579 3040 788 3091 omnes,
821 3025 1042 3081 Maurici
1082 3027 1273 3082 Levita
1320 3027 1661 3092 cbarissime,
1689 3024 1833 3096 quod

249 3130 441 3184 parum
482 3131 737 3170 sonoram
769 3131 960 3180 vocem
993 3118 1213 3182 habeas,
1244 3117 1316 3172 ita
1347 3125 1407 3172 ut
1431 3133 1552 3173 cum
1584 3127 1834 3172 sanctum

249 3208 601 3278 Evangelium
620 3208 776 3280 legis,
799 3209 866 3264 ab
888 3209 1031 3265 ostio
1059 3209 1303 3266 ecclesiae
1329 3210 1500 3265 audiri
1521 3211 1610 3264 vix
1634 3210 1827 3281 possis.
1860 3186 1906 3248 (ἶ

253 3299 408 3355 Unde
430 3315 560 3371 ergo
588 3303 860 3356 sonoritas
881 3301 968 3356 illa
995 3301 1098 3356 fuit
1119 3318 1237 3370 quae
1264 3302 1351 3357 die
1375 3301 1706 3358 Parasceves
1734 3317 1833 3356 au-

253 3405 342 3445 res
375 3391 574 3446 Maurae
602 3433 618 3459 ,
661 3393 752 3448 sed
807 3394 974 3450 solius
1013 3403 1066 3448 et
1094 3393 1250 3465 longe
1275 3395 1464 3465 posita:
1491 3394 1836 3464 penetravit?

253 3481 405 3536 Dicta
445 3483 711 3552 siquidem
755 3485 842 3540 die
863 3525 878 3550 ,
913 3485 1058 3540 inter
1101 3484 1321 3541 Sextam
1351 3495 1405 3541 et
1434 3484 1662 3550 Nonam,
1695 3485 1837 3555 apud

253 3573 424 3627 sancti
439 3573 686 3628 Aventini
704 3575 989 3630 ecclesiam
1017 3577 1069 3630 in
1093 3576 1355 3631 suburbio
1385 3576 1620 3629 civitatis
1645 3575 1833 3645 ipsius,

254 3674 454 3720 sanctae
481 3667 885 3736 praedicationis
923 3669 1130 3724 semina
1174 3683 1275 3739 ego
1307 3677 1562 3738 peccator
1591 3669 1837 3722 miserri-

253 3769 394 3821 mus,
423 3754 545 3810 talis
592 3757 768 3826 qualis
808 3758 1109 3838 episcopus,
1143 3774 1242 3828 pro
1287 3759 1447 3814 ofﬁcii
1495 3758 1601 3814 mei
1652 3759 1835 3813 debito

254 3845 309 3899 in
337 3847 590 3902 cordibus
610 3848 939 3904 audientium
959 3850 1252 3920 jaciebam,
1275 3860 1330 3904 et
1358 3865 1455 3919 pro
1477 3849 1694 3904 modulo
1717 3865 1838 3905 meo

253 3935 418 3989 divini
450 3937 719 3992 sermonis
749 3939 909 3994 hamo
936 3938 1189 4008 piscabar
1235 3937 1546 4007 pisciculos,
1573 3938 1673 3992 etsi
1703 3953 1838 4008 pau~

255 4039 347 4080 cos
372 4035 426 4080 et
454 4041 669 4095 parvos.
720 4026 922 4082 Aderat
951 4036 1006 4081 et
1044 4027 1228 4082 Maura
1265 4035 1470 4082 attente
1509 4027 1756 4091 audiens,
1783 4035 1838 4081 ct

253 4119 448 4173 sedens
475 4119 619 4173 inter
644 4118 780 4174 alios
818 4119 1114 4184 auditores,
1146 4134 1268 4188 quae
1296 4119 1441 4172 nulla
1487 4135 1723 4190 unquam
1751 4134 1840 4174 oc—

253 4209 494 4274 casione,
528 4210 598 4264 ab
627 4209 934 4279 bujusmodi
974 4209 1062 4279 pia
1102 4210 1456 4280 occupatione
1483 4211 1657 4280 potuit
1683 4225 1840 4266 revo-

255 4303 391 4365 cari,
420 4301 513 4356 sed
552 4301 675 4370 quia
717 4317 784 4356 ex
818 4300 928 4356 Deo
955 4310 1096 4366 erat,
1129 4303 1290 4356 verba
1333 4302 1427 4356 Dei
1470 4301 1742 4366 audiebat,
1773 4317 1838 4356 ea

255 4387 311 4441 in
361 4389 523 4444 corde
561 4404 682 4455 suo,
713 4389 866 4458 quasi
920 4389 974 4443 in
1022 4389 1162 4444 libro
1204 4391 1574 4454 conscribeus,
1607 4407 1840 4461 cumque

255 4492 354 4546 pro
397 4479 654 4548 temporis
693 4478 964 4548 exigentia
999 4493 1309 4534 sermonem
1361 4479 1598 4535 facerem
1629 4481 1697 4535 de
1731 4481 1836 4534 Do-

256 4569 470 4624 minicae
489 4571 762 4638 passionis
803 4579 1179 4637 sacramento,
1231 4581 1452 4642 repente
1496 4588 1554 4628 se
1601 4573 1835 4643 erigens,

257 4664 379 4718 aliis
407 4665 738 4730 sedentibus,
765 4665 916 4719 stetit
939 4680 1102 4734 supra
1132 4667 1297 4736 pedes
1317 4681 1464 4730 suos,
1489 4675 1544 4721 et
1585 4675 1750 4721 totam
1782 4683 1841 4724 se

255 4757 413 4828 signo
451 4757 678 4812 vivificze
707 4758 886 4814 crucis
934 4758 1182 4814 munivit.
1234 4758 1478 4828 Cumque
1523 4759 1840 4828 quaesissem

261 4846 329 4900 ab
358 4862 419 4902 ea
466 4847 596 4917 quid
635 4849 686 4904 ei
729 4849 1044 4917 accidisset,
1081 4859 1136 4905 et
1154 4865 1341 4921 quare,
1385 4858 1572 4905 contra
1609 4865 1840 4914 morem,

261 4954 384 4993 cum
413 4938 534 4994 aliis
574 4939 884 4997 sedentibus
913 4958 1023 4996 non
1049 4942 1283 5007 sederet,
1314 4949 1376 4996 ut
1400 4950 1518 4995 erat
1547 4941 1662 5012 ipsa
1691 4957 1845 4997 vere-

263 5032 438 5086 cundo
482 5031 652 5097 vultu,
685 5042 739 5088 et
767 5035 1076 5090 columbina
1125 5035 1496 5104 simplicitate,
1522 5035 1840 5106 respondit:

268 5124 450 5191 Estne,
505 5123 687 5190 Pater,
729 5126 1052 5191 sedendum,
1094 5128 1309 5198 quando
1355 5136 1601 5182 sanctum
1649 5128 1847 5198 legitur

265 5217 648 5286 Evangelium?
677 5217 752 5272 En
790 5217 1080 5273 Mauricius
1108 5218 1295 5274 Levita
1345 5219 1397 5273 in
1437 5218 1668 5274 ecclesia
1711 5219 1850 5288 Apo-

268 5307 526 5361 stolorum
553 5307 888 5363 Dominicam
909 5309 1072 5378 coepit
1096 5309 1272 5379 legere
1298 5311 1626 5379 passionem,
1657 5310 1700 5364 si
1732 5310 1848 5381 pla-

269 5407 354 5452 cet
381 5399 707 5463 astantibus,
739 5399 956 5453 omissis
995 5400 1268 5469 paululum
1312 5401 1434 5456 aliis
1483 5400 1842 5467 audiendam;

271 5489 564 5560 statimque
589 5491 636 5546 si
661 5492 789 5561 quid
830 5491 1129 5546 audirenta
1163 5495 1641 5549 circumstantibus
1674 5493 1850 5564 inqui-

271 5580 388 5644 sivi,
419 5579 667 5653 factoque
693 5582 908 5638 silentio
936 5592 1048 5639 tota
1078 5584 1364 5640 multitudo
1385 5600 1444 5640 se
1466 5587 1598 5640 nihil
1626 5601 1852 5657 prorsus

274 5671 461 5728 audire
505 5675 800 5746 respondit,
830 5675 973 5730 unde
1002 5670 1240 5731 divinam
1295 5677 1598 5748 intelligens
1628 5680 1679 5735 in
1708 5695 1850 5750 prae-

272 5765 417 5822 clara
464 5765 669 5839 virgine
716 5766 973 5832 adfuisse,
1011 5765 1263 5825 virtutem
1308 5769 1562 5840 lacrymis
1615 5772 1848 5828 ubertim

1927 1937 2204 2008 apostolus
2231 1948 2284 1990 et
2313 1937 2665 2007 evangelista,
2693 1944 2820 1991 tunc
2841 1935 3000 2004 cujus
3024 1936 3284 2007 agebatur
3311 1934 3510 1990 solem-

1927 2027 2068 2082 nitas
2097 2027 2362 2097 gloriosa;
2397 2027 2492 2084 sed
2533 2016 3040 2081 luminare‘minus'
3077 2025 3392 2095 adjunctum
3432 2032 3519 2079 est

1925 2117 1998 2182 ei,
2029 2115 2213 2170 Maura
2254 2117 2508 2192 videlicet
2550 2131 2748 2186 sponsa
2795 2115 2914 2180 Dei,
2946 2116 3144 2185 placita
3193 2129 3418 2184 prorsus
3463 2122 3521 2168 et

1925 2217 2079 2278 grata
2106 2207 2373 2276 apostolo,
2405 2221 2524 2276 quae
2553 2206 2728 2280 placet
2762 2221 2946 2260 coram
2979 2205 3102 2266 Deo.
3125 2205 3179 2259 in
3212 2205 3416 2260 lumine
3443 2203 3520 2258 vi-

1927 2300 2195 2366 ventium,
2221 2307 2282 2353 ut
2316 2297 2430 2368 jam
2477 2299 2588 2352 sint
2625 2297 2744 2351 dua:
2781 2297 2935 2352 olivae
2963 2305 3020 2351 et
3047 2297 3153 2352 duo
3195 2295 3520 2351 candelabra

1933 2390 2170 2444 lucentia
2202 2399 2328 2448 ante
2354 2388 2663 2452 Dominum,
2690 2403 2790 2458 par
2825 2396 3093 2442 turturum
3121 2395 3215 2441 aut
3252 2385 3360 2441 duo
3387 2384 3520 2456 pulli

1929 2477 2315 2534 columbarum.
2338 2477 2513 2532 llabes
2527 2477 2669 2531 enim
2685 2485 2764 2541 tu,
2796 2476 2965 2530 beate,
2979 2475 3228 2530 Matthaae
3251 2474 3516 2544 apostole,

1927 2577 2252 2640 potestatem
2292 2584 2532 2625 sororem
2576 2567 3014 2623 circumducendi
3056 2569 3335 2624 mulierem
3379 2569 3522 2625 sicut

1930 2661 2100 2718 frater
2138 2661 2349 2716 Domini
2377 2660 2609 2716 Iacobus
2633 2668 2687 2715 et
2728 2659 2971 2728 Cephas,
3003 2669 3060 2714 et
3106 2660 3284 2730 minus
3329 2674 3522 2714 revera

1932 2770 2121 2810 censes
2146 2768 2267 2808 esse
2298 2753 2639 2816 telonarium,
2664 2749 2825 2823 quam
2875 2767 3086 2820 sponsa:
3119 2751 3320 2806 Christi
3362 2767 3524 2822 para-

1933 2845 2247 2916 nymphum.
2276 2841 2387 2899 Nec
2407 2841 2524 2911 jam
2546 2841 2854 2913 dedignaris
2881 2841 3223 2896 invocantem
3253 2842 3521 2912 virginem

1934 2938 1989 2992 in
2019 2947 2166 2991 tuum
2197 2936 2388 2991 ascisci
2419 2935 2775 3000 consortium,
2809 2934 2900 3003 qui
2929 2943 2980 2990 te
3007 2935 3172 2989 fuisse
3200 2934 3392 2989 recolis
3424 2949 3526 3003 pu-

1935 3029 2231 3094 blicanum,
2268 3037 2322 3083 et
2349 3043 2542 3082 revera
2587 3027 2786 3082 Maurae
2813 3027 2992 3099 diligis
3037 3028 3402 3092 sanctitatem,
3430 3026 3524 3096 qui

1936 3119 2597 3194 perennemMauritanim
2638 3117 2944 3195 praedicasti
2999 3117 3228 3192 salutem
3263 3126 3357 3170 :et
3394 3131 3526 3187 erga

1938 3210 2220 3267 candidam
2247 3211 2514 3282 virginem
2547 3209 2777 3264 dulciter
2806 3209 3160 3274 mansuescis,
3188 3208 3281 3277 qui
3314 3205 3528 3263 [Ethio-

1936 3319 2032 3374 pes
2079 3303 2328 3358 horridos
2387 3317 2730 3372 nequaquam
2781 3300 3118 3370 expavescis.
3190 3299 3527 3355 Adveniente

1938 3393 2100 3463 igitur
2143 3402 2442 3447 memorata
2494 3391 3054 3462 solemnitate,quam
3105 3391 3298 3456 beata:
3329 3389 3528 3445 Maurae

1937 3483 2234 3539 vocationis
2263 3499 2373 3538 suae
2396 3482 2712 3560 jucunditas
2748 3481 3078 3550 duplicabat,
3105 3480 3264 3534 nobis
3293 3479 3530 3533 videnti-

1936 3576 2060 3640 bus,
2089 3576 2156 3631 de
2183 3574 2381 3629 lectulo
2411 3573 2742 3628 inﬁrmitatis
2775 3587 2908 3636 sum,
2939 3578 3100 3639 prout
3131 3569 3326 3638 potuit,
3361 3579 3529 3639 caput

1938 3668 2134 3732 erexit,
2166 3675 2222 3721 et
2262 3674 2504 3720 erectum
2531 3665 2584 3718 in
2611 3671 2797 3733 partes
2846 3671 3078 3730 quatuor
3122 3659 3436 3738 inclinavit;
3472 3666 3530 3714 et

1936 3773 2035 3812 cur
2063 3757 2165 3811 hoc
2211 3754 2466 3809 facereta
2496 3752 2678 3814 Leone
2726 3749 3066 3805 familiariter
3113 3749 3396 3818 requisita,
3441 3761 3527 3803 re-

1939 3846 2194 3917 spondit:
2219 3845 2298 3899 En
2344 3842 2598 3898 lectulum
2635 3857 2814 3896 meum
2857 3850 3095 3912 quatuor
3137 3839 3307 3896 fortes
3335 3857 3364 3895 a
3397 3855 3527 3911 quas

1939 3949 2065 3994 tuor
2089 3937 2336 4010 partibus
2359 3937 2623 4002 ambiunt,
2661 3944 2917 3990 cruentas
2946 3935 3150 3990 bestias
3184 3932 3528 4003 repellentes,

1939 4033 2136 4088 Petrus
2171 4031 2421 4088 videlicet
2465 4041 2628 4100 atque
2675 4029 2893 4094 Paulus,
2919 4027 3212 4107 Gervasius
3247 4036 3302 4083 et
3343 4029 3532 4084 Prota-

1942 4123 2074 4188 sius,
2103 4122 2298 4192 quibus
2327 4121 2503 4192 quoad
2533 4120 2641 4175 vixi
2675 4120 2977 4183 devotione,
3011 4135 3116 4189 qua
3161 4120 3312 4188 potui
3345 4119 3532 4174 deser-

1940 4214 2069 4269 vivi.
2122 4214 2427 4284 Statimque
2475 4213 2540 4266 ad
2583 4226 2670 4266 me
2713 4225 2979 4265 conversa
3034 4209 3311 4277 subiunxit
3354 4229 3368 4264 :
3416 4208 3532 4265 Hoc

1942 4315 2242 4361 extremum
2268 4320 2464 4359 munus
2484 4320 2515 4358 a
2538 4313 2592 4357 te
2611 4313 2758 4373 peto,
2781 4302 3038 4358 Prudenti
3066 4301 3230 4357 Pater
3257 4303 3530 4372 episcope,

1943 4406 2004 4452 ut
2043 4399 2097 4452 in
2127 4411 2316 4453 eorum
2347 4395 2632 4467 praesentia
2678 4395 2744 4450 de
2773 4411 2934 4449 manu
2973 4405 3065 4450 tua
3107 4395 3450 4450 eucharistite
3478 4404 3535 4450 et

1944 4489 2217 4544 unctionis
2263 4496 2520 4542 extrema:
2570 4486 2829 4557 recipiam
2878 4497 3244 4552 sacramenta,
3292 4485 3535 4556 quodet

1945 4581 2145 4638 factum
2177 4591 2290 4648 est;
2326 4581 2618 4650 statimque
2656 4581 2902 4636 oratione
2943 4581 3224 4634 Dominica
3257 4579 3531 4644 inchoata,

1946 4690 2068 4731 cum
2119 4674 2411 4727 secundam
2457 4673 2792 4743 petitionem,
2823 4672 3121 4741 implesset,
3150 4686 3254 4740 qua
3293 4669 3530 4725 dicitur:

1945 4764 2197 4818 Adveniat
2225 4778 2438 4831 regnum
2475 4773 2647 4826 tuum,
2675 4768 3053 4817 consummato
3094 4774 3342 4827 supernae
3368 4773 3534 4813 voca-

1946 4855 2111 4911 tionis
2153 4853 2326 4922 jubilo
2373 4852 2605 4907 feliciter
2651 4853 2904 4922 migravit
2947 4851 3012 4904 ad
3051 4849 3358 4903 Dominum.
3412 4846 3535 4902 Mox

1949 4946 2279 5002 Mauriciana
2331 4954 2600 5010 matrona,
2641 4959 2796 4998 soror
2846 4941 3104 5005 Sedulize,
3139 4949 3195 4995 et
3247 4940 3367 4994 duae
3412 4938 3537 4994 filia:

1949 5038 2313 5102 Mauriciaure,
2341 5038 2580 5091 Damona
2613 5047 2667 5090 et
2694 5034 2914 5094 Thecia,
2945 5033 3180 5086 cilicium
3237 5033 3303 5086 de
3347 5036 3537 5086 sancto

1950 5144 2177 5199 corpore
2233 5128 2543 5198 rapientes,
2596 5127 2649 5180 in
2705 5133 2939 5194 quatuor
2986 5121 3278 5193 particulas
3338 5123 3537 5177 divise-

1951 5231 2108 5284 runt,
2140 5228 2195 5275 et
2235 5220 2336 5276 sibi
2386 5220 2556 5273 tribus
2596 5216 2852 5280 retentis,
2884 5225 3131 5285 quartam
3180 5213 3342 5276 mihi,
3375 5228 3538 5281 quam

1952 5330 2054 5386 pro
2081 5330 2280 5385 magno
2327 5313 2584 5366 thesauro
2613 5309 2860 5364 custodio
2885 5316 3202 5378 posuerunt,
3235 5321 3540 5376 corpusque

1955 5408 2020 5462 de
2045 5421 2195 5461 more
2215 5406 2485 5474 lavantes,
2510 5416 2706 5472 aquam
2738 5401 2789 5454 in
2821 5400 2905 5455 lac
2933 5407 3275 5462 conversam,
3305 5397 3543 5452 testimo-

1953 5497 2103 5551 nium
2151 5495 2426 5566 pudicitia:
2475 5493 2756 5555 virginalis
2784 5533 2800 5558 ,
2845 5481 3132 5547 videndam
3184 5491 3322 5546 meis
3367 5489 3541 5546 oculis

1953 5594 2372 5658 presentarunt.
2419 5584 2572 5652 Quod
2606 5583 2894 5648 Leonicus,
2945 5583 3086 5638 filius
3118 5584 3392 5649 Damonae,
3424 5582 3543 5638 dul-

1956 5679 2145 5735 cedine
2187 5688 2398 5747 captus,
2428 5677 2640 5732 abunde
2689 5675 3021 5746 deglu’tiens.
3049 5690 3078 5728 a
3129 5668 3544 5728 febrili‘ardore

1956 5779 2176 5828 sanatus
2201 5777 2313 5835 est;
2350 5780 2602 5834 tactuque
2635 5769 2804 5824 sancti
2849 5763 3010 5826 cilicii
3042 5767 3238 5823 Thceia
3269 5782 3298 5820 a
3337 5763 3544 5821 macula

3381 357 3518 416 1574
3615 357 3632 376 ⁸
