3974 6344
203 353 340 410 1577

1675 343 1994 402 ANNALES

3331 347 3356 402 1
3367 345 3470 404 578

183 471 338 526 teat,
371 474 498 532 nec,
521 457 870 532 Prudentium
887 459 986 532 (α),
1003 461 1076 515 ita
1101 459 1780 532 continuatoremquoque
1805 465 1858 524 Α
1885 459 1990 532 876
2013 467 2126 532 tam
2157 459 2264 532 late
2289 461 2622 532 exponenda;
2651 473 2836 532 curam
2861 443 3146 532 suscipere
3167 461 3470 532 voluisset?

201 531 432 604 summis
463 529 784 604 in_Ecc!csia
815 529 1074 604 gradibus
1101 529 1449 604 sublimatum
1481 529 1777 604 fuissejb),

185 603 455 672 'dubitare
497 601 680 666 liceat,
731 609 784 654 et
827 603 1126 672 complura,
1167 601 1616 670 quemadmodum
1649 601 1782 656 Pru-

183 671 614 728 -dentio.Trecas
639 681 734 726 aut
759 671 922 726 alium
956 671 1016 726 in
1067 673 1342 726 Senonum
1383 681 1544 740 atque
1599 671 1782 730 Autis-

179 742 410 798 .siodori
433 741 632 812 vicinia
659 741 752 812 (ε),
779 743 854 798 ita
883 743 1056 798 tertiae
1099 743 1270 812 partis
1297 741 1506 812 auctori
1553 741 1782 800 Galliam

201 813 472 884 Belgicam
513 819 568 868 et
613 811 810 868 Remos
853 811 1460 884 sedemassiguenud),
1491 811 1780 868 Annalium

183 879 328 940 'indé
351 885 419 938 ab
449 885 704 954 annoStil
731 891 1006 954 auctorem
1030 879 1218 954 ipsum
1247 879 1601 954 Hinc'marum
1645 883 1783 940 fuis-

201 963 450 1018 se,extra
477 953 698 1008 dubium
727 955 892 1008 venit.
925 953 1000 1008 Ita
1022 953 1134 1022 jam
1163 963 1288 1008 ante
1307 955 1556 1008 abbatem
1581 953 1790 1010 Lebenf

203 1023 482 1096 Cardinali
509 1023 704 1096 Fleury
725 1035 782 1080 et
803 1025 1056 1094 episcopo
1078 1025 1146 1096 de
1169 1025 1225 1096 la
1241 1023 1546 1080 Bavalliére
1559 1041 1784 1096 persua-

203 1109 324 1152 sum
349 1094 478 1160 fuit;
505 1103 558 1148 et
582 1094 890 1164 quicunque
917 1111 1038 1150 eam
1057 1095 1344 1152 Annalium
1377 1094 1584 1164 partem
1609 1105 1784 1150 atten-

185 1167 314 1236 tius
351 1165 630 1236 evolverit,
681 1165 1072 1236 archiepiscopi
1112 1165 1302 1236 illius,
1349 1181 1458 1222 non
1511 1165 1682 1222 solum
1729 1167 1780 1222 in

189 1235 335 1308 jure
377 1235 669 1308 canonico,
691 1237 786 1308 sed
837 1235 892 1308 et
943 1235 1229 1308 in’rebus
1265 1237 1392 1308 ipsis
1418 1251 1516 1292 suo
1543 1247 1784 1306 tempore

193 1306 372 1376 gestis
399 1306 754 1378 versutissimi
775 1307 1112 1378 [ingenium
1163 1306 1384 1364 minime
1411 1309 1778 1378 desiderabit;

201 1385 260 1432 et
295 1377 542 1446 qumdam
571 1377 640 1432 ab
665 1393 730 1434 eo
763 1377 924 1432 allata
961 1379 1050 1432 vix
1095 1379 1346 1448 cuiquam
1391 1387 1586 1448 praeter
1617 1377 1782 1434 Hinc-

193 1451 594 1520 'marumkno_ta
637 1457 1116 1520 esse‘gpotuerunt.
1175 1447 1448 1520 Ejusmodi
1501 1459 1786 1520 suntﬂqnm

187 1521 350 1572 “anno
379 1515 480 1602 8‘67
517 1517 586 1572 de
615 1515 1259 1602 clericisperegrinoruin
1286 1519 1488 1602 _h_abitu
1521 1519 1588 1572 ab
1623 1515 1784 1576 Hinc-

203 1603 360 1660 maro
387 1587 616 1660 Romam
641 1587 922 1660 ablegatis,
953 1587 1020 1644 de
1042 1589 1130 1660 die
1157 1605 1266 1660 quo
1285 1589 1608 1644 Hincmarus
1636 1605 1784 1660 papae

191 1659 490 1732 epistolam
529 1659 740 1732 accepit
780 1661 1000 1732 regique
1027 1659 1222 1716 Carolo
1251 1661 1402 1732 legit,
1429 1669 1484 1714 et
1515 1659 1658 1714 anno
1679 1659 1784 1716 882

205 1727 274 1784 de
315 1727 592 1800 llincniari
629 1727 754 1800 fuga
805 1727 1136 1800 Sparnacum
1183 1727 1382 1796 refert;
1433 1739 1488 1784 et
1533 1731 1782 1800 quisnam

203 1807 404 1890 praeter
447 1799 768 1890 [tergens-em
809 1799 1274 1890 areliiepisc0ptitn
1301 1799 1686 1890 .contentionis
1715 1803 1782 1856 de
1809 1823 1858 1890 Β

203 1869 440 1938 primatu
469 1869 656 1926 Galliae
679 1871 820 1926 inter
845 1869 1196 1928 Hincmaruin
1217 1879 1274 1928 et
1289 1871 1612 1942 Ansegisum
1641 1887 1782 1926 anno

191 2077 196 2084 _
273 2021 352 2084 (a)
389 2021 546 2078 Anno
571 2023 676 2080 846

301 2093 350 2158 ὁ)
390 2093 562 2150 Annis
583 2093 704 2158 865,
740 2093 862 2150 872.

197 2189 202 2194 -
275 2161 348 2234 (ο)
383 2161 556 2234 Annis
583 2165 708 2232 8M,
751 2165 876 2232 846,
907 2165 1032 2234 858,
1057 2165 1180 2222 859.

297 2233 363 2306 d)A
391 2233 622 2306 Cllqua:
643 2237 800 2306 annis
821 2237 946 2298 862,
971 2233 1098 2304 866,
1137 2237 1264 2304 871,
1293 2237 1400 2294 877
1427 2237 1496 2292 de
1521 2235 1785 2292 Transse-

201 2303 548 2374 quanis,870
593 2307 660 2362 de
705 2305 884 2364 Caroli
927 2303 1324 2366 vastationibus
1373 2309 1432 2366 in
1469 2307 1704 2378 Belgica,
1733 2317 1792 2364 et

273 2021 296 2302 ἒ

1954 531 2072 586 Jam
2101 531 2284 600 igitur,
2313 529 2686 598 llincmarum,
2721 529 3026 586 Prudentid
3054 531 3332 596 defuncto,
3357 531 3468 588 Au-
3511 535 3514 538 ’

1887 601 2038 656 nales
2073 601 2190 668 ejus
2239 617 2268 654 a
2315 601 2510 658 Carolo
2541 617 2668 672 rege
2709 603 2810 658 sibi
2849 603 3222 656 commodatos
3263 601 3468 658 descri-

1885 673 2060 742 psisse
2083 681 2246 742 atque
2271 673 2678 728 continuatione
2699 673 2940 736 auxisse,
2981 679 3220 728 statuere
3263 673 3466 728 licebit.

1887 743 2016 810 Quae
2045 743 2090 798 si
2121 745 2194 798 ita
2235 757 2292 812 se
2317 743 2516 798 habere
2543 743 2835 808 concedas,
2881 743 3038 798 facile
3061 757 3276 812 quoque
3305 743 3468 798 intel-

1885 813 2092 884 ligitur,
2123 811 2402 884 curlocus
2434 813 2500 868 de
2533 813 2936 884 Gottcschalco.
2959 811 3144 884 (luem,
3169 813 3346 882 qualis
3375 815 3472 868 ho-

1877 883 1974 938 die
1995 886 2048 938 in
2072 883 2354 938 annalibus
2379 897 2520 938 anno
2547 883 2652 938 349
2677 893 2872 948 exstet,
2901 901 2932 938 a
2961 883 3258 938 [‘rudentio
3298 885 3466 938 scribi

1885 969 1994 1008 non
2029 955 2268 1024 potuisse
2299 954 2402 1008 viri
2429 953 2574 1008 docti
2603 955 2940 1020 existimant,
2971 969 3092 1010 eam
3137 953 3188 1008 in
3225 955 3464 1024 speciem

1885 1033 2126 1080 mutatus
2175 1025 2264 1078 sit.
2315 1024 2666 1080 lliucmarum
2711 1025 2872 1080 .onim
2924 1041 2994 1080 ex
3047 1027 3314 1080 sententia
3371 1040 3470 1082 sua

1885 1093 2084 1150 librum
2115 1109 2214 1150 suo
2241 1095 2362 1150 usui
2401 1095 2730 1150 destinatum
2775 1105 3150 1152 correcturum
3191 1093 3376 1158 fuisse,
3411 1111 3470 1150 re

1887 1165 1998 1234 ipsa
2031 1173 2198 1234 patet,
2225 1181 2322 1220 nec
2349 1173 2434 1220 est
2473 1165 2614 1234 quod
2643 1167 2726 1220 vel
2755 1165 2946 1220 leviter
2975 1167 3028 1220 in
3057 1181 3121 1220 co
3147 1165 3468 1234 reprehendi

1883 1237 2074 1305 possit.
2099 1235 2280 1290 Abbas
2309 1235 2518 1290 cheuf
2559 1237 2610 1290 in
2659 1235 2896 1290 editione
2941 1237 3312 1304 Bouquetiana
3342 1235 3468 1300 loci,

1885 1305 2100 1374 qualem
2131 1321 2160 1358 a
2185 1307 2480 1360 Prudentio
2503 1305 2804 1376 profectum
2853 1307 3024 1364 fuisse
3049 1307 3346 1370 existimat,
3381 1323 3466 1376 rc-

1887 1377 2142 1430 sti:ucudi
2173 1377 2470 1448 periculum
2506 1375 2686 1444 ’fccit;
2737 1377 2892 1448 cujus
2937 1377 3262 1434 sententiam
3327 1375 3470 1432 infra

1887 1463 2102 1518 quoque
2133 1447 2450 1518 referemus.

1957 1519 2226 1572 (lteterum
2263 1517 2510 1572 Annales
2545 1533 2648 1572 non
2693 1517 2744 1572 in
2779 1517 3106 1572 monasterio
3133 1517 3306 1572 sancti
3333 1517 3466 1572 Ber-

1879 1587 2334 1658 tinicompositos
2353 1603 2493 1654 esse,
2517 1587 2720 1642 mentio
2751 1589 2818 1642 de
2847 1603 2912 1642 eo
2941 1605 3084 1644 anno
3109 1589 3214 1644 845
3245 1587 3464 1658 injecta,

1887 1675 2004 1712 cum
2029 1677 2060 1730 α
2087 1659 2660 1730 ᾳιιοάαηιγηιρηαειενίο
2709 1659 2922 1714 Silltdiu
2965 1659 3174 1714 nomine
3199 1659 3472 1730 direpto...

1889 1729 2216 1798 repedarcnt,
2243 1729 2374 1782 satis
2405 1728 2753 1798 demonstrat.

1957 1799 2170 1852 Annum
2201 1797 2526 1854 Prudentius
2555 1807 2718 1868 atque
2748 1799 3070 1856 ilincmarus
3101 1815 3130 1854 a
3177 1799 3466 1854 nativitatc

1887 1867 2104 1924 Domini
2137 1869 2416 1924 inchoent.

1887 2027 1996 2084 880
2023 2027 2088 2082 de
2109 2025 2362 2098 Ludovici
2387 2025 2742 2098 regisitinere
2759 2029 2827 2082 ab
2843 2028 3010 2096 Aquis
3037 2029 3088 2082 in
3113 2029 3240 2082 istas
3263 2033 3466 2098 partes,

1889 2113 2062 2166 usque
2086 2099 2152 2152 ad
2179 2097 2870 2164 Duziacun'i,'Altiniacum,
2897 2099 3248 2152 Ercurimutln
3277 2107 3330 2150 ct
3371 2097 3468 2166 Ri:

1887 2165 2254 2220 bodimontetn
2285 2165 2462 2232 affert,
2499 2183 2726 2236 quorum
2767 2167 2870 2220 tria
2929 2167 3108 2236 priora
3163 2167 3216 2219 in
3252 2165 3472 2220 dimensi

1889 2237 2154 2308 Remensi
2175 2238 2300 2308 sita,
2327 2237 2756 2308 vigintiquinque
2779 2277 2796 2302 ,
2839 2237 3106 2292 undecim
3137 2245 3192 2290 et
3235 2237 3472 2306 quinque

1891 2317 2104 2362 tantum
2143 2307 2312 2362 lcucis
2343 2307 2780 2364 liemisdistant.

205 2431 3476 2462 mm

981 2597 1098 2712 S.
1155 2598 1976 2716 PRUDENTII
2061 2599 2246 2712 AN
2259 2599 2706 2712 NALES

1773 2827 1909 2884 sm":

639 2997 1192 3080 TANNALIUM
1269 2941 2146 3080 BERTINIANORUM'
2205 2999 2456 3078 mus
2531 2999 3022 3082 SECUNDA.

1181 3193 1258 3236 an
1305 3191 1474 3236 ANNO
1521 3173 1640 3238 835
1683 3149 1887 3245 usque
1933 3193 2014 3233 an
2055 3191 2280 3234 manu
2322 3173 2466 3236 861.

279 3385 376 3440 His
395 3383 602 3462 etealiis
629 3355 780 3454 regni
809 3383 1132 3442 utilitatibus
1153 3385 1270 3442 iure
1293 3386 1594 3456 dispositis,
1615 3355 1790 3440 omni-
1817 3389 1862 3450 C
1895 3383 2084 3438 rentia:
2115 3397 2178 3436 ac
2205 3381 2526 3466 obedientite
2553 3391 2812 3454 patorum,
2841 3385 3100 3456 pacisque
3141 3385 3212 3440 ἰι.ι
3253 3401 3482 3446 concor-

209 3483 416 3548 busque
435 3475 500 3530 ad
521 3475 740 3546 propria
765 3475 1050 3542 absolutis,
1079 3477 1192 3548 ipse
1221 3477 1516 3546 imperator
1543 3485 1788 3532 sanctum

195 3568 649 3640 .Quadragesima:
687 3575 902 3638 tempus
939 3567 994 3622 in
1029 3567 1218 3624 eodem
1247 3569 1468 3640 palatio,
1499 3583 1788 3626 sacrosan-

195 3649 352 3714 ctam
401 3657 754 3714 fesftvitatem
797 3657 1020 3714 Paschae
1043 3657 1096 3714 in
1141 3657 1430 3728 smpedicta
1469 3659 1602 3716 urbe
1651 3661 1790 3730 apud

209 3758 568 3806 memoratum
599 3749 906 3820 Drogonem
951 3749 1418 3824 archiepiscopum
1455 3751 1788 3818 celebravit,

209 3859 274 3900 ac
301 3843 492 3900 deinde
523 3843 590 3900 ad
619 3843 876 3914 placitum
899 3851 1058 3900 'suum
1085 3843 1356 3914 generale,
1385 3845 1530 3912 quod
1559 3845 1614 3898 in
1642 3843 1792 3898 Stre-

205 3923 386 3990 miaco
418 3917 446 3974 εί
475 3949 644 4006 prope
691 3933 1010 4006 Lugdunum
1055 3935 1330 3990 civitatem
1371 3949 1430 3988 se
1483 3933 1792 3988 habiturum

209 4025 502 4090 indixerat,
527 4023 800 4094 prolectus
819 4033 922 4080 est.
955 4025 1074 4092 Quo
1103 4023 1158 4078 in
1189 4039 1376 4080 mense
1401 4023 1552 4078 Iunio
1581 4021 1788 4088 habito,

201 4125 264 4192 et
293 4115 448 4172 donis
477 4113 800 4170 annualibus
843 4115 1074 4184 receptis
1095 4153 1112 4180 ,
1161 4113 1544 4186 dispositisque
1592 4111 1794 4172 markis

211 4203 500 4274 Hispanize,
525 4203 876 4276 Septimaniae
901 4204 1016 4260 sive
1036 4203 1358 4272 Provinciae,
1379 4207 1446 4262 ad
1467 4205 1793 4278 Aquisgrani

199 4279 462 4350 reversus
483 4303 588 4350 est.
617 4293 816 4350 Verum
859 4295 986 4356 dum
1013 4295 1068 4350 in
1107 4295 1294 4352 eodem
1321 4297 1522 4366 placito
1551 4313 1796 4354 morare-

209 4395 300 4440 tur
331 4387 346 4418 ¹
369 4427 386 4454 ,
411 4385 746 4442 Nordmanni
797 4388 1032 4444 secunda
1087 4389 1388 4458 irruptione
1435 4389 1794 4446 Dorestadnm

209 4477 518 4546 irruentes,
560 4489 912 4536 vastaverunt
969 4489 1132 4552 atque
1184 4483 1454 4538 hostiliter
1501 4485 1794 4554 dcprazdati

209 4579 356 4624 sunt.
387 4571 690 4641 Imperator
717 4579 896 4624 autem
929 4571 1168 4640 graviter
1219 4571 1420 4636 ferens,
1459 4569 1632 4642 Aquis
1673 4589 1796 4644 per-

211 4661 454 4724 veniens,
481 4659 738 4734 disposita
752 4661 898 4714 omni
921 4661 1196 4716 maritima
1218 4663 1486 4727 custodia,
1503 4663 1795 4718 Arduenna

211 4749 580 4804 autumnalem
611 4749 954 4806 venationem
977 4751 1242 4818 exercuit,
1289 4767 1352 4807 ac
1377 4753 1570 4808 deinde
1595 4755 1796 4824 Aquis-

211 4839 366 4912 grani
405 4839 472 4894 ad
497 4839 852 4916 hiemandum
889 4841 1052 4898 rediit
1089 4857 1234 4898 anno
1269 4841 1656 4900 incarnationis
1693 4845 1798 4902 Do-

213 4933 346 4988 mini
373 4931 498 4988 856.

795 5027 1210 5086 DCCCXXXVI.

221 5153 224 5156 -
291 5115 390 5174 Ubi
419 5117 628 5174 Natalis
677 5119 890 5176 Domini
939 5121 1232 5178 festivitate
1275 5123 1566 5190 celebrata,
1597 5125 1794 5180 missos

215 5205 412 5264 iterum
455 5209 524 5266 ad
569 5209 888 5266 Lotharium
937 5213 1152 5280 direxit,
1185 5225 1467 5272 monentes
1493 5229 1614 5270 eum
1645 5231 1798 5272 reve-

1891 3475 2036 3528 diam
2067 3473 2440 3544 multipliciter
2471 3473 2842 3538 inculcantes;
2871 3475 2938 3530 ad
2965 3477 3108 3546 quod
3139 3479 3480 3536 manifestius

1891 3563 2314 3636 agnoscendum,
2347 3565 2556 3620 iussum
2591 3575 2696 3632 est,
2723 3575 2786 3620 ut
2821 3583 2968 3632 suos,
3003 3567 3200 3638 quibus
3245 3571 3480 3628 maxime

1891 3655 2122 3720 ﬁdebat,
2177 3655 2384 3726 legatos
2429 3656 2496 3710 ad
2543 3667 2754 3726 patrem
2785 3657 3086 3726 dirigeret,
3135 3673 3256 3714 cum
3285 3661 3482 3730 quibus

1895 3750 2118 3806 tractari
2147 3751 2214 3804 de
2259 3765 2360 3804 suo
2401 3749 2606 3806 honore
2647 3759 2812 3820 atque
2839 3749 3014 3806 salute
3037 3761 3240 3820 posset,
3293 3765 3350 3808 et
3385 3755 3478 3824 qui

1893 3855 2176 3916 paternam
2219 3859 2346 3916 erga
2399 3845 2550 3900 illum
2589 3845 2922 3900 voluntatem
2953 3846 3142 3900 audire
3169 3847 3380 3916 sibique
3411 3850 3478 3902 li-

1893 3935 2086 3990 dcliter
2135 3935 2396 3990 nunciare
2459 3935 2714 3992 valerent.
2779 3935 2880 4004 Qui
2935 3937 3108 4006 patris
3157 3937 3484 3994 iussionibus

1893 4039 2002 4080 non
2041 4039 2430 4096 usquequaque
2481 4025 2796 4094 refragans,
2851 4041 3040 4082 mense
3081 4025 3222 4080 Maio
3265 4027 3316 4080 in
3355 4027 3480 4082 villa

1897 4115 2206 4172 'l‘beodonis
2245 4117 2312 4174 ad
2357 4117 2702 4186 imperatoris
2741 4117 3088 4188 praesentiam
3133 4117 3486 4174 direxitWa~

1895 4209 2074 4266 Ionem
2101 4211 2472 4266 abbatem.....
2503 4211 2524 4240 ³
2543 4249 2560 4276 ,
2591 4225 2714 4264 cum
2741 4209 2940 4280 quibus
2975 4209 3042 4266 de
3087 4209 3318 4264 adventu
3345 4211 3486 4266 eius

1897 4307 2186 4356 tractatum
2213 4309 2332 4366 est,
2361 4315 2426 4356 ac
2451 4309 2636 4356 nostra
2673 4315 2742 4354 ex
2785 4307 2942 4370 parte
2983 4299 3278 4366 ﬁrmatum,
3315 4309 3374 4354 ut
3405 4301 3488 4356 in-

1899 4391 2128 4448 columis
2155 4407 2262 4446 una
2291 4407 2412 4446 cum
2439 4393 2552 4448 suis
2575 4391 2644 4448 ad
2669 4391 2840 4462 patris
2865 4391 3076 4446 veniret
3099 4393 3442 4462 praesentiam
3469 4433 3486 4458 ,

1897 4493 1952 4540 et
1977 4485 2232 4556 deinceps
2261 4486 2440 4542 redire
2479 4485 2784 4557 potuisset;
2825 4485 2922 4542 sed
2965 4495 3020 4540 et
3045 4501 3076 4540 a
3099 4485 3214 4540 suis
3237 4487 3490 4542 similiter

1899 4587 2246 4654 sacramento
2283 4577 2608 4648 promissum
2651 4587 2756 4644 cst,
2803 4593 2930 4634 eum
2953 4577 2974 4610 ³
3003 4579 3070 4634 ad
3111 4579 3374 4648 genitoris
3401 4579 3488 4632 sui

1901 4669 2248 4740 prmscntiam
2279 4677 2482 4724 statuto
2527 4669 2730 4740 placito
2775 4669 2980 4740 absque
3014 4667 3270 4726 dilatione
3299 4677 3488 4724 ventu-

1901 4773 2044 4812 rum.
2075 4755 2280 4824 Quibus
2303 4757 2600 4826 absolutis,
2625 4761 2738 4830 ipse
2765 4759 2910 4816 circa
2931 4757 3204 4814 Rumerici
3247 4765 3488 4812 montem

1899 4851 2090 4906 diebus
2127 4849 2332 4922 aliquot
2385 4853 2674 4910 venatione
2727 4861 2940 4925 patrata
2969 4893 2984 4916 ,
3035 4853 3252 4906 tandem
3301 4867 3488 4908 mense

1901 4941 2208 5014 Septembri
2249 4943 2318 5000 ad
2353 4945 2612 5002 indictum
2639 4947 2892 5017 placitum
2937 4945 3294 5002 Wormatiam
3317 4947 3486 5000 venit.

1823 5063 1878 5126 Β
1901 5033 1960 5088 ln
1985 5049 2096 5104 quo
2121 5049 2246 5090 cum
2283 5035 2422 5092 dona
2457 5037 2710 5092 annualia
2741 5051 2894 5092 more
2919 5035 3080 5090 solito
3111 5029 3398 5104 reciperet,
3421 5049 3486 5088 ac

1903 5124 2220 5182 L‘otharium
2245 5127 2546 5199 operiretur
2571 5129 2624 5192 ⁸,
2657 5127 2946 5182 nunciatus
2989 5137 3076 5183 est
3111 5127 3248 5184 febri
3303 5125 3490 5200 corre-

1905 5229 2032 5290 ptus
2062 5221 2368 5280 nullatenus
2410 5223 2666 5279 advenire
2707 5237 2888 5292 posse.
2933 5223 3016 5280 Ad
3053 5239 3212 5294 quem
3265 5221 3488 5280 directis

1443 5347 1832 5408 VARIANTES
1869 5353 2276 5412 LECTIONES.

959 5513 966 5518 1
1465 5439 1556 5512 (ex
1585 5457 1806 5500 CHESNIO
1833 5461 1906 5500 ET
1933 5445 2258 5516 nouom-rm.)

290 5529 576 5612 :Moratur
603 5529 717 5612 Ch;
731 5541 780 5586 et
807 5531 872 5588 B.
951 5533 972 5564 ³
999 5530 1102 5586 Hic
1127 5547 1312 5586 nomen
1341 5533 1594 5590 excidisse
1621 5537 1978 5606 manifestum.
2011 5537 2096 5608 Cf.
2123 5537 2372 5592 Ludovici
2395 5555 2554 5594 anon.
2579 5555 2696 5608 cap.
2725 5537 2814 5596 55.
2887 5539 2908 5572 ³
2935 5539 2994 5594 Ei
3019 5537 3208 5596 Chesn.
3241 5549 3288 5594 et
3315 5537 3484 5612 Bonq.

213 5597 245 5672 _‘
282 5601 636 5674 Opperiretur
655 5601 844 5676 .Bouq.

1743 5675 1976 5734 NOTZE.

221 5793 244 5878 "
293 5797 316 5826 ει
359 5781 620 5860 Cremieu_
652 5787 720 5844 ad
767 5783 1112 5844 Rhodanum.
1169 5783 1368 5842 Valcsii
1427 5785 1588 5843 Notit.
1635 5787 1798 5870 Galil”
1837 5809 1960 5860 pag.
1991 5791 2112 5846 554.
