3974 6344
515 355 657 412 1379

1543 351 1600 406 S.
1641 347 2012 406 PRUDENTll
2051 341 2432 403 TRECENSIS
2470 342 2774 400 EPISCOPI

3677 349 3820 405 £380

514 471 692 526 denuo
717 466 941 539 Hngone
979 466 1172 523 abbate
1200 478 1225 506 ι
1257 474 1310 521 et
1338 465 1629 536 Adalgario
1654 466 1884 530 comite,
1929 463 1998 518 de
2028 462 2180 524 in--A
2216 457 2512 528 integritati
2539 472 2725 511 earum
2757 441 3092 525 restitueret,
3115 473 3186 516 ne
3211 460 3307 516 tali
3326 461 3494 516 etiam
3517 462 3820 518 occasione

503 556 777 617 ﬁrmitate
799 576 866 616 ac
889 561 1297 629 recuperatione
1317 559 1434 613 eius
1458 567 1514 613 et
1543 557 1820 614 voluntate
1847 557 1899 610 in
1924 565 2104 628 poste-

518 673 638 710 rum
668 656 916 721 veniendi
945 655 1230 724 qumsitum
1258 663 1374 718 est,
1408 666 1619 707 necnon
1651 653 1717 706 de
1760 651 2104 706 restitutione

517 761 702 801 rerum
744 745 988 800 ecclesiis
1022 745 1115 800 Dei
1160 746 1212 800 in
1251 745 1482 800 Francia
1522 744 1854 808 constitutis,
1903 758 2021 813 qua:
2049 742 2102 796 in

518 838 671 894 Italia
703 837 838 900 sitm,
871 853 901 892 a
929 836 1043 890 suis
1069 852 1167 906 pro
1202 837 1359 891 libitu
1408 835 1625 889 fuerant
1669 837 1976 904 usurpatae;
2011 849 2106 888 ve-

519 948 640 986 rum
673 940 727 986 et
761 931 828 986 de
875 930 1144 1000 episcopis
1191 939 1353 998 atque
1399 928 1724 991 comitibus,
1777 926 1869 996 qui
1902 925 2102 980 dudum

518 1040 644 1078 cum
677 1028 918 1093 Augusta
955 1021 1096 1075 ﬁdeli
1131 1021 1419 1076 devotione
1446 1022 1514 1074 de
1543 1019 1693 1073 ltalia
1725 1026 2014 1082 venerant,
2045 1025 2102 1070 nt

518 1116 600 1171 eis
626 1125 682 1169 et
711 1115 867 1169 sedes
907 1113 1138 1184 propriae
1185 1122 1239 1167 et
1287 1111 1576 1166 comitatus
1612 1126 1674 1165 ac
1708 1108 1968 1164 beneﬁcia
2008 1123 2103 1162 seu

520 1225 608 1264 res
635 1197 868 1278 propria:
897 1195 1268 1261 redderentur.
1293 1204 1376 1258 Ad
1404 1205 1519 1258 haec
1541 1202 1828 1256 Lotharius
1855 1217 1950 1271 per
1976 1200 2104 1254 mis-

518 1318 608 1358 sos
637 1317 783 1364 suos,
808 1299 1068 1370 oppositis
1099 1298 1420 1367 quibusdam
1445 1296 1866 1357 conditionibus,
1897 1310 2005 1348 non
2047 1293 2102 1348 in

517 1393 771 1448 omnibus
808 1406 866 1445 se
909 1384 1157 1444 assentiri
1205 1405 1364 1459 posse
1405 1388 1701 1442 mandavit.
1737 1385 1936 1441 Eodem
1967 1395 2103 1440 tem-

514 1499 649 1556 pore
697 1483 1030 1538 Nordmanni
1063 1483 1422 1538 Dorestadum
1460 1483 1475 1514 ¹
1507 1491 1562 1537 et
1603 1482 1838 1538 Frisiam
1885 1499 2101 1538 rursum

516 1575 826 1645 depopulati
853 1587 999 1640 sunt,
1019 1575 1112 1629 sed
1133 1583 1187 1629 et
1207 1574 1409 1630 Horich
1429 1615 1442 1640 ,
1461 1590 1556 1630 rex
1583 1576 1879 1642 Danorum,
1907 1591 2004 1646 per
2026 1577 2103 1631 le-

516 1677 673 1738 gatos
708 1667 834 1724 suos
881 1669 934 1721 in
972 1667 1163 1722 eodem
1213 1667 1412 1738 placito
1457 1667 1732 1730 amicitite,
1757 1675 1921 1738 atque
1973 1668 2102 1722 obe-

515 1761 732 1839 dientia:
776 1761 1110 1816 conditiones
1149 1758 1447 1826 mandans,
1479 1775 1538 1815 se
1578 1760 1884 1815 nullatenus
1909 1775 2097 1815 eorum

2204 548 2442 603 divinam
2473 557 2663 603 contra
2711 563 2771 602 se
2816 549 3156 604 iracundiam
3197 553 3480 608 ardentius
3527 553 3818 609 incitaret.

2205 642 2306 706 Qui
2335 649 2604 695 tantorum
2630 649 2846 710 patrum
2873 657 3129 698 assensus
3151 645 3396 711 consilio,
3421 657 3633 701 cuncta
3663 649 3823 701 resti-

2203 733 2327 797 tuit,
2359 747 2422 785 ac
2455 730 2681 801 singulis
2717 732 2962 787 ecclesiis
2995 735 3213 788 easdem
3243 752 3332 791 res
3357 738 3769 807 scriptionibus
3803 741 3822 768 ⁵

2205 822 2404 876 annulo
2461 822 2482 852 ⁵
2536 838 2634 876 suo
2677 823 2950 878 roboratis
2999 827 3215 896 proprie
3266 829 3590 899 resignavit.
3653 831 3824 901 Igitur

2203 918 2500 987 imperator
2520 958 2534 980 ,
2568 917 2828 986 disposita
2860 917 3053 973 Frisiae
3083 919 3482 991 Maritimmque
3507 922 3530 952 ⁶
3565 935 3592 960 ε
3636 934 3824 978 custo-

2203 1015 2290 1068 dia
2325 1055 2341 1078 ,
2401 1029 2589 1068 mense
2621 1012 2758 1068 Maio
2790 1014 2856 1067 ad
2887 1013 3196 1069 Theodonis
3241 1015 3434 1088 villam.
3475 1018 3720 1072 veniens
3765 1029 3822 1072 et

2203 1103 2458 1157 annualia
2496 1105 2639 1157 dona
2688 1103 2978 1172 recipiens,
3027 1105 3130 1159 iter
3160 1120 3314 1160 suum
3347 1106 3590 1160 Romam
3629 1107 3823 1162 deferto

2172 1194 2372 1248 .sionis
2431 1201 2634 1247 sancta:
2682 1191 2944 1248 Romanae
3001 1194 3257 1249 Ecclesia:
3317 1205 3488 1265 atque
3539 1199 3822 1252 orationis

2203 1285 2375 1354 gratia
2403 1283 2633 1348 indixit,
2656 1283 2875 1338 directis
2896 1284 3115 1339 interim
3144 1286 3210 1340 ad
3235 1285 3561 1340 Lotharium
3591 1287 3819 1355 legatis,

2203 1375 2551 1430 monentibus
2581 1383 2640 1428 ut
2667 1388 2792 1428 eum
2821 1384 3050 1444 paterna
3100 1377 3406 1431 reverentia
3454 1380 3819 1448 susciperet.

2204 1475 2367 1536 atque
2425 1466 2634 1522 itineris
2694 1475 3011 1536 apparatum
3079 1469 3328 1524 decenter
3385 1480 3822 1540 opportuneque

2202 1568 2542 1631 procuraret.
2587 1559 2662 1613 Ea
2710 1568 3032 1630 tempestate
3080 1560 3411 1617 Nordmanni
3439 1565 3468 1601 ά
3499 1565 3823 1634 irruptione

2202 1651 2360 1706 solita
2436 1642 2666 1706 Frisiam
2728 1651 3028 1718 irruentes,
3083 1653 3135 1705 in
3185 1653 3362 1707 insula
3425 1671 3562 1724 qua!
3631 1655 3820 1710 \Vala-

2201 1741 2315 1796 cria
2367 1752 2391 1780 ο
2421 1729 2620 1796 dicitur
2667 1751 2884 1797 nostros
2918 1743 3214 1812 imparatos
3267 1747 3570 1816 aggressi,
3627 1747 3825 1803 mullos

514 1834 1014 1921 impurtuuitatihus
1045 1867 1326 1907 assensum
1368 1853 1662 1922 praebuisse
1711 1861 1978 1918 testatus,
2032 1851 2098 1908 de

2207 1833 2630 1897 trucidaverunt,
2661 1833 2844 1904 plures
2865 1835 3156 1905 deprmdati
3187 1845 3314 1890 sunt
3339 1853 3354 1900 ;
3384 1846 3444 1891 et
3467 1837 3822 1908 aliquamdiu

514 1959 738 1999 suorum
793 1945 862 1999 ad
911 1945 1295 2014 imperatorem
1364 1944 1654 2000 missorum
1720 1944 2100 1999 interiectione

511 2043 842 2104 conquestus
883 2044 1018 2100 est,
1046 2037 1136 2106 qui
1182 2036 1382 2091 dudum
1410 2037 1558 2091 circa
1593 2034 1871 2090 Coloniam
1901 2035 2094 2106 Agrip-

514 2128 700 2198 pinam
753 2113 1114 2198 quorumdam
1164 2127 1584 2203 pragsumptiOne
1625 2127 1803 2183 necati
1844 2127 2096 2199 fuerant;

514 2234 747 2289 quorum
771 2234 958 2274 necem
985 2219 1147 2274 etiam
1171 2220 1482 2288 imperator,
1507 2209 1688 2275 misSis
1710 2221 1778 2274 ad
1801 2220 1903 2275 hoc
1926 2219 2100 2276 solum

513 2310 728 2381 legatis,
754 2311 1057 2381 justissime
1084 2312 1227 2366 ultus
1262 2323 1364 2367 cst.
1401 2297 1622 2368 Peracta
1675 2315 1972 2369 autumnali
2012 2303 2098 2370 ve;

512 2403 734 2456 natione
760 2403 813 2456 in
843 2402 1250 2458 Franconofurd
1283 2403 1482 2473 palatio
1510 2445 1523 2471 ,
1553 2405 1620 2458 ad
1650 2405 1974 2475 Aquisgrani
2009 2421 2098 2460 re-

511 2508 704 2548 versus
741 2501 844 2557 est,
879 2493 970 2548 ubi
1001 2495 1163 2548 etiam
1206 2495 1354 2550 missi
1398 2495 1641 2551 eiusdem
1694 2495 1892 2551 Horich
1939 2512 2100 2552 vene-

511 2594 660 2650 runt,
691 2595 996 2656 quaarcntes
1030 2602 1296 2640 summam
1327 2603 1516 2642 eorum
1545 2629 1560 2653 ,
1583 2593 1738 2658 quos
1778 2590 1892 2660 ipse
1911 2599 2098 2660 captos

511 2693 579 2733 ex
623 2679 710 2733 his
761 2678 992 2734 interﬁci
1043 2678 1276 2744 fecerat,
1322 2681 1412 2750 qui
1455 2681 1509 2735 in
1555 2693 1771 2736 nostros
1803 2681 1940 2736 ﬁnes
1969 2681 2096 2736 talia

511 2761 824 2824 iamdudum
852 2769 1024 2827 moliti
1055 2778 1200 2825 sunt.
1223 2770 1520 2826 Azcnarius
1547 2787 1762 2842 quoque
1781 2812 1796 2835 ,
1827 2772 2098 2828 citerioris

511 2858 817 2915 Wascouize
859 2876 1060 2926 comes,
1093 2861 1184 2930 qui
1213 2871 1340 2917 ante
1367 2861 1573 2930 aliqu0t
1610 2877 1782 2918 annos
1804 2877 1834 2916 a
1870 2855 2096 2932 Pippino

510 2951 838 3016 desciverat,
869 2952 1114 3007 horribili
1151 2961 1326 3008 morte
1378 2952 1614 3017 interiit;
1654 2951 1930 3022 fraterque
1956 2953 2097 3008 illius

513 3042 901 3099 Sancio-Sanci
951 3044 1198 3100 eamdem
1243 3045 1516 3114 regionem
1578 3055 1808 3116 negante
1868 3044 2096 3115 Pippino

511 3137 815 3206 occupavit.
849 3135 999 3192 Tunc
1039 3137 1200 3192 etiam
1231 3137 1387 3193 Walo
1415 3138 1552 3214 abba
1589 3137 1607 3167 ²
1629 3177 1644 3204 ,
1676 3137 1830 3192 cuius
1856 3138 2094 3193 consiliis

511 3224 802 3281 Lotharius
830 3226 1120 3296 plurimum
1151 3230 1406 3284 utebatur
1431 3269 1445 3295 ,
1475 3228 1529 3283 in
1560 3228 1710 3284 Italia
1736 3229 1892 3285 obiit.

966 3393 970 3396 '
1031 3376 1034 3380 ’
1081 3371 1518 3460 θρορχχχνιιζ

584 3553 880 3623 imperator
928 3563 1106 3610 autem
1154 3568 1276 3626 post
1319 3559 1578 3614 natalitiaa
1626 3560 1956 3618 celebritatis
2009 3573 2096 3618 so-

507 3646 732 3709 lemnia.
757 3648 1128 3718 puriﬁcatione
1157 3651 1184 3690 δ
1221 3651 1390 3706 beatae
1421 3669 1634 3724 semper
1659 3656 1880 3726 virginis
1913 3655 2094 3713 Maria:

427 3813 432 3818 .
509 3739 888 3808 episcoporum
914 3755 1238 3796 conventum
1273 3743 1326 3797 in
1352 3746 1522 3808 Aquis
1547 3746 1754 3812 habuit,
1788 3749 1841 3801 in
1886 3764 1993 3818 quo
2028 3749 2095 3804 de

511 3831 718 3886 sanctis
775 3832 870 3886 Dei
917 3834 1164 3889 ecclesiis
1204 3837 1496 3906 plurimum
1556 3848 1844 3895 tractatum
1881 3852 1985 3907 est,
2037 3852 2094 3898 et

509 3923 640 3992 quid
682 3925 876 3994 cuique
912 3922 1104 3981 ordine
1145 3931 1365 3998 proprio
1403 3932 1736 3998 conveniret,
1765 3934 2092 4004 patefactum

511 4023 673 4082 atque
711 4016 1038 4086 descripttnn
1063 4028 1164 4072 est.
1200 4019 1440 4088 Epistola
1472 4023 1636 4077 etiam
1664 4023 1732 4077 ab
1777 4025 1965 4080 eodem
1997 4041 2094 4080 ve-

506 4112 832 4167 nerabilium
864 4115 1242 4184 episcoporum
1273 4127 1541 4172 conventu
1571 4121 1639 4175 ad
1688 4120 1971 4191 Pippinum
2015 4124 2095 4180 di-

516 4202 664 4258 recta
691 4214 809 4270 est,
843 4206 896 4259 in
927 4207 946 4238 ³
969 4223 1076 4277 qua
1105 4224 1230 4268 eum
1262 4210 1453 4266 salutis
1475 4227 1586 4266 suae
1616 4229 1941 4283 magnopere
1975 4231 2092 4270 mo-

511 4305 765 4358 nuerant,
789 4305 842 4350 et
866 4297 1088 4368 insuper
1116 4311 1130 4365 ,
1158 4310 1218 4355 ut
1254 4318 1462 4358 memor
1493 4305 1661 4360 moris
1687 4309 2093 4378 progenitorum

512 4383 758 4451 suorum,
797 4385 1065 4458 pracipue
1094 4392 1320 4461 piissimi
1347 4386 1610 4464 genitoris
1649 4399 1731 4454 sui
1757 4439 1771 4464 ,
1800 4415 1888 4456 res
1915 4401 2090 4456 eccle-'

510 4479 718 4534 siarum
746 4477 841 4536 Dei
887 4482 1098 4550 pridem
1141 4499 1172 4538 a
1211 4486 1335 4540 suis
1380 4487 1599 4542 invasas
1649 4491 1812 4559 atque
1856 4492 2095 4562 direptas

2203 1927 2336 1982 inibi
2383 1937 2816 1993 commorantes,
2849 1941 3016 1982 censu
3052 1938 3212 1999 prout
3247 1928 3408 1984 libuit
3456 1940 3706 1992 exacto,
3759 1934 3823 1985 ad

2204 2019 2568 2074 Dorestadum
2621 2019 2812 2074 eadem
2854 2019 2997 2074 furia
3035 2031 3468 2090 pervenerunt,
3505 2033 3566 2076 et
3619 2023 3821 2077 tributa

2204 2110 2457 2165 similiter
2512 2120 2834 2182 exegerunt.
2907 2111 3114 2190 Quibus
3185 2113 3497 2183 imperator
3563 2116 3816 2178 auditis,

2203 2202 2921 2272 praetermissomemorato
2981 2204 3177 2260 itinere
3207 2245 3223 2270 ,
3280 2206 3348 2259 ad
3403 2205 3816 2278 Noviontagum

2201 2303 2488 2357 castrum,
2561 2292 2798 2348 vicinum
2872 2295 3170 2350 Dorestado
3207 2336 3220 2357 ,
3306 2311 3628 2368 properare
3717 2314 3816 2352 non

2202 2385 2442 2450 distulit;
2494 2384 2651 2453 cujus
2681 2385 2916 2449 adventu
2977 2386 3306 2442 Nordmanni
3352 2391 3608 2454 audito,
3645 2394 3816 2445 conti-

2200 2491 2308 2531 nuo
2332 2487 2691 2533 recesserunt.
2763 2477 3060 2549 hnperator
3105 2496 3236 2534 vero
3276 2483 3531 2551 generali
3577 2499 3816 2539 conven—

2201 2578 2258 2624 tu
2315 2569 2536 2635 habito,
2587 2569 2806 2640 publice
2845 2571 3096 2626 cum‘his
3149 2573 3526 2641 qumstionem
3581 2575 3817 2638 habuit,

2200 2677 2336 2730 quos
2385 2662 2664 2732 principes
2703 2663 2769 2717 ad
2805 2661 3049 2718 eamdem
3089 2665 3391 2718 custodiam
3430 2666 3816 2737 delegarerat.

2207 2753 2323 2818 Qua
2355 2753 2691 2808 discussione
2737 2753 2929 2822 patuit,
2956 2754 3154 2823 partim
3183 2754 3659 2825 impossibilitate,
3704 2774 3816 2828 par-

2200 2829 2296 2898 tim
2345 2844 2700 2914 quorumdam
2747 2845 3114 2899 inobedientia
3159 2861 3252 2899 eos
3279 2846 3531 2901 inimicis
3560 2863 3678 2901 non
3719 2865 3814 2919 po-

2200 2932 2367 2992 tuisse
2412 2933 2697 2998 resistere;
2743 2934 2885 2988 unde
2919 2942 2973 2988 ct
2997 2934 3064 2988 ad
3093 2934 3573 3004 comprimendam
3604 2938 3812 2994 Frisia—

2199 3039 2327 3078 num
2354 3024 2373 3054 "
2407 3024 2826 3078 inobedientiam
2863 3026 3071 3080 strenui
3101 3027 3322 3082 abbates
3358 3044 3424 3083 ac
3461 3033 3710 3085 comites
3737 3031 3815 3084 di-

2201 3113 2330 3167 recti
2347 3121 2491 3178 sunt,
2506 3121 2581 3179 et,
2597 3122 2654 3168 ut
2668 3115 2921 3184 deinceps
2935 3115 3144 3170 illorum
3168 3116 3588 3173 incursionibus
3608 3119 3814 3174 facilius

2121 3183 2168 3248 C
2204 3204 2588 3273 obsistiqueat,
2614 3204 2804 3260 classis
2825 3183 3036 3275 quaqua
3064 3221 3256 3262 versus
3279 3207 3612 3279 diligentius
3635 3213 3812 3280 parari

2145 3293 2154 3298 ’
2228 3310 2352 3349 ussa
2379 3304 2483 3350 est.
2523 3295 2828 3376 Lotharius'
2859 3306 3044 3352 autem
3068 3298 3246 3353 clusas
3271 3300 3324 3354 in
3369 3300 3612 3371 Alpibus
3645 3305 3810 3358 muris

2207 3386 2533 3442 ﬁrmissimis
2555 3389 2754 3442 arcturi
2773 3389 3052 3460 prmcepit.
3067 3389 3135 3443 Et
3149 3389 3509 3458 Lantbertus,
3530 3395 3804 3452 fautorum

2203 3479 2444 3534 Lotharii
2463 3481 2810 3545 maximus,et
2834 3479 3004 3551 Hngo,
3021 3481 3355 3547 socerillius,
3380 3485 3687 3543 defunctus
3709 3499 3804 3544 est.

2203 3570 2412 3625 Interea
2447 3569 2740 3638 Brittones,
2767 3572 2997 3642 quadam
3033 3572 3314 3628 insolentia
3352 3577 3522 3640 moti,
3549 3581 3810 3634 rebellare

2204 3663 2386 3718 conati
2411 3672 2569 3729 sunt;
2595 3680 2825 3734 quorum
2841 3673 3020 3740 motus
3042 3666 3338 3735 imperator
3353 3669 3574 3725 directa
3590 3676 3808 3742 expedi-

2204 3754 2349 3810 tione
2379 3756 2489 3810 cito
2516 3757 2856 3825 compressit,
2887 3755 3207 3826 redditaque
3226 3760 3436 3814 nostris
3461 3770 3616 3817 terra
3636 3775 3692 3818 et
3717 3767 3804 3818 da-

2205 3846 2274 3900 tis
2294 3845 2592 3910 obsidibus,
2625 3845 2810 3901 ﬁdeles
2841 3861 2964 3901 sese
2985 3847 3208 3916 polliciti
3233 3858 3364 3904 sunt
3384 3867 3801 3922 permansuros.

2203 3937 2332 3992 Post
2353 3939 2468 3992 haec
2493 3938 2816 3993 adveniente
2833 3947 2995 4009 atque
3026 3951 3298 3996 annuente
3321 3943 3576 4002 Ludoico
3594 3958 3656 4001 et
3684 3950 3806 4002 mis-

2201 4030 2276 4084 sis
2297 4029 2800 4100 Pippini,omnique
2811 4030 3007 4100 populo
3019 4033 3110 4101 qui
3127 4043 3425 4102 praesentes
3441 4036 3501 4090 in
3517 4039 3696 4108 Aquis
3717 4057 3803 4108 pa-

2199 4123 2332 4178 latio
2349 4125 2541 4178 adesse
2563 4123 2694 4178 iussi
2720 4123 2954 4188 fuerant,
2982 4125 3128 4180 dedit
3157 4125 3266 4181 ﬁlio
3293 4142 3394 4182 suo
3413 4128 3622 4184 Carolo
3637 4134 3803 4185 maxi-

2203 4234 2347 4272 mam
2369 4217 2654 4288 Belgarum
2680 4217 2986 4286 partem,id
3013 4227 3097 4273 est
3117 4235 3146 4272 a
3178 4221 3313 4274 mari
3338 4236 3438 4289 per
3462 4221 3609 4278 ﬁnes
3636 4223 3801 4279 Saxo-

2203 4309 2308 4364 nite
2329 4324 2499 4378 usque
2533 4308 2600 4362 ad
2636 4309 2770 4363 lines
2792 4307 3172 4363 Ribuariorum
3207 4319 3376 4365 totam
3400 4313 3422 4343 ⁸
3453 4313 3724 4379 Frisiam,
3743 4327 3797 4370 et

2203 4417 2301 4472 per
2333 4400 2467 4456 ﬁnes
2502 4399 2522 4438 τ
2553 4399 2931 4456 Ribuariorum
2975 4401 3267 4457 comitatus
3305 4403 3489 4460 Moilla
3522 4410 3570 4470 8,
3611 4409 3800 4472 Batus,

2206 4494 2553 4576 [iatnmelant
2572 4493 2616 4561 ’,
2654 4493 2936 4565 Mosagao;
2970 4479 3163 4550 deinde
3202 4511 3328 4552 vero
3361 4497 3638 4570 quidquid
3667 4502 3803 4557 inter

1726 4601 2120 4664 VARIANTES
2159 4604 2564 4664 LECTIONES.

585 4685 969 4775 fDorestlatnm
993 4667 1211 4775 Cheﬁsn‘."
1256 4691 1276 4721 ¹
1302 4675 1492 4775 ;Abl)a_s_
1518 4693 1582 4748 Β.
1628 4696 1680 4775 ’³
1704 4695 1976 4775 D_ee_st_C/t.
2058 4703 2324 4759 ‘Easdem
2375 4702 2966 4775 rescriptioniliusCh.
3038 4705 3059 4736 '
3091 4703 3156 4758 In
3178 4707 3510 4775 autographa
3541 4709 3666 4763 sine
3699 4711 3796 4766 da-

511 4757 781 4848 anulo
807 4757 1023 4848 legitur-3'
1264 4772 1316 4843 et
1355 4763 1416 4816 Β.
1441 4765 1697 4848 disposita
1727 4767 1916 4848 Frisia:
1943 4757 2326 4848 maritimaque
2355 4757 2635 4848 custodia;
2667 4775 2806 4848 quod
2834 4774 2909 4848 Qa
2946 4757 3657 4848 deprauatum,versarium:
3677 4757 3798 4848 {sic

509 4827 777 4897 propriam
807 4831 947 4884 vocis
973 4829 1242 4886 Maritima
1270 4833 1368 4886 vim
1399 4851 1500 4888 non
1529 4827 1898 4894 intellexerint.

1982 4844 2002 4876 "
2026 4843 2408 4910 Fresnionum,
2439 4843 2636 4899 Chesn‘.

2719 4846 2740 4875 ⁸
2770 4853 2809 4898 ι.
2834 4844 2896 4899 F.
2927 4853 3054 4915 etp.
3079 4844 3118 4898 f.
3145 4844 3212 4898 Β.
3237 4846 3376 4900 deest
3401 4844 3503 4901 Cit.
3589 4849 3614 4879 ’
3643 4844 3794 4904 Haec

2077 4935 2278 4990 iOTIE.

615 4957 618 4959 λ
2046 4935 2090 4990 Ν
2187 4935 2278 4990 1E.

583 5029 609 5105 ξ
641 5015 832 5105 [iratm
859 5017 1235 5105 imperatoris;
1261 5017 1331 5073 cf.
1351 5019 1530 5102 Vitam
1545 5020 1822 5105 Ludovici,
1851 5039 1971 5096 cap.
2002 4936 2182 5094 55.0;
2199 5025 2492 5105 Campania
2516 5038 2563 5082 et
2575 5028 2645 5105 -ρΙ
2649 5028 2860 5105 aritima
2875 5043 2969 5105 me
2991 5028 3186 5105 legisse
3208 5030 3428 5105 memini
3447 5074 3476 5105 ,Α
3493 5048 3604 5088 non
3649 5038 3792 5105 quod

583 5086 751 5160 b_Hic
772 5086 1074 5160 conventus
1117 5091 1573 5160 anuohsuperiori
1605 5086 1821 5156 habitus
1850 5086 1954 5157 est,
1995 5113 2094 5152 nec

509 5160 597 5234 die
628 5157 1028 5234 Puriﬁcationis
1058 5161 1230 5215 beata:
1263 5157 1523 5234 Virginis,
1569 5163 1662 5234 sed
1701 5174 1852 5218 sexta
1897 5167 1984 5220 die
2019 5167 2096 5230 fc-

505 5229 737 5302 hruaril,
781 5238 839 5284 ut
873 5231 1247 5285 demonstrant
1285 5229 1470 5296 verba,
1519 5233 1716 5302 quibus
1768 5234 2091 5290 inchoatur:

509 5297 643 5352 Cum
676 5302 1090 5373 convenissemus
1121 5303 1412 5373 episcopi...
1451 5297 1770 5373 Aquisgrani
1805 5306 1992 5372 palatii
2040 5309 2095 5362 in

509 5371 792 5447 secretarig
817 5371 1048 5447 basilica:
1077 5383 1283 5447 ειιηειαίΔ
1303 5371 1592 5447 Genetricis
1608 5371 1713 5447 Dei
1730 5373 1782 5426 Μ
1789 5371 2095 5447 a_ria’,_quod

511 5441 708 5494 dicitur
747 5439 1039 5502 Lateranis,
1086 5460 1224 5496 anno
1268 5444 1642 5498 incarnationis
1669 5444 1882 5498 Domini
1911 5439 2096 5500 Nostri

510 5509 639 5585 {esu
667 5511 862 5585 Christi
887 5511 991 5585 856
1005 5513 1295 5585 indict._M,
1325 5532 1464 5567 anno
1487 5533 1606 5568 vero
1636 5516 1840 5584 imperii
1863 5517 2102 5585 pra'dicti

515 5579 742 5637 Cmaris
769 5583 860 5647 ‘25,
887 5584 919 5638 8
949 5583 1144 5638 scilicet
1179 5583 1373 5637 Iduum
1397 5587 1589 5640 mensis
1617 5579 1925 5640 Februarii.
1959 5587 2101 5641 Βου-

515 5666 673 5714 over.

591 5732 616 5794 ἦ
656 5721 845 5776 Frisia’
874 5723 1258 5794 Maritintwquc
1291 5727 1344 5779 h.
1379 5741 1427 5779 e.
1460 5726 1649 5782 Frisite
1683 5739 1736 5782 et
1761 5729 2062 5786 Seelandize
2088 5771 2102 5794 ,

518 5790 706 5844 eodem
735 5793 892 5846 modo
918 5809 1025 5858 quo
1071 5796 1122 5848 in
1166 5790 1368 5850 chartis
1402 5799 1561 5851 medii
1600 5799 1697 5853 aevi
1751 5801 1890 5855 haud
1940 5790 2102 5868 raro,

2201 5098 2486 5153 Seclandia
2513 5114 2542 5152 a
2574 5098 2770 5162 Frisia,
2793 5109 2850 5153 et
2874 5099 3142 5155 Maritima
3169 5117 3202 5155 a
3222 5101 3520 5170 Campania
3545 5098 3787 5159 ﬂuuiana

2198 5184 2423 5242 prorsus
2450 5170 2694 5242 diversae,
2719 5171 2814 5224 sed
2833 5171 2976 5239 quod
2999 5186 3182 5226 earum
3209 5181 3394 5242 partes
3418 5173 3652 5229 fuerint.

2271 5239 2296 5278 ἀ
2341 5237 2677 5292 Nordmanni
2705 5237 2876 5308 usque
2933 5243 3176 5295 continuo
3209 5237 3540 5297 recesserunt
3589 5262 3660 5300 ex
3699 5262 3791 5300 no-

2199 5311 2328 5382 stris
2359 5311 2610 5382 decerpta
2645 5311 2709 5382 in
2734 5311 2992 5382 chronico
3015 5313 3080 5366 de
3111 5312 3275 5382 gestis
3310 5312 3784 5372 Nordmaunorurn

2200 5380 2254 5434 in
2288 5380 2536 5440 Francia.
2571 5381 2713 5448 quod
2744 5380 2883 5434 infra
2910 5380 3182 5450 sequetur.

2278 5463 2301 5489 ο
2331 5450 2623 5505 Walchern
2651 5452 2702 5504 in
2733 5450 3038 5507 Seelandia.

2283 5520 2304 5559 ί
2351 5520 2454 5574 Per
2480 5521 2631 5588 ﬁnes,
2664 5521 2716 5575 id
2745 5530 2828 5576 est
2849 5523 2970 5576 inde
2999 5541 3030 5577 a
3059 5524 3282 5592 ﬁnibus;
3313 5527 3608 5582 comitatus
3635 5529 3778 5584 enim

2201 5589 2314 5666 jam
2362 5592 2672 5666 nominandi
2722 5592 2912 5666 Frisia:
2941 5604 2997 5648 et
3047 5589 3343 5651 Austrasiae
3395 5609 3605 5666 partes,
3633 5598 3783 5653 etad

2209 5663 2345 5718 lines
2377 5662 2755 5716 Ribuariorum
2782 5664 2869 5717 siti
2902 5675 3078 5719 erant.

2287 5736 2311 5772 ⁸
2352 5732 2656 5788 Comitatus
2681 5732 2856 5788 Moilla
2885 5736 2950 5788 ad
2978 5734 3230 5792 Vahalem
3255 5737 3308 5790 in
3339 5736 3648 5794 conﬁnibus
3675 5738 3775 5792 Fri-

2209 5805 2386 5859 siaz'et
2434 5803 2708 5858 Ribuarite
2747 5807 3044 5874 ponendus,
3079 5807 3164 5862 ubi
3212 5806 3353 5862 inter
3394 5807 3780 5878 Neriomagnm
