3974 6344
205 334 343 406 1581

1662 345 2003 420 ANNALES.

3332 358 3473 413 1582

205 467 409 522 Mosam
433 473 486 519 et
510 462 816 534 Sequanam
842 463 1102 535 usquead
1123 463 1488 535 Burgundiam
1517 479 1623 519 uua
1653 481 1779 520 cum
1810 472 1863 531 Α
1886 459 2138 516 dentibus
2187 460 2455 535 submersi
2491 471 2638 518 sunt.
2701 462 2970 520 Ludoicus
3011 465 3032 496 ‘
3063 475 3244 523 autem
3301 472 3472 540 patris

205 554 566 612 Viridunense
599 555 864 621 constitit,
893 563 949 611 et
974 554 1042 609 de
1072 568 1098 596 ι
1122 554 1432 626 Burgundia
1449 553 1781 625 Tullensem,

205 649 574 704 Odornensem
593 645 988 712 b,Bedensem,‘
1007 657 1029 686 ε
1045 645 1343 702 Blesinsem
1357 645 1384 684 ἀ
1396 646 1716 712 ,Pertinsem
1735 660 1780 714 ο,

202 748 462 809 utrosque
500 737 795 795 Barrenses
829 739 878 805 τ,
919 740 1271 796 Brionensem
1293 742 1318 780 ε
1340 780 1355 806 ,
1390 739 1780 808 Tricassinum,

204 829 627 896 Altiodrensem,
659 830 985 886 Senonicum
1014 871 1029 893 ,
1058 829 1462 886 Wastinensem
1493 833 1545 898 ιι,
1579 832 1786 887 Milidu-

203 933 427 974 nensem
459 921 499 984 ί,
527 917 921 990 Stampensem,
955 919 1311 986 Castrinsem,
1338 920 1666 976 Parisiacum
1692 961 1706 988 ,
1731 931 1785 978 et

204 1011 399 1066 deinde
427 1025 524 1081 per
564 1012 869 1082 Sequanam
913 1027 1086 1082 usque
1137 1013 1192 1067 in
1239 1029 1388 1068 mare
1414 1028 1698 1087 oceanum,
1729 1023 1785 1069 et

201 1118 304 1174 per
339 1103 482 1160 idem
508 1120 660 1161 mare
689 1121 858 1175 usque
889 1105 957 1160 ad
1001 1105 1266 1172 Frisiam;
1296 1121 1486 1161 omnes
1534 1105 1785 1163 videlicet

203 1195 546 1266 episcopatus
574 1237 589 1262 ,
621 1196 889 1262 abhatias,
918 1197 1228 1261 comitatus,
1263 1195 1427 1251 ﬁscos
1451 1237 1466 1262 ,
1496 1206 1551 1252 et
1601 1197 1782 1251 omnia

202 1287 346 1342 intra
393 1288 678 1358 praedictos
718 1287 853 1344 ﬁnes
883 1289 1233 1344 consistentia
1271 1305 1393 1344 cum
1441 1291 1690 1345 omnibus
1713 1289 1781 1344 ad

201 1393 262 1432 se
289 1379 708 1448 pertinentibus,
737 1382 791 1436 in
813 1397 1153 1454 quacumque
1181 1383 1402 1454 regione
1439 1383 1741 1438 consistant
1765 1401 1778 1436 :

200 1471 618 1541 sicquejubente
649 1474 992 1550 imperatore,
1011 1476 1082 1530 in’
1100 1477 1182 1531 sui
1205 1477 1490 1546 priesentia
1519 1477 1780 1547 episcopi,

201 1561 448 1629 abhates,
475 1565 698 1638 comites
727 1575 782 1622 et
811 1567 1029 1622 vassalli
1066 1567 1325 1624 dominici
1357 1569 1412 1622 in
1468 1567 1783 1623 memoratis

201 1650 335 1709 locis
362 1653 622 1712 beneﬁcia
651 1657 932 1724 habentes,
949 1658 1142 1716 Carolo
1163 1675 1222 1715 se
1244 1661 1779 1729 commendaverunt,

199 1753 255 1801 et
285 1746 598 1806 ﬁdelitatem
625 1761 964 1808 sacramento
991 1753 1360 1808 ﬁrmaverunt.

706 1979 708 1981 ν
744 1870 1202 1964 DCCCXXXVIII.

271 2026 403 2083 Post
429 2028 545 2084 haec
577 2030 816 2099 peractis
841 2045 1012 2086 sacrm
1053 2029 1386 2097 Nativitatis,
1429 2030 1784 2100 apparitionis

199 2127 366 2190 atque
407 2120 698 2177 oblationis
739 2121 1026 2178 dominicae
1047 2116 1506 2188 solemnitatibus,
1546 2124 1782 2178 inchoa-

199 2211 378 2281 tisque
399 2211 837 2283 Quadragesimze
860 2213 1105 2283 jejuniis,
1136 2214 1450 2283 imperatori
1480 2229 1659 2269 sermo
1701 2215 1785 2270 in-

199 2302 392 2364 notuit,
432 2301 728 2358 Ludoicum
773 2303 802 2350 ¹¹.
853 2301 1042 2360 fratris
1091 2301 1333 2358 Lotharii
1379 2304 1521 2358 intra
1569 2303 1784 2373 Alpium

199 2400 351 2462 septa
381 2392 706 2463 colloquium
747 2394 1033 2463 expetiisse
1063 2395 1082 2426 ³
1109 2411 1123 2459 ;
1157 2395 1333 2464 quod,
1369 2395 1495 2466 quia
1523 2410 1583 2450 se
1611 2395 1784 2451 inscio

200 2481 614 2552 inconsultoque
652 2493 1089 2554 praesumpserat,
1121 2498 1262 2555 aegre
1286 2483 1783 2562 tulit,.directisque

197 2591 364 2646 quam
413 2575 695 2630 celerrime
721 2591 1160 2646 quaquaversum
1189 2576 1523 2640 cursoribus,
1549 2591 1780 2648 genera-

196 2667 328 2723 liter
355 2667 540 2723 ﬁdeles
573 2669 822 2734 accersit,
852 2683 1191 2740 propereque
1219 2669 1456 2739 undique
1487 2669 1782 2724 adcurren-

198 2757 345 2812 tibus
380 2747 628 2832 ﬁliorum.
647 2767 956 2827 suspectum
987 2758 1313 2828 colloquium
1342 2757 1618 2829 patefacit,
1652 2767 1708 2814 et
1735 2759 1783 2814 si

198 2844 276 2899 ita
305 2845 608 2901 necessitas
631 2846 886 2914 postulet,
915 2847 982 2901 ad
1024 2846 1386 2902 resistendum
1409 2847 1784 2917 paratissimos

199 2944 403 2990 monet.
454 2935 572 3004 Quo
608 2935 878 2992 Ludoicus
920 2929 1138 3010 cognito
1165 2978 1180 3004 ,
1222 2947 1537 2993 octavarum
1581 2948 1785 2996 sanctae

204 3025 448 3082 Paschte'
479 3028 818 3084 hebdomada
850 3029 872 3060 ’⁵
910 3029 1134 3101 jubente
1177 3040 1330 3101 patre
1374 3032 1620 3098 advenit,
1651 3034 1782 3088 sub-

199 3119 474 3190 tiliterque
516 3121 829 3187 discussus,
860 3124 1076 3178 tandem
1123 3134 1470 3180 sacramento
1512 3142 1636 3181 cum
1679 3113 1783 3182 sibi

1886 551 2229 622 prmsentiae,
2279 553 2574 608 secundum
2624 554 2767 624 quod
2807 554 3253 632 jussumfuerat
3282 600 3296 624 ,
3349 575 3473 619 sese

1884 641 2080 718 offerre
2105 657 2212 698 non
2241 643 2466 708 distulit,
2501 645 2790 717 habitaque
2809 663 2971 719 secus
2993 664 3156 718 quam
3210 662 3467 722 oportue-

1889 743 1974 787 rat
1998 731 2399 788 conﬁictatione
2427 736 2737 801 verborum,
2771 737 3029 809 quidquid
3053 740 3193 794 ultra
3222 742 3472 814 citraque

1887 824 2140 880 Rhenum
2173 825 2382 895 paterni
2402 824 2542 894 juris
2563 836 2940 896 usurpaverat,
2976 830 3271 900 recipiente
3315 842 3470 902 patre

1888 916 2089 978 amisit,
2123 914 2434 970 Helisatiam
2454 916 2719 980 videlicet,
2750 916 3061 984 Saxoniam,
3089 919 3468 994 Thoringiam,

1884 1006 2343 1076 Austriamsatque
2368 1006 2761 1060 Alamanniam.
2795 1007 3013 1063 Interim
3047 1009 3471 1068 Sarracenorum

1881 1096 2126 1166 piratica:
2169 1097 2369 1152 classes
2413 1097 2702 1152 Massiliam
2737 1099 3036 1154 Provinciae
3061 1089 3352 1168 irruentes,
3377 1103 3473 1158 ab-

1885 1187 2062 1242 ductis
2106 1188 2627 1252 sanctimonialihus,
2664 1205 2892 1258 quarum
2942 1189 3052 1246 illic
3109 1177 3216 1247 non
3262 1195 3472 1249 modica

1885 1279 2233 1348 congregatio
2263 1271 2510 1350 degebat,
2543 1280 2816 1344 omnibus,
2843 1289 2897 1334 ct
2944 1271 3156 1358 cunctis
3187 1283 3471 1339 masculini

1885 1381 2048 1422 sexus
2085 1367 2296 1442 clericis
2337 1376 2399 1438 et
2428 1369 2604 1434 laicis,
2638 1378 2952 1440 vastataque
2995 1362 3160 1442 urbe,
3188 1359 3473 1428 thesauros

1884 1475 2099 1530 quoque
2166 1447 2518 1516 ecclesiarum
2591 1461 2793 1516 Christi
2860 1477 3047 1518 secum
3094 1455 3474 1521 universalitcr

1885 1559 2254 1620 asportarunt.
2325 1551 2495 1622 lgitur
2544 1551 2842 1621 imperator
2896 1552 2965 1607 ad
3012 1553 3269 1624 placitum
3314 1570 3472 1610 suum

1884 1643 2174 1724 generale,
2219 1644 2360 1700 sicut
2407 1645 2764 1710 condixerat,
2805 1645 3077 1701 mediante
3124 1646 3365 1717 Augusto
3417 1646 3472 1702 in

1883 1739 2160 1816 Carisiaco
2185 1739 2463 1810 pervenit;
2494 1753 2602 1809 quo
2632 1739 2879 1820 'Pippi’no
2904 1741 3149 1816 paternis
3196 1741 3472 1818 obsequiis

1806 1829 1855 1890 B
1881 1830 2170 1885 assistente
2196 1837 2358 1899 atque
2386 1829 2622 1895 favente,
2645 1827 2802 1888 fratri
2833 1821 3052 1895 Carolo,
3085 1839 3214 1906 tunc
3258 1831 3472 1902 cingulo

1885 1921 2168 1991 insignito,
2197 1937 2326 1993 pars
2361 1921 2618 1977 Niustrize
2646 1922 2714 1976 ad
2750 1909 2989 1992 praesens
3019 1909 3143 1978 data
3171 1906 3474 1990 est,'duca‘-

1885 2025 1973 2071 tus
2002 2015 2251 2071 videlicet
2286 2016 2741 2082 Cenomannicus,
2765 2016 3058 2086 omnisque
3080 2017 3320 2073 occiduae
3346 2017 3472 2072 Gal-

1884 2109 1970 2164 lize
1996 2124 2093 2164 ora
2115 2109 2257 2164 intra
2283 2109 2522 2180 Ligerim
2543 2117 2598 2164 et
2625 2109 2935 2180 Sequanam
2961 2111 3277 2166 constituta.
3301 2111 3469 2166 Abso-

1883 2201 2106 2274 lutoque
2131 2210 2425 2274 conventu,
2453 2201 2571 2274 ipse
2593 2202 2855 2256 orationis
2877 2201 3052 2272 gratia
3083 2189 3324 2279 Parisius
3350 2208 3476 2256 San-

1882 2302 2204 2364 ctorumque
2236 2303 2537 2365 martyrum
2561 2295 2818 2350 basilicas
2849 2294 3062 2349 curavit
3089 2279 3344 2349 invisere.
3377 2283 3472 2347 Di-

1883 2398 2143 2458 rectoque
2176 2386 2371 2442 Carolo
2423 2388 2479 2442 in
2525 2397 2710 2459 partes
2759 2387 3228 2462 Cenomannicas,
3259 2387 3374 2458 ipse
3419 2387 3475 2441 in

1881 2481 2066 2538 ,Verno
2118 2477 2180 2546 i,-
2215 2465 2547 2549 Compendio
2604 2481 2909 2550 ceterisque
2966 2479 3476 2539 circumiacentibus

1883 2569 2018 2626 locis
2049 2571 2322 2625 venationi
2348 2572 2602 2642 congruis
2627 2572 2824 2626 stativa
2877 2571 3087 2635 habuit,
3115 2581 3283 2640 atque
3328 2569 3473 2644 invi-

1884 2650 2035 2716 tante
2095 2660 2363 2734 Hugone,
2400 2661 2571 2716 fratre
2616 2675 2672 2718 et
2716 2661 2860 2717 hcati
2909 2661 3150 2730 Quintini
3219 2661 3477 2734 martyris

1883 2751 2200 2806 monasterii
2239 2752 2462 2818 abbate,
2489 2752 2742 2826 eiusdem.
2761 2753 3017 2824 martyris
3052 2752 3344 2828 festivitate
3373 2751 3475 2806 ho-

1883 2831 2118 2902 noriﬁce.
2159 2845 2522 2915 alacriterque
2567 2846 2860 2911 celebrata,
2906 2845 3239 2901 Attiniacum
3278 2859 3474 2918 perve-

1886 2941 2065 3005 niens,
2095 2938 2347 2994 Carolum
2377 2941 2691 2994 redeuntem
2715 2939 2973 3008 suscepit.
3007 2937 3106 2993 Ubi
3131 2937 3294 2992 etiam
3320 2934 3472 2990 missi

1886 3032 2088 3088 ﬂorich
2124 3033 2423 3098 venientes,
2453 3033 2750 3103 piratarum
2777 3033 2834 3086 in
2859 3040 3077 3088 nostros
3102 3030 3237 3085 ﬁnes
3274 3029 3476 3084 dudum

1886 3124 2208 3180 irruentium
2231 3125 2500 3180 maximos
2527 3141 2557 3178 a
2593 3140 2650 3179 se
2675 3123 2745 3179 ob
2774 3123 3121 3194 imperatoris
3159 3121 3474 3176 ﬁdelitatem

199 3214 438 3269 maxime
459 3215 712 3288 credulis,
745 3216 880 3270 nihil
923 3216 1164 3296 ﬁdelitati
1203 3219 1376 3288 patris
1401 3227 1564 3290 atque
1591 3222 1783 3278 honori
1813 3197 1857 3259 Ο
1892 3222 2082 3284 captos
2106 3222 2270 3284 atque
2298 3213 2531 3268 interﬁci
2561 3213 2739 3270 iussos
2775 3213 3096 3278 retulerunt.
3120 3218 3366 3282 petentes
3395 3209 3477 3262 in-

200 3305 491 3360 adversum
515 3305 606 3360 iilo
634 3305 904 3376 colloquio
929 3308 1270 3372 meditatum,
1296 3308 1563 3375 ﬁrmavit;
1599 3311 1787 3381 sicque

199 3395 431 3451 remisso
457 3396 527 3450 ad
576 3396 908 3467 propria,.ut
951 3413 1138 3454 mense
1187 3399 1328 3454 Maio
1373 3400 1685 3470 imperatori
1729 3405 1784 3456 in

197 3483 534 3556 Noviomago
548 3497 883 3552 occurreret,
901 3487 1200 3557 injunctum
1229 3500 1332 3546 est.
1357 3491 1492 3546 Nam
1517 3493 1610 3548 illo
1632 3494 1784 3548 iuxta

198 3578 509 3658 condictum
537 3579 834 3649 imperator
865 3583 1116 3652 progredi
1148 3583 1487 3654 disponebat,
1517 3597 1784 3657 quatenus

188 3682 298 3735 sua
333 3669 620 3737 prmsentia
667 3670 922 3726 damnum
956 3675 1097 3743 quod
1128 3675 1286 3730 annis
1317 3678 1608 3745 praeteritis
1639 3671 1784 3748 pira.-

193 3769 383 3838 tarum
415 3760 437 3791 ⁶
481 3760 887 3839 importunitate
928 3775 1347 3836 nostrorumque
1373 3769 1578 3824 desidia
1609 3771 1783 3824 conti-

196 3856 359 3918 gerat
391 3849 688 3917 vitaretur;
737 3852 1034 3922 habitoque
1076 3866 1344 3909 conventu
1393 3856 1652 3921 ﬁdelium,
1690 3873 1782 3912 co-

199 3939 390 4010 piosus
407 3945 552 3996 circa
569 3943 840 3998 maritima
856 3954 1146 4014 apparatus
1161 3946 1485 4001 distributus
1501 3956 1604 4001 est.
1638 3947 1784 4002 inter

201 4045 326 4100 qua:
353 4031 628 4088 Danorum
656 4034 845 4104 piratae
873 4035 1049 4104 patria
1087 4036 1318 4106 egressi,
1345 4045 1573 4106 ortoque
1600 4039 1782 4094 subito

193 4123 605 4188 maritimorum
626 4123 885 4181 ﬂuctuum
915 4125 1148 4192 turbine,
1176 4127 1268 4182 vix
1291 4128 1635 4198 paucissimis
1656 4143 1786 4184 cva-

1885 3322 2052 3376 ésuper
2096 3306 2199 3361 sibi
2241 3307 2357 3361 dari
2404 3305 2682 3361 Frisianos
2729 3314 2892 3375 atque
2947 3304 3256 3370 Ahodritos.
3309 3301 3478 3377 Cujus

1887 3399 2098 3468 petitio,
2135 3406 2338 3467 quanto
2387 3397 2702 3468 imperatori
2735 3398 2988 3452 indecens
3020 3396 3152 3464 sive.
3177 3397 3476 3465 incongrua

1883 3490 2003 3544 .visa
2033 3496 2136 3552 est,
2169 3497 2319 3544 tanto
2356 3489 2516 3544 vilius
2547 3498 2726 3558 spreta
2759 3500 2813 3543 et
2842 3503 2939 3558 pro
2972 3487 3140 3540 nihilo
3186 3488 3342 3540 ducta
3371 3495 3473 3538 est.

1884 3579 2092 3640 .Verum
2151 3579 2363 3650 pridem
2425 3581 2749 3649 imperatore
2799 3579 2852 3631 in
2913 3591 3080 3646 verno
3135 3575 3476 3629 venationem

1891 3683 2200 3738 exercente,
2229 3671 2547 3742 Adalgarius
2591 3678 2647 3724 et
2673 3669 2826 3737 Egilo
2851 3681 3058 3732 comes,
3082 3666 3150 3720 ad
3184 3665 3477 3720 Ahodritos

1883 3773 1947 3822 .et
1971 3764 2178 3818 Wilzos
2221 3777 2251 3816 a
2295 3761 2400 3815 ﬁde
2445 3759 2757 3826 deﬁcientes
2784 3758 2985 3812 dudum
3026 3757 3236 3818 directi,
3272 3755 3476 3809 reversi

1887 3862 2036 3920 sunt,
2064 3851 2310 3907 adductis
2355 3865 2538 3905 secum
2564 3849 2844 3904 obsidibus
2874 3847 3188 3916 imperatori
3217 3847 3472 3915 deinceps

1887 3944 2138 3998 subditos
2181 3941 2300 3997 fore
2356 3941 2686 3995 nuntiantes.
2736 3939 3034 4010 Imperator
3071 3953 3200 3993 vero
3237 3944 3477 4007 ereptum

1886 4051 2151 4106 peragens
2173 4036 2297 4100 iter,
2323 4034 2390 4090 ad
2413 4030 2820 4088 Franconofurd
2849 4031 3121 4086 hiemandi
3150 4029 3322 4100 gratia
3351 4042 3478 4098 pro-

1887 4129 2063 4185 fectus
2099 4139 2184 4185 est
2253 4129 2490 4200 Eclipsin
2521 4129 2541 4160 ⁷
2574 4127 2701 4182 luna
2729 4125 3133 4198 quintadecima
3159 4123 3340 4180 medio
3381 4136 3479 4176 no-

1427 4239 1822 4354 vARIANTES
1852 4241 2256 4326 LECTIONES.

205 4399 384 4477 licam
408 4404 762 4477 coniecturam
789 4421 844 4477 se
881 4405 1049 4475 ipsam
1076 4403 1416 4477 defensuram
1452 4421 1562 4477 esse
1591 4405 1818 4476 conﬁdo.
1862 4370 2054 4461 Cltesn.
2101 4415 2148 4461 et
2171 4405 2340 4477 Bouq.
2363 4405 2538 4476 legunt
2566 4403 3091 4477 Moil‘la,Ettral_iam,
3124 4402 3476 4477 Melant,_Ni-

208 4471 385 4548 tlta_rdi
413 4473 634 4548 historia
661 4475 768 4548 lib._'
780 4475 835 4548 Ι.
867 4471 982 4548 cep.
1015 4477 1068 4530 6.
1094 4471 1923 4548 Meillaillalt,Trahammolant
1948 4517 1964 4543 ,
1993 4478 2133 4548 quod
2177 4471 2660 4548 l’alesius:corrigit
2684 4474 2856 4530 Moilla
2885 4513 2901 4538 ,
2950 4475 3479 4548 Battuarias,_1lam-

203 4542 430 4597 molunt.
507 4545 524 4575 ι
565 4547 702 4599 deest
725 4543 822 4600 Ch.
898 4542 1232 4602 "Lodoicum
1269 4544 1366 4602 Ch.

203 4610 231 4642 ⁸
266 4611 532 4670 Lodoicus
568 4613 668 4670 Ch.
741 4617 760 4649 ⁷
795 4615 1045 4688 Eclypsin
1070 4657 1073 4660 ι
1097 4616 1287 4672 Cltesn.
1323 4618 1548 4672 scribere
1571 4610 1720 4673 solet.

1445 4547 1466 4578 ³
1502 4547 1785 4617 Expetisse
1807 4546 1903 4602 Ch.
1981 4546 2014 4578 δ’
2042 4547 2352 4604 Ehdomada
2397 4546 2495 4602 Clt.

2573 4543 2594 4578 ⁸
2629 4545 2950 4618 Pyratarum
2977 4543 3074 4600 Ch.
3101 4586 3116 4612 ,
3154 4547 3228 4599 ita
3255 4545 3472 4616 pluria.

1725 4731 1932 4787 NOTJE
1943 4773 1956 4786 .

1725 4731 1769 4786 N
1819 4731 1956 4787 ΤΕ.
2407 4751 2410 4754 θ

207 4825 820 4898 et'Schenkensehantz
855 4825 1124 4898 hodieque
1177 4796 1652 4898 vicus_Millingen
1697 4731 1866 4888 oc-0
1895 4825 2065 4898 ferior
2103 4825 2281 4881 adhuc
2329 4821 2526 4882 saeculo
2557 4825 2805 4898 proxime
2845 4824 3028 4894 elapso
3076 4820 3220 4892 Pays
3267 4820 3474 4878 Blesois

209 4898 412 4980 currit;
463 4897 586 4967 pagi
635 4895 834 4962 Batua,
865 4895 1207 4950 Hammolant
1250 4907 1304 4950 et
1350 4895 1601 4967 Mosagao
1649 4897 1782 4951 satis

207 4977 324 5023 noti

282 5051 309 5078 ι
344 5037 424 5092 De
458 5046 516 5092 ut
560 5053 723 5108 supra
767 5054 875 5107 per,
911 5037 1050 5092 idem
1085 5052 1148 5092 ac
1173 5036 1296 5091 inde
1324 5054 1393 5103 a;
1428 5053 1552 5092 nam
1591 5053 1784 5108 omnes

207 5110 344 5181 pagi
357 5110 470 5180 jam
502 5107 819 5181 recensendi
846 5117 996 5162 extra
1046 5108 1408 5178 Burgundiam
1458 5108 1684 5179 eiusque
1712 5107 1787 5162 'in
1820 5107 1824 5112 “

207 5179 516 5237 conﬁnibus
540 5179 790 5234 collocati
819 5187 993 5232 erant.
1107 5196 1112 5198 -
1234 5203 1236 5206 ν
1526 5219 1534 5227 ..
1766 5219 1771 5227 .

195 5283 202 5288 .
283 5252 311 5320 ti
348 5250 428 5320 Ad
460 5248 637 5320 fontes
665 5250 908 5320 Odornze
934 5249 1046 5320 sive
1071 5247 1252 5320 Druse,
1277 5264 1398 5320 qute
1439 5247 1579 5320 infra
1619 5247 1788 5320 Vitry-

211 5315 548 5386 le-Franpais
577 5319 874 5374 Matronam
900 5317 1090 5382 influit,
1122 5316 1264 5389 Pays
1292 5315 1562 5374 d’Ornois.

284 5404 308 5432 ε
349 5390 528 5460 Pagus
555 5391 644 5445 hic
665 5393 805 5445 inter
834 5389 1138 5443 Tullensem
1165 5388 1220 5442 et
1241 5389 1550 5444 Blesensem
1579 5391 1632 5444 in
1661 5388 1808 5444 Bas-‘

210 5463 418 5519 siniaco
436 5459 583 5515 isitus
608 5459 801 5525 fuerit;
831 5476 952 5513 nam
977 5473 1163 5513 vocem
1190 5460 1260 5514 ab
1288 5461 1536 5530 imperito
1559 5461 1790 5531 quodam

201 5535 479 5588 intrusam
501 5547 642 5596 esse,
671 5532 834 5586 statui
863 5531 1068 5600 nequit,
1094 5532 1238 5599 quod
1261 5547 1379 5585 eam
1411 5540 1468 5584 et
1496 5531 1791 5586 Nithardus

211 5605 252 5659 1.
288 5605 327 5658 l.
357 5621 408 5660 c.
435 5603 487 5656 ϐ.
522 5604 784 5670 agnoscit.

282 5675 311 5714 δ
347 5675 497 5730 Inter
547 5671 918 5729 Odornensem
960 5680 1016 5726 et
1065 5671 1420 5735 Barrensem,
1454 5672 1521 5726 ad
1569 5671 1790 5726 fluvium

211 5745 390 5800 Bleise
435 5744 526 5814 qui
562 5743 871 5814 .Matronam
921 5743 1112 5814 influit,
1147 5743 1201 5796 in
1254 5757 1381 5814 quo
1420 5758 1470 5814 e.
1515 5759 1568 5812 g.
1612 5742 1788 5811 Blesy,

212 5812 758 5884 Blaize-Ié-Cltdteau,
787 5812 1194 5883 Blezy-au-Bois
1218 5828 1235 5878 ;
1269 5813 1388 5882 pagi
1419 5813 1534 5882 ejus
1563 5829 1685 5878 pars
1714 5814 1815 5866 ἱππ-ο

1892 4897 2168 4951 audiebat.

1967 4977 1990 5006 ε
2031 4968 2112 5022 Ad
2147 4967 2466 5036 Matronam,
2492 4967 2545 5020 in
2574 4982 2701 5036 quo,
2733 4980 2781 5020 e.
2814 4981 2890 5035 g.,
2922 4961 3104 5018 Pertes
3127 4962 3266 5018 infra
3291 4960 3476 5020 Saint-

1895 5037 2099 5110 Disicr,
2124 5047 2180 5092 et
2198 5035 2458 5110 “Pontjon.

1971 5108 1989 5146 ῖ
2033 5107 2088 5178 In
2118 5109 2312 5178 quibus
2334 5107 2818 5178 Bar-sur'Seineet
2839 5103 3256 5178 Bar-stt_r—Aube.

1893 5223 1896 5226 .
1971 5181 1995 5218 Β
2035 5174 2189 5248 Circa
2221 5179 2467 5242 Brienne,
2493 5178 2704 5247 Troyes,
2731 5175 2988 5243 Auxerre,
3017 5174 3170 5230 Sena.

1967 5263 1997 5304 ιι
2033 5263 2115 5330 ιε,
2147 5262 2444 5324 Gastinois;
2497 5261 2638 5329 quod
2689 5267 2874 5328 postea
2918 5267 2972 5312 ct
3015 5274 3208 5329 pagum
3259 5259 3472 5314 Milidu-

1897 5348 2115 5388 nensem
2143 5332 2628 5401 eoiiiplectebatur;
2653 5344 2820 5398 pagus
2844 5330 3464 5401 intereurelianenscm,

1897 5398 2455 5464 Antissiodorehscm,
2529 5400 2885 5454 Senonicum.
2958 5398 3362 5453 Milidunenscm
3413 5409 3466 5452 ct

1899 5472 2272 5540 Stampensem
2303 5471 2594 5540 situserat.
2719 5497 2739 5500 ~
2782 5538 2804 5540 _
2886 5491 2888 5494 ν
2956 5497 2960 5502 -

1974 5545 1991 5583 ί
2031 5535 2183 5596 Circa
2223 5540 2422 5603 Melan,
2463 5539 2738 5608 Etampes,
2766 5538 3044 5601 Charlres,
3077 5535 3252 5590 Paris.

1968 5610 1983 5663 i
2030 5612 2265 5665 Vernum
2299 5610 2445 5662 locus
2466 5617 2549 5664 est
2577 5605 2678 5664 Ver
2698 5610 2892 5672 dictus,
2923 5608 3199 5676 Crispiaco
3229 5615 3284 5661 et
3306 5605 3468 5662 Silva:

1896 5689 1960 5739 'ac
1997 5684 2173 5750 Isara:
2196 5681 2549 5750 propinquus.
2602 5681 2854 5750 Etgcerte
2883 5678 2936 5750 in
2969 5678 3156 5750 iisdem
3182 5679 3468 5750 annalibus

1895 5756 1961 5806 ad
1995 5770 2045 5806 a.
2076 5745 2388 5812 877,'Ve'rni
2412 5745 2549 5804 situs
2583 5749 2894 5817 designatur
2920 5747 3062 5801 inter
3082 5745 3465 5817 Compendium

1895 5834 1949 5880 ct
1973 5820 2353 5877 monasterium
2381 5820 2550 5877 sancti
2574 5815 2829 5888 Dionysii.
2873 5815 3038 5880 Bovo.
