3974 6344
212 330 353 388 1585

1669 321 2008 378 ANNALES.

3337 318 3476 378 1386

215 445 424 500 animos
444 455 633 498 eorum
661 427 962 504 terruerat;
995 437 1149 494 cuius
1170 437 1367 493 seriem
1415 436 1638 492 visionis
1693 436 1793 490 im-
1821 446 1869 498 Α
1949 433 2248 488 .Venerunt
2272 433 2439 487 etiam
2463 429 2626 502 legati
2651 429 2964 487 Graecorum
2999 446 3031 486 a
3056 432 3356 504 Theophila
3381 434 3455 490 im

213 535 454 608 peratori
482 533 698 588 mittere
719 530 946 596 studuit,
971 529 1261 586 habentem
1280 528 1426 583 hunc
1452 526 1707 584 modum:
1775 579 1778 582 .

225 630 367 686 Visio
388 629 666 685 cuiusdam
693 623 921 696 religiosi
949 623 1236 694 presbyteri
1262 620 1327 676 de
1350 629 1492 676 terra
1513 617 1800 690 Anglorum

284 737 402 795 quis
440 728 577 792 ,ροβε
628 716 879 774 Natalem
932 715 1146 796 Domini
1193 715 1241 769 ei
1297 721 1445 783 rapto
1503 729 1536 766 a
1589 727 1804 782 corpore

287 823 493 869 ostensa
531 821 629 869 οδε.

290 924 310 957 ε
349 902 594 971 Quadam
621 909 781 958 nocte
820 914 946 956 cum
989 898 1134 954 idem
1179 897 1464 970 religiosus
1519 895 1805 966 presbyter

218 997 499 1063 dormiret,
521 995 741 1067 quidam
780 995 942 1050 homo
980 991 1049 1048 ad
1085 1007 1208 1048 eum
1266 991 1433 1056 venit,
1482 988 1803 1060 praecipiens

219 1089 294 1144 illi
328 1099 390 1144 ut
434 1103 558 1144 eum
594 1093 926 1156 sequeretur.
983 1083 1136 1140 Tunc
1163 1083 1257 1140 ille
1285 1098 1533 1154 surgens,
1585 1087 1805 1137 secutus

219 1189 303 1238 est
339 1195 500 1245 eum;
543 1179 736 1236 ductor
763 1191 892 1233 vero
917 1177 1058 1232 illius
1103 1176 1256 1230 duxit
1307 1190 1430 1232 eum
1479 1174 1546 1230 ad
1596 1181 1803 1229 terram

219 1273 322 1329 sibi
343 1272 605 1343 ignotam,
641 1269 733 1325 ubi
758 1270 909 1324 varia
939 1277 994 1324 et
1015 1268 1152 1324 mira
1210 1266 1435 1322 aediﬁcia
1493 1272 1804 1322 constructa

219 1363 374 1428 vidit,
408 1363 550 1417 inter
578 1376 699 1431 qua:
723 1359 952 1417 ecclesia
977 1358 1118 1415 facta
1139 1365 1276 1424 erat,
1321 1357 1378 1412 in
1407 1372 1573 1426 quam
1623 1355 1714 1412 ille
1749 1362 1806 1409 et

223 1457 240 1488 ⁸
263 1456 458 1511 ductor
498 1454 616 1509 eius
650 1453 915 1520 introivit,
952 1451 1260 1522 ibidemque
1306 1451 1569 1511 plurimos
1607 1465 1804 1521 pueros

220 1547 460 1618 legentes
479 1545 632 1601 vidit.
665 1544 907 1615 Cumque
955 1546 1237 1601 ductorem
1287 1560 1444 1600 suum
1502 1544 1802 1614 interroga-

219 1647 338 1709 ret,
368 1653 437 1692 an
468 1637 744 1708 inquirere
783 1637 1008 1692 auderet
1035 1637 1255 1708 quinam
1283 1637 1438 1708 pueri
1469 1646 1674 1699 essent,
1720 1650 1808 1690 re-

220 1729 434 1800 spondit
470 1729 520 1784 ei
551 1746 564 1782 :
589 1727 865 1800 Interroga
896 1729 1040 1798 quod
1070 1729 1176 1793 vis,
1203 1737 1257 1784 et
1284 1728 1518 1784 libenter
1545 1728 1640 1782 tibi
1660 1727 1800 1783 indi-

1903 531 2156 594 peratore
2200 521 2417 589 directi,
2471 521 2810 578 Theodosius
2853 535 2881 564 α
2907 521 3178 590 videlicet,
3226 523 3484 581 Calcedo-

1903 617 2090 674 nensis
2141 615 2587 686 metropolitanus
2637 615 2943 686 episcopus,
2991 621 3046 672 et
3103 615 3485 686 Theophanius

1903 707 2236 779 spatbarius,
2263 705 2505 762 ferentes
2551 720 2674 761 cum
2724 705 2879 761 donis
2937 705 3264 777 imperatore
3309 708 3488 777 dignis

1905 797 2218 868 epistolam;
2253 811 2390 868 quos
2416 797 2712 868 imperator
2733 798 2925 868 quinto
2951 797 3163 854 decimo
3214 783 3488 856 Kalendas

1903 888 2038 944 lunii
2065 889 2121 944 in
2159 888 2526 961 lngulenheim
2593 889 2892 944 honoriﬁce
2935 890 3191 961 suscepit.
3245 889 3489 958 Quorum

1903 979 2101 1051 legatio
2130 995 2292 1051 super
2315 979 2724 1036 conﬁrmatione
2752 980 2895 1052 pacti
2923 989 2978 1036 et
3003 982 3155 1052 pacis
3183 991 3346 1052 atque
3368 999 3489 1054 per-

1904 1079 2082 1142 petua:
2109 1071 2252 1128 inter
2276 1081 2566 1142 utrumque
2587 1074 2972 1143 imperatorem
3029 1074 3190 1144 eique
3245 1075 3492 1131 subditos

1907 1161 2162 1216 amicitiae
2185 1170 2240 1217 et
2271 1162 2559 1218 charitatis
2587 1163 2801 1234 agebat,
2853 1179 3064 1220 necnon
3109 1165 3175 1220 de
3226 1165 3491 1231 victoriis,

1905 1253 2327 1322 quas'adversus
2353 1261 2572 1308 exteras
2599 1253 2851 1310 bellando
2879 1263 3068 1327 gentes
3105 1255 3324 1312 caelitus
3371 1256 3492 1312 fue-

1909 1351 1996 1398 rat
2021 1353 2322 1411 assecutus,
2373 1344 2699 1414 gratiﬁcatio
2737 1355 2793 1402 et
2835 1348 2891 1402 in
2943 1347 3173 1404 Domino
3235 1349 3498 1404 exultatio

1908 1424 2217 1503 ferebatur;
2250 1435 2307 1490 in
2335 1437 2534 1508 quibus
2561 1437 2944 1510 imperatorem
2973 1440 3189 1510 sibique
3217 1439 3496 1496 subiectos

1909 1531 2270 1587 amicabiliter
2292 1531 2468 1587 datori
2507 1531 2856 1590 victoriarum
2887 1519 3133 1589 omnium
3167 1533 3374 1605 gratias
3401 1546 3490 1586 rc-

1909 1625 2053 1680 l‘erre
2078 1626 2346 1698 poposcit.
2369 1625 2515 1684 Misit
2538 1629 2704 1682 etiam
2725 1643 2849 1711 cum
2880 1629 2961 1685 eis
2984 1628 3272 1699 quosdam,
3298 1627 3388 1698 qui
3418 1642 3500 1691 se,

1907 1721 1963 1776 id
1985 1730 2069 1778 est
2092 1732 2310 1794 gentem
2352 1739 2528 1791 suam,
2576 1724 2726 1782 Rhos
2749 1727 2777 1766 ι)
2800 1727 2984 1782 vocari
3007 1727 3312 1794 .dicebant,
3363 1742 3501 1798 quos

219 1820 378 1876 cabo.
407 1820 476 1874 Et
516 1835 640 1875 cum
690 1820 757 1874 ad
788 1819 911 1875 illos
959 1820 1438 1890 appropinquaret,
1491 1827 1552 1874 ut
1594 1819 1804 1874 videret
1830 1809 1880 1871 B
1907 1828 2007 1868 rex
2036 1812 2274 1882 illorum,
2297 1815 2583 1874 Chacanus
2606 1818 2887 1886 vocabulo,
2910 1821 2980 1875 ad
3006 1835 3064 1875 se
3094 1820 3365 1886 amicitiae,
3391 1835 3499 1876 suc-

217 1913 362 1982 quod
393 1912 656 1984 legerent,
682 1912 960 1982 perspexit
981 1911 1152 1968 libros
1175 1927 1366 1968 eorum
1387 1926 1496 1968 non
1521 1911 1693 1968 solum
1722 1911 1806 1967 ni-

221 2004 333 2073 gris
388 2003 603 2069 litteris,
634 2019 824 2058 verum
872 2004 1037 2058 etiam
1088 2003 1401 2076 sanguineis
1443 2019 1564 2059 esse
1610 2003 1808 2059 descri-

205 2105 360 2168 ptos,
395 2097 470 2151 ita
491 2096 762 2162 videlicet,
792 2106 852 2151 ut
891 2112 998 2152 una
1029 2096 1172 2152 linea
1206 2097 1377 2168 nigris
1425 2105 1570 2152 esset
1611 2096 1810 2153 litteris

221 2191 515 2260 descripta,
565 2199 621 2245 et
675 2190 849 2246 altera
903 2191 1234 2262 sanguineis.
1293 2191 1538 2261 Cumque
1577 2191 1811 2247 interro-

221 2301 455 2356 gassem,
495 2300 594 2340 cur
622 2284 747 2340 libri
790 2285 866 2339 illi
901 2285 1213 2355 sanguineis
1241 2284 1398 2340 lineis
1443 2286 1698 2356 descripti
1727 2302 1812 2342 es-

222 2386 363 2441 sent,
402 2376 681 2446 respondit
737 2375 931 2431 ductor
981 2391 1135 2430 meus
1186 2393 1199 2428 :
1245 2375 1430 2430 Linea
1479 2376 1810 2446 sanguineae,

135 2521 144 2526 ,
221 2479 360 2536 quas
379 2465 434 2519 in
458 2464 577 2520 istis
612 2463 768 2518 libris
786 2464 1078 2535 conspicis,
1107 2464 1319 2520 diversa
1350 2464 1633 2520 hominum
1668 2465 1814 2520 chri-

221 2555 524 2610 stianorum
547 2563 770 2625 peccata
787 2563 934 2620 sunt,
966 2555 1093 2626 quia
1124 2569 1189 2611 ea
1215 2570 1336 2625 quae
1355 2555 1411 2609 in
1438 2553 1592 2610 libris
1616 2554 1813 2610 divinis

221 2644 330 2702 illis
355 2655 625 2717 praecepta
662 2654 718 2701 et
737 2647 883 2702 iussa
906 2656 1052 2713 sunt,
1079 2647 1304 2703 minime
1338 2647 1518 2703 facere
1540 2655 1596 2704 et
1644 2648 1815 2702 adim-

223 2739 372 2812 plere
396 2739 600 2794 volunt.
639 2737 802 2796 Pueri
828 2755 959 2795 vero
989 2739 1102 2806 isti,
1131 2740 1226 2810 qui
1261 2741 1350 2795 hic
1393 2740 1548 2810 quasi
1587 2739 1814 2810 legendo

220 2833 556 2898 discurrunt,
581 2833 775 2888 anima:
804 2842 931 2889 sunt
959 2842 1294 2900 sanctorum,
1313 2849 1436 2904 quae
1457 2834 1698 2905 quotidie
1714 2850 1815 2905 pro

226 2931 646 2985 christianorum
683 2931 924 3000 peccatis
943 2937 998 2984 et
1027 2929 1359 2985 facinoribus
1404 2929 1710 2999 deplorant,
1760 2937 1817 2984 et

223 3038 324 3094 pro
354 3023 458 3078 illis
486 3022 847 3087 intercedunt,
871 3030 931 3078 ut
955 3023 1169 3076 tandem
1209 3021 1498 3092 aliquando
1531 3022 1598 3076 ad
1645 3021 1818 3094 paeni-

228 3117 452 3170 tentiam
473 3123 895 3181 convertantur;
925 3124 980 3171 et
1007 3115 1111 3171 nisi
1143 3115 1260 3171 ista:
1282 3117 1476 3171 animm
1501 3125 1812 3172 sanctorum

227 3217 338 3262 tam
365 3206 698 3262 incessanter
733 3221 856 3262 cum
879 3204 1006 3260 ﬁetu
1029 3207 1095 3262 ad
1129 3206 1296 3261 Deum
1333 3205 1650 3272 clamarent,
1705 3207 1812 3262 iam

228 3295 570 3366 aliquatenus
593 3297 718 3352 ﬁnis
764 3305 1042 3353 tantorum
1096 3297 1364 3352 malorum
1417 3298 1472 3352 in
1517 3297 1815 3354 christiano

224 3388 425 3460 populo
449 3399 609 3444 esset.
640 3388 988 3456 Recordaris,
1048 3389 1174 3459 quia
1221 3405 1362 3445 anno
1407 3392 1656 3460 praesenti
1702 3391 1818 3447 fru-

225 3497 323 3552 ges
353 3497 461 3536 non
494 3480 668 3536 solum
701 3481 757 3535 in
785 3490 952 3547 terra,
981 3496 1171 3537 verum
1206 3481 1370 3537 etiam
1426 3483 1480 3538 in
1529 3483 1816 3540 arboribus

227 3582 286 3629 et
321 3574 522 3630 vitibus
572 3575 911 3630 abundanter
951 3583 1186 3632 ostensa:
1245 3585 1390 3643 sunt,
1449 3577 1542 3632 sed
1596 3587 1816 3649 propter

225 3675 448 3738 peccata
487 3667 767 3722 hominum
795 3666 1030 3722 maxima
1051 3683 1182 3737 pars
1229 3667 1443 3724 illarum
1483 3669 1664 3740 periit,
1698 3686 1817 3741 quae

225 3757 296 3810 ad
317 3772 475 3812 usum
509 3766 673 3828 atque
700 3757 985 3833 utilitatem
1030 3760 1321 3814 humanam
1373 3776 1481 3816 non
1531 3763 1812 3831 pervenit;

227 3849 373 3920 quod
404 3850 447 3906 si
487 3850 594 3906 cito
617 3852 862 3906 homines
884 3851 1169 3907 christiani
1194 3852 1260 3906 de
1282 3851 1450 3906 variis
1491 3852 1639 3907 vitiis
1661 3863 1717 3907 et
1741 3852 1816 3906 fa-

228 3945 504 3999 cinoribus
535 3959 726 4000 eorum
761 3960 867 3999 non
891 3945 1104 4016 egerint
1160 3945 1559 4014 paenitentiam,
1588 3953 1644 4000 et
1674 3945 1816 4001 diem

228 4038 562 4093 dominicum
615 4037 810 4093 melius
849 4047 906 4093 et
943 4037 1313 4094 bonorabilius
1351 4053 1456 4094 non
1496 4041 1818 4097 observave-

229 4130 340 4184 rint
372 4131 413 4195 ',
456 4130 564 4185 cito
594 4144 756 4200 super
779 4145 874 4185 eos
894 4130 1189 4186 maximum
1214 4139 1268 4185 et
1297 4130 1637 4188 intolerabile
1674 4133 1820 4204 peri-

229 4221 412 4275 culum
435 4221 615 4278 veniet
639 4238 653 4288 ;
682 4221 932 4277 videlicet
961 4222 1134 4277 tribus
1151 4221 1341 4278 diebus
1366 4231 1423 4279 et
1448 4225 1700 4280 noctibus
1724 4241 1818 4281 su-

231 4327 328 4384 per
362 4322 566 4368 terram
596 4313 809 4369 illorum
845 4313 1044 4369 nebula
1087 4315 1414 4385 spississima
1463 4319 1817 4388 expandetur,

232 4411 288 4457 et
312 4405 494 4459 statim
517 4404 767 4461 homines
795 4405 989 4476 pagani
1023 4421 1147 4461 cum
1176 4407 1441 4464 immensa
1471 4409 1819 4468 multitudine

179 4492 191 4561 ξ
231 4497 452 4551 navium
489 4513 652 4567 super
680 4497 802 4553 illos
827 4497 1066 4564 venient,
1095 4506 1150 4554 et
1175 4499 1466 4555 maximam
1489 4511 1698 4572 partem
1722 4519 1819 4576 po-
1850 4536 1898 4596 υ

230 4588 344 4659 puli
373 4597 427 4643 et
460 4597 620 4644 terrae
657 4591 1076 4646 christianorum
1105 4606 1227 4647 cum
1267 4594 1518 4650 omnibus
1557 4613 1677 4666 quae
1700 4613 1821 4668 pos-

232 4679 413 4735 sident
437 4679 546 4751 igni
574 4679 825 4750 ferroque
853 4682 1232 4739 devastabunt.
1283 4683 1390 4742 Sed
1421 4694 1620 4753 tamen,
1653 4689 1698 4744 si
1723 4689 1821 4745 ad-

233 4771 342 4826 huc
366 4785 550 4824 veram
574 4771 948 4840 ptenitentiam
980 4789 1141 4846 agere
1166 4775 1370 4844 volunt,
1417 4787 1472 4834 et
1491 4788 1716 4849 peccata
1761 4782 1824 4836 il-

235 4862 409 4918 lorum
436 4863 584 4919 iuxta
606 4873 934 4937 praeceptum
960 4867 1176 4924 Domini
1226 4870 1426 4928 ieiunio
1465 4881 1521 4928 et
1579 4875 1826 4932 oratione

1909 1913 1970 1960 ut
2008 1907 2343 1975 asserebant,
2385 1925 2549 1967 causa
2588 1911 2882 1980 direxerat,
2931 1921 3122 1984 petens
3165 1928 3264 1985 per
3293 1929 3504 1970 memo-

1913 2008 2088 2053 ratam
2115 1999 2424 2070 epistolam,
2468 2012 2734 2072 quatenus
2781 2003 3116 2074 benignitate
3157 2005 3506 2076 imperatoris

1912 2092 2174 2148 redeundi
2201 2092 2511 2150 facultatem
2538 2104 2700 2166 atque
2747 2097 3008 2153 auxilium
3066 2113 3166 2168 per
3213 2099 3502 2169 imperium

1914 2202 2071 2242 suum
2100 2195 2272 2242 totum
2326 2188 2527 2244 habere
2554 2199 2800 2260 possent,
2850 2191 3107 2262 quoniam
3159 2191 3359 2247 itinera
3404 2207 3505 2262 per

1913 2293 2035 2345 qua:
2056 2278 2123 2333 ad
2151 2277 2302 2334 illum
2333 2277 2856 2352 Constantinopolim
2886 2291 3175 2349 venerant,
3205 2282 3348 2338 inter
3373 2283 3504 2337 bar-

1912 2369 2078 2425 baras
2105 2380 2162 2426 et
2189 2371 2370 2426 nimiae
2419 2371 2654 2428 feritatis
2699 2382 2890 2445 gentes
2937 2375 3358 2431 immanissimas
3411 2376 3509 2430 ha-

1914 2459 2166 2528 buerant,
2199 2463 2400 2532 quibus
2429 2479 2542 2529 eos,
2568 2481 2637 2521 ne
2662 2466 2804 2522 forte
2847 2468 3148 2538 periculum
3179 2469 3506 2535 inciderent,

1916 2553 2094 2607 redire
2116 2553 2304 2608 noluit.
2348 2553 2590 2622 Quorum
2635 2557 2898 2613 adventus
2946 2573 3166 2614 causam
3215 2560 3512 2631 imperator

1917 2641 2228 2715 diligentius
2288 2645 2644 2717 investigans,
2700 2649 2966 2719 comperit
3010 2664 3104 2705 eos
3157 2651 3334 2722 gentis
3387 2665 3512 2706 esse

1919 2735 2214 2806 Sueonum,
2239 2741 2616 2812 exploratores
2644 2743 2828 2813 potius
2849 2743 3000 2815 regni
3028 2744 3174 2800 illius
3227 2745 3511 2815 nostrique

1917 2843 2082 2898 quam
2109 2829 2362 2886 amicitiae
2387 2831 2650 2902 petitores
2673 2841 2846 2900 ratus,
2885 2849 3054 2906 penes
3112 2852 3172 2892 se
3215 2852 3281 2892 eo
3337 2852 3512 2907 usque

1919 2923 2232 2978 retinendos
2261 2924 2538 2991 iudicavit,
2571 2928 2714 2996 quod
2740 2929 3009 2984 veraciter
3031 2929 3278 2986 invenire
3304 2939 3510 2998 posset,

1919 3022 2102 3068 utrum
2130 3014 2361 3072 ﬁdeliter
2389 3033 2456 3074 eo
2484 3034 2656 3075 necne
2684 3021 3064 3091 pervenerint;
3115 3023 3277 3094 idque
3333 3023 3514 3079 Tbeo-

1917 3106 2066 3178 philo
2091 3123 2190 3178 per
2233 3119 2563 3168 memoratos
2600 3113 2806 3185 legatos
2854 3131 2981 3171 suos
3021 3124 3184 3180 atque
3230 3116 3516 3187 epistolam

1921 3197 2174 3254 intimare
2203 3217 2312 3257 non
2335 3202 2565 3271 distulit,
2605 3213 2661 3260 et
2697 3205 2843 3274 quod
2885 3221 2980 3263 eos
3021 3206 3166 3262 illius
3213 3222 3400 3264 amore
3445 3207 3513 3263 li-

1920 3289 2114 3346 benter
2156 3295 2475 3364 susceperit,
2501 3311 2567 3353 ac
2589 3296 2636 3351 si
2655 3297 2844 3354 ﬁdeles
2897 3299 3295 3367 invenirentur,
3336 3306 3394 3356 et
3434 3298 3515 3355 fa-

1919 3380 2093 3436 cultas
2127 3383 2330 3454 absque
2351 3384 2564 3441 il-lorum
2586 3387 2830 3457 periculo
2872 3389 2924 3444 in
2953 3390 3188 3460 patriam
3229 3391 3513 3446 remeandi

1919 3475 2158 3543 daretur,
2184 3493 2307 3533 cum
2325 3479 2526 3535 auxilio
2551 3480 2937 3550 remittendos;
2965 3484 3048 3538 sin
3079 3484 3236 3550 alias,
3259 3499 3365 3539 una
3387 3500 3509 3540 cum

1919 3569 2102 3626 missis
2129 3580 2332 3627 nostris
2385 3572 2453 3627 ad
2507 3573 2624 3630 eius
2663 3578 3011 3642 praesentiain
3075 3576 3405 3646 dirigendos,
3458 3586 3518 3633 ut

1919 3659 2049 3730 quid
2076 3662 2143 3717 de
2171 3661 2368 3718 talibus
2394 3663 2512 3718 ﬁeri
2535 3664 2781 3732 deberet,
2811 3667 2925 3736 ipse
2947 3666 3290 3723 decernendo
3332 3666 3512 3724 elﬁce-

1921 3759 2022 3805 ret.
2059 3751 2264 3819 Quibus
2286 3756 2545 3824 peractis,
2593 3757 2890 3828 imperator
2939 3759 3130 3815 urbem
3179 3759 3514 3830 Vangionum

1921 3843 2070 3900 iuxta
2097 3847 2406 3903 condictum
2437 3851 2600 3906 tertio
2625 3851 2894 3909 Kalendas
2944 3853 3082 3909 Iunii
3126 3855 3394 3926 pervenit,
3442 3856 3516 3910 ibi

1921 3938 2187 4007 susceptis
2213 3940 2562 4011 quibusdam,
2608 3960 2745 4014 quos
2777 3945 2846 4001 ad
2874 3946 2977 4002 hoc
2999 3946 3021 3978 ⁵
3041 3946 3352 4017 specialiter
3390 3962 3518 4018 pro-

1920 4043 2112 4100 perare
2141 4029 2395 4099 iusserat,
2441 4034 2710 4102 ﬁdelibus,
2761 4036 3080 4093 Lotharium
3133 4037 3305 4093 ﬁlium
3360 4055 3517 4094 suum

1922 4123 1990 4178 ab
2039 4123 2190 4180 italia
2237 4126 2814 4200 venientempatcrno
2855 4133 3131 4202 suscipere
3176 4131 3372 4189 aﬁ‘ectu
3418 4133 3520 4188 mi-

1921 4212 2068 4270 nime
2094 4216 2290 4271 renuit.
2325 4215 2442 4284 Quo
2467 4217 2647 4288 palam
2667 4221 2920 4278 omnibus
2947 4222 3016 4276 ad
3056 4222 3322 4294 genitoris
3350 4223 3518 4280 vesti-

1921 4306 2006 4376 gia
2057 4298 2371 4377 suppliciter
2420 4309 2736 4380 procidente
2790 4322 2845 4368 et
2885 4313 3286 4384 prieteritorum
3331 4329 3520 4371 exces-

1922 4414 2080 4453 suum
2109 4400 2325 4456 veniam
2359 4401 2638 4458 humiliter
2677 4404 3002 4474 postulante,
3046 4407 3363 4480 imperator,
3413 4410 3517 4464 mi-
3575 4464 3585 4482 ε

1923 4491 2218 4549 sericordia
2248 4510 2356 4566 qua
2378 4496 2792 4568 incorporaliter
2815 4499 2838 4530 ⁸
2857 4516 3074 4572 semper
3091 4502 3262 4575 viguit
3317 4501 3518 4568 ﬂexus,
3579 4497 3582 4500 ’

1925 4584 2186 4654 quidquid
2217 4587 2270 4641 in
2299 4603 2422 4644 eum
2474 4591 2902 4660 praecedentibus
2955 4595 3112 4650 annis
3165 4595 3279 4665 ipse
3327 4595 3518 4664 suique

1926 4675 2285 4747 deliquerant,
2332 4689 2558 4749 paterna
2605 4683 2939 4756 benignitate
2966 4685 3254 4749 concessit,
3311 4685 3385 4740 ita
3436 4693 3519 4740 ta-

1925 4781 2072 4834 men,
2096 4769 2142 4824 si
2171 4770 2425 4842 deinceps
2454 4767 2590 4830 nihil
2613 4777 2872 4833 adversus
2906 4793 3031 4833 eum
3079 4776 3262 4850 pravis
3305 4778 3518 4834 machi-

1926 4860 2235 4918 nationibus
2263 4863 2603 4923 molirentur.
2660 4870 2894 4925 Suorum
2927 4867 3155 4941 "quoque
3205 4870 3532 4941 complures-

233 4955 412 5027 θάψω
463 4955 820 5030 eleemosynis
849 4959 872 4992 ε
900 4961 1192 5018 emendare
1263 4964 1567 5022 studuerim
1589 4968 1632 5035 δ’
1703 4977 1833 5026 ωηο
1935 4967 2042 5008 non
2073 4953 2246 5008 solum
2273 4957 2718 5027 proprietatibus,
2749 4975 2937 5015 verum
2963 4960 3129 5015 etiam
3152 4961 3522 5017 beneﬁciariis

235 5048 338 5104 has
373 5065 562 5120 pinnas
598 5060 654 5108 et
678 5055 916 5125 pericula
967 5072 1067 5128 per
1106 5059 1555 5117 intercessionem
1610 5072 1830 5122 sancto-

237 5159 360 5200 rum
388 5148 619 5204 evadere
647 5157 918 5220 poterunt.
957 5169 976 5204 ι

1934 5045 2155 5101 donavit
2175 5047 2490 5118 honoribus,
2518 5051 2846 5122 insuperque
2873 5051 3235 5122 descriptione
3264 5053 3412 5126 regni
3435 5053 3520 5108 sui

1934 5139 2232 5211 aequalibus
2274 5157 2411 5212 pene
2467 5143 2713 5214 partibus
2758 5144 3014 5214 discreta,
3066 5145 3342 5218 optionem
3419 5144 3519 5212 illi,

1463 5271 1860 5333 VARIANTES
1894 5253 2312 5337 LECTIONES.

313 5359 1141 5454 indefatugfz."Lhoonorabilius
1185 5365 1544 5425 observarint.
1588 5370 1686 5450 Ch.
1765 5374 1787 5407 ³
1827 5375 2154 5452 elemosynis
2192 5375 2292 5435 Ch.
2355 5378 2380 5410 ⁸
2429 5378 2766 5453 studuerunt,
2787 5379 2886 5437 Ch.
2952 5380 2976 5416 ⁸
3010 5397 3149 5454 quos
3192 5381 3370 5438 adhuc
3415 5378 3517 5438 Ch.

290 5428 780 5502 incomparabiliter
792 5431 816 5488 ?

1757 5559 1992 5620 NOTZE.

315 5635 1013 5732 :Ilteot‘losiuspat‘ricius
1063 5653 1203 5732 erat,
1267 5648 1730 5732 nonnepis‘copus,
1767 5664 1830 5712 ut

246 5718 478 5796 testatur
498 5712 926 5796 chronographia
956 5712 1474 5796 jussu_1_Constan_tini
1514 5712 1824 5796 Porpher-

247 5784 411 5854 geniti
434 5784 632 5838 scribta
663 5784 753 5839 lib.
788 5784 868 5852 in,
897 5784 1046 5842 lllltl'l.
1077 5789 1145 5844 57
1181 5806 1195 5845 :
1226 5791 1370 5862 quod
1416 5784 1640 5849 docent.
1661 5784 1823 5853 eliam

614 5879 885 5941 unum.
933 5866 1143 5944 cxvi'

1934 5659 2661 5791 Cuiopjaat‘aELgedrenus.
2690 5663 2858 5730 Bono.
