3974 6344
903 273 934 292 κ

225 347 366 406 1589

1673 337 2086 420 ANNALES.I

3339 341 3477 396 i390

225 460 484 526 multatis,
509 467 572 514 ut
594 473 692 514 sua
717 459 914 530 cuique
957 459 1391 524 restituerentur,
1423 474 1490 514 eo
1519 461 1802 516 dumtaxat
1827 461 1876 520 Α
1903 457 2180 528 gressione
2223 471 2472 512 reversus
2509 465 2608 512 est.
2661 457 2774 524 Qua
2821 457 3116 528 imperator
3153 460 3476 514 necessitate

221 561 400 626 pacto,
423 551 470 608 si
507 549 667 607 ﬁdem
694 549 1078 608 inviolabiliter
1107 551 1418 624 imperatori
1447 565 1664 608 servare
1687 559 1800 606 stu-

223 645 432 706 derent,
475 651 530 698 et
559 641 760 697 nullam
799 641 1013 712 penitus
1043 641 1193 714 regni
1231 637 1574 711 ﬁdeliumque
1609 639 1800 695 sollici-

225 733 480 798 tatiouem
511 747 728 802 quoquo
758 731 916 788 modo
943 741 1036 786 aut
1066 731 1560 804 tergiversationem
1596 729 1800 786 machi-

223 835 504 882 narentur.
533 827 762 882 Direclis
789 827 1004 882 Interim
1037 825 1104 880 ad
1133 827 1234 882 hoc
1263 825 1566 896 specialiter
1595 823 1800 892 missis,

225 917 316 988 qui
347 917 416 973 ab
459 919 544 973 his
581 918 890 974 huiusmodi
925 917 1234 972 ﬁrmitatem
1265 925 1604 972 sacramento
1633 915 1800 972 susci-

223 1017 434 1081 perant,
460 1009 738 1080 dispositis
761 1025 976 1082 quoque
1023 1009 1300 1066 Saxonum
1345 1007 1602 1066 adversus
1633 1007 1800 1064 Sora—

223 1103 416 1160 borum
447 1113 504 1160 et
531 1097 858 1160 Wiltzorum
889 1107 904 1136 '
931 1105 1290 1172 incursiones,
1313 1103 1404 1174 qui
1437 1119 1608 1174 nuper
1636 1117 1800 1172 quas-

225 1195 348 1250 dam
371 1195 540 1266 ipsius
565 1195 801 1254 marchae
827 1195 1075 1254 Saxoniae
1098 1199 1118 1228 ²
1140 1196 1294 1252 villas
1321 1193 1572 1251 incendio
1597 1209 1804 1250 crema-

229 1295 460 1356 vcrant,
515 1297 568 1345 et
637 1291 1040 1348 Austrasiorum
1097 1291 1564 1362 Toringorumque
1617 1297 1804 1344 contra

223 1379 606 1436 Ahodritorum
653 1391 706 1438 et
749 1383 840 1454 qui
888 1381 1140 1438 dicuntur
1173 1381 1410 1436 Linones
1433 1377 1806 1434 ’defectiones

223 1471 674 1542 expeditionibus,
710 1475 824 1546 ipse
851 1489 948 1546 per
971 1473 1316 1530 Arduennam
1351 1481 1548 1528 venatu
1571 1485 1690 1528 sese
1711 1469 1804 1526 de-

225 1561 548 1620 lectabiliter
576 1579 862 1632 exercens,
893 1573 1108 1622 ceteros
1132 1563 1298 1620 totius
1327 1561 1479 1634 regni
1506 1561 1590 1616 sui
1623 1559 1808 1616 ﬁdeles

225 1658 370 1714 circa
395 1659 662 1716 Calendas
691 1661 1024 1734 Septembris
1059 1659 1428 1728 Cavallonem,
1459 1667 1519 1714 ut
1543 1657 1805 1724 condixe-

223 1755 328 1814 rat,
379 1749 480 1804 sibi
527 1749 718 1806 obvios
769 1749 958 1806 adesse
1008 1750 1284 1822 praecepit.
1327 1747 1560 1816 Quidam
1589 1747 1804 1802 tietiam

1905 547 2234 620 compulsus,
2265 555 2320 604 et
2355 547 2646 620 asperitate
2689 547 2882 604 hiemis
2910 547 3240 604 imminentis
3287 549 3476 606 deten-

1905 649 2012 704 tus,
2056 639 2302 696 absoluto
2347 639 2556 710 reliquo
2603 640 2871 706 exercitu,
2913 639 2980 696 ad
3015 637 3266 696 Pictavos
3295 641 3350 696 in
3399 640 3480 696 hi-

1903 731 2070 786 berna
2119 731 2406 788 concessit.
2469 729 2712 788 Saxones
2757 731 2962 788 interea
3011 739 3200 788 contra
3247 729 3484 788 Sorabos

1905 821 1996 894 qui
2050 821 2286 880 Colodici
2321 821 2651 888 dvocantur,
2699 823 2840 894 apud
2881 821 3274 892 Kesigesburch
3323 821 3478 876 dimi-

1903 923 2110 982 cantes,
2161 913 2474 970 cmlestibus
2521 913 2736 970 auxiliis
2781 912 2923 980 fulti,
2970 913 3256 970 victoriam
3303 913 3482 984 adepti

1905 1015 2050 1072 sunt,
2087 1021 2320 1078 regeque
2345 1005 2580 1076 ipsorum
2613 1003 2880 1060 Cimusclo
2903 1003 3206 1072 interfecto,
3237 1005 3484 1060 eamdem

1905 1099 2094 1154 urbem
2125 1109 2178 1154 et
2206 1097 2454 1154 undecim
2479 1095 2702 1154 castella
2733 1107 3026 1170 ceperunt;
3063 1095 3296 1168 receptis
3321 1095 3484 1152 etiam

1907 1188 2262 1244 sacramentis
2303 1205 2334 1242 a
2381 1203 2508 1260 rege
2543 1189 2686 1244 inter
2715 1189 2932 1244 eosdem
2969 1187 3233 1244 tumultus
3265 1197 3486 1258 repente

1907 1291 2110 1346 creato,
2135 1281 2356 1352 insuper
2381 1281 2678 1346 obsidibus,
2707 1281 2932 1338 multam
2961 1289 3118 1346 terrae
3143 1279 3484 1346 indixerunt;

1907 1375 2000 1432 sed
2043 1385 2098 1431 et
2135 1375 2294 1448 legati
2343 1375 2686 1448 imperatoris
2717 1377 2786 1434 ad
2833 1375 3034 1434 Horich
3063 1375 3083 1406 ⁵
3125 1375 3274 1450 pacis
3313 1375 3486 1446 gratia

1907 1467 2118 1534 directi,
2153 1469 2382 1542 receptis
2407 1471 2784 1536 sacramentis,
2823 1467 3244 1536 indissolubile
3271 1469 3488 1540 pepige-

1909 1569 2052 1615 I‘Ulll.

2557 1629 2844 1690 DCCC-XL.

1981 1743 2278 1814 Imperator
2324 1753 2536 1812 autem,
2585 1743 2886 1802 nativitatis
2925 1755 3084 1818 atque
3137 1745 3492 1818 apparitionis

221 1839 411 1910 piratae
457 1841 512 1896 in
565 1841 852 1912 quamdam
899 1839 1086 1898 Frisia}
1129 1849 1338 1912 partem
1367 1840 1658 1906 irruentes,
1701 1853 1808 1894 non
1841 1829 1884 1888 Β
1911 1837 2195 1893 dominica:
2221 1837 2438 1904 festum,
2476 1839 2568 1894 sed
2597 1849 2650 1896 et
2679 1839 2851 1896 beatae
2881 1839 3062 1896 Mariae
3087 1855 3302 1912 semper
3329 1839 3490 1914 virgi-

222 1943 412 2000 parum
451 1931 778 1988 incommodi
804 1933 1006 1988 nostris
1033 1933 1230 1988 ﬁnibus
1253 1933 1570 1988 intulerunt.
1595 1929 1806 1990 Direxit

223 2029 276 2076 et
303 2020 495 2078 Oricos
537 2017 734 2079 missos
763 2021 830 2078 ad
859 2023 1272 2096 imperatorem,
1299 2023 1588 2095 quemdam
1617 2023 1806 2079 videli-

223 2123 330 2178 cet,
356 2114 508 2170 cuius
533 2115 772 2171 consiliis
789 2131 900 2187 prm
921 2117 1132 2172 cunctis
1165 2115 1330 2172 ﬁdere
1352 2123 1408 2171 et
1435 2116 1616 2172 omnia
1641 2131 1802 2188 agere

221 2205 529 2272 videbatur,
557 2215 762 2263 etcum
790 2221 856 2264 eo
893 2217 1144 2278 nepotem
1177 2223 1332 2264 suum
1369 2223 1596 2262 munera
1631 2205 1806 2278 genti-

223 2295 338 2350 litia
365 2295 688 2360 deferentes,
713 2299 864 2368 pacis
891 2299 1252 2368 amicitiaeque
1283 2299 1490 2354 arctius
1528 2297 1805 2352 stabilius-

224 2401 330 2458 que
359 2391 530 2460 gratia
572 2387 984 2456 conﬁrmandae;
1028 2389 1226 2460 quibus
1253 2389 1504 2444 hilariter
1541 2387 1808 2458 susceptis

225 2489 387 2552 atque
423 2481 743 2546 muneratis,
775 2481 900 2552 quia
939 2491 1159 2552 propter
1181 2477 1428 2552 quaedam
1469 2479 1808 2536 incommoda

225 2587 387 2642 super
411 2571 752 2628 Frisionibus
787 2571 1176 2644 querebantur,
1209 2571 1376 2628 duces
1405 2571 1614 2630 strenui
1641 2569 1810 2626 desti-

225 2663 334 2718 nati
377 2673 522 2730 sunt,
568 2663 660 2732 qui
699 2671 938 2734 tempore
963 2663 1262 2720 constituto
1307 2663 1414 2720 illis
1446 2663 1512 2718 de
1557 2661 1808 2724 omnibus

227 2753 488 2808 iustitiam
525 2755 900 2826 adimplerent.
945 2755 1248 2826 Imperator
1291 2765 1474 2812 autem
1519 2755 1812 2812 Cavallone

227 2845 458 2912 receptis
495 2841 758 2912 ﬁdelibus,
791 2845 842 2900 in
881 2843 1227 2914 Aquitaniam
1267 2847 1568 2900 exercitum
1593 2859 1808 2900 omnem

229 2935 510 3002 convertit,
541 2936 854 3006 pariterque
881 2935 1243 3016 tertioferme
1272 2937 1341 2992 ab
1377 2937 1510 2992 urbe
1535 2935 1809 2988 Arverno-

227 3045 346 3086 rum
381 3029 612 3086 miliario
653 3039 832 3086 castra
867 3043 1094 3102 ponens,
1141 3029 1440 3100 Aquitanos
1476 3027 1664 3084 obvios
1711 3027 1808 3080 ha-

227 3119 363 3186 buit,
395 3135 528 3190 quos
559 3117 668 3175 ﬁlio
693 3135 792 3176 suo
821 3119 1146 3176 sacramenti
1185 3119 1596 3190 interpositione
1623 3117 1802 3172 ﬁrma-

1908 1929 1992 1984 uis
2034 1927 2462 2000 puriﬁcationem
2513 1931 2566 1988 in
2619 1933 2752 1988 urbe
2793 1927 3136 1988 Pictavorum
3185 1933 3490 2000 celebrans,

1907 2027 2088 2074 motus
2127 2019 2482 2094 Aquitanicos
2509 2037 2834 2092 componere
2861 2024 3164 2094 satagebat,
3193 2039 3314 2078 cum
3358 2023 3494 2078 inte-

1909 2112 2008 2166 rim
2043 2113 2436 2182 prepinquante
2481 2111 2933 2186 quadragesimali
2977 2109 3372 2176 observatione,
3421 2113 3494 2168 si-

1907 2203 2138 2256 nistrum
2163 2201 2438 2272 quippiam
2471 2201 2546 2256 illi
2589 2203 2904 2258 nunciatum
2941 2211 3043 2270 est,
3075 2203 3374 2260 Ludoicum
3419 2203 3498 2258 vi-

1908 2291 2123 2356 delicet,
2157 2291 2324 2346 ﬁlium
2357 2309 2534 2360 suum,
2565 2303 2822 2370 consueta
2869 2295 3182 2350 iamdudum
3213 2295 3496 2354 insolentia

1909 2399 2081 2454 usque
2129 2382 2196 2438 ad
2243 2383 2490 2440 Rhenum
2543 2387 2692 2458 regni
2743 2385 3168 2457 gubernaculmn
3211 2401 3492 2458 usurpare.

1909 2473 2028 2541 Quo
2051 2474 2342 2530 admodum
2369 2476 2566 2532 nuncio
2595 2488 2796 2544 motus,
2821 2477 3022 2532 relictis
3042 2475 3282 2548 Augusta
3307 2485 3361 2532 et
3387 2475 3496 2532 ﬁlio

1910 2563 2106 2622 Carolo
2132 2581 2256 2620 cum
2287 2583 2396 2623 non
2431 2583 2602 2638 pauca
2627 2579 2780 2640 parte
2819 2569 3092 2624 exercitus
3129 2571 3180 2623 in
3213 2571 3346 2626 urbe
3385 2584 3496 2626 me-

1911 2667 2136 2722 morata,
2171 2659 2286 2730 ipse
2334 2659 2400 2714 ad
2449 2659 2618 2730 Aquis
2661 2659 2922 2732 palatium
2967 2659 3210 2726 veniens,
3255 2675 3496 2718 resurre-

1909 2749 2088 2804 ctione
2113 2749 2384 2804 dominica
2407 2747 2536 2806 inibi
2564 2749 2856 2818 celebrata,
2881 2749 3224 2806 Germaniam
3249 2760 3496 2822 transpo-

1910 2841 2016 2896 sito
2043 2839 2236 2896 Rheno
2259 2842 2576 2916 ingreditur,
2605 2841 2898 2916 fugatoque
2931 2845 3042 2900 ﬁlio
3069 2857 3120 2900 et
3161 2861 3494 2918 paganorum

1911 2942 2327 3006 exterarumque
2349 2937 2588 3006 gentium
2609 2937 2934 2994 adminicula
2964 2939 3124 2994 etiam
3149 2939 3228 2994 sui
3257 2955 3496 3010 praesen-

1915 3029 2008 3094 tia,
2049 3029 2412 3102 compluribus
2451 3031 2591 3086 datis
2643 3032 2976 3098 muneribus,
3015 3041 3322 3104 expetente,
3373 3049 3496 3088 eum

1913 3123 2138 3180 ulterius
2177 3123 2428 3196 persequi
2469 3125 2694 3180 destitit.
2737 3125 2981 3198 Eclypsis
3029 3125 3158 3182 solis
3207 3142 3266 3180 III
3319 3125 3498 3181 Nonas

229 3211 327 3264 vit.
351 3211 420 3266 Et
443 3211 744 3282 Augustam
775 3210 993 3279 quidem
1023 3225 1146 3266 cum
1177 3209 1288 3264 ﬁlio
1317 3209 1386 3263 ad
1415 3207 1667 3265 Pic‘tavos
1691 3221 1812 3264 sese
1839 3193 1886 3258 C
1919 3213 2041 3270 Maii
2073 3193 2200 3270 ante
2225 3193 2424 3270 nonam
2449 3227 2472 3254 ε
2495 3215 2602 3271 diei
2651 3193 3049 3272 boramvrnultis
3077 3217 3128 3270 in
3167 3215 3300 3272 locis
3327 3233 3356 3270 a
3383 3215 3498 3286 plu-

227 3303 534 3374 praecedere
556 3303 818 3370 decrevit,
848 3303 960 3373 ipse
983 3317 1116 3358 vero
1141 3303 1206 3358 ad
1221 3310 1458 3358 castrum
1481 3302 1626 3372 quod
1650 3301 1812 3372 vulgo

229 3393 548 3450 Cartilatum
571 3395 598 3434 δ
627 3395 826 3451 dicitur
865 3395 1165 3462 contendit,
1197 3395 1452 3464 quoniam
1483 3407 1549 3448 eo
1591 3393 1812 3462 quidam

233 3487 552 3558 complicum
597 3485 810 3558 Pippini
851 3487 872 3517 "
915 3487 1216 3544 consistere
1261 3487 1616 3552 ferebantur;
1671 3487 1812 3556 quod

231 3589 466 3634 castrum
500 3577 634 3634 nihil
663 3579 880 3650 quidem
908 3595 1074 3634 manu
1115 3579 1314 3636 artiﬁci
1361 3579 1624 3644 additum,
1662 3561 1816 3634 natii-

232 3672 332 3728 rali
361 3681 568 3728 tantum
615 3689 744 3744 rupe
789 3673 1014 3738 editum,
1059 3673 1188 3728 hinc
1217 3671 1344 3729 inde
1367 3671 1670 3744 praecipitio
1709 3671 1818 3724 val-

233 3765 364 3820 lium
391 3765 755 3832 muniebatur,
797 3773 998 3836 praeter
1033 3763 1354 3820 orientalem
1383 3763 1664 3820 dumtaxat
1690 3775 1818 3832 par-

241 3865 369 3920 tem,
395 3871 499 3928 qua
533 3869 702 3928 parvo
731 3857 1018 3913 admodum
1045 3857 1331 3912 intervallo
1361 3853 1661 3910 continenti
1687 3853 1817 3908 diri-

235 3949 416 4004 mitur.
445 3949 504 4004 In
532 3965 638 4019 quo
681 3957 860 4006 tamen
893 3949 1253 4005 consistentes
1290 3947 1572 4004 obsidione
1627 3943 1696 3999 ad
1726 3943 1818 4000 de-

239 4041 498 4097 ditionem
521 4041 714 4110 coegit,
747 4041 932 4110 eisque
961 4040 1374 4096 consuetissima
1393 4039 1596 4110 pietate
1627 4037 1814 4102 vitam,

155 4181 160 4186 .
237 4131 478 4188 membra
515 4141 572 4188 et
609 4131 971 4188 hereditatem
1019 4133 1308 4188 concessit.
1359 4131 1488 4188 Inde
1531 4133 1588 4188 in
1637 4139 1820 4204 partes

241 4223 506 4282 Torennae
527 4235 575 4292 ο,
610 4239 718 4296 quo
739 4223 986 4280 inﬁdeles
1013 4225 1128 4280 eius
1169 4225 1482 4282 delitescere
1511 4223 1820 4296 frustraque

241 4321 498 4378 resistere
541 4321 924 4388 moliebantur,
955 4321 1164 4376 abitum
1211 4319 1460 4387 divertit;
1501 4335 1692 4378 verum
1737 4319 1822 4374 bis

239 4415 294 4468 in
341 4415 554 4470 diversa
587 4417 909 4486 vagantibus
961 4417 1304 4488 sparsimque
1349 4433 1565 4488 quaqua
1605 4432 1822 4472 versum

239 4505 613 4576 fugitantibus,
637 4507 984 4578 imperatoris
1005 4507 1278 4564 exercitus
1294 4509 1554 4564 continua
1575 4505 1820 4562 autumni

241 4597 532 4652 serenitate
569 4597 806 4668 solisque
835 4599 1174 4654 inclementia
1225 4615 1332 4654 non
1377 4615 1567 4670 parum
1617 4601 1823 4654 incom-
1851 4573 1903 4634 Β

241 4689 516 4746 moditatis
537 4699 794 4760 expertus
819 4701 920 4746 est.
955 4691 1088 4746 Nam
1117 4691 1266 4748 febre
1295 4692 1532 4746 maxima
1561 4707 1629 4746 ex
1669 4699 1822 4776 parte

241 4787 542 4850 correptus,
573 4783 772 4851 partim
817 4783 1090 4848 occubuit,
1125 4783 1320 4852 partim
1370 4781 1682 4838 difﬁcillima
1737 4797 1822 4838 re-

1919 3307 2072 3362 rimis
2101 3307 2218 3364 visa
2254 3317 2355 3362 est.
2393 3307 2694 3380 Imperator
2733 3325 2862 3366 vero
2897 3325 2926 3364 a
2971 3311 3344 3380 persequendo
3393 3309 3502 3366 ﬁlio

1917 3399 2150 3464 rediens,
2174 3409 2455 3472 correptus
2479 3401 2667 3456 morbo
2697 3401 2752 3456 in
2807 3401 2982 3458 insula
3017 3403 3186 3458 Rheni
3215 3403 3354 3458 infra
3391 3403 3500 3458 Ma—

1917 3491 2156 3562 guntiam
2185 3493 2252 3546 ad
2281 3501 2624 3564 prospectum
2665 3491 3032 3565 Inguienheim
3067 3494 3252 3566 palatii
3285 3493 3388 3548 sita
3421 3509 3496 3548 xu

1917 3581 2186 3638 Kalendas
2209 3581 2322 3638 Iulii
2354 3582 2638 3640 defunctus
2657 3593 2760 3640 est.

1989 3673 2296 3738 Lotharius,
2345 3681 2620 3742 comperto
2673 3674 2934 3746 genitoris
2985 3673 3166 3740 obitu,
3229 3675 3298 3730 ab
3351 3673 3498 3730 Italia

1919 3765 2120 3822 Gallias
2159 3767 2462 3836 ingressus,
2495 3767 2614 3822 iura
2655 3775 2864 3824 natura:
2911 3777 3302 3840 transgressus,
3325 3771 3496 3842 impe-

1921 3860 2126 3914 ratorio
2163 3859 2340 3916 elatus
2373 3861 2614 3928 nomine,
2643 3861 2695 3916 in
2745 3874 3034 3932 utrumque
3079 3862 3328 3930 fratrem,
3373 3865 3504 3920 Hla-

1921 3949 2184 4008 dowicum
2211 3951 2458 4008 videlicet
2479 3959 2534 4008 et
2551 3951 2824 4020 Carolum,
2857 3954 3126 4010 hostiliter
3149 3965 3417 4022 armatur,
3449 3967 3506 4010 et

1923 4057 2066 4098 nunc
2087 4043 2254 4110 hunc,
2279 4059 2423 4100 nunc
2449 4043 2600 4100 illum
2623 4045 2812 4118 prtelio
2835 4047 3064 4120 impetit,
3093 4048 3186 4104 sed
3215 4057 3503 4118 utrumque
3573 4075 3588 4090 -

1921 4133 2103 4192 minus
2127 4149 2408 4206 prospere.
2444 4133 2750 4194 Secundum
2777 4153 2932 4194 suam
2969 4139 3247 4212 dumtaxat
3269 4139 3504 4196 insolen-

1925 4227 2052 4282 tiam
2071 4235 2286 4300 patrato
2307 4227 2545 4297 negotio,
2571 4229 2892 4300 quibusdam
2923 4231 3322 4302 conditionibus
3339 4247 3508 4304 usque

1924 4319 1992 4375 ad
2019 4317 2230 4390 tempus
2265 4319 2334 4374 ab
2375 4327 2606 4391 utroque
2651 4321 2932 4388 discessit;
2965 4338 3066 4380 nec
3095 4331 3270 4378 tamen
3317 4333 3506 4380 contra

1923 4427 2038 4480 eos,
2067 4427 2160 4468 seu
2181 4411 2322 4470 clam
2347 4427 2442 4470 seu
2471 4413 2778 4480 manifeste,
2805 4415 3130 4486 pravitatem
3153 4431 3266 4472 suae
3297 4415 3506 4486 cupidi-

1929 4509 2058 4564 tatis
2088 4515 2252 4578 atque
2277 4507 2614 4568 crudelitatis
2641 4509 2848 4566 destitit
2867 4511 3190 4568 machinari.

2563 4663 2872 4722 DCCCXLI.

2003 4783 2350 4842 Hludowicus
2395 4793 2576 4842 autem
2613 4797 2672 4842 et
2707 4787 2954 4858 Carolus,
3003 4791 3138 4846 alter
3181 4791 3344 4854 ultra,
3377 4789 3514 4846 alter

1463 4915 1852 4976 VARIANTES
1887 4917 2290 4974 LECTIONES.

319 5011 332 5040 ¹
355 5009 640 5068 Wltzoruln
653 5009 750 5068 Ch.
773 5009 908 5068 etB.
977 5011 998 5042 ¹
1019 5011 1130 5082 leg:
1157 5009 1450 5072 Saxonica).
1523 5008 1547 5050 ³
1567 5007 1678 5062 Iino
1699 5005 1801 5064 Ch.
1879 5007 1901 5039 ⁵
1927 5007 2204 5078 pippinum
2231 5005 2328 5068 Ch.
2405 5007 2428 5040 ⁸
2447 5009 2522 5062 ita
2543 5011 2786 5074 correxi;
2813 5005 3000 5064 Chesn.
3021 5017 3068 5064 et
3097 5009 3264 5084 Bouq.
3293 5011 3512 5070 Corioli.

1781 5139 1990 5198 ΝΟΤΔΕ
2001 5183 2014 5194 .

319 5249 344 5278 ιι
369 5235 494 5292 Haec
515 5235 792 5318 exscripta
831 5242 962 5317 sunt
1007 5235 1074 5318 iq
1089 5233 1358 5318 Chronico
1401 5235 1466 5290 de
1495 5233 1832 5288 Not-manno-

249 5317 558 5432 "iter:
663 5303 1254 5448 resinata...
1277 5345 1316 5428 ·.
1349 5391 1459 5446 ρυο
1497 5391 1675 5448 pagus.
1690 5375 1827 5448 car-

249 5449 516 5504 tilatensis
545 5463 737 5503 nomen
777 5449 1004 5516 accepit,
1025 5445 1078 5500 ie
1117 5445 1400 5501 (Inimici.
1435 5445 1630 5502 valesii
1659 5447 1824 5502 Notit.

249 5519 410 5583 6311.,
435 5535 488 5590 p.
521 5517 642 5574 I50.

323 5601 344 5630 ο
379 5589 635 5646 Tuumne.

321 5661 550 5734 diPagus
593 5661 936 5734 principatus
975 5659 1384 5734 Anhaltini,__iu_
1427 5675 1532 5734 quo
1573 5661 1830 5734 oppidum

253 5729 644 5788 Kotherfsituin
673 5729 940 5802 cst,quod
975 5733 1076 5786 sub
1099 5747 1230 5786 voce
1263 5729 1634 5800 Kesigesburrh
1667 5731 1834 5786 latere

251 5813 450 5874 posset.
477 5801 638 5858 Certe
665 5801 1022 5874 qued’primo
1063 5803 1114 5856 in
1149 5811 1382 5858 mentem
1417 5802 1598 5856 venire
1625 5811 1834 5874 poterat

1935 5231 2260 5308 {Vienburclb
2291 5237 2692 5308 _monasteriu_m
2739 5245 3016 5308 antiquum
3069 5239 3134 5294 ad
3185 5241 3522 5300 conﬂuentes

1931 5303 2096 5378 ﬁndat
2121 5315 2175 5360 et
2217 5304 2564 5378 Salagantea
2611 5303 3086 5378 Thangmaresfeld
3127 5311 3400 5370 audiebat.
3431 5313 3516 5370 Cf.

1931 5373 2465 5452 Beckmauti,__ﬂist_.
2493 5373 2895 5452 serenissima
2931 5379 3124 5436 domus
3175 5383 3516 5452 Auhaltinaz,

1933 5461 2054 5517 pag.
2087 5445 2214 5502 428.
2253 5446 2506 5517 Οιινοῃὶρί
2547 5445 2930 5504 Gottwicensis
2977 5459 3166 5506 auctor
3195 5453 3311 5508 loco
3357 5445 3516 5511 Kcsi-l

1932 5515 2170 5594 Qesburg,
2213 5517 2342 5594 legit
2387 5515 2720 5594 Resigeburg,
2771 5529 2826 5574 et
2861 5519 3178 5594 iRosenburg
3228 5541 3282 5578 Ill
3327 5527 3520 5584 dextra

1935 5587 2076 5712 Salia:
2099 5591 2212 5712 tl'ipa
2235 5587 2652 5668 interpretatur.
2669 5587 2792 5658 'Qua
2841 5593 2906 5646 de
2945 5607 3002 5648 re
3033 5587 3202 5650 codex
3231 5595 3344 5666 ipse
3385 5615 3518 5653 con-

1937 5677 1996 5712 su
2021 5675 2110 5712 em
2129 5675 2190 5712 us
2213 5669 2334 5712 erit.

1937 5669 2190 5716 sulendus
2213 5669 2334 5712 erit.

2013 5745 2034 5768 ιε
2066 5729 2222 5784 Circa
2275 5731 2588 5798 meridiem;
2645 5731 2716 5786 cf.
2779 5733 2906 5789 I'Art
2953 5737 3016 5792 de
3049 5737 3254 5808 vériﬁer
3299 5739 3369 5794 (es
3425 5739 3523 5794 da-

1940 5813 2034 5855 (08.
