3974 6344
479 409 609 464 1591

1476 404 1534 461 S.
1574 403 1945 463 PRUDENTII
1985 402 2365 463 TRECENSIS
2399 399 2703 460 EPISCOPI

3632 399 3777 454 139i

477 519 616 574 citra
650 517 922 583 Rnenum,
953 516 1153 588 partim
1188 517 1260 580 vi,
1294 517 1492 588 partim
1523 518 1710 584 minis,
1743 519 1940 589 partim
1969 519 2065 575 ho-
2092 525 2142 583 Α
2169 536 2274 591 que
2321 519 2658 586 mandatum,
2707 522 2770 571 ut
2807 514 2896 572 die
2935 513 3198 582 crastina,
3242 529 3349 586 qua
3388 515 3644 572 eiusdem
3695 516 3776 572 rei

482 611 746 676 noribus,
783 610 981 682 partim
1031 611 1352 682 quibusdam
1399 611 1820 676 conditionibus,
1876 627 2064 668 omnes

479 702 717 772 partium
746 717 967 757 suarum
996 701 1096 757 sibi
1123 703 1208 756 vel
1254 704 1491 758 subdunt
1525 703 1611 759 vel
1654 703 1962 760 conciliant.
1999 703 2065 757 Et

479 787 772 845 Lotharius
807 789 1023 858 quidem
1064 790 1254 846 diebus
1277 791 1704 862 quadragesima:
1732 791 2065 863 Moguntiam

480 895 652 950 usque
678 880 939 936 adversus
977 880 1350 937 Hludowicum
1378 883 1716 952 procinctum
1749 884 1932 948 ducit;
1971 883 2066 940 sed

480 973 780 1029 obsistente
824 971 962 1042 ipso,
999 987 1032 1026 a
1065 973 1294 1028 transitu
1335 972 1574 1028 fluminis
1599 973 1688 1028 diu
1723 974 2062 1041 abstinetur;

481 1081 666 1120 verum
690 1073 811 1120 astu
836 1064 1070 1134 quodam
1097 1074 1262 1135 atque
1287 1065 1513 1135 perfidia
1547 1066 1726 1136 populi
1752 1066 2068 1136 Hludowico

480 1155 799 1212 inhaerentis
855 1155 871 1186 ⁸
918 1155 1177 1210 Lothario
1209 1164 1541 1222 transeunte,
1587 1157 1934 1212 Illudowicus
1969 1158 2069 1212 Ba-

480 1251 705 1307 ioariam
731 1250 941 1322 petivit.
970 1249 1223 1305 Carolum
1246 1267 1460 1323 quoque
1483 1267 1513 1306 a
1535 1251 1799 1322 Sequanae
1839 1253 2068 1309 transitu

482 1343 725 1401 Lotharii
775 1343 1061 1414 multiplex
1117 1345 1346 1415 populus
1399 1345 1590 1400 nititur
1636 1344 1914 1411 inhibere;
1976 1345 2069 1415 qui

483 1443 684 1501 tamen,
708 1435 854 1491 virili
873 1435 1162 1507 prudentia
1195 1437 1560 1507 prudentique
1587 1436 1789 1492 virtute
1817 1445 2068 1508 transpo-

480 1527 586 1585 sito
635 1529 876 1598 flumine,
935 1547 1124 1588 omnes
1175 1532 1230 1587 in
1277 1533 1459 1604 fugam
1504 1532 1588 1588 bis
1632 1541 1821 1602 terque
1870 1532 2065 1604 coegit.

480 1619 794 1690 Lotharius,
824 1624 1008 1680 audita
1055 1641 1278 1681 suorum
1331 1625 1455 1698 fuga
1485 1625 1775 1694 Carolique
1809 1626 2065 1694 adventu,

435 1761 438 1764 .
481 1715 679 1772 iterum
715 1717 964 1774 Rhenum
1010 1719 1331 1789 transponit,
1380 1719 1765 1791 dispositisque
1809 1721 2068 1777 adversus

481 1807 855 1866 Hludowicum
891 1811 1176 1877 custodiis,
1206 1811 1422 1867 obviam
1453 1811 1648 1867 Carolo
1682 1810 2063 1882 proficiscitur.

2171 611 2343 683 gratia
2370 611 2423 666 in
2447 610 2568 666 loco
2594 608 2787 665 eodem
2825 607 3021 664 stativa
3053 607 3382 670 habuerunt,
3413 615 3773 663 mortuorum

2172 701 2468 766 cadavera,
2515 707 2678 770 prout
2731 697 2994 770 temporis
3034 697 3059 729 ⁸
3101 696 3483 768 opportunitas
3532 696 3777 763 sineret,

2173 791 2462 862 sepultura:
2496 790 2838 846 mandarent.
2875 789 2934 844 In
2963 805 3073 861 quo
3102 788 3291 860 praelia
3329 787 3634 858 Georgius,
3669 787 3778 844 Ra-

2171 882 2420 938 vennatis
2456 882 2762 953 episcopus,
2787 897 2817 936 a
2843 879 3112 954 Gregorio
3139 880 3383 936 Romano
3409 880 3686 950 pontiﬁce
3709 880 3781 935 ad

2173 974 2491 1030 Lotharium
2545 973 2850 1044 fratresque
2902 973 3018 1029 eius
3066 973 3217 1044 pacis
3274 974 3451 1043 gratia
3501 973 3776 1037 directus,

2174 1067 2266 1122 sed
2288 1083 2317 1120 a
2339 1065 2598 1122 Lothario
2619 1065 2892 1132 detentus,
2917 1079 3093 1136 neque
3119 1065 3187 1118 ad
3207 1065 3406 1120 fratres
3426 1066 3631 1120 venire
3653 1080 3780 1136 per-

2173 1157 2394 1225 missus,
2425 1165 2615 1227 captus
2648 1165 2750 1223 est,
2801 1165 2854 1213 et
2899 1173 3023 1213 cum
3070 1157 3278 1213 honore
3316 1157 3384 1211 ad
3411 1157 3650 1229 propria
3689 1172 3777 1211 rc-

2174 1249 2391 1304 missus.
2417 1247 2710 1304 Lotharius
2733 1259 2883 1317 terga
2908 1257 3124 1304 vertens
3161 1257 3216 1305 et
3255 1249 3609 1321 Aquasgrani
3653 1265 3780 1321 per-

2175 1340 2420 1406 veniens,
2473 1338 2719 1396 Saxones
2765 1349 3086 1411 ceterosque
3129 1338 3371 1395 confine:
3418 1340 3781 1395 restaurandi

2174 1433 2345 1504 pmlii
2393 1438 2566 1505 gratia
2603 1434 2707 1490 sibi
2737 1433 3035 1490 conciliare
3088 1433 3290 1501 studet,
3325 1433 3378 1488 in
3440 1443 3694 1498 tantum,
3723 1445 3784 1486 ut

2177 1525 2484 1581 Saxonibus
2511 1525 2604 1596 qui
2625 1525 2888 1598 Stellinga
2909 1525 2937 1566 ἀ
2971 1525 3334 1598 appellantur,
3369 1540 3619 1595 quorum
3645 1524 3783 1580 mul-

2176 1617 2412 1689 tiplicior
2450 1633 2712 1674 numerus
2746 1619 2802 1674 in
2861 1633 3050 1675 eorum
3101 1626 3262 1690 gente
3296 1618 3558 1684 habetur,
3607 1620 3782 1688 optio-

2175 1724 2300 1765 nem
2347 1709 2736 1780 cuiuscumque
2783 1707 2916 1782 legis
2957 1709 3042 1764 vel
3090 1709 3440 1779 antiquorum
3491 1708 3782 1764 Saxonum

2177 1801 2603 1868 consuetudinis,
2650 1809 2829 1857 utram
2881 1817 3069 1857 earum
3116 1800 3358 1867 mallent,
3389 1801 3778 1864 concesserit;

484 1899 829 1958 illudowicus
855 1903 910 1958 in
949 1903 1195 1959 Lotltarii
1216 1904 1478 1960 adversus
1523 1920 1581 1962 se
1631 1904 1922 1976 dispositas
1965 1913 2072 1960 tur-
2098 1888 2146 1948 B
2173 1896 2266 1968 qui
2305 1910 2521 1967 semper
2538 1895 2607 1950 ad
2632 1895 2770 1950 mala
2796 1894 3080 1966 proclives,
3115 1894 3288 1966 magis
3317 1894 3488 1950 ritum
3536 1911 3780 1966 pagano-

481 2009 600 2049 mas
640 1995 874 2061 irruens,
907 2011 1212 2068 magnaque
1238 2011 1303 2052 ex
1357 2004 1512 2067 parte
1564 1995 1925 2052 internecioni
1975 1995 2070 2052 do-

482 2101 638 2151 nans,
668 2096 880 2144 ceteros
909 2089 965 2145 in
991 2089 1171 2161 fugam
1195 2090 1334 2161 egit'
1369 2084 1440 2145 ac'
1462 2090 1655 2146 deinde
1687 2090 1883 2147 Carolo
1913 2090 2069 2145 fratri

481 2193 639 2249 opem
690 2180 898 2238 laturus
949 2198 1244 2253 properare
1295 2182 1536 2237 festinat.
1571 2183 1781 2240 Interea
1809 2197 1836 2224 ει
1879 2183 2071 2253 pirata:

484 2268 758 2326 Danorum
798 2273 870 2328 ab'
915 2287 1120 2328 oceano
1149 2272 1355 2343 Euripo
1379 2273 1407 2313 ι)
1451 2273 1682 2340 devecti,
1722 2275 2010 2329 Rotumam
2043 2284 2066 2312 ο

483 2361 778 2429 irruentes,
803 2363 1028 2434 rapinis,
1053 2363 1217 2429 ferro,
1242 2362 1462 2434 ignique
1483 2363 1832 2428 bacchantes,
1858 2365 2069 2430 urbem,

484 2454 808 2520 monachos,
840 2454 1216 2526 reliquumque
1251 2454 1470 2525 vulgum
1499 2464 1555 2511 et
1591 2454 1832 2511 caedibus
1857 2463 1913 2510 et
1939 2471 2071 2526 cap-

484 2546 701 2601 tivitate
755 2547 1264 2618 pessumdederunt,
1299 2555 1355 2603 et
1387 2547 1572 2602 omnia
1621 2547 1950 2603 monasteria
1976 2562 2073 2602 seu

483 2653 838 2708 quaecumque
869 2638 988 2694 loca
1038 2637 1246 2694 flumini
1299 2638 1565 2707 Sequana:
1611 2641 1941 2696 adh-.erentia
1983 2647 2076 2695 aut

485 2727 793 2798 depopulati
822 2735 968 2794 sunt,
1003 2737 1095 2783 aut
1116 2729 1301 2784 multis
1330 2731 1570 2801 acceptis
1601 2731 1846 2800 pecuniis
1883 2731 2075 2786 territa

484 2818 817 2891 relinquunt.
848 2818 1164 2875 Hludowico
1192 2821 1423 2891 denique
1449 2821 1834 2894 propinquanti
1857 2823 1878 2853 '
1910 2822 2076 2878 Caro-

484 2912 570 2968 lus
621 2912 790 2969 frater
835 2929 1048 2969 summo
1111 2913 1384 2970 desiderio
1433 2924 1597 2985 atque
1647 2931 1834 2972 amore
1881 2915 2076 2971 obvius

487 3004 658 3070 venit,
690 3004 1004 3076 pariterque
1028 3004 1324 3070 coniuncti,
1370 3006 1512 3061 sicut
1550 3005 1793 3063 fraterna
1823 3008 2074 3072 caritate,

489 3095 563 3151 ita
591 3097 755 3152 etiam
779 3105 1084 3153 castrorum
1127 3097 1448 3163 metatione,
1488 3099 1720 3154 convivii
1753 3099 1916 3154 etiam
1947 3113 2077 3153 con—

489 3187 840 3258 siliorumque
870 3189 1104 3255 unitate,
1127 3190 1268 3261 apud
1294 3187 1524 3245 fratrem
1555 3188 1871 3245 Lotharium
1915 3204 2076 3259 super

2172 2008 2292 2048 rum
2332 1991 2557 2058 imitari,
2583 2006 2744 2061 quam
2779 1990 3091 2046 christiana
3142 1987 3267 2044 fidei
3314 1998 3678 2045 sacramenta
3709 1997 3780 2044 te-

2172 2101 2302 2143 nere
2325 2086 2654 2156 delegerunt.
2682 2083 2958 2150 Herioldo,
2990 2083 3084 2155 qui
3117 2099 3241 2139 cum
3262 2083 3464 2139 ceteris
3494 2083 3778 2138 Danorum

2173 2179 2464 2235 maritimis
2486 2177 2826 2233 incommoda
2861 2185 3013 2232 tanta
3035 2175 3119 2232 sui
3145 2191 3309 2232 causa
3333 2176 3399 2230 ad
3426 2177 3616 2246 patris
3649 2176 3782 2229 iniu-

2173 2272 2312 2327 riam
2367 2271 2668 2336 invexerat,
2701 2268 3001 2325 Gualacras
3051 2281 3074 2308 ε
3120 2268 3334 2338 aliaque
3379 2268 3401 2299 '
3447 2267 3778 2324 vicinaloa

2173 2364 2334 2420 huius
2356 2363 2534 2418 meriti
2571 2361 2747 2434 gratia
2781 2361 2839 2416 in
2865 2359 3186 2416 beneficium
3232 2357 3489 2415 contulit.
3539 2358 3779 2430 Dignum

2175 2469 2306 2511 sane
2327 2453 2473 2509 omni
2509 2452 2870 2509 detestatione
2921 2450 3150 2516 facinus,
3201 2458 3260 2504 ut
3302 2449 3395 2520 qui
3437 2448 3590 2504 mala
3636 2450 3778 2504 chri-

2176 2546 2371 2603 stianis
2391 2543 2708 2610 intulerant,
2734 2544 2898 2600 iidem
2925 2542 3349 2599 christianorum
3387 2539 3560 2595 terris
3588 2548 3649 2595 et
3683 2555 3777 2610 po-

2174 2638 2318 2710 pulis
2347 2635 2658 2706 Christique
2679 2634 2926 2692 ecclesiis
2967 2633 3379 2704 pratferrentur,
3406 2641 3475 2686 ut
3517 2646 3779 2702 persecu-

2177 2736 2324 2784 tores
2347 2727 2475 2783 fidei
2506 2725 2820 2782 christiana:
2869 2724 3074 2782 domini
3117 2723 3549 2780 christiani-rum
3581 2723 3780 2777 existe-

2178 2829 2324 2886 rent,
2374 2829 2431 2876 et
2457 2820 2764 2877 dzemonum
2811 2817 3112 2875 cultoribus
3145 2816 3432 2873 christiani
3464 2813 3659 2887 populi
3693 2816 3779 2870 de-

2178 2913 2467 2969 servirent.

2249 3004 2598 3061 Hludowicus
2643 3004 2845 3075 partim
2893 3000 3193 3060 terroribus
3217 3041 3234 3067 ,
3298 2998 3510 3072 partim
3583 2999 3777 3071 gratia,

2181 3098 2458 3154 Saxonum
2489 3096 2707 3168 quidem
2748 3093 3072 3166 complures,
3109 3091 3550 3156 Austrasiorum,
3594 3090 3780 3145 Torin-

2181 3205 2370 3261 gorum
2427 3197 2593 3258 atque
2636 3186 3061 3241 Alamannorum
3117 3199 3228 3239 sua:
3275 3197 3475 3239 omnes
3529 3181 3784 3251 subiugat

488 3280 640 3352 pacis
668 3289 725 3335 et
749 3256 1350 3347 unanimitatis,-totius
1377 3297 1596 3352 quoque
1625 3280 1805 3352 populi
1837 3289 1892 3336 et
1924 3256 2075 3352 regni
2105 3256 2150 3320 (ἶ
2183 3256 2394 3336 ditioni.
2440 3256 2688 3346 Garolus,
2736 3278 3033 3350 dispositis,
3087 3286 3348 3347 quantum
3395 3275 3782 3348 opportunitas

490 3370 903 3440 gubernatione,
929 3372 1278 3428 creberrimis
1307 3373 1328 3404 ³
1361 3372 1722 3444 legationibus
1744 3373 2078 3444 satisagunt;

489 3461 584 3532 qui
632 3471 812 3517 tamen
849 3460 1165 3532 saepissimis
1207 3477 1302 3518 eos
1347 3463 1539 3534 legatis
1567 3473 1623 3520 et
1653 3464 1972 3520 iuramentis
2001 3465 2081 3519 lu-

489 3553 646 3619 dens,
676 3542 894 3608 tandem
927 3561 1145 3623 recepto
1173 3553 1242 3608 ab
1268 3553 1560 3623 Aquitania
1591 3553 1838 3626 Pippino,
1864 3554 2080 3626 Pippini

489 3644 693 3702 dudum
741 3644 982 3701 defuncti
1013 3644 1204 3702 fratris
1251 3646 1383 3710 tilio,
1417 3645 1470 3700 in
1521 3661 1657 3718 pago
1687 3645 2077 3713 Altiodorensi,

492 3736 550 3792 in
585 3736 702 3792 loco
748 3737 841 3807 qui
883 3737 1085 3793 dicitur
1113 3737 1464 3802 Fontanidus,
1514 3747 1805 3810 utrumque
1856 3737 2080 3795 fratrem

491 3829 647 3900 regni
670 3828 1012 3898 portionibus
1036 3827 1222 3883 hostili
1253 3837 1514 3898 apparatu
1535 3829 1751 3898 privare
1777 3831 2072 3886 contendit.

491 3921 735 3994 Cumque
785 3922 850 3976 ad
881 3922 1032 3992 pacis
1079 3921 1548 3993 fraternitatisque
1598 3924 1948 3980 concordiam
1980 3924 2080 3979 mi-

493 4014 639 4069 nime
657 4015 901 4070 revocari
929 4022 1132 4085 posset,
1162 4014 1337 4070 obviis
1360 4015 1620 4071 fratribus
1640 4017 1869 4088 septimo
1891 4017 2082 4071 Kalen-

423 4115 434 4124 '
495 4107 594 4162 das
651 4105 768 4161 lulii
823 4106 910 4162 die
962 4107 1190 4162 sabbato
1255 4122 1415 4162 mane
1472 4107 1840 4179 interceptus,
1898 4109 2082 4165 multis

493 4199 766 4267 utrimque
790 4182 1128 4263 cadentibus,
1160 4197 1526 4267 compluribus
1551 4198 1872 4270 profligatis,
1905 4201 2080 4271 turpi-

494 4301 580 4348 ter
604 4293 782 4348 victus
819 4291 1048 4362 aufugit.
1091 4290 1396 4346 Palantium
1441 4303 1620 4347 autem
1667 4295 1844 4349 caedes
1873 4294 2082 4364 passim

496 4383 824 4455 agitabatur,
875 4383 1047 4439 donec
1099 4383 1447 4441 Hludowicus
1499 4393 1555 4441 et
1601 4385 1830 4443 Carolus
1880 4389 2083 4460 pietate

497 4477 770 4534 ferventes
808 4477 878 4533 ab
912 4492 1103 4532 eorum
1142 4478 1516 4535 interfectione
1543 4480 1867 4536 cessandum
1896 4482 2084 4538 decre-

494 4579 722 4640 verunt;
755 4571 888 4643 quin
926 4570 1092 4627 etiam
1139 4570 1352 4642 longius
1397 4588 1429 4627 a
1451 4572 1648 4627 castris
1675 4573 1900 4629 obtentu
1939 4575 2084 4630 chri-

495 4661 791 4720 stianitatis
814 4661 1084 4735 fugientes
1125 4662 1381 4733 persequi
1429 4661 1730 4732 desierunt,
1785 4665 2084 4737 episcopis-

2186 3388 2366 3428 rerum
2395 3372 2414 3403 ‘
2451 3371 2601 3439 sivit,
2650 3370 2989 3441 Aquitanicis
3037 3369 3298 3440 partibus,
3338 3383 3440 3438 per
3483 3367 3786 3424 Cenoman-

2184 3481 2282 3521 nos
2348 3465 2367 3504 ί
2387 3505 2402 3530 ,
2467 3463 2708 3518 Parisios
2775 3471 2938 3532 atque
2999 3459 3312 3532 Bellovagos
3362 3461 3387 3498 ⁸
3412 3498 3428 3525 ,
3497 3457 3786 3513 Franciam

2182 3570 2487 3626 permeans,
2552 3552 2951 3608 Hasbanienses
2974 3551 3002 3591 ιι
3048 3549 3180 3615 adit,
3209 3548 3425 3620 sibique
3453 3548 3583 3619 plus
3603 3563 3786 3603 amore

2183 3665 2347 3722 quam
2376 3651 2570 3704 timore
2595 3648 2869 3704 conciliat.

2253 3739 2562 3805 Lotharius,
2591 3738 2768 3794 Rheni
2807 3754 2969 3795 amne
3002 3739 3355 3810 transposito,
3399 3734 3788 3793 Hludowicum

2184 3809 2325 3886 δὲιιο
2342 3832 2601 3901 impetere
2630 3830 2856 3886 moliens
2889 3831 2933 3896 ",
2961 3809 3292 3902 cogitatuum
3312 3844 3547 3885 suorum
3575 3827 3786 3884 conati-

2183 3920 2616 3986 bus°frustatus,
2651 3920 2704 3974 in
2723 3919 2975 3976 Carolum
3005 3921 3187 3976 subito
3211 3921 3466 3982 vertitur,
3492 3929 3788 3974 ratuseum

2185 4015 2396 4086 longius
2425 4031 2454 4068 a
2487 4013 2654 4070 fratre
2684 4014 3002 4071 Hludowico
3034 4017 3328 4088 separatim
3356 4031 3690 4088 aggressum
3717 4015 3789 4067 fa-

2185 4106 2343 4163 cilius
2365 4106 2743 4162 evincendum.
2798 4107 3028 4164 Carolus
3076 4108 3330 4164 Lotitiam
3393 4106 3788 4162 iParisiorutr

2187 4215 2490 4272 regressus,
2519 4202 2748 4258 transito
2795 4200 3045 4272 Sequana
3085 4200 3305 4257 flumine
3329 4199 3588 4256 Lotharii
3630 4198 3787 4254 moli-

2187 4294 2426 4350 tionibus
2451 4293 2543 4349 diu
2573 4294 2810 4351 obsistit.
2853 4295 3145 4352 Lotharius
3175 4294 3610 4366 transpositione
3639 4291 3787 4346 ﬂuvii

2187 4387 2514 4460 prohibitus,
2562 4388 2870 4458 superiores
2915 4388 3084 4460 ipsius
3138 4395 3404 4458 expetens
3431 4395 3646 4456 partes,
3699 4397 3792 4454 per

2188 4478 2632 4551 Mauripensemi
2671 4495 2868 4553 pagum
2921 4479 3162 4536 Senones
3213 4485 3486 4550 penetrat,
3540 4476 3693 4531 unde
3741 4483 3792 4529 et

2191 4573 2566 4629 Cenomannos
2617 4571 2765 4628 nullo
2804 4572 3022 4644 negotio
3053 4571 3263 4636 adiens,
3306 4577 3508 4626 cuncta
3559 4567 3787 4638 rapinis,

2197 4667 2482 4733 incendiis,
2518 4667 2739 4737 stupris,
2767 4666 3086 4738 sacrilegiis,
3131 4664 3606 4734 sacramentisque
3659 4660 3791 4716 adeo

1722 4821 2115 4882 VABIANTES
2153 4757 2558 4883 LEC’I'IONES.

572 4939 591 4992 ί
621 4925 948 5042 inhaerentes
994 4957 1090 5012 Ch.

499 5042 697 5085 censui.

498 5100 646 5168 tibus
665 5100 806 5156 deest
837 5097 936 5155 Ch.

1194 4957 1216 5028 ξ
1245 4955 1644 5028 prOpinquante
1696 4956 1791 5013 ΟΛ.
1873 4960 1894 4992 ⁸
1917 4961 2286 5019 celeberrimis
2315 4961 2415 5018 Ch.
2491 4960 2516 4994 ⁸
2544 4977 2610 5018 co

785 5029 808 5061 ⁸
829 5029 1129 5094 invexerat,
1173 5026 1364 5085 Gaula‘
1383 5026 1650 5096 Crusalia,
1684 5042 1804 5098 quae
1853 5031 2036 5088 vicina
2086 5033 2203 5091 loco
2227 5032 2327 5090 Clt.
2421 5032 2444 5066 '
2473 5026 2658 5090 rerum
2685 5033 2828 5090 deat
2853 5031 2954 5090 Cit.
3049 5034 3073 5068 "
3101 5026 3348 5092 molliens
3373 5031 3474 5089 Cit.
3579 5032 3784 5089 ’ωηο

2613 4961 2789 5033 rporis
2839 4961 2938 5033 C_It.
2984 4971 3034 5018 et
3073 4961 3140 5017 Β.
3190 4961 3344 5030 Quod
3393 4962 3783 5033 emendandu-

2038 5198 2270 5257 NOTAE.

574 5307 758 5382 {Haec
785 5323 840 5363 Ill
889 5305 1157 5363 Chronico
1183 5304 1252 5362 de
1303 5305 1468 5378 gestis
1513 5302 1949 5382 Normannorum
1983 5324 2081 5366 ex-

502 5379 835 5437 scribuntur.

575 5451 604 5491 δ
625 5449 788 5506 Fr’eto
813 5449 1090 5518 Caietano,
1119 5447 1306 5504 Canal.

574 5531 600 5558 ο
634 5519 833 5575 Rouen.

573 5590 602 5632 ἀ
628 5592 711 5662 Cf.
745 5591 988 5662 Nithardi
1015 5589 1182 5657 Hist.,
1213 5590 1307 5647 lib.
1353 5604 1429 5658 Iv,
1458 5606 1578 5662 cap.
1609 5590 1662 5646 2.

580 5675 605 5702 ο
634 5660 947 5718 Walcheren
973 5662 1170 5719 insula.

585 5732 604 5769 ῐ
638 5729 709 5783 Le
734 5730 908 5786 Mam.

582 5803 609 5839 ⁸
636 5798 914 5855 Beauvais.

579 5871 608 5910 h
636 5868 794 5923 Circa
817 5869 1094 5926 Leodiunt.

2267 5311 2286 5353 ί
2315 5309 2356 5366 l.
2380 5325 2430 5367 e.
2453 5307 2750 5367 Lutetiam.

2264 5381 2278 5432 i
2319 5382 2503 5438 Abbas
2527 5381 2742 5438 Lebeuf
2760 5389 2916 5464 putat
2948 5379 3339 5464 hiant-ipenan
3359 5393 3564 5449 pagum
3590 5389 3783 5464 ester

2189 5469 2311 5509 sum
2363 5468 2486 5508 esse
2543 5469 2699 5509 secus
2739 5447 2913 5524 ripam
2971 5447 3249 5508 dexteram
3305 5447 3578 5520 sequam:
3622 5461 3788 5574 πήξει

2191 5524 2356 5574 etiam
2384 5539 2679 5574 narumner
2701 5537 2861 5574 secus
2889 5523 3164 5574 dexteram
3212 5521 3424 5574 [cauum
3453 5521 3654 5574 rinam.
3729 5538 3786 5574 οε

2191 5524 2356 5580 etiam
2380 5539 2679 5604 parumper
2701 5521 2861 5604 secus
2889 5521 3424 5604 dexteramnlc‘auuaa.
3453 5521 3786 5604 ripamjo:

2196 5605 2354 5650 catur
2380 5587 2698 5651 Morivebsis
2740 5594 2794 5649 in
2837 5594 2977 5649 actis
3017 5593 3204 5662 synodi
3241 5587 3557 5647 Suessionis
3589 5587 3786 5647 habita:

2196 5682 2341 5715 anno
2358 5664 2502 5715 862:
2533 5674 2590 5715 et.
2617 5664 2884 5715 Mor-visus
2912 5664 2966 5715 in
2987 5663 3166 5715 Caroli
3205 5662 3355 5715 Calvi
3379 5662 3637 5715 capitulis
3679 5661 3785 5715 Sil-

2194 5664 2502 5731 an110862;
2533 5674 2590 5720 et
2617 5664 2884 5720 Morvisus
2912 5664 2966 5718 in
2987 5663 3166 5720 Caroli
3205 5662 3355 5718 Calvi
3379 5662 3637 5732 capitulis
3679 5662 3785 5718 Sil-

2193 5736 2538 5807 vacensibus,
2577 5751 2667 5791 an.
2693 5735 2818 5807 855.
2843 5734 3053 5807 Lingua
3076 5732 3361 5807 vernacula
3400 5733 3590 5807 dictus
3611 5732 3788 5807 fuerat

2197 5805 2524 5932 ξοΜοηςοὶσ,
2555 5806 2898 5876 postmodum
2928 5801 3186 5875 corrupto
3208 5802 3426 5861 nomine
3451 5803 3501 5858 lc
3529 5801 3784 5859 Μοιιιοέε.

2276 5893 2360 5932 uo.

2276 5893 2360 5940 UQ.
