3974 6344
245 488 384 546 1595

1698 485 2036 543 ANNALES.

3375 482 3513 540 13οι
3594 568 3600 572 _

245 605 487 671 inturiat,
520 613 580 658 ut
602 618 668 658 ne
688 603 755 658 ab
776 603 907 675 ipsis
929 603 1105 675 adytis
1129 612 1473 675 temperaret.
1501 603 1633 657 Nam
1658 616 1820 673 quos-
1849 606 1900 666 Α
1926 602 2146 656 vitatem
2192 603 2553 672 celebrantes,
2598 605 2848 662 homines
2896 605 3133 676 ipsarum
3180 602 3415 673 partium
3445 602 3515 658 ad

244 711 478 769 cumque
505 695 750 752 salvandi
805 696 980 768 gratia
1024 696 1290 769 repositos
1336 697 1422 752 vel
1478 697 1534 752 in
1579 696 1825 753 ecclesiis

245 787 329 844 vel
356 787 412 844 in
441 801 629 842 earum
658 785 1058 860 gazophylaciis
1103 787 1406 852 thesauros,
1452 787 1617 842 etiam
1643 802 1824 842 sacer-

244 878 460 935 dotibus
508 886 564 935 et
610 887 918 934 ceterorum
965 879 1215 935 ordinum
1256 879 1471 936 clericis
1519 879 1824 935 iuramento

243 974 529 1040 devinctis,
594 974 835 1045 reperire
880 964 1090 1047 potuit,
1151 973 1366 1031 auferre
1415 990 1524 1030 non
1577 974 1816 1041 distulit;

243 1071 390 1142 ipsas
417 1085 630 1140 quoque
651 1070 1091 1127 sanctimoniales
1128 1069 1324 1126 divinis
1351 1069 1587 1126 cultibus
1613 1069 1822 1125 deditas

243 1158 472 1215 feminas
529 1159 581 1214 in
623 1160 708 1216 sui
755 1170 1095 1217 sacramenta
1133 1163 1330 1232 coegit.
1391 1160 1620 1217 Carolus
1679 1161 1822 1231 apud

241 1251 484 1307 Parisius
533 1251 734 1308 diutius
781 1253 1100 1321 diversatus,
1135 1255 1319 1310 urbem
1350 1253 1688 1320 Catalaunis,
1727 1253 1822 1309 do-

243 1345 455 1401 minica:
512 1345 811 1404 nativitatis
872 1340 1070 1404 festum
1125 1348 1200 1404 ibi
1254 1348 1627 1406 celebraturus
1726 1347 1824 1403 ad-

241 1435 407 1490 venit.
970 1463 975 1469 -

865 1507 1198 1567 DCCCXLll.

311 1618 438 1675 lnde
485 1620 686 1677 Trecas
725 1621 932 1688 adiens,
987 1639 1087 1694 per
1122 1623 1403 1680 Alsensem
1453 1636 1480 1666 ει
1520 1639 1723 1695 pagum
1765 1631 1820 1680 et

243 1708 453 1764 Tullum
503 1711 794 1776 civitatem,
831 1713 1026 1785 Vosegi
1074 1715 1216 1770 saltu
1267 1716 1616 1786 transposito,
1655 1730 1821 1785 penes

240 1802 658 1875 Argentoratum
685 1805 874 1862 urbem
905 1805 1062 1862 fratri
1110 1806 1426 1862 llludowico
1453 1803 1824 1877 coniungitur.

241 1893 528 1951 Lotharius
555 1895 699 1952 nulla
734 1897 948 1968 penitus
972 1912 1070 1953 sua
1109 1911 1402 1953 suorumve
1431 1895 1667 1951 utilitate
1688 1895 1822 1950 infe-

1925 712 2048 753 sese
2095 697 2424 770 refugientes
2463 703 2795 772 suscipiunt,
2835 700 3168 772 fratremque
3206 699 3228 731 '
3258 697 3515 770 persequi

1926 791 2270 848 desistentes.
2328 793 2534 862 Quibus
2582 792 2954 865 multipliciter
3006 792 3272 864 receptis,
3323 789 3512 848 fratris

1923 884 2128 940 abitum
2152 885 2322 958 gradu
2361 887 2688 944 tardiusculo
2742 888 3121 958 insequuntur,
3163 885 3292 956 quia
3315 884 3336 916 '
3367 883 3513 956 apud

1922 975 2120 1034 fratres
2169 994 2330 1048 super
2374 981 2526 1050 pacis
2577 979 2784 1037 findere
2829 979 2958 1036 licet
2995 979 3197 1034 invitus
3225 986 3505 1044 satagens,

1921 1068 2130 1141 legatos
2155 1072 2352 1142 quibus
2380 1072 2673 1144 plurimum
2698 1073 2974 1128 nitebatur
2997 1071 3200 1144 dirigit.
3230 1069 3414 1127 Electo
3433 1069 3503 1125 ad

1922 1159 2029 1217 hoc
2087 1164 2364 1234 negotium
2421 1166 2441 1197 '
2492 1164 2816 1221 Matasconis
2866 1165 3019 1220 urbis
3078 1163 3277 1220 vicinio
3306 1203 3322 1229 ,
3380 1161 3511 1217 illuc

1925 1251 2197 1327 utrimque
2241 1257 2437 1322 coitur,
2471 1266 2526 1314 et
2571 1258 2856 1329 utriusque
2900 1257 3072 1328 partis
3120 1265 3302 1312 castra
3333 1256 3505 1311 Arare

1921 1344 2085 1402 fluvio
2114 1349 2417 1415 dirimente,
2461 1350 2515 1405 in
2551 1350 2838 1420 quamdam
2879 1349 3111 1406 insulam
3137 1348 3379 1404 eiusdem
3404 1345 3508 1400 llu-

1923 1439 2087 1494 minis
2115 1441 2480 1496 adcommune
2501 1441 2827 1512 colloquium
2860 1451 3254 1512 aspectumque
3280 1447 3498 1495 coeunt.

1930 1527 2030 1583 Ubi
2081 1530 2239 1585 venia
2277 1531 2342 1586 de
2389 1532 2680 1603 praeteritis
2710 1547 2998 1603 perperam
3037 1531 3206 1604 gestis
3256 1529 3502 1585 vicissim

1922 1621 2190 1690 postulata
2215 1632 2377 1694 atque
2402 1633 2644 1696 accepta,
2679 1633 3083 1681 sacramentum
3114 1638 3330 1695 quoque
3371 1622 3512 1678 alter

1925 1717 2080 1773 alteri
2111 1731 2250 1772 verae
2273 1719 2421 1789 pacis
2459 1717 2924 1790 fraternitatisque
2959 1719 3299 1782 iuraverunt,
3345 1724 3402 1770 et
3442 1717 3509 1770 de

1926 1810 2076 1880 regni
2126 1809 2291 1864 totius
2315 1811 2486 1880 inquis
2516 1811 2858 1882 portionibus
2896 1810 3210 1882 diligentius
3248 1806 3513 1863 faciendis

1925 1901 2181 1958 Kalendis
2233 1901 2560 1960 Octobribus
2617 1905 2674 1960 in
2738 1905 2872 1960 urbe
2932 1896 3462 1960 Mediomatricorum
3493 1941 3510 1966 ,

241 1988 412 2044 riores
438 1989 626 2046 Gallia:
650 2001 834 2060 partes
863 1998 1150 2061 tantopere
1181 1989 1490 2061 populatus,
1515 2004 1644 2061 erga
1668 1987 1820 2044 Pari-
1847 1975 1896 2036 Β
1922 1994 2078 2052 Metis
2114 1997 2375 2052 vocabulo
2402 1998 2446 2063 ⁸,
2489 1999 2864 2056 decreverunt.
2909 1999 2986 2054 Ea
3016 2006 3332 2070 tempestate
3371 1997 3512 2053 Nor-

239 2081 444 2136 siorum
463 2081 718 2137 Lotitiam
742 2081 962 2137 fluvium
993 2080 1258 2153 Sequanae
1288 2081 1577 2144 transiens,
1602 2079 1816 2150 Aquas-

239 2172 394 2242 grani
448 2173 628 2240 rediit,
686 2172 1022 2245 fratrumque
1071 2174 1506 2229 coniunctionem
1551 2165 1815 2238 aitdiens,

239 2278 380 2334 aegre
411 2263 548 2319 tulit.
573 2263 921 2322 Hludowicus
940 2275 997 2322 et
1021 2263 1270 2332 Carolus,
1320 2280 1429 2336 quo
1469 2265 1574 2320 sibi
1611 2263 1820 2320 ﬁrmius

238 2353 464 2422 populos
484 2354 701 2424 utrique
726 2355 968 2412 subditos
991 2364 1290 2422 necterent,
1333 2365 1676 2413 sacramento
1701 2371 1822 2411 sese

241 2442 502 2499 alterutro
529 2444 919 2512 devinxerunt;
965 2445 1149 2501 fideles
1177 2462 1392 2516 quoque
1429 2446 1610 2516 papuli
1653 2447 1822 2516 partis

242 2536 523 2607 utriusque
550 2540 671 2611 pari
695 2556 754 2596 se
792 2542 1098 2598 iuramento
1120 2543 1590 2609 constrinxerunt,
1613 2552 1674 2597 ut
1701 2551 1824 2597 uter

239 2627 552 2682 eorumdem
591 2629 821 2687 fratrum
853 2633 1114 2690 adversus
1141 2633 1372 2690 alterum
1417 2632 1634 2689 sinistri
1666 2634 1824 2704 quip-

239 2719 384 2789 piam
434 2722 738 2793 moliretur,
789 2726 979 2784 relicto
1030 2744 1253 2800 prorsus
1303 2739 1526 2784 auctore
1580 2729 1819 2796 dissidii,

239 2824 428 2867 omnes
450 2829 572 2871 sese
599 2816 668 2872 ad
695 2827 1030 2876 servatorem
1075 2819 1435 2876 fraternitatis
1462 2821 1823 2892 amicitiaeque

239 2913 634 2962 converterent.
673 2907 878 2977 Quibus
926 2911 1180 2980 patratis,
1213 2915 1283 2967 ad
1311 2911 1631 2968 Lotharium
1675 2915 1824 2984 pacis

240 2995 409 3063 gratia
436 2995 706 3069 dirigunt;
738 3001 830 3072 qui
861 3001 1051 3074 legatis
1101 3018 1288 3058 eorum
1334 3019 1364 3057 a
1423 3003 1504 3058 sui
1535 3005 1824 3074 praesentia

243 3092 404 3153 atque
437 3087 728 3160 conloquio
759 3092 1028 3158 inhibitis,
1070 3093 1137 3147 ad
1167 3093 1539 3150 obsistendum
1564 3092 1824 3150 fratribus

241 3192 299 3232 se
323 3194 556 3250 suosque
598 3183 868 3240 hostiliter
899 3195 1186 3256 praeparat.
1215 3185 1334 3255 Quo
1363 3188 1415 3242 in
1455 3187 1709 3244 Sentiaco
1744 3189 1759 3225 '
1793 3188 1820 3228 1)

241 3270 468 3339 palatio,
515 3289 546 3328 a
577 3274 795 3331 Mosella
823 3275 1042 3333 flumine
1082 3290 1205 3335 octo
1245 3279 1416 3336 ferme
1457 3279 1672 3336 milibus
1695 3296 1823 3337 con—

241 3367 477 3427 structo,
508 3363 750 3421 eiusdem
775 3368 796 3398 ¹
839 3369 1152 3424 transeundi
1193 3368 1504 3425 facultatem
1546 3371 1824 3441 dispositis
1850 3339 1898 3405 θ

242 3453 500 3508 custodiis
551 3455 874 3527 denegante,
925 3457 1271 3515 Hludowicus
1339 3461 1536 3527 navali,
1598 3461 1824 3517 Carolus

243 3543 482 3612 equestri
507 3557 787 3617 apparatu,
825 3557 1060 3604 castrum
1102 3549 1447 3608 Confluentes
1480 3554 1820 3622 perveniunt,

243 3633 424 3706 ibique
474 3635 747 3693 Mosellam
785 3641 1012 3696 viriliter
1054 3642 1074 3674 ³
1129 3643 1363 3698 transire
1411 3644 1821 3711 inchoantibus,

243 3739 432 3781 omnes
461 3726 706 3784 Lotharii
740 3732 981 3788 excubiae
1026 3732 1288 3790 velociter
1329 3732 1674 3806 aufugerunt.
1721 3735 1826 3790 Lo-

248 3817 478 3886 tharius,
529 3821 809 3892 inopinato
840 3824 1064 3880 fratrum
1105 3827 1338 3882 adventu
1363 3828 1606 3892 territus,
1637 3828 1820 3893 cessit,

243 3910 576 3982 sublatisque
595 3918 807 3972 cunctis
832 3917 900 3972 ad
919 3918 1242 3989 Aquisgrani
1265 3919 1466 3988 palatio
1489 3927 1600 3974 tam
1625 3929 1825 3976 sanctae

247 4002 428 4060 Marias
456 4021 617 4076 quam
661 4009 933 4078 regalibus
982 4012 1274 4078 thesauris,
1301 4011 1452 4069 disco
1479 4015 1645 4068 etiam
1671 4013 1825 4068 mira:

243 4095 631 4165 magnitudinis
674 4103 738 4150 ac
762 4097 1178 4168 pulchritudinis
1217 4110 1494 4172 argenteo,
1544 4103 1597 4158 in
1634 4119 1740 4173 quo
1770 4111 1825 4158 et

243 4185 389 4241 orbis
416 4187 580 4243 totius
605 4187 894 4260 descriptio
937 4199 991 4246 et
1037 4199 1306 4248 astrorum
1355 4193 1739 4262 consideratio,
1770 4202 1826 4250 et

246 4278 429 4334 varius
483 4280 820 4350 planetarum
879 4283 1178 4351 discursus,
1235 4285 1424 4342 divisis
1472 4287 1540 4342 ab
1594 4287 1824 4342 invicem

245 4368 453 4439 spatiis,
502 4371 667 4441 signis
708 4367 1158 4432 eminentioribus
1205 4375 1412 4448 sculpta
1455 4377 1745 4432 radiabant
1775 4388 1822 4442 ο,

244 4461 612 4530 particulatim
642 4465 900 4534 praesciso
948 4466 1166 4537 suisque
1213 4467 1525 4532 distributo,
1562 4483 1592 4522 a
1631 4467 1827 4536 quibus

247 4559 453 4619 tamen,
475 4555 725 4624 quamvis
757 4557 862 4612 tale
893 4557 1146 4613 mercede
1185 4559 1483 4621 conductis,
1513 4573 1610 4630 per
1636 4566 1828 4614 contu-

247 4639 436 4696 bernia
485 4645 762 4700 turmatim
810 4647 1160 4704 deserebatur
1177 4650 1358 4720 ‘,‘per
1393 4648 1705 4706 Catalaunis
1741 4647 1826 4703 fu-

246 4732 421 4802 giens,
477 4736 618 4805 apud
659 4737 860 4796 Trecas
899 4741 1136 4811 paschali
1182 4741 1524 4798 solemnitate
1577 4751 1820 4813 peracta,

245 4909 452 4980 pinam,
479 4907 704 4973 Carolus
742 4918 796 4973 in
829 4918 1135 4978 Heristallio
1172 4921 1375 4994 palatio
1403 4923 1648 4980 eamdem
1673 4923 1826 4980 festi-

1848 4699 1902 4760 D

246 4817 563 4889 Lugdunum
583 4826 756 4894 petiit.
789 4827 1130 4886 Hludowicus
1151 4846 1315 4902 penes
1331 4830 1611 4888 Coloniam
1636 4832 1825 4906 Agrip—
1863 4829 1868 4832 ’

1921 2103 2242 2142 mannorum
2275 2089 2464 2144 classis
2502 2091 2555 2144 in
2585 2091 2826 2161 emporio
2860 2091 3004 2160 quod
3037 2090 3404 2158 Quantovicus
3430 2086 3453 2120 ’
3483 2084 3510 2126 ά

1921 2175 2139 2241 dicitur,
2174 2179 2458 2248 repentino
2485 2179 2584 2232 sub
2605 2179 2782 2235 lucem
2827 2180 3059 2235 adventu
3090 2177 3506 2250 depraedationi-

1921 2268 2044 2332 bus,
2081 2268 2398 2339 captivitate
2437 2278 2494 2323 et
2525 2284 2656 2324 nece
2703 2285 2865 2326 sexus
2895 2270 3180 2342 utriusque
3227 2269 3507 2325 hominum

1923 2359 2059 2414 adeo
2088 2359 2407 2415 debacchati
2435 2369 2582 2426 sunt,
2610 2369 2669 2415 ut
2698 2360 2832 2416 nihil
2873 2361 2928 2416 in
2967 2376 3034 2417 eo
3063 2369 3260 2432 praeter
3283 2357 3512 2414 aediﬁcia

1921 2451 2098 2521 pretio
2153 2450 2196 2482 ¹⁰
2240 2453 2518 2522 redempta
2554 2453 2946 2522 relinquerent.
2995 2452 3303 2508 Maurorum
3347 2451 3512 2505 etiam

1923 2540 2113 2611 piratae
2141 2557 2239 2612 per
2264 2542 2778 2616 Rhodanum-prope
2800 2545 3080 2600 Arelatum
3110 2543 3295 2610 delati,
3319 2551 3512 2598 cuncta

1925 2631 2128 2702 passim
2156 2632 2468 2702 depraedati,
2502 2633 2723 2705 impune
2751 2635 2992 2690 oneratis
3014 2633 3244 2690 navibus
3275 2634 3509 2704 regressi
3583 2639 3604 2652 ‘

1926 2734 2070 2781 sunt.
2115 2725 2344 2800 Carolus
2392 2734 2575 2782 autem
2608 2743 2639 2782 a
2692 2727 3005 2784 Matascone
3035 2727 3380 2798 Aquitaniam
3434 2727 3515 2781 in-

1927 2833 2149 2888 gressus
2195 2828 2357 2890 atque
2409 2829 2756 2892 pervagatus,
2816 2822 2884 2877 ad
2929 2829 3290 2877 memoratum
3328 2818 3513 2890 placiti

1927 2909 2104 2966 locum
2154 2921 2210 2966 et
2267 2918 2476 2982 tempus
2520 2913 2708 2968 venire
2757 2929 2865 2968 non
2922 2912 3148 2968 distulit.
3218 2910 3514 2966 Lotharius

1927 2999 2070 3071 apud
2119 2999 2416 3072 Augustam
2466 3001 2828 3058 Treverorum
2875 3002 3083 3074 legatos
3130 3001 3442 3059 Graecorum
3486 3012 3510 3038 θ

1902 3094 2170 3168 suscipit,
2199 3095 2386 3166 eisque
2435 3095 2716 3158 absolutis.
2741 3095 2983 3151 eiusdem
3035 3095 3217 3166 placiti
3267 3103 3513 3165 tempore

1929 3189 2132 3259 palatio
2164 3189 2308 3260 quod
2339 3187 2646 3244 Theodonis
2674 3189 2801 3244 villa
2821 3189 3020 3244 dicitur
3049 3188 3268 3244 resedit.

1999 3281 2368 3350 llludowieus,
2435 3290 2721 3352 peragrata
2765 3282 2914 3338 omni
2957 3281 3232 3346 Saxonia,
3286 3289 3514 3337 cunctos

1929 3373 2030 3429 sibi
2059 3381 2287 3431 eatenus
2315 3374 2641 3430 obsistentes
2669 3375 2724 3428 vi
2757 3374 2797 3406 ”
2834 3383 2997 3444 atque
3040 3381 3250 3428 terrore
3293 3372 3368 3427 ita
3395 3387 3519 3442 per-

1928 3467 2154 3530 domuit,
2182 3475 2243 3521 ut
2287 3466 2694 3538 comprehensis
2736 3467 2988 3530 omnibus
3014 3463 3328 3520 auctoribus
3353 3471 3516 3517 tanta)

1927 3557 2241 3628 impietatis,
2291 3558 2384 3628 qui
2429 3567 2484 3612 et
2526 3557 2881 3613 christianam
2925 3555 3084 3611 fidem
3115 3569 3254 3624 pene
3284 3552 3518 3622 relique-

1927 3659 2069 3717 rant,
2099 3661 2155 3705 et
2191 3651 2292 3706 sibi
2329 3651 2548 3720 suisque
2578 3649 2828 3705 fidelibus
2850 3658 3131 3718 tantopere
3159 3647 3506 3713 obstiterant,

1927 3741 2031 3796 MO
2058 3739 2251 3809 capitis
2284 3740 2656 3808 amputatione
2681 3739 2962 3810 plecteret,
3003 3739 3072 3794 M
3109 3738 3353 3809 patibulo
3382 3754 3515 3810 pen-

1927 3831 2099 3895 deret,
2151 3829 2465 3885 innumeros
2513 3831 2880 3885 membrorum
2941 3831 3260 3901 praecisione
3307 3828 3515 3886 debiles

1929 3919 2204 3987 redderet,
2237 3919 2550 3992 nullumque
2596 3921 2697 3977 sibi
2729 3922 2996 3977 ullatenus
3038 3921 3396 3993 refragantem
3429 3937 3514 3977 re-

1927 4012 2216 4082 linqueret.
2246 4012 2459 4068 lnterea
2508 4013 2902 4069 Beneventanis
2947 4013 3088 4068 inter
3119 4028 3176 4068 se
3205 4012 3516 4069 dissidenti-

1926 4104 2049 4168 bus,
2086 4102 2376 4160 Sarraceni
2404 4106 2473 4160 ab
2500 4102 2684 4159 Africa
2713 4106 2781 4161 ab
2806 4106 2885 4161 eis
2928 4105 3164 4171 invitati,
3191 4105 3368 4176 primo
3396 4106 3516 4176 qui-

1929 4194 2051 4250 dem
2073 4193 2450 4262 auxiliatores,
2496 4196 2838 4267 postmodum
2875 4211 3006 4252 vero
3053 4196 3273 4253 violenti
3301 4198 3514 4253 insecu-

1929 4295 2096 4352 tores,
2125 4285 2388 4358 plurimas
2405 4287 2687 4342 civitatum
2711 4288 2763 4342 vi
2789 4288 3056 4345 obtinent.
3081 4288 3308 4345 Carolus
3330 4305 3515 4347 mense

1928 4375 2148 4433 Octobri
2187 4379 2256 4433 ab
2298 4379 2434 4433 urbe
2481 4377 3016 4434 Mediomatricorum
3070 4379 3336 4452 Vangium
3391 4397 3514 4452 pro-

1928 4469 2120 4533 fectus,
2149 4466 2463 4524 Hludowico
2517 4467 2675 4525 fratri
2727 4471 3091 4544 coniungitur.
3120 4472 3328 4541 Quibus
3381 4473 3511 4528 inibi

1929 4558 2131 4614 diutius
2156 4559 2593 4626 immorantibus,
2633 4567 2690 4615 et
2714 4562 2898 4619 missis
2935 4563 3249 4620 alternatim
3289 4563 3359 4618 ad
3401 4563 3508 4618 Lo-

1930 4651 2168 4707 tharium
2217 4653 2706 4711 intercurrentibus
2756 4673 2820 4713 ac
2867 4657 2934 4713 de
2986 4658 3136 4728 regni
3169 4657 3508 4728 portionibus

1931 4742 2159 4798 multum
2211 4743 2410 4814 diuque
2464 4747 2912 4816 consultantibus,
2969 4749 3188 4804 tandem
3239 4749 3513 4805 inventum

1931 4842 2034 4898 est,
2066 4843 2123 4888 ut
2152 4834 2302 4890 missi
2332 4837 2566 4892 trecitiui
2595 4838 2614 4877 ἲ
2648 4854 2746 4911 per
2783 4840 3096 4896 universum
3137 4856 3248 4896 sum
3288 4841 3513 4897 ditionis

1934 4940 2160 4997 regnum
2195 4925 2580 4999 deligerentur,
2628 4945 2858 5000 quorum
2906 4929 3173 4986 industria
3205 4931 3515 5004 diligentior

1456 5039 1850 5098 VARIANTES
1884 5040 2288 5099 LECTIONES.

323 5122 340 5152 ¹
369 5120 486 5192 Quo
523 5124 829 5183 Hisentiaco
873 5127 970 5185 Ch.

244 5201 391 5261 gum.
495 5195 519 5227 ⁸
549 5195 768 5252 fratrem
799 5196 896 5253 Ch.

1065 5131 1084 5160 ⁸
1126 5139 1182 5186 et
1224 5132 1464 5188 eiusdem
1505 5130 1602 5186 Ch.

993 5200 1182 5273 ‘_qui?
1278 5203 1298 5234 ⁷
1340 5203 1622 5273 negocium
1673 5201 1770 5257 Ch.

1703 5133 1723 5164 ³
1752 5134 1890 5187 deest
1931 5130 2028 5186 Ch.

2121 5131 2142 5163 ⁸
2184 5134 2258 5186 ita
2284 5134 2575 5200 emendavi,
2612 5131 2712 5190 Ch.
2755 5142 2806 5187 et
2851 5131 2919 5187 B.
2977 5132 3382 5192 defererebatur
3429 5139 3510 5193 te-

1873 5202 1896 5232 “
1949 5203 2146 5258 iterum
2213 5206 2503 5260 convenire
2558 5204 2633 5258 vel
2674 5200 2822 5256 aliud
2870 5205 3126 5258 eiusmodi
3163 5217 3284 5261 ante
3325 5206 3514 5264 decre-

243 5266 964 5346 veruntexcidisseﬁvidetur.
1037 5266 1442 5346 9'quentovicus
1471 5270 1568 5326 Ch.
1649 5274 1690 5304 ¹⁰
1719 5272 1899 5344 precio
1927 5271 2024 5327 Ch.
2105 5275 2148 5306 ¹¹
2199 5275 2275 5328 sic
2319 5273 2594 5344 legendum
2631 5289 2846 5341 censeo;
2890 5272 2985 5328 Ch.
3029 5275 3357 5334 obsistentes
3398 5280 3506 5346 sui,

245 5339 409 5403 atque
445 5343 674 5406 terrore,
700 5335 767 5392 B.
791 5335 1123 5397 obsistentes
1151 5345 1369 5414 suisque
1418 5351 1650 5399 terrore.

1775 5431 2008 5490 NOT/E.

316 5529 344 5558 ι
367 5518 550 5596 Abbas
570 5517 781 5596 Lebcuf
792 5519 1070 5596 Alsensem
1093 5531 1248 5593 putat
1266 5539 1607 5596 pagumgesse
1631 5525 1824 5580 l‘Azois

245 5587 470 5722 giitum,
525 5589 669 5646 inter
706 5589 906 5648 Trecas
924 5589 988 5648 et
1033 5587 1372 5651 Barrum'ad
1419 5595 1630 5651 Albam.
1679 5597 1821 5651 Bou-

281 5675 311 5713 υ
352 5675 407 5714 τ.

281 5675 407 5714 υΕτ.

315 5729 344 5769 ιο
375 5730 576 5804 Sinzig.

315 5809 340 5878 ξ
373 5799 768 5878 Eginhardi
787 5805 965 5862 Vitam
987 5805 1189 5873 Caroli,
1214 5821 1332 5878 cap.
1358 5808 1450 5864 '53.

273 5940 285 5951 .
313 5870 340 5910 ἀ
367 5871 470 5951 Alii
498 5870 687 5944 putant
715 5875 1115 5951 Quantovicpmg
1153 5870 1329 5951 locum
1355 5894 1476 5936 esse
1524 5879 1594 5934 ad
1633 5877 1816 5951 Quan-

249 5943 379 5997 tiam
414 5943 599 6014 situm,
627 5943 919 6020 non’longe
949 5965 979 6005 a
1007 5947 1266 6016 Stabulis,
1295 5959 1388 6006 aut
1426 5966 1458 6006 a
1485 5943 1816 6006 monasterio

1929 5528 2102 5583 sancti
2149 5526 2376 5590 Judoci,
2427 5526 2480 5598 in
2532 5527 2887 5598 Ambianensi
2934 5529 3184 5598 dioecesi;
3239 5530 3329 5587 alii
3379 5549 3511 5592 vero

1926 5599 2100 5667 ipsum
2139 5612 2258 5672 esse
2282 5597 2475 5672 _sa_ncti
2516 5596 2709 5672 dudoci
2737 5601 3124 5672 monasterium
3171 5596 3504 5672 egistimant.

1930 5658 2210 5740 Quatovici
2251 5666 2459 5740 cladem
2513 5669 2568 5724 in
2598 5685 2800 5726 annum
2823 5663 2928 5728 ειη
2979 5669 3156 5740 rejicit
3197 5658 3506 5732 Chronic—on

1932 5735 2361 5792 Fontanellense.
2389 5739 2555 5805 Bono.
2879 5745 2883 5749 ’

1998 5818 2022 5846 ο
2057 5807 2115 5862 ld
2137 5815 2219 5862 est
2240 5805 2537 5868 Theodorae
2575 5812 2829 5885 Augustae
2873 5822 2928 5872 et
2953 5813 3226 5874 Michaelis
3247 5817 3364 5888 ejus
3388 5816 3504 5876 lilii.

1922 5879 2090 5941 Bono.

1997 5947 2017 5988 ί
2045 5947 2103 6004 ld
2122 5956 2206 6005 est
2229 5949 2444 6007 triceni.
