3974 6344
477 473 498 526 i
511 471 614 527 395

1479 469 1536 524 S.
1579 466 1943 523 PRUDENTII
1985 465 2364 520 'I‘RECENSIS
2407 463 2706 520 EPISCOPI

3617 454 3758 510 I590

475 575 765 650 descriptio
791 580 966 645 ﬁeret,
1014 581 1168 635 cuius
1195 579 1333 634 serie
1389 579 1551 633 trium
1597 578 1823 632 fratrum
1852 577 2048 646 aequis-
2077 581 2124 639 Α
2153 575 2562 642 Beneventanis,
2623 575 2716 629 Dei
2758 572 2964 627 auxilio
3015 572 3082 627 de
3111 570 3216 627 illis
3257 571 3503 640 partibus
3559 569 3760 624 Sarra-

473 679 608 733 sima
649 691 934 749 regnorum
977 675 1168 732 divisio
1207 673 1654 743 irrefragabiliter
1682 680 1886 728 statuto
1913 679 2050 726 tem-

473 783 603 838 pore
655 776 962 840 patraretur
1013 786 1023 820 :
1075 766 1271 838 quibus
1341 765 1654 829 destinatis,
1705 763 2050 820 Hludowicus

472 859 820 916 Germaniam
848 859 1085 929 repedat,
1130 857 1419 914 Lotharius
1469 857 1812 913 medioximis
1843 857 1860 887 ¹
1896 856 2048 926 regni

473 954 805 1010 Francorum
856 952 1203 1017 immoratur;
1259 950 1486 1008 Carolus
1533 950 1864 1005 Carisiacum
1901 948 2051 1021 pala-

471 1047 606 1100 tium
628 1045 872 1110 veniens,
903 1044 1265 1109 Ermendrud,
1289 1053 1505 1113 neptem
1525 1041 1778 1098 Adalardi
1811 1041 2047 1105 comitis,

472 1153 692 1193 uxorem
723 1137 894 1204 ducit,
923 1145 1089 1207 atque
1141 1136 1436 1207 Augustam
1484 1134 1953 1197 Viromandorum,
1984 1133 2052 1188 ad

471 1227 784 1283 memoriam
811 1227 1062 1283 videlicet
1104 1227 1250 1283 beati
1279 1225 1520 1294 Quintini
1554 1222 1833 1295 martyris,
1861 1222 2052 1278 nativi-

431 1319 596 1376 ‘tatis
652 1319 862 1374 Domini
913 1329 968 1376 et
1005 1318 1359 1391 apparitionis
1410 1317 1604 1373 festum
1657 1316 2048 1380 celebraturus,

471 1409 849 1479 proﬁciscitur.
883 1409 1028 1466 lnter
1072 1411 1187 1466 haec
1216 1416 1552 1466 terramotus
1607 1407 1660 1463 in
1707 1406 2054 1463 inferioribus

471 1501 657 1556 Galliae
684 1501 860 1558 factus
883 1511 986 1560 est.

1084 1593 1434 1652 DCCCXLlll.

541 1686 829 1742 Lotharius
885 1694 940 1742 et
985 1687 1330 1743 Hludowicus
1379 1687 1520 1742 intra
1575 1685 1711 1742 ﬁnes
1764 1699 2054 1753 regnorum

469 1794 689 1832 suorum
722 1794 843 1834 sese
892 1779 1226 1844 cohibentes,
1278 1779 1503 1849 paciﬁce
1554 1778 1774 1851 degunt.
1828 1775 2056 1834 Carolus

474 1869 820 1939 Aquitaniam
852 1883 1194 1944 pervagatur.
1225 1871 1344 1939 Quo
1374 1871 1482 1928 illic
1513 1872 1832 1936 constituto,
1857 1869 2055 1924 Nome-

2153 669 2268 723 ccni
2304 667 2510 739 expulsi
2539 675 2682 723 sunt.

2762 799 3119 858 DCCCXLlV.

2223 944 2408 1000 Hiems
2438 941 2755 998 mollissima
2787 954 2958 1008 usque
3006 937 3076 994 ad
3105 937 3372 992 Calendas
3399 936 3420 968 ’⁵
3463 934 3756 1000 Februarii

2153 1037 2383 1109 quadam
2429 1033 2690 1104 temperie
2722 1031 3050 1088 modiﬁcata.
3104 1029 3413 1087 Bernardus
3465 1028 3513 1092 ί.
3567 1043 3760 1083 comes

2154 1145 2351 1186 marcae
2405 1127 2748 1199 Hispanicae,
2810 1125 3122 1182 iamdudum
3180 1123 3402 1195 grandia
3462 1119 3759 1178 moliens'

2155 1222 2489 1291 summisque
2539 1219 2797 1283 inhians,
2853 1215 3156 1274 maiestatis
3221 1230 3346 1268 rcus
3396 1212 3760 1268 Francorum

2154 1315 2352 1372 iudicio
2379 1315 2526 1370 iussu
2571 1313 2750 1370 Caroli
2792 1312 2844 1366 in
2873 1309 3159 1380 Aquitania
3189 1306 3483 1378 capitalem
3522 1312 3762 1359 senten-

2157 1382 2286 1462 tiain
2333 1407 2514 1462 subiit.
2545 1403 2857 1475 Gregorius,
2893 1403 3147 1456 Romana.-
3177 1399 3434 1454 Ecclesia-
3481 1396 3762 1466 pontifex,

2099 1520 2102 1523 ·
2155 1499 2409 1564 decessit,
2441 1497 2528 1552 cui
2557 1496 2778 1566 Sergius
2801 1493 3116 1558 succedens,
3144 1493 3196 1546 in
3221 1491 3408 1546 eadem
3443 1490 3582 1544 sede
3641 1488 3764 1542 sub-

2156 1592 2416 1648 stituitur.
2446 1590 2564 1659 Quo
2589 1591 2641 1644 in
2665 1588 2794 1644 sede
2826 1585 3120 1658 apostolica
3143 1583 3412 1646 ordinato,
3457 1580 3764 1634 Lotharius

2099 1688 2105 1694 '
2156 1683 2328 1740 ﬁlium
2377 1698 2536 1738 suum
2584 1679 2956 1736 Hludowicum
3005 1677 3234 1732 Romam
3280 1690 3406 1730 cum
3467 1673 3760 1744 Drogone,

2156 1771 2684 1828 Mediomatricorum
2736 1768 3012 1838 episcopo,
3077 1765 3304 1836 dirigit,
3373 1772 3646 1826 acturos,
3701 1777 3764 1814 ne

2159 1867 2412 1935 deinceps
2441 1861 2736 1920 decedente
2759 1859 3054 1930 apostolico
3087 1859 3376 1930 quisquam
3414 1855 3530 1910 illic
3560 1863 3764 1926 praeter

479 1960 667 2032 nogius
693 1962 864 2018 Britto
894 1971 950 2018 et
968 1942 1318 2028 Lantbertus,
1349 1963 1442 2033 qui
1473 1977 1647 2033 nuper
1667 1961 1737 2016 ab
1775 1961 1893 2016 eius
1925 1959 2055 2014 ﬁde-
2085 1942 2132 2002 Β
2161 1959 2244 2016 sui
2308 1958 2602 2014 iussionem
2661 1956 3062 2023 missornmque
3111 1967 3334 2007 suorum
3396 1949 3762 2020 praesentiam

470 2051 620 2108 litate
644 2051 985 2118 defecerant,
1032 2054 1372 2119 Rainaldum,
1421 2054 1808 2109 Nanmetorum
1841 2052 2052 2117 ducem,

471 2143 817 2207 interﬁciunt,
845 2145 1154 2215 complures
1182 2145 1424 2214 capiunt.
1451 2144 1866 2214 Emergentibus
1892 2143 2058 2214 igitur

469 2234 598 2289 hinc
626 2234 750 2289 inde
778 2242 857 2289 tot
885 2236 1156 2305 tantisque
1178 2235 1574 2290 incessabiliter
1604 2234 1781 2300 malis,
1809 2242 2056 2289 vastante

469 2327 668 2395 passim
696 2335 889 2383 cuncta
921 2338 1158 2397 raptore,
1195 2329 1368 2384 coacti
1402 2337 1528 2384 sunt
1566 2343 1664 2399 per
1693 2327 1860 2383 multa
1891 2328 2057 2383 totius

469 2417 654 2474 Calliae
690 2418 806 2474 loca
849 2420 1284 2478 homines’terrae
1331 2420 1558 2475 mixtam
1593 2420 1928 2489 paucitatem
1977 2419 2057 2473 fa-

474 2511 605 2565 rinae
631 2511 882 2580 atquein
927 2512 1083 2580 panis
1133 2512 1398 2582 speciem.
1425 2513 1701 2566 redactam
1749 2511 2049 2574 comedere,

473 2609 700 2670 eratque
729 2600 1084 2668 lacrimabile,
1114 2603 1221 2658 imo
1249 2602 1556 2658 execrabile
1579 2603 1803 2660 nimium
1823 2602 2054 2668 facinus,

471 2711 594 2750 cum
640 2698 880 2752 iumenta
928 2706 1204 2769 raptorum
1234 2698 1447 2768 pabulis
1476 2698 1837 2763 abundarent,
1871 2707 1926 2752 et
1952 2698 2054 2752 ho-

470 2789 643 2843 mines
674 2789 843 2858 ipsius
874 2799 1101 2846 terrenm
1150 2789 1502 2848 admixtionis
1552 2790 1810 2846 crustulis
1851 2789 2056 2860 indige-

471 2887 608 2933 rent.
663 2878 858 2935 Pirataa
893 2893 918 2922 ιι
957 2880 1434 2938 Nordmannorum
1464 2881 1655 2937 urbem
1686 2881 2009 2936 Namnetum
2033 2881 2052 2912 ’

471 2969 732 3041 adgressi,
761 2972 1062 3030 interfectis
1107 2974 1362 3045 episcopo
1402 2982 1459 3030 et
1490 2974 1673 3029 multis
1721 2973 2051 3030 clericorum

471 3067 634 3128 atque
659 3059 920 3117 laicorum
943 3077 1213 3133 sexusque
1243 3064 1558 3135 promiscui,
1589 3063 1896 3134 deprtedata
1920 3063 2055 3118 civi-

473 3158 603 3215 tate,
658 3152 932 3210 inferioris
981 3155 1286 3226 Aquitaniae
1334 3167 1516 3228 partes
1561 3156 1878 3233 depOpulari
1927 3158 2056 3212 ado-

471 3243 716 3308 riuntur;
743 3247 808 3299 ad
832 3250 1408 3316 postremuminsulam
1432 3249 1719 3320 quamdam
1746 3249 1774 3292 δ
1800 3249 2048 3316 ingressi,

2158 2055 2440 2109 ordinetur
2477 2051 2722 2106 antistes.
2754 2047 2853 2115 Qui
2902 2046 3132 2102 Romam
3178 2045 3490 2107 venitintes,
3533 2042 3764 2096 honori-

2160 2145 2260 2200 ﬁce
2292 2143 2524 2214 suscepti
2551 2149 2696 2206 sunt,
2741 2148 3068 2212 peractoque
3094 2137 3332 2209 negotio,
3362 2134 3760 2194 Hludewicutn

2157 2233 2396 2306 pontifex
2431 2233 2709 2288 Romanus
2743 2231 2997 2287 unctione
3042 2230 3096 2284 in
3137 2243 3320 2298 regem
3367 2234 3756 2281 consecratum

2159 2327 2371 2398 cingulo
2418 2325 2732 2390 decoravit;
2787 2323 3090 2394 Drognnem
3135 2334 3266 2376 vero
3306 2319 3638 2390 episcopum
3677 2315 3758 2371 sui

2158 2420 2420 2474 vicarium
2447 2417 2744 2474 Galliarum
2773 2414 3296 2484 Germaniarumque
3325 2411 3588 2482 partibus
3620 2409 3760 2464 desio

2158 2510 2360 2579 gnavit.
2395 2507 2712 2578 Siginulfus,
2745 2507 3248 2562 Beneventanorum
3285 2503 3415 2568 dux,
3451 2505 3524 2556 ad
3557 2501 3762 2555 Letha-

2159 2603 2300 2656 rium
2353 2617 2476 2657 cum
2529 2601 2642 2658 suis
2688 2600 2942 2667 omnibus
2997 2600 3079 2655 sui
3131 2597 3463 2653 deditionem
3511 2595 3755 2658 faciens,

2159 2705 2374 2751 centum
2409 2694 2616 2749 milium
2643 2709 2931 2750 aureorum
2959 2692 3158 2748 mulcta
3207 2707 3328 2747 sese
3353 2691 3457 2761 ipsi
3502 2690 3640 2746 fecit
3661 2690 3760 2746 ob-

2158 2789 2411 2854 noxium;
2442 2789 2639 2860 quibus
2667 2786 3053 2849 Beneventani,
3081 2787 3172 2856 qui
3201 2785 3410 2856 pridem
3437 2784 3581 2838 alias
3618 2785 3758 2838 versi

2159 2877 2395 2944 fuerant,
2446 2879 2777 2948 compertis,
2837 2879 2903 2932 ad
2952 2876 3202 2932 eumdem
3245 2873 3588 2946 Siginult'um
3641 2889 3760 2928 me

2159 2979 2560 3034 convertentes,
2597 2969 3024 3025 Sarracenorum
3065 2967 3322 3038 reliquias
3353 2983 3382 3021 a
3409 2968 3531 3022 suis
3561 2968 3759 3022 ﬁnibus

2157 3060 2428 3132 expellere
2488 3061 2801 3116 moliuntur.
2868 3060 3194 3116 Lantbertus
3251 3075 3378 3116 cum
3433 3059 3758 3114 Britonibus

2158 3155 2420 3225 quosdam
2445 3154 2624 3209 Caroli
2647 3153 2990 3210 markionum
3021 3152 3297 3208 Meduana:
3329 3156 3352 3192 ε
3387 3163 3559 3223 ponte
3593 3155 3760 3206 inter-

2160 3253 2344 3315 ceptos
2397 3245 2632 3314 perimit.
2687 3243 2964 3314 Pippinus,
3018 3243 3230 3315 Pippini
3279 3243 3564 3312 quondam
3620 3242 3762 3312 regis

472 3337 748 3392 convectis
777 3355 806 3391 a
835 3341 1132 3396 continenti
1179 3315 1722 3405 domibus—hiemare
1755 3315 1902 3397 velut
1934 3356 2055 3411 per-
2083 3315 2132 3378 ο
2159 3338 2324 3404 ﬁlius,
2355 3338 2618 3396 exercitui
2645 3338 2668 3368 “
2708 3354 2776 3393 ex
2806 3338 3038 3392 Francia
3072 3337 3138 3392 ad
3187 3336 3444 3392 Carolnm
3502 3335 3762 3391 'l'olosam

471 3429 650 3499 petuis
705 3431 926 3488 sedibus
974 3441 1298 3488 statuerunt.
1359 3431 1584 3488 Carolus
1627 3433 1696 3488 ad
1745 3433 2054 3487 condictum

472 3518 730 3576 fratribus
786 3522 1010 3577 obvians
1062 3539 1226 3594 penes
1282 3522 1616 3594 Virodunum
1671 3523 2054 3593 coniungitur;

471 3611 562 3666 ubi
593 3611 896 3669 distributis
923 3614 1282 3683 portionibus,
1333 3605 1678 3671 Hludovvicus
1721 3615 1861 3670 ultra
1906 3615 2053 3670 Rhe~

473 3717 602 3756 num
639 3705 844 3769 omnia,
875 3705 1010 3759 citra
1067 3705 1316 3761 Rhenum
1361 3722 1488 3762 vero
1544 3705 1852 3771 Nemetum,
1907 3705 2054 3760 Van-

473 3794 618 3864 gium
646 3803 701 3849 et
731 3794 1054 3866 Moguntiam
1105 3798 1352 3853 civitates
1382 3813 1655 3869 pagosque
1682 3798 1908 3854 sortitus
1932 3805 2052 3864 est;

473 3887 764 3945 Lotharius
799 3891 942 3947 inter
964 3890 1212 3948 Rhenum
1236 3901 1291 3947 et
1321 3892 1566 3948 Scaldem
1591 3892 1644 3946 in
1679 3906 1829 3946 mare
1858 3893 2054 3948 decur-

474 3992 704 4050 rentem,
732 3992 787 4038 et
814 4000 1003 4040 rursus
1037 4001 1134 4056 per
1147 3985 1610 4050 Cameracensem,
1643 3985 1948 4040 Hainnoum
1977 3996 2000 4023 ε
2035 3984 2060 4017 ⁸

468 4070 792 4129 Lomensem
839 4073 891 4139 ἀ,
935 4075 1247 4131 Castritium
1297 4089 1344 4142 ο,
1393 4088 1447 4132 et
1484 4092 1578 4132 eos
1623 4077 1914 4132 comitatus
1963 4077 2056 4146 qui

472 4162 631 4217 Mosa:
680 4163 816 4218 citra
871 4156 1110 4234 centigui
1165 4167 1430 4222 habentur
1486 4184 1654 4238 usque
1709 4169 1774 4222 ad
1828 4167 2056 4222 Arat'em

471 4251 697 4307 Rodano
725 4252 1062 4322 inﬂuentem,
1080 4267 1135 4313 et
1155 4273 1252 4328 per
1273 4257 1534 4314 deﬂexum
1565 4258 1772 4314 Rodani
1798 4258 2053 4323 ittmare,

473 4360 598 4400 cum
635 4347 984 4404 comitatibus
1011 4351 1261 4407 similiter
1291 4352 1394 4407 sibi
1427 4353 1700 4421 utrimque
1731 4351 2057 4405 adhaerenti-

465 4439 598 4506 bus;
630 4450 810 4498 cetera
843 4457 1012 4513 usque
1051 4447 1118 4502 ad
1147 4446 1456 4518 Hispaniam
1487 4447 1683 4503 Carolo
1717 4454 1996 4502 cesserunt
2039 4465 2050 4499 :

466 4530 734 4604 factisque
761 4538 1146 4603 sacramentis,
1193 4539 1410 4594 tandem
1459 4539 1784 4594 altrinsecus
1811 4547 1896 4594 est
1944 4539 2056 4593 dis-

467 4637 702 4680 cessum.
735 4625 812 4680 Ea
842 4635 1182 4698 tempestate,
1216 4629 1671 4686 concordantibus
1717 4629 1784 4684 ad
1820 4629 2054 4685 invicem

2160 3430 2433 3486 civitatem
2484 3429 2767 3486 obsidione
2804 3430 3097 3485 vallantem
3141 3431 3459 3500 preperanti
3513 3430 3570 3483 in
3625 3444 3764 3499 pago

2161 3523 2463 3579 Ecolesimo
2484 3537 2797 3589 occurrens,
2847 3523 2920 3576 ita
2968 3523 3120 3577 brevi
3167 3530 3221 3577 et
3269 3521 3486 3591 absque
3535 3535 3762 3574 suoru

2160 3631 2288 3672 casu
2341 3614 2646 3686 proﬂigavit
2694 3624 2752 3672 ut
2793 3614 3127 3685 primoribus
3157 3612 3489 3677 interfectis,
3547 3625 3765 3667 cetera

2160 3703 2340 3776 fugam
2366 3705 2528 3760 etiam
2563 3714 2690 3760 ante
2733 3718 3086 3776 congressum
3122 3703 3393 3762 ineuntes.
3429 3701 3526 3757 vix
3568 3703 3765 3770 paucis

2160 3798 2530 3862 evadentibus,
2561 3807 2654 3852 aut
2677 3806 2917 3868 caperet,
2949 3806 3044 3850 aut
3085 3796 3343 3866 spoliatos
3373 3807 3765 3850 sacramento—

2160 3905 2264 3959 que
2311 3890 2599 3945 adstrictos
2626 3890 2692 3945 ad
2742 3889 2960 3960 propria
3011 3889 3189 3944 redire
3228 3889 3600 3958 permitteret.
3649 3886 3764 3955 Qua

2162 3981 2436 4050 inopinata
2466 3981 2850 4054 congressione
2876 3979 3049 4051 litigo,
3087 3980 3372 4050 presbyter
3399 3986 3454 4033 et
3496 3978 3677 4034 abbas
3715 3980 3760 4038 ι.

2163 4075 2303 4128 ﬁlius
2324 4074 2502 4130 Caroli
2561 4074 2735 4141 Magni
2781 4073 3056 4142 quondam
3107 4071 3456 4141 imperatoris
3495 4081 3553 4125 et
3593 4070 3765 4124 frater

2162 4165 2460 4222 Hludowici
2509 4165 2696 4220 itidem
2747 4164 3090 4234 imperatoris
3121 4173 3458 4232 patruusque
3507 4160 3759 4216 Lotharii

2160 4259 2379 4315 Lodoici
2411 4267 2464 4314 et
2491 4258 2670 4314 Caroli
2702 4273 2911 4327 regum,
2949 4271 3157 4311 necnon
3206 4253 3477 4310 Richboto
3507 4255 3685 4309 abbas
3718 4255 3758 4314 ί.

2161 4362 2215 4409 et
2260 4353 2375 4422 ipse
2421 4350 2778 4406 consobrinus
2826 4364 3034 4419 regum,
3070 4362 3233 4417 nepos
3276 4347 3537 4402 videlicet
3575 4346 3760 4402 Caroli

2162 4443 2505 4514 imperatoris
2549 4458 2616 4496 ex
2654 4441 2785 4501 ﬁlia.
2837 4439 3113 4494 Eckardus
3141 4452 3356 4509 quoque
3403 4439 3466 4493 et‘
3499 4439 3760 4493 Ravanus

2161 4536 2388 4590 comites
2434 4549 2556 4588 cum
2606 4533 2726 4588 aliis
2773 4532 3016 4602 pluribus
3058 4530 3366 4597 interfecti;
3414 4532 3564 4600 capti
3629 4545 3760 4586 vero

2167 4627 2456 4692 Ebroinus,
2492 4625 2838 4680 Pictavorum
2887 4623 3195 4694 episcopus,
3243 4621 3614 4693 Bagoam-ius,
3659 4621 3758 4675 Sa—

1667 4758 1754 4818 VA
1763 4759 2056 4817 RIANTES
2094 4754 2496 4816 LECTIONES.

539 4870 554 4900 ί
591 4871 948 4940 medioximus
979 4870 1074 4930 Ch.
1152 4873 1172 4904 ²
1218 4880 1512 4930 nannetum
1543 4870 1638 4928 Ch.
1667 4873 1686 4904 ³
1719 4873 2032 4940 hainnaum,
2069 4872 2314 4927 immscm
2343 4867 2440 4924 Ch.

461 4938 572 4996 citu
603 4939 701 4997 Ch.
1410 4959 1416 4976 ·

2519 4867 2538 4898 ’⁸
2576 4865 2832 4922 kalendas
2861 4865 2957 4920 Ch.
3034 4865 3056 4896 ⁵
3090 4861 3336 4922 molliens
3363 4861 3460 4920 Ch.
3545 4863 3566 4894 ‘
3594 4878 3752 4921 exer-

1991 5055 2218 5114 NOTAE.

498 5141 666 5268 t'mln
713 5143 982 5218 Chronico
1032 5150 1097 5205 de
1141 5149 1571 5205 Normannormn
1627 5153 1787 5216 ςῖ-»ιλς

521 5229 553 5268 u
619 5254 633 5268 .

457 5228 633 5284 ptum.

531 5283 560 5324 ιι
585 5285 718 5352 ιέιε
737 5287 801 5341 de
829 5287 958 5342 Rha.

531 5366 552 5427 εξ
594 5355 903 5427 Henuegau.

529 5424 554 5462 ἀ
587 5424 886 5506 Comitatus
935 5427 1319 5506 Natnurccnsjs
1349 5472 1362 5489 ,
1418 5441 1472 5484 et
1517 5446 1642 5498 pars
1699 5431 2043 5501 episcopatus

458 5494 772 5550 Leodiensis
804 5498 943 5552 inter
973 5500 1156 5554 Sabim
1182 5510 1234 5555 et
1263 5501 1487 5556 Mosam.

536 5575 559 5647 (ξ
597 5566 675 5647 At]
704 5565 896 5647 fluvios
925 5569 1125 5647 bjosant
1168 5571 1490 5647 et__Bar_u_m,
1523 5573 1575 5626 in
1607 5587 1714 5640 quo
1745 5571 2036 5647 Donchery.

459 5633 659 5713 yalesii
712 5635 908 5713 Notit._
933 5638 1096 5706 Gall.,
1127 5657 1180 5713 p.
1212 5641 1334 5697 l55.
1368 5633 1580 5713 Versus
1615 5633 2039 5713 septentrionen)

456 5704 819 5828 lusque
846 5710 911 5763 ad
960 5704 1090 5780 pagi
1122 5704 1402 5767 Lomensis
1452 5704 1690 5768 conﬁnia
1717 5713 2040 5783 pertinuisse

535 5841 562 5923 ί-
588 5839 638 5923 l‘s
667 5845 798 5923 duos
819 5862 889 5923 ex
916 5864 1084 5903 uxore
1109 5851 1567 5923 l_)otlana_reliquit
1611 5853 1770 5916 ﬁlios,
1806 5863 1864 5907 ut
1900 5855 2042 5923 ipsa-

537 5869 548 5878 -
588 5869 638 5896 ιθ
667 5869 798 5897 uuua‘
819 5869 886 5901 cx
916 5869 1084 5903 uxore
1109 5869 1325 5904 uouana
1351 5869 1445 5906 re"
1487 5869 1567 5908 ιιιι
1611 5869 1770 5916 IIIIOS,
1806 5869 1864 5907 ut
1900 5869 2034 5923 ipsa-

461 5919 570 5964 met
603 5919 831 5966 testatur
879 5919 930 5969 in
981 5933 1078 5971 suo
1122 5919 1350 5974 Manuali
1382 5936 1412 5973 a
1449 5869 1768 5979 (liabillonio
1808 5937 1932 5980 sec.
1963 5939 2034 5980 tv.

1844 5151 2048 5202 e-xsz-ri-
2083 5154 2129 5213 D
2159 5148 2464 5213 Benedict.,
2494 5157 2631 5218 part.
2655 5164 2690 5211 ι,
2719 5162 2838 5218 pag.
2869 5143 3306 5218 750,7publicato.
3337 5141 3414 5198 Ex
3445 5157 3558 5214 quo
3586 5145 3749 5202 etiam

2161 5220 2328 5290 liquet
2367 5213 2732 5283 Will'elmum,
2768 5213 3030 5290 Bernardi
3070 5213 3246 5290 lilium
3276 5223 3426 5290 _natu_
3460 5213 3747 5290 majorem,

2158 5285 2260 5346 hoc
2283 5307 2425 5346 anno
2447 5305 2649 5346 annum
2687 5287 2864 5343 :etatis
2894 5287 2960 5342 18
2999 5285 3204 5355 egisse;
3239 5285 3314 5340 ait
3339 5285 3484 5355 enim
3529 5285 3746 5342 Dudana

2155 5379 2276 5416 eum
2316 5370 2500 5416 natum
2541 5375 2662 5416 esse
2707 5374 2848 5413 anno
2883 5359 2951 5412 l5
2990 5353 3242 5410 Ludovici
3295 5353 3398 5419 Pii,
3445 5373 3503 5410 tu
3554 5358 3745 5410 Ka!t‘n~

2155 5435 2344 5486 darunt
2415 5431 2823 5494 Decembrium,
2880 5431 2981 5483 hoc
3035 5436 3116 5481 est
3174 5441 3316 5480 anno
3361 5427 3567 5480 Christi
3619 5429 3741 5482 8-26.

2159 5503 2460 5558 Willelmus
2513 5503 2682 5573 patris
2729 5511 2959 5555 mortem
2991 5499 3226 5560 ulturus,
3278 5496 3492 5621 Pippini
3547 5501 3744 5552 auxilia

2159 5573 2402 5621 Tolosam
2453 5573 2758 5621 intercenit.
2789 5586 2952 5621 auam
2984 5569 3172 5621 statim'
3195 5568 3336 5621 Caro
3359 5583 3424 5620 us
3467 5585 3564 5621 rex
3597 5572 3646 5621 ut
3671 5570 3742 5620 <3-

2154 5573 2402 5628 Tolosam
2453 5568 2758 5642 intercepit,
2789 5586 2952 5641 quam
2984 5569 3172 5625 statim'
3195 5568 3424 5622 Carolus
3467 5585 3564 5622 rex
3597 5572 3646 5621 ut
3671 5570 3742 5620 <3-

2152 5647 2311 5699 dione
2340 5646 2530 5700 cinxit.
2559 5644 2722 5706 Bono.

2228 5723 2248 5754 κ
2284 5715 2562 5784 Muyeime.

2227 5791 2233 5825 ¹
2281 5779 2465 5840 Sancti
2492 5784 2734 5852 Quintini
2758 5792 2813 5838 et
2843 5783 3021 5838 sancti
3045 5779 3269 5837 Bertini.

2231 5863 2244 5898 ί
2287 5855 2632 5912 Centulensis
