3974 6344
201 447 340 510 {397

1667 451 1995 508 ANNALES.

3335 447 3472 504 i598

201 559 582 620 marobrivze'.
613 557 1042 614 l|Ambianorum
1071 559 1376 630 episcopus,
1405 569 1456 616 et
1485 561 1667 634 Lupus
1692 563 1776 617 ab—
1811 569 1864 630 Α
1887 575 2094 636 septem
2121 563 2328 620 milium
2359 563 2618 620 librarum
2641 561 2720 618 eis
2745 563 3007 628 exhibito,
3033 581 3060 618 a
3083 565 3478 636 progrediendo

203 653 324 716 bas,
346 663 412 706 ac
441 649 538 704 ﬁlii
575 647 804 706 Eckardi
839 649 1054 706 comitis
1079 649 1202 718 duo,
1251 651 1376 706 item
1421 651 1718 708 Lokardius
1741 655 1782 718 ¹,

206 745 520 802 Guntardus
551 749 606 800 et
635 743 936 799 Bicbuinus
957 743 1202 808 comites,
1237 745 1570 818 Engilwinus
1601 747 1784 814 etiam,

207 837 406 908 aliique
463 851 570 891 non
631 835 788 908 pauci
849 835 1128 891 nobilium.
1195 835 1558 910 Nomenogius
1617 839 1790 896 Britto

209 929 398 988 eadem
429 933 750 998 tempestate
790 927 926 982 ﬁnes
974 927 1074 982 sibi
1112 927 1330 998 suisque
1359 931 1792 986 antecessoribus

209 1023 526 1080 distributos
551 1021 850 1078 insolenter
877 1019 1182 1092 egrediens,
1221 1021 1600 1078 Cenomannos
1629 1039 1796 1094 usque

213 1123 410 1173 cuncta
449 1113 606 1184 longe
635 1115 847 1184 lateque
875 1113 1201 1184 populando,
1237 1115 1453 1186 ignibus
1493 1117 1658 1172 etiam
1685 1117 1796 1188 plu-

212 1209 350 1263 rima
391 1207 704 1274 cremando,
753 1207 1034 1276 pervenit;
1081 1207 1170 1262 ubi
1213 1209 1395 1264 audita
1433 1209 1800 1266 Nordmanno-

211 1313 332 1353 rum
363 1299 416 1352 in
448 1297 584 1352 ﬁnes
611 1295 728 1368 ejus
771 1299 1096 1367 lrruptione,
1123 1299 1300 1356 redire
1327 1303 1642 1374 compulsus
1693 1311 1796 1360 est.

285 1387 654 1454 Hludowicus,
683 1399 776 1442 rex
800 1387 1216 1458 Germanorum,
1239 1391 1464 1462 pepulos
1486 1391 1800 1450 Sclavorum

215 1487 270 1534 et
295 1487 466 1534 terras
509 1491 814 1551 aggressus.
841 1481 1106 1550 quosdam
1153 1481 1207 1536 in
1257 1481 1588 1538 deditionem
1631 1485 1800 1556 cepit,

215 1569 478 1642 quosdam
535 1569 844 1638 interfecit,
895 1585 1081 1628 omnes
1127 1587 1266 1644 pene
1307 1573 1520 1630 illarum
1571 1577 1804 1647 partium

218 1661 431 1736 regulos
473 1661 576 1718 sibi
635 1669 730 1718 aut
779 1663 830 1718 vi
875 1673 969 1719 aut
1015 1663 1190 1736 gratia
1241 1667 1472 1739 subegit.
1513 1667 1806 1724 Nortman-

217 1753 274 1810 ni
321 1753 349 1794 δ
387 1753 723 1808 Britanniam
779 1753 1042 1822 insulam,
1072 1771 1134 1810 ea
1163 1771 1344 1828 quam
1373 1761 1609 1814 maxime
1655 1767 1809 1832 parte

219 1858 380 1914 quam
435 1841 870 1916 Angli-Saxones
923 1845 1202 1912 incolunt,
1253 1847 1396 1904 bello
1441 1850 1806 1920 impetentes,

1891 657 2238 728 compescuit,
2287 669 2352 710 ac
2389 655 2563 710 redire
2619 655 2904 724 persuasit.
2951 653 3248 710 Fuleradus
3295 669 3480 710 comes

1889 759 1946 804 et
1969 749 2134 804 ceteri
2183 745 2550 802 Provinciales
2577 747 2646 802 ab
2673 745 2932 802 Lothario
2957 745 2980 778 ³
3013 745 3304 808 deﬁciunt,
3349 743 3478 800 sibi-

1891 857 1996 914 que
2051 849 2374 914 potestatem
2423 839 2590 894 totius
2637 837 2938 896 Provinciae
2985 843 3268 908 usurpant.
3301 835 3478 892 Nord—

1893 949 2216 990 mannorum
2249 949 2342 988 rex
2367 931 2562 988 Oricus
2593 943 2614 968 ε
2651 939 2936 986 sexeentas
2965 943 3132 986 naves
3175 943 3270 998 per
3301 926 3478 982 Albim

1893 1025 2114 1080 ﬂuvium
2161 1027 2214 1080 in
2243 1024 2592 1082 Germaniam
2637 1023 2898 1078 adversus
2929 1019 3304 1076 Hludotvicum
3353 1018 3486 1074 diri-

1896 1119 2008 1190 git;
2039 1118 2238 1189 quibus
2273 1115 2516 1173 Saxones
2545 1123 2926 1180 occurrentes,
2957 1112 3252 1168 commisso
3275 1109 3488 1181 prmlio,

1899 1212 2112 1268 Domini
2153 1211 2320 1268 nostri
2351 1209 2478 1266 Jesu
2507 1209 2712 1266 Christi
2745 1207 2950 1262 auxilio
2973 1207 3210 1262 victores
3229 1203 3482 1260 efﬁciun-

1902 1307 2182 1362 turzunde
2211 1307 2461 1378 digressi,
2479 1303 2796 1360 Selavorum
2835 1302 3126 1374 quamdam
3149 1300 3416 1370 impetunt
3434 1307 3490 1352 et

1902 1399 2122 1468 capiunt
2173 1397 2467 1453 civitatem.
2496 1395 2526 1436 εὶ
2555 1395 2752 1452 Fames
2781 1393 2958 1450 valida
3008 1391 3194 1448 Galliae
3229 1389 3490 1445 interiora
3563 1391 3570 1400 ‘

1905 1491 2192 1556 consumit,
2227 1491 2366 1546 adeo
2393 1497 2454 1544 ut
2485 1489 2652 1546 multa
2691 1489 2968 1544 hominum
2995 1483 3144 1540 milia
3183 1483 3372 1540 eadem
3408 1480 3492 1536 in-

1905 1585 2214 1640 valescente
2263 1583 2548 1654 absumpta
2601 1583 2730 1638 sint.
2789 1579 3014 1636 Carolus
3049 1593 3238 1650 agrum
3289 1573 3494 1630 Floria-

1907 1693 2028 1732 cum
2061 1687 2108 1742 θ,
2143 1677 2196 1730 in
2241 1691 2348 1745 quo
2393 1675 2566 1731 sancti
2595 1673 2870 1730 Benedicti
2921 1669 3309 1728 monasterium
3361 1681 3494 1724 con-

1909 1771 2072 1833 sistit,
2103 1767 2386 1824 duodecim
2435 1769 2502 1824 ab
2555 1767 2966 1822 Aurelianorum
3011 1767 3146 1820 urbe
3183 1761 3378 1831 leugis,
3403 1773 3496 1816 veo-

1911 1861 2088 1924 tiiens,
2133 1857 2418 1930 Pippinum
2443 1857 2652 1930 Pippini
2705 1857 2872 1914 ﬁlium
2907 1855 3150 1928 suscipit,
3181 1863 3236 1910 et
3265 1851 3496 1922 receptis

221 1937 400 1992 triduo
445 1937 736 2008 pugnando
779 1939 1015 1996 victores
1061 1939 1259 2008 eﬂ'ecti,
1287 1941 1520 2014 praedas,
1569 1945 1806 2016 rapinas,
1839 1939 1886 2000 Β
1913 1953 1982 2006 ab
2007 1965 2074 2006 eo
2104 1951 2460 2006 sacramentis
2495 1950 2794 2015 ﬁdelitatis,
2827 1957 3096 2020 quatenus
3129 1947 3204 2002 ita
3245 1945 3500 2020 deinceps

187 2095 190 2100 ι
223 2045 384 2088 neces
411 2031 617 2102 passim
659 2031 944 2098 facientes,
993 2043 1134 2088 terra
1167 2049 1266 2106 pro
1313 2035 1468 2091 libitu
1503 2037 1804 2106 potiuntur.

219 2121 432 2178 Interea
475 2120 726 2188 fratrum,
777 2121 834 2178 id
862 2131 946 2177 est
974 2121 1242 2190 Lotliarii,
1267 2125 1566 2182 Hludowici
1605 2135 1662 2184 et
1703 2127 1810 2184 Ca-

225 2213 323 2269 roli
343 2255 358 2280 ,
391 2213 706 2270 alternatim
745 2213 990 2271 fraterno
1011 2215 1204 2272 aﬁ'ectu
1243 2217 1436 2289 legatis
1457 2220 1810 2276 multifariam

225 2305 680 2372 discurrentibus,
719 2323 910 2363 mense
955 2306 1176 2364 Octobri
1230 2309 1392 2365 iidem
1437 2325 1608 2382 penes
1640 2309 1816 2367 Theo-

227 2397 384 2452 donis
427 2397 610 2452 villam
658 2399 1018 2464 conveniunt,
1049 2400 1340 2470 habitoque
1393 2401 1584 2457 diebus
1611 2401 1816 2474 aliquot

229 2487 500 2543 amicabili
529 2489 1048 2560 pernecessarioque
1087 2491 1394 2560 couloquio,
1427 2492 1570 2546 inter
1609 2509 1670 2548 se
1707 2493 1816 2550 fra-

231 2578 500 2634 ternitatis
527 2587 582 2634 et
613 2579 860 2636 caritatis
879 2578 1004 2648 jura
1029 2581 1084 2637 in
1125 2591 1404 2652 posterum
1431 2599 1538 2638 non
1567 2585 1818 2642 violanda

233 2669 576 2726 conﬁrmant.
623 2669 830 2728 Omnes
885 2687 1102 2742 quoque
1161 2673 1552 2732 discordiarum
1608 2685 1820 2734 sutores

231 2771 488 2820 cauturos
513 2763 798 2822 sollicitius
821 2775 1397 2838 exsecratumsque,et
1419 2777 1618 2824 statum
1639 2769 1816 2826 eccle-

233 2855 454 2920 siarum,
503 2855 912 2914 imminentibus
943 2859 1359 2916 necessitatibus
1389 2860 1686 2918 foedissime
1735 2877 1820 2918 re-

233 2945 334 3002 bus
357 2945 736 3014 dilaceratum,
761 2963 826 3006 ae
865 2949 1116 3020 personis
1141 2953 1324 3010 minus
1349 2953 1624 3026 congruis,
1653 2954 1706 3010 id
1735 2963 1820 3012 est

235 3035 410 3104 laicis,
433 3037 594 3110 vulgo
621 3039 1010 3106 contraditum,
1035 3043 1498 3115 redintegraturos
1539 3059 1664 3102 sese
1687 3059 1820 3116 pro-

237 3129 474 3186 mittunt.
517 3129 672 3186 Unde
696 3139 750 3188 et
776 3131 844 3188 ad
883 3131 1204 3204 Pippinum,
1255 3135 1624 3194 Landbertum
1655 3145 1820 3208 atque

235 3224 624 3300 Nomenogium
665 3229 816 3298 pacis
839 3231 1012 3300 gratia
1041 3233 1236 3288 missos
1279 3237 1486 3303 pariter
1523 3237 1818 3306 destinant,

235 3327 294 3372 ut
339 3317 492 3374 fratri
539 3318 734 3374 Carolo
789 3327 850 3374 ut
903 3321 1218 3380 obedientes
1271 3325 1456 3382 ﬁdeles
1511 3327 1576 3382 de
1637 3337 1820 3384 cetero

235 3415 572 3480 permansuri
613 3427 904 3468 occurrere
953 3429 1060 3470 non
1097 3413 1378 3484 differant;
1427 3417 1510 3476 sin
1555 3417 1708 3486 alias,
1741 3421 1822 3476 eis

235 3511 478 3574 tempore
518 3513 822 3574 opportuno
871 3505 1100 3562 viriliter
1127 3509 1462 3580 conglobati,
1501 3525 1688 3566 eorum
1739 3513 1820 3568 in-

235 3593 584 3650 ﬁdelitatibus
613 3595 958 3663 ulciscendis,
975 3613 1034 3654 se
1057 3598 1458 3656 interminando
1477 3601 1820 3672 profecturos

233 3687 616 3756 pronunciaut.

303 3777 632 3834 Nordmanni
663 3795 762 3850 per
789 3781 1126 3840 Garrondam
1173 3783 1426 3842 Tolosam
1477 3801 1646 3854 usque
1695 3803 1818 3858 pro-

239 3871 562 3940 ﬁciscentes,
613 3877 824 3946 praedas
863 3879 1066 3948 passim
1119 3879 1446 3946 impuneque
1487 3877 1814 3948 perﬁciunt;

237 3967 376 4023 unde
407 3971 636 4036 regressi
663 3971 880 4039 quidam
907 3971 1300 4040 Galliciamque
1323 3971 1592 4040 adgressi,
1619 3973 1820 4042 partim

235 4057 636 4112 balistariorum
675 4073 923 4125 occursu,
951 4060 1146 4130 partim
1173 4067 1492 4130 tempestate
1519 4061 1686 4116 maris
1733 4063 1816 4116 in-

237 4149 462 4220 tercepti
491 4149 842 4220 dispereunt;
883 4151 978 4210 sed
999 4158 1056 4204 et
1085 4151 1304 4220 quidam
1329 4164 1516 4210 eorum
1547 4151 1820 4210 ulterioris

165 4259 174 4268 ν
237 4239 506 4310 Hispaniae
529 4251 714 4312 partes
741 4241 948 4308 adorsi,
993 4243 1084 4298 diu
1111 4243 1418 4314 acriterque
1457 4259 1582 4300 cum
1627 4243 1820 4302 Sarra-

237 4333 386 4390 cenis
413 4333 734 4394 dimicantes
755 4375 770 4402 ,
807 4337 1024 4392 tandem
1052 4335 1178 4390 victi
1207 4337 1476 4392 resiliunt.

859 4469 1078 4528 DCCCX
1089 4471 1174 4526 LV
1183 4513 1196 4526 .

309 4559 492 4617 Hiems
543 4563 860 4634 asperrima.
893 4561 1368 4620 Nordmannorum
1399 4579 1564 4622 naves
1599 4577 1816 4622 centum

237 4653 426 4724 viginti
453 4669 640 4710 mense
685 4653 880 4710 Martio
901 4671 1000 4728 per
1027 4653 1336 4726 Sequanam
1379 4657 1506 4712 hinc
1541 4667 1594 4713 et
1621 4659 1819 4716 abiude

237 4753 426 4800 cuncta
457 4755 752 4815 vastantes,
777 4745 1036 4806 Loticiam
1069 4749 1400 4804 Parisiorum
1431 4749 1576 4804 nullo
1607 4749 1824 4822 penitus

239 4839 532 4894 obsistente
565 4841 885 4912 pervadunt.
945 4841 1150 4910 Quibus
1199 4857 1320 4896 cum
1361 4841 1586 4898 Carolus
1633 4857 1824 4896 occur-

238 4943 358 4985 rere
385 4931 682 4998 moliretur,
713 4934 808 4988 sed
835 4932 1128 5005 praevalere
1163 4947 1290 4988 suos
1327 4931 1639 4990 nullatenus
1665 4949 1824 5005 posse

237 5023 609 5094 prospiceret,
669 5025 990 5096 quibusdam
1045 5023 1386 5095 pactionibus
1407 5067 1424 5088 ,
1483 5035 1538 5082 et
1600 5043 1824 5088 Induere

1907 2045 1956 2101 ei
1983 2044 2155 2100 ﬁdelis
2183 2045 2322 2100 sicut
2361 2057 2528 2114 nepos
2569 2051 2764 2114 patruo
2791 2042 3072 2106 existeret,
3103 2047 3158 2094 et
3187 2039 3246 2093 in
3273 2037 3496 2106 quibus-

1909 2123 2142 2206 cumque
2163 2133 2576 2190 necessitatibus
2609 2135 2710 2204 ipsi
2743 2147 2844 2204 pro
2868 2133 3080 2187 viribus
3103 2127 3364 2184 auxilium
3391 2125 3500 2180 fer-

1913 2235 2034 2292 ret,
2089 2227 2254 2282 totius
2309 2225 2612 2296 Aquitaniae
2663 2225 2996 2280 dominatum
3053 2221 3158 2278 sibi
3215 2215 3502 2290 permisit,

1911 2325 2110 2390 praeter
2153 2317 2438 2376 Pictavos.
2479 2315 2784 2372 Sanctonas
2823 2323 2878 2371 et
2929 2311 3330 2374 Ecolimenses;
3361 2307 3504 2362 unde

1913 2419 1970 2466 et
2006 2423 2198 2464 omnes
2223 2408 2530 2478 Aquitanici
2553 2449 2568 2474 ,
2615 2407 2706 2478 qui
2742 2415 2968 2462 eatenus
3011 2417 3134 2459 cum
3165 2399 3360 2458 Carolo
3389 2397 3506 2453 fue-

1915 2513 2060 2568 rant,
2093 2505 2158 2558 ad
2191 2503 2438 2558 eumdem
2481 2503 2764 2574 Pippinum
2793 2499 3050 2556 continuo
3075 2495 3160 2552 sui
3189 2491 3502 2552 conversio-

1917 2611 2040 2652 nem
2081 2595 2298 2652 efﬁcere
2337 2593 2677 2650 studuerunt.

1989 2687 2356 2746 Beneventani
2383 2701 2504 2742 cum
2543 2683 2875 2746 Sarraeenis,
2917 2681 3090 2737 veteri
3115 2677 3388 2734 discordia
3415 2690 3502 2730 re-

1919 2783 2294 2848 crudescente,
2325 2783 2500 2838 denuo
2553 2778 2832 2835 dissident.
2885 2771 3212 2830 Nordmanni
3253 2770 3302 2836 ε,
3353 2767 3506 2824 alveo

1921 2874 2186 2946 Sequanae
2239 2889 2510 2940 remenso,
2557 2872 2732 2928 maria
2785 2877 3054 2942 repetunt,
3093 2875 3286 2924 cuncta
3337 2863 3508 2920 maris

1919 2967 2036 3024 loca
2075 2967 2300 3022 ﬁnitima
2325 2967 2616 3036 diripiunt,
2645 2973 2878 3028 vastant,
2897 2971 3058 3032 atque
3087 2959 3352 3016 incendiis
3377 2971 3510 3012 con-

1920 3069 2186 3116 cremant.
2217 3058 2322 3116 Sed
2353 3059 2478 3116 licet
2501 3059 2740 3127 peccatis
2777 3056 2978 3112 nostris
3020 3053 3218 3110 divinat
3241 3049 3502 3108 bonitatis

1921 3151 2148 3220 mquitas
2181 3149 2406 3204 nimium
2433 3147 2658 3215 oﬂ‘ensa,
2681 3147 2862 3202 taliter
2883 3145 3304 3202 christianorum
3327 3149 3504 3200 tetras

1923 3251 1978 3298 et
2023 3257 2186 3314 regna
2218 3241 2522 3306 attriverit,
2565 3257 2632 3296 ne
2663 3247 2844 3294 tamen
2869 3239 3036 3293 etiam
3083 3234 3278 3306 pagani
3309 3233 3510 3302 impro-

1921 3333 2172 3388 videntia!
2221 3341 2312 3388 aut
2367 3341 2516 3388 certe
2549 3329 2886 3402 impotentiae
2925 3329 3214 3384 Dominum
3263 3323 3508 3402 omnipo:

1925 3425 2284 3480 tentissimum
2333 3423 2554 3494 impune
2603 3423 2806 3478 diutius
2847 3417 3250 3480 insimularent,
3297 3429 3422 3470 cum
3473 3427 3506 3465 a

1921 3517 2154 3586 quodam
2187 3515 2520 3571 monasterio
2541 3557 2555 3580 ,
2603 3513 2822 3570 Sithdiu
2855 3513 2882 3553 ³
2915 3513 3156 3574 nomine,
3191 3507 3400 3576 direpto
3427 3505 3510 3558 in-

1921 3625 2212 3680 censaque,
2253 3609 2496 3664 oneratis
2519 3607 2750 3662 navibus
2799 3603 3164 3674 repedarent,
3211 3599 3286 3654 ita
3329 3595 3514 3652 divino

1921 3703 2119 3758 iudicio
2148 3701 2232 3756 vel
2263 3701 2502 3756 tenebris
2547 3698 2742 3754 caecati
2773 3704 2826 3752 et
2859 3693 3069 3752 insania
3095 3699 3222 3748 sunt
3249 3687 3506 3762 perculsi,

1923 3805 1982 3850 ut
2005 3798 2094 3850 vix
2117 3795 2370 3866 perpauci
2387 3795 2703 3858 evaderent,
2720 3791 2812 3862 qui
2837 3791 2930 3846 Dei
2953 3785 3336 3858 omnipotentis
3363 3785 3470 3839 iter
3487 3781 3510 3814 δ

1921 3889 2118 3962 ceteris
2145 3887 2482 3943 nunciarent.
2508 3885 2677 3948 Unde,
2697 3893 2755 3940 ut
2779 3885 2974 3950 fertur,
2997 3889 3302 3939 commotus
3327 3878 3512 3934 animo

1923 3995 2018 4036 rex
2065 3995 2254 4036 eorum
2283 3979 2306 4012 ³
2329 3977 2546 4042 Oricus,
2579 3979 2646 4034 ad
2681 3977 3088 4040 Hludowicum,
3137 3985 3320 4044 regem
3365 3969 3504 4026 Ger-

1921 4085 2240 4134 manorum,
2277 4071 2482 4143 legatos
2511 4069 2659 4140 pacis
2703 4067 2878 4140 gratia
2931 4067 3188 4128 destinat,
3227 4059 3512 4133 captivita-

1925 4177 2032 4220 tem
2060 4165 2088 4204 ιι
2121 4161 2400 4220 absolvere
2449 4163 2844 4230 thesaurosque
2891 4167 3113 4230 paratus
3161 4169 3260 4226 pro
3299 4151 3508 4207 viribus

1923 4253 2232 4310 restituere.
2287 4253 2582 4308 Lotharius
2635 4251 2978 4306 Provinciam
3029 4249 3342 4319 ingressus,
3393 4241 3510 4298 fere

1923 4355 2092 4403 totam
2117 4347 2140 4378 ⁵
2175 4361 2286 4402 sua:
2322 4347 2576 4412 potestati
2631 4351 2932 4415 recuperat.
3004 4339 3140 4396 Dani
3167 4379 3182 4406 ,
3231 4337 3322 4408 qui
3365 4347 3514 4390 anno

1919 4441 2196 4509 praeterito
2225 4439 2572 4510 Aquitaniam
2615 4443 2980 4498 vastaverant,
3013 4438 3340 4494 remeantes,
3373 4425 3514 4482 San-

1921 4539 2114 4587 ctonas
2166 4531 2448 4596 invadunt,
2481 4527 2838 4600 conﬁigentes
2871 4531 3152 4598 superant,
3203 4519 3510 4592 quietisque

1925 4624 2144 4680 sedibus
2173 4625 2553 4678 immorantur.
2573 4619 2802 4676 Karolus
2822 4617 3160 4674 Britanniam
3177 4611 3364 4669 Gallia:
3386 4623 3508 4663 cum

1933 4719 2118 4790 paucis
2166 4717 2346 4774 minus
2401 4725 2560 4772 caute
2615 4729 2922 4788 aggressus,
2973 4705 3348 4766 deﬁcientibus
3401 4701 3516 4756 suis

1933 4811 2094 4867 rebus
2125 4811 2344 4866 sinistra
2379 4811 2596 4865 fortuna
2641 4805 2929 4870 universis,
2961 4801 3338 4858 Cenomannos
3363 4791 3516 4850 festi-

1933 4911 2062 4958 nato
2089 4903 2398 4966 revertitur,
2429 4909 2790 4972 reparatoque
2809 4895 3072 4960 exercitu,
3087 4889 3338 4950 eamdem
3357 4893 3518 4962 parat

1933 4991 2196 5062 impetere

1453 5162 1838 5220 VARIANTES
1873 5165 2278 5240 LECTIONES,

313 5255 328 5286 ³
356 5254 452 5329 ςιι.
477 5255 878 5329 somarobricae.
953 5251 1176 5329 :Clm'u
1195 5255 1430 5326 margine
1449 5255 1776 5312 Leutherius
1849 5257 1872 5290 ⁸
1911 5259 2136 5329 fortasse
2165 5277 2196 5316 a
2225 5259 2488 5324 Hlotario.
2565 5257 2588 5290 ³
2613 5255 2786 5311 iram?
2859 5251 2884 5286 ³
2903 5251 3046 5306 deest
3079 5245 3180 5308 Cb.
3254 5245 3276 5278 ⁸
3307 5246 3516 5317 ίυϐτθθ·

237 5341 332 5384 sua
357 5325 648 5384 Bretotiam
683 5341 792 5382 sum
815 5323 912 5381 Ch.
945 5325 1008 5381 Β.

1767 5439 2000 5502 ΝΟΤΛΕ.

313 5567 338 5598 a
377 5557 488 5598 Arni

313 5567 338 5598 ιι
477 5557 488 5570 ⁸
587 5597 599 5609 ,

313 5557 744 5682 1Il‘n’mélﬁ-onico
793 5627 860 5684 de
911 5627 1078 5698 gestis
1129 5625 1566 5680 Normannorum
1615 5623 1828 5680 exscri-

241 5709 436 5824 Nini}.
483 5767 752 5826 Chronico
801 5769 866 5826 de
919 5769 1086 5840 gestis
1131 5765 1565 5824 Normannorum
1618 5767 1826 5822 exscri-

305 5859 414 5896 illi].

243 5849 746 5984 purlﬁamburgum
785 5911 978 5966 innuit.

2015 5573 2037 5598 ε
2069 5559 2300 5629 Flaury,
2341 5556 2440 5629 ubi
2493 5553 2706 5612 mulis
2735 5553 2940 5626 aliquot
2961 5561 3080 5624 post
3123 5549 3278 5624 [iugo
3311 5545 3524 5606 Floria-

1939 5633 2118 5686 censis
2157 5627 2394 5700 scripsit.

2013 5701 2032 5740 τ
2065 5701 2146 5756 Cf.
2177 5693 2504 5755 Chronicon.
2539 5699 2606 5754 de
2645 5695 2812 5770 gestis
2843 5693 3298 5750 Normannorum.

2009 5773 2034 5812 ⁸
2063 5771 2119 5826 S.
2149 5771 2372 5826 Bertiui.

2005 5843 2030 5882 ιι
2061 5841 2120 5898 ld
2143 5851 2228 5896 est
2253 5842 2496 5914 captivos
2529 5841 2832 5902 universos.
