3974 6344
595 382 734 439 1399
759 407 764 412 ·

1194 496 1551 555 DCCCXLVI.

659 612 854 668 Piratae
887 623 915 654 ι
966 611 1238 668 Danorum
1289 611 1532 668 Fresiam
1585 613 1843 666 adeuntes
1868 651 1884 675 ,
1945 618 2163 682 recepto

585 719 687 776 pro
720 703 876 759 libitu
911 718 1099 768 censu,
1131 703 1420 776 pugnando
1463 717 1677 774 quoque
1698 702 1937 758 victores
1964 699 2160 765 eﬂ‘ecti,

588 803 700 851 tota
725 809 865 865 pene
893 795 1168 864 provincia
1195 795 1494 866 potiuntur.
1521 791 1726 848 Ventus
1757 792 1936 861 aquilo
1959 807 2057 862 per
2083 801 2166 847 to-

587 901 700 944 tam
729 889 959 944 hiemem
988 904 1158 958 usque
1187 888 1255 943 ad
1300 888 1416 958 ipsa
1458 884 1572 942 fere
1620 885 1742 940 Maii
1777 885 1981 940 mensis
2012 884 2162 939 initia

587 981 854 1038 acerrime
905 980 1175 1050 segetibus
1227 988 1282 1035 et
1326 979 1498 1034 vineis
1544 977 1830 1033 incumbit.
1889 976 2164 1046 Luporum
2201 1017 2206 1022 .

586 1074 825 1130 incursio
857 1073 1171 1128 inferiorum
1203 1071 1390 1127 Gallia:
1416 1070 1650 1142 partium
1683 1069 1928 1124 homines
1954 1068 2159 1122 auden-

585 1165 793 1221 tissime
843 1165 1085 1229 devorat,
1129 1165 1223 1220 sed
1268 1172 1322 1219 et
1363 1163 1418 1218 in
1458 1163 1699 1232 partibus
1751 1161 2054 1236 Aquitania:
2108 1160 2162 1215 in

584 1256 801 1311 modum
836 1256 1106 1311 exercitus
1144 1269 1316 1324 usque
1342 1254 1410 1308 ad
1438 1261 1710 1309 trecentos
1738 1251 1908 1307 ferme
1938 1250 2160 1322 conglo-

581 1348 691 1403 bati
717 1357 773 1403 et
796 1363 894 1418 per
935 1348 1080 1402 viam
1110 1346 1255 1402 facto
1306 1347 1518 1418 agmine
1553 1346 1887 1418 gradientes,
1929 1343 2161 1398 volenti-

581 1439 789 1508 busque
815 1439 1069 1494 resistere
1110 1429 1325 1494 fortiter
1350 1439 1785 1507 unanimiterque
1820 1444 2160 1492 contrastare

580 1529 848 1584 feruntur.
895 1527 1120 1585 Carolus
1166 1528 1308 1600 apud
1358 1529 1540 1583 villam
1591 1529 1767 1584 sancti
1826 1527 2055 1598 Remigii
2108 1527 2157 1594 δ,

579 1623 915 1692 Sparnacum
963 1633 985 1661 ο
1042 1621 1296 1687 nomine,
1349 1630 1538 1676 contra
1580 1636 1785 1676 morem
1834 1628 2158 1676 conventum

578 1715 755 1784 populi
805 1716 886 1770 sui
934 1715 1241 1787 generalem
1281 1729 1468 1770 mense
1522 1715 1672 1770 Iunio
1703 1714 1913 1779 habuit,
1945 1713 2000 1767 in
2051 1728 2158 1782 quo

575 1807 950 1877 episcoporum
981 1809 1131 1879 regni
1160 1808 1240 1863 sui
1289 1807 1699 1878 pernecessaria
1748 1805 2046 1860 admonitio
2089 1803 2157 1859 de

574 1900 756 1955 causis
793 1901 1176 1957 ecclesiasticis
1206 1901 1280 1955 ita
1308 1900 1461 1956 ﬂocci
1491 1914 1657 1970 pensa
1696 1909 1800 1965 est,
1823 1907 1882 1954 ut
1909 1899 2001 1953 vix
2031 1913 2154 1952 um-

575 2006 739 2060 quam
783 1993 1085 2046 reverentia
1135 1991 1497 2062 pontiﬁcalis,
1553 1990 1974 2046 christianorum
2022 1989 2160 2046 dun-

573 2089 726 2136 taxat
749 2083 1102 2152 temporibus,
1121 2084 1200 2138 sic
1225 2081 1536 2152 posthabita
1560 2082 1789 2153 legatur.
1808 2081 2049 2148 Quadam
2073 2082 2160 2137 die

578 2173 760 2228 iunior
803 2174 1023 2244 quidam
1068 2175 1085 2204 ί
1122 2190 1246 2229 cum
1276 2190 1414 2244 equa
1445 2175 1629 2229 coiens
1665 2181 1933 2245 repertus,
1961 2174 2159 2229 iudicio

575 2264 912 2320 Francorum
948 2265 1103 2319 vivus
1150 2265 1399 2319 incendio
1449 2273 1739 2318 crematur.
1797 2263 1926 2318 lnde
1974 2272 2159 2333 partes

573 2355 866 2411 Britanniae
893 2354 1120 2410 Carolus
1148 2370 1272 2424 cum
1298 2354 1542 2410 exercitu
1570 2361 1758 2425 petens
1775 2395 1790 2420 ,
1817 2367 2005 2422 pacem
2033 2369 2158 2408 cum

568 2447 926 2519 Nomenogio,
959 2447 1096 2502 duce
1147 2445 1477 2512 Brittonum,
1515 2445 1998 2501 intervenientibus
2031 2445 2160 2500 hinc

568 2548 625 2595 ct
665 2539 790 2594 inde
823 2540 843 2569 ¹
874 2541 1230 2595 sacramentis
1255 2539 1566 2610 paciscitur.
1601 2537 1772 2594 Huius
1813 2539 1940 2594 anni
1973 2554 2158 2596 mense

567 2632 709 2687 Maio
756 2641 906 2688 tanta
960 2633 1104 2703 apud
1153 2633 1493 2689 Altiodorum
1543 2633 1820 2688 civitatem
1875 2632 2157 2689 inundatio

568 2724 873 2794 pluviarum
907 2722 1096 2788 ﬂuxit,
1121 2733 1181 2780 ut
1206 2725 1444 2796 parietes
1470 2733 1784 2794 penetrans,
1814 2724 1962 2795 ipsas
1991 2725 2154 2780 etiam

567 2830 732 2886 cupas
786 2816 976 2885 plenas
1012 2817 1123 2871 vini
1171 2817 1224 2872 in
1259 2817 1480 2872 ﬂuvium
1525 2816 1780 2872 lcaunam
1822 2815 1849 2856 ἀ
1886 2816 2154 2883 retulerit,

569 2907 663 2962 sed
693 2915 780 2971 et,
808 2907 953 2978 quod
996 2918 1079 2963 est
1115 2907 1439 2976 mirabilius,
1467 2909 1756 2979 quamdam
1786 2909 2000 2964 vineam
2032 2924 2155 2964 cum

566 3006 738 3065 terra,
770 3000 972 3055 vitibus
1000 3009 1056 3055 et
1082 3001 1366 3057 arboribus
1391 3001 1649 3058 omnibus
1694 3003 1749 3056 iu
1802 3001 1949 3058 nullo
1979 3003 2156 3058 disru-

565 3099 736 3161 ptam,
769 3091 842 3145 ita
869 3099 930 3148 ut
967 3101 1088 3148 erat
1133 3092 1380 3158 solidam,
1412 3109 1442 3148 a
1471 3103 1626 3164 parte
1667 3092 1878 3149 lcaunae
1920 3093 2157 3150 ﬂuminis

567 3179 624 3234 in
653 3180 876 3234 alteram
905 3181 1147 3238 eiusdem
1165 3182 1312 3238 ﬂuvii
1342 3193 1551 3255 partem
1579 3187 1992 3257 transposuerit,
2024 3203 2088 3244 ac
2110 3187 2156 3243 si

570 3269 626 3323 in
661 3270 849 3324 eodem
875 3286 1007 3342 agro
1045 3275 1361 3330 naturaliter
1393 3274 1576 3331 fuerit.

640 3359 822 3416 Mense
864 3361 1108 3434 Augusto
1152 3363 1440 3422 Sarraceni
1489 3366 1770 3438 Maurique
1803 3368 1986 3424 Tiberi
2035 3368 2151 3425 Ro-

566 3468 714 3508 mam
757 3454 1032 3524 aggressi,
1079 3455 1355 3511 basilicam
1403 3457 1544 3512 beati
1591 3457 1737 3514 Petri
1786 3461 2154 3530 apostolorum

563 3547 826 3618 principis
855 3549 1221 3615 devastantes,
1255 3550 1450 3606 ablatis
1477 3567 1601 3607 cum
1652 3553 1769 3622 ipso
1797 3553 1978 3618 altari,
2011 3555 2153 3623 quod

567 3640 768 3695 tumbae
797 3641 1081 3696 memorati
1119 3641 1485 3712 apostolorum
1531 3643 1791 3714 principis
1840 3644 2152 3714 superposi-

565 3739 680 3785 tum
729 3731 936 3798 fuerat,
983 3733 1232 3789 omnibus
1281 3735 1612 3790 ornamentis
1654 3743 1817 3805 atque
1859 3737 2150 3802 thesauris,

566 3822 855 3894 quemdam
902 3831 1137 3878 montem
1179 3832 1396 3880 centum
1429 3825 1498 3880 ab
1525 3824 1670 3880 Urbe
1713 3825 1930 3881 milibus
1977 3828 2152 3882 muni-

567 3912 835 3968 tissimum
879 3922 1165 3984 occupant.
1207 3913 1354 3982 Quos
1403 3916 1620 3986 quidem
1647 3915 1842 3971 ducum
1869 3917 1890 3947 ⁸
1920 3915 2152 3973 Hlotarii

567 4004 745 4059 minus
767 4003 1016 4076 religiose
1047 4005 1228 4062 adorsi
1256 4016 1418 4078 atque
1438 4007 1598 4063 deleti
1629 4017 1787 4075 sunt;
1819 4026 1946 4080 pars
1971 4019 2151 4066 autem

564 4094 801 4150 hostium
858 4096 1148 4152 ecclesiam
1204 4096 1348 4152 beati
1398 4097 1550 4152 Pauli
1611 4079 1840 4168 apostoli
1893 4079 2081 4155 adiens
2118 4115 2150 4154 a

563 4183 1050 4262 Campaniensibus
1101 4201 1381 4257 oppressa,
1437 4203 1662 4258 prorsus
1708 4187 1996 4244 interfecta
2043 4198 2146 4244 est.

563 4275 932 4346 Hlud’owicus,
969 4294 1067 4334 rex
1117 4280 1553 4348 Germanorum,
1607 4284 1865 4340 adversus
1925 4284 2149 4342 Sclavos

562 4366 878 4436 profectus,
936 4378 1046 4423 tam
1101 4370 1354 4428 intestino
1395 4389 1616 4428 suorum
1677 4375 1929 4431 conﬂictu
1984 4392 2146 4447 quam

563 4460 800 4514 hostium
830 4460 1055 4515 victoria
1078 4464 1426 4530 conterritus,
1451 4480 1704 4521 reversus
1725 4477 1827 4523 est.
1856 4467 2148 4525 Hlodoicus

563 4548 790 4604 Hlotarii
831 4549 995 4617 ﬁlius,
1025 4568 1120 4608 rex
1147 4553 1330 4621 Italiae,
1355 4571 1476 4611 cum
1521 4555 1839 4614 Sarracenis

564 4641 736 4698 victus
765 4642 854 4697 vix
884 4643 1112 4700 Romam
1143 4647 1408 4716 pervenit.

1157 4758 1534 4817 DCCCXLVII.

635 4866 820 4940 Legati
845 4882 869 4911 ο
892 4871 1283 4940 Abdirhaman,
1306 4875 1450 4944 regis
1475 4875 1924 4948 Sarracenorum,
1955 4893 1986 4934 a
2015 4879 2146 4936 Cor-

1605 382 1660 436 S.
1705 380 2072 437 PRUDENTII
2112 380 2491 438 TRECENSIS
2526 380 2830 436 EPISCOPI

2193 505 2242 564 Α
2268 496 2408 551 duba
2449 493 2720 565 lliSpaniae
2763 493 2832 548 ad
2880 492 3134 549 Carolum
3175 497 3321 567 pacis
3359 500 3572 568 petenda
3616 502 3740 559 fede-

3645 394 3743 448 ΗΜ

2267 586 2450 656 risque
2497 584 2746 639 ﬁrmandi
2774 585 2949 656 gratia
2993 585 3249 656 veniunt,
3281 603 3408 658 quos
3439 591 3562 662 apud
3599 591 3744 654 Remo.

2268 693 2386 734 rum
2415 677 2834 734 Durocortorum
2875 676 2892 716 ί
2927 677 3184 734 decenter
3210 688 3262 736 et
3303 683 3519 752 suscepit
3537 694 3584 739 et
3614 687 3743 743 absol-

2266 769 2364 824 vit.
2390 768 2536 824 Bodo
2564 768 2658 839 qui
2685 777 2810 824 ante
2855 784 3029 825 annos
3057 770 3261 841 aliquot
3297 775 3321 812 ⁸
3367 773 3622 830 christiana
3643 780 3745 834 veri-

2267 869 2377 916 tate
2401 861 2658 917 derelicta
2684 862 2752 916 ad
2777 861 3074 918 Iudaeorum
3095 865 3369 934 perﬁdiam
3393 881 3689 934 concesserat,
3709 873 3745 926 in

2267 963 2476 1010 tantum
2503 956 2630 1011 mali
2659 957 2908 1026 profecit,
2926 965 2986 1011 ut
3013 957 3069 1011 in
3092 972 3280 1012 omnes
3308 957 3596 1014 christianos
3612 960 3730 1031 Hispa

2265 1042 2369 1102 nite
2403 1047 2656 1119 degentes
2706 1055 2814 1102 tam
2845 1049 2988 1118 regis
3015 1065 3180 1119 quam
3208 1050 3378 1119 gentis
3407 1051 3743 1109 Sarracenorum

2266 1139 2476 1195 animos
2512 1139 2782 1195 concitare
2816 1139 3083 1195 studuerit
3115 1139 3168 1204 ⁸,
3201 1148 3454 1210 quatenus
3495 1153 3573 1197 aut
3615 1144 3744 1200 relicta

2265 1231 2578 1288 christiana:
2629 1230 2752 1287 ﬁdei
2805 1231 3066 1302 religione
3113 1231 3182 1286 ad
3229 1232 3505 1288 Iudaeorum
3550 1235 3743 1292 insaniam

2267 1321 2760 1378 Sarracenorumve
2805 1322 3134 1378 dementiam
3177 1338 3237 1378 se
3278 1334 3646 1391 converterent,
3683 1337 3745 1381 aut

2265 1424 2414 1472 certe
2443 1430 2632 1470 omnes
2657 1414 3116 1471 interﬁcerentur.
3160 1413 3332 1486 Super
3359 1431 3459 1487 quo
3497 1419 3684 1473 omnium
3705 1420 3746 1473 il-

2264 1508 2369 1564 lius
2399 1509 2550 1580 regni
2581 1509 3005 1564 christianorum
3035 1509 3228 1580 petitio
3276 1510 3341 1563 ad
3383 1509 3601 1564 Carolum
3621 1525 3743 1581 regem

2263 1602 2526 1672 regnique
2562 1602 2643 1657 sui
2671 1602 2954 1674 episcopos
2978 1609 3299 1672 ceterosque
3327 1610 3512 1657 nostrae
3533 1601 3631 1656 ﬁdei
3648 1603 3744 1658 ordi-

2263 1708 2362 1748 nes
2393 1692 2802 1748 lacrimabiliter
2829 1695 2991 1748 missa
3020 1703 3134 1759 est,
3167 1700 3228 1747 ut
3254 1703 3560 1748 memoratus
3574 1703 3742 1762 apostata

2262 1792 2663 1854 reposceretur,
2692 1800 2761 1839 ne
2786 1785 2987 1840 diutius
3025 1786 3339 1842 christianis
3363 1786 3464 1843 illic
3491 1788 3744 1842 versantibus

2185 1863 2234 1923 B
2261 1883 2356 1928 aut
2391 1874 2776 1945 impedimento
2801 1883 2896 1930 aut
2931 1876 3052 1932 neci
3082 1875 3243 1932 foret.

2333 1985 2468 2040 Dani
2503 1987 2530 2026 ε
2562 1995 2772 2056 partem
2818 1985 3094 2042 inferioris
3135 1985 3357 2053 Galliae,
3385 2002 3530 2058 quam
3571 1985 3743 2042 Britones

2263 2076 2538 2144 incolunt,
2589 2077 2880 2144 adeuntes,
2914 2085 3000 2132 ter
3045 2093 3168 2133 cum
3219 2077 3419 2133 eisdem
3455 2076 3664 2133 bellantes
3688 2091 3743 2131 sa-

2261 2176 2497 2239 perant;
2561 2165 3032 2238 Nomenogiusque
3088 2167 3274 2223 victus
3325 2183 3441 2222 cum
3488 2167 3584 2222 suis
3625 2165 3740 2236 fugit,

2263 2259 2384 2314 dein
2429 2275 2526 2330 per
2577 2260 2596 2290 "
2635 2259 2841 2330 legatos
2884 2257 3204 2314 muneribus
3250 2275 3282 2313 a
3333 2260 3440 2314 suis
3481 2274 3563 2315 eos
3597 2257 3740 2312 sedibus

2263 2352 2487 2407 amovit.

2305 2464 2574 2536 .Sergius,
2625 2464 2900 2520 Romanus
2921 2465 3190 2536 pontifex,
3221 2482 3277 2521 vr
3304 2464 3514 2522 Kalend.
3546 2463 3739 2522 Februarii

2261 2561 2588 2631 defungitur,
2615 2568 2670 2614 et
2697 2558 2806 2614 Leo
2837 2559 2892 2613 in
2912 2559 3028 2614 eius
3059 2560 3239 2614 locum
3266 2559 3491 2630 eligitur.
3518 2554 3737 2614 Sarraceni,

2258 2652 2497 2708 oneratis
2528 2652 2908 2706 thesaurorum
2963 2651 3326 2716 multitudine,
3357 2665 3485 2722 quos
3518 2664 3574 2704 ex
3595 2645 3739 2701 basilica

2257 2748 2404 2804 beati
2431 2747 2578 2802 Petri
2618 2746 2844 2816 apostoli
2891 2754 3262 2818 asportarant,
3302 2745 3514 2800 navibus
3535 2742 3732 2797 redirem

2259 2839 2394 2904 nati,
2437 2853 2560 2893 cum
2608 2836 2748 2890 inter
2777 2836 3141 2908 navigandum
3188 2836 3302 2890 Deo
3329 2843 3382 2890 et
3407 2835 3732 2888 Dominonostn

2256 2931 2377 2988 Iesu
2404 2930 2620 2986 Christo
2654 2927 2878 3000 ejusque
2915 2928 3172 2998 apostolis
3211 2943 3308 2983 ore
3341 2924 3569 2996 pestifero
3593 2923 3736 2990 deroga-

2257 3032 2403 3090 rent,
2424 3032 2545 3078 orto
2575 3029 2796 3091 repente
2823 3019 3121 3075 inevitabili
3147 3019 3383 3083 turbine,
3402 3015 3590 3072 conlisis
3609 3014 3648 3066 in
3667 3025 3737 3064 sese

2258 3117 2507 3183 navibus,
2531 3130 2720 3172 omnes
2759 3121 2988 3185 pereunt
3021 3131 3034 3166 :
3069 3112 3322 3182 quaedam
3365 3110 3676 3165 thesaurorum
3704 3102 3734 3155 in

2183 3225 2230 3290 ρ
2261 3209 2467 3264 sinibus
2496 3207 2894 3270 defunctorum,
2920 3219 3059 3274 quos
3085 3219 3241 3258 mare
3266 3202 3521 3256 littoribus
3543 3197 3734 3290 reiean

2259 3301 2502 3364 inventa,
2540 3301 2607 3355 ad
2631 3298 2775 3354 beati
2807 3295 2955 3352 Petri
2979 3295 3211 3366 apostoli
3242 3292 3543 3350 memoriam
3560 3286 3736 3344 revehuu

2256 3401 2364 3447 tur.
2391 3390 2563 3447 Scotti
2591 3391 2619 3432 ιι
2649 3405 2680 3445 a
2709 3387 3063 3444 Nortmaunis
3088 3386 3110 3417 ⁸
3139 3403 3240 3459 per
3262 3400 3428 3440 annos
3448 3381 3656 3455 plurimos
3675 3374 3735 3427 im-

2253 3483 2383 3554 peti,
2408 3480 2682 3536 tributarii
2732 3478 3054 3543 eﬂiciuntur,
3080 3476 3274 3532 insulis
3308 3476 3734 3542 circumquaquepo-

2255 3577 2375 3631 sitis
2411 3574 2554 3629 nullo
2581 3574 2867 3629 resistente
2889 3570 3042 3642 potiti
3070 3571 3426 3626 immorantes
3446 3569 3490 3622 '.

2327 3666 2660 3730 lllotharius,
2711 3663 3060 3720 Hludowicus
3084 3663 3106 3694 ⁸
3157 3671 3216 3718 et
3251 3661 3472 3718 Carolus
3510 3657 3667 3730 legatos
3695 3649 3734 3704 ad

2254 3757 2402 3826 Oric,
2450 3759 2725 3813 Danorum
2776 3770 2989 3826 regem,
3049 3754 3360 3819 destinant,
3414 3750 3669 3807 mandante:
3701 3751 3734 3793 ιιι

2254 3866 2380 3907 suos
2426 3867 2459 3906 a
2491 3850 2513 3881 '
2567 3847 2991 3906 cbristianorum
3045 3845 3479 3902 infestationibus
3526 3840 3731 3896 cohiberet.

2253 3943 2338 4000 sin
2392 3942 2527 3998 alias
2555 3984 2568 4009 ,
2625 3939 2766 3996 bello
2816 3955 2876 3995 se
2936 3937 3309 4010 impetendum
3365 3935 3627 3992 nullatenus
3671 3927 3731 3980 du.

2251 4037 2471 4095 bitaret.

2325 4153 2399 4208 Ea
2424 4159 2745 4223 tempestate
2769 4149 2938 4205 Mauri
2963 4157 3019 4205 et
3039 4147 3332 4204 Sarraceni
3357 4147 3664 4203 Beneventum
3682 4136 3731 4188 in-

2251 4245 2476 4308 vadunt,
2525 4252 2580 4298 et
2607 4257 2774 4312 usque
2817 4241 2884 4297 ad
2934 4240 3174 4295 Romana
3219 4241 3447 4296 conﬁnia
3479 4232 3729 4309 populantur.

2253 4333 2387 4388 Dani
2406 4332 2751 4402 Aquitaniam
2782 4331 3110 4385 maritimam
3138 4331 3402 4400 impetunt
3423 4339 3472 4384 et
3492 4324 3730 4398 praedantur.

2252 4422 2549 4494 urbemque
2594 4421 2946 4493 Burdegalam
2993 4422 3086 4477 diu
3114 4430 3450 4492 oppugnant;
3487 4417 3561 4472 alii
3587 4423 3730 4484 quoque

2251 4515 2525 4569 Danorum
2569 4513 2866 4584 emporium
2895 4513 3039 4583 quod
3085 4513 3435 4568 Dorestadum
3463 4509 3500 4540 ‘°
3536 4506 3683 4560 dicitur
3699 4508 3731 4550 rt

1873 4574 2144 4632 pugnans’
2174 4585 2227 4644 Ῑ)
2253 4604 2483 4661 insulam
2535 4574 2796 4659 Batavam
2835 4574 3102 4674 occupant
3128 4612 3292 4674 atque
3318 4602 3557 4658 obtinent.
3598 4589 3728 4648 illudu-

2255 4697 2376 4753 wici
2404 4697 2471 4763 “,
2487 4695 2878 4752 Germanorum
2908 4697 3070 4765 regis,
3099 4696 3369 4752 exercitus
3392 4694 3611 4748 adversus
3633 4680 3728 4738 Sd:-

2249 4805 2347 4846 vos
2402 4803 2659 4860 prospere
2705 4788 2984 4852 dimicant,
3034 4787 3106 4842 ita
3154 4796 3232 4855 ut,
3282 4787 3418 4858 quod
3459 4791 3566 4838 ante
3592 4783 3726 4831 annum

2249 4883 2525 4947 amiserat,
2548 4881 2832 4952 reciperet.

1775 5037 2164 5094 VARIANTES
2192 5036 2593 5095 LECTIONES.

636 5149 677 5222 '_
693 5146 961 5222 Iuniorem
989 5163 1113 5222 cu_m
1138 5148 1258 5222 Cll.
1312 5151 1331 5182 ¹¹
1361 5157 1415 5206 et
1447 5149 1640 5222 abinde
1674 5148 1771 5222 Cit.
1849 5152 1870 5222 ξ
1900 5152 1974 5204 ita
2003 5149 2213 5222 Chesnii
2246 5161 2294 5205 et
2335 5149 2519 5222 Bouq.
2541 5149 2817 5222 lectionem
2841 5149 3042 5206 dudum
3077 5149 3298 5222 correxi.
3373 5137 3635 5222 fstatuerit

562 5230 611 5303 et
635 5218 702 5274 B.
779 5219 801 5250 '
826 5220 986 5302 deest.
1172 5219 1537 5305 ‘Normanuis
1574 5217 1670 5302 Ch.
1698 5220 1772 5301 sic
1813 5219 2026 5302 pluries.
2106 5223 2124 5252 ⁷
2163 5219 2335 5276 Locus
2377 5216 2521 5275 haud
2570 5220 2724 5302 dubie
2769 5231 3044 5290 corruptus
3060 5239 3079 5287 ;
3085 5221 3332 5346 ὖοηαιες
3368 5216 3636 5287 Ιεθειωναιέ

563 5299 813 5346 cruntur:
863 5304 954 5346 aut
1003 5289 1063 5346 (ι.
1101 5308 1146 5344 e.
1181 5290 1539 5346 Nortmanmi
1590 5290 1893 5346 msulrs.....
1939 5301 2314 5346 Immorantur.
2421 5292 2443 5322 ⁸
2485 5291 2825 5346 Hlodowrcus
2853 5290 2951 5346 Ch.
3028 5291 3050 5323 ⁹
3135 5299 3237 5346 ceu
3279 5289 3376 5343 (.h.
3482 5283 3520 5315 ⁸⁸
3545 5280 3636 5334 Ι)οη

563 5291 813 5361 ciuntur;
863 5290 954 5360 qui
999 5290 1063 5361 (ὅ.
1101 5308 1146 5344 e.
1181 5290 1539 5361 Nortnganm‘)

561 5362 689 5417 dum
731 5359 828 5415 Cit.
883 5358 896 5360 ⁷
930 5361 970 5392 ¹¹
997 5358 1294 5418 Hlodowici
1329 5358 1425 5416 Ch.

1590 5290 1893 5347 insulis.....
1939 5291 2314 5346 immorantur.

2421 5292 2443 5322 ⁸
2485 5290 2825 5347 Hlodowicus
2853 5279 2951 5347 Ch'.
3028 5279 3237 5346 "Deest
3279 5287 3376 5343 Ch.
3413 5279 3433 5287 ⁷
3482 5283 3520 5315 ⁸⁸
3545 5279 3724 5334 Domi"

2078 5423 2307 5510 NOTAE.

631 5553 657 5582 ι
683 5540 768 5598 Cf.
793 5539 1099 5599 Chronicon
1132 5545 1197 5598 de
1225 5544 1390 5600 gestis
1427 5541 1720 5600 Normann.

632 5611 661 5652 δ
690 5612 746 5667 Id
778 5623 864 5668 est
891 5613 1146 5670 Ecclesia:
1183 5611 1523 5670 Rhcmensis.

637 5695 658 5753 ξ
694 5682 959 5753 Epernay.

633 5749 663 5792 (Ι
699 5749 903 5808 Yonne.

640 5831 664 5860 ι
697 5821 771 5873 De
796 5824 973 5878 causis
1004 5825 1160 5890 hujus
1189 5826 1469 5897 legationis
1492 5826 1564 5881 cf.
1593 5826 1811 5883 Petrum
1841 5830 1908 5884 de
1937 5829 2134 5896 Marca,

2251 5548 2425 5620 libarit
2455 5548 2648 5604 Marea‘.
2670 5547 2917 5620 Hispan.,
2949 5563 3069 5620 cap.
3095 5547 3188 5602 27.

2328 5619 2348 5658 ί
2378 5619 2573 5674 Reims.

2323 5692 2349 5761 β
2379 5689 2462 5761 Cf.
2492 5706 2654 5761 supra
2682 5706 2770 5746 an.
2796 5691 2921 5746 839.

2319 5760 2347 5800 ιι
2374 5760 2456 5815 Cf.
2488 5756 2690 5818 Chron.
2720 5762 2786 5818 de
2811 5761 2977 5834 gestis
3005 5759 3192 5818 Norm.
3226 5775 3313 5816 an.
3336 5756 3452 5812 διο.
