3974 6344
519 439 658 498 “0'5

516 555 734 624 impune
763 549 829 606 ad
854 562 1019 605 naves
1049 555 1309 605 remeant.
1342 532 1513 601 lauri
1550 552 1607 600 et
1651 538 1938 599 Sarraceni
1990 535 2097 592 Lu-
2123 538 2173 599 Α

515 660 664 713 nam,
720 643 885 701 ltallre
929 638 1221 711 Civitatem,
1273 640 1647 712 adpraedantes
1672 636 1715 703 ⁸,
1767 633 1912 691 nullo
1957 631 2100 689 obsi-

514 745 692 795 stente
742 735 1014 792 maritima
1059 734 1239 791 omnia
1266 746 1439 804 usque
1468 731 1537 787 ad
1574 727 1913 786 Provinciam
1940 724 2102 781 deva-

515 835 681 885 stant.
707 824 936 883 Karolus
978 823 1122 880 ﬁlius
1170 822 1405 894 Pippini,
1439 819 1629 878 relicto
1656 817 1960 882 Hlothario,
1994 814 2101 871 fra-

518 930 654 977 trem
683 930 839 976 suum
871 916 1157 990 Pippinum
1201 917 1256 972 in
1286 913 1576 986 Aquitania
1634 917 1920 984 vagantem
1951 908 2101 964 adire

517 1010 760 1083 cupiens,
797 1024 828 1064 a
864 1007 1110 1064 ﬁdeli-bus
1137 1005 1313 1062 Caroli
1362 1005 1503 1073 regis
1533 1001 1958 1074 comprehensus
1995 1006 2097 1065 est,

513 1109 571 1157 et
595 1101 662 1157 ad
691 1100 809 1173 ejus
851 1096 1193 1170 pmsentiam
1232 1096 1552 1168 perductus;
1584 1093 1701 1164 qui,
1742 1091 1935 1148 merito
1978 1104 2101 1162 per-

516 1191 658 1249 ﬁdiae
692 1194 746 1248 in
777 1192 1027 1249 eumdem
1071 1196 1322 1262 patruum
1350 1202 1507 1245 suum
1532 1194 1587 1243 et
1615 1197 1822 1258 patrem
1859 1200 1926 1242 ex
1952 1184 2101 1243 fonte

518 1296 694 1351 sacro,
742 1283 1068 1340 sententiam
1106 1282 1324 1355 quidem
1352 1280 1639 1353 capitalem
1667 1288 1968 1345 meruerat,
2003 1278 2099 1333 sed

516 1372 817 1431 clementiae
854 1381 1102 1443 respectu
1159 1380 1405 1428 senatus
1454 1376 1556 1427 est.
1612 1368 1765 1428 Unde
1805 1377 1860 1425 et
1914 1382 2100 1424 mense

514 1464 664 1520 iunio
698 1464 841 1536 apud
886 1463 1075 1520 urbem
1119 1462 1413 1520 Carnutum
1446 1474 1474 1504 ι
1501 1458 1693 1518 Carolo
1719 1474 1845 1533 rege
1866 1474 2100 1516 convens

515 1565 628 1612 tum
656 1556 910 1623 habente,
941 1566 1065 1628 post
1094 1556 1385 1612 missarum
1406 1555 1669 1612 solemnia
1696 1552 1980 1610 ambonem
2010 1568 2100 1610 ec-

513 1646 695 1703 clesia:
718 1649 1110 1716 conscendens,
1151 1647 1384 1704 innotuit
1410 1646 1666 1704 omnibus
1698 1662 1830 1703 voce
1857 1645 2095 1719 propria,

513 1752 575 1793 se
596 1737 667 1795 ob
689 1738 887 1795 divina:
934 1739 1216 1796 servitutis
1240 1753 1481 1795 amorem
1512 1737 1772 1794 clericum
1818 1737 1965 1794 nullo
2002 1752 2097 1794 co-

516 1839 675 1902 gente
700 1830 834 1887 veile
857 1830 1004 1899 ﬁeri;
1052 1831 1237 1902 ibique
1273 1831 1342 1887 ab
1386 1829 1655 1902 episcOpis
1684 1830 1775 1900 qui
1806 1837 2098 1901 prtesentes

513 1921 742 1978 aderant
786 1923 1123 1991 benedictus,
1152 1932 1210 1979 et
1236 1922 1303 1977 ad
1329 1921 1587 1979 clericum
1619 1930 1807 1978 tonsus
1836 1930 1937 1977 est.
1970 1919 2099 1976 Hlu-
2127 1913 2175 1974 Β

513 2010 753 2069 dowicus
805 2028 903 2069 rex
957 2013 1353 2070 Germanorum
1417 2018 1688 2085 aegrotans
1712 2053 1728 2079 ,
1799 2013 2097 2068 exercitum

514 2117 670 2157 suum
722 2105 780 2159 in
836 2103 1059 2161 Sclavos
1090 2106 1304 2178 dirigit;
1354 2106 1447 2175 qui
1497 2107 1725 2176 turpiter
1756 2102 2094 2177 proﬁigatus,

512 2193 644 2263 quid
665 2194 929 2264 dispendii
954 2194 1056 2250 sibi
1089 2196 1336 2252 absentia
1365 2195 1522 2252 ducis
1565 2195 1825 2259 intulerit,
1857 2196 2101 2253 cadendo

515 2286 880 2357 fugiendoque
920 2294 1176 2358 expertus
1223 2296 1327 2343 est.
1356 2286 1584 2343 Carolus
1637 2287 1983 2357 Aquitaniam
2019 2289 2101 2343 in-

512 2393 757 2450 gressus,
809 2394 949 2451 pene
976 2396 1166 2438 omnes
1204 2380 1421 2439 Christo
1464 2382 1563 2437 sibi
1606 2382 1841 2454 propitio
1863 2384 1885 2415 ⁸
1912 2383 2101 2439 conci-

513 2469 692 2529 liando
733 2472 1008 2544 Subiugat,
1061 2488 1302 2529 marcam
1339 2488 1572 2545 quoque.
1609 2473 1959 2544 Hispanicam
2001 2488 2101 2545 pro

510 2561 665 2618 libitu
686 2564 939 2636 disponit.
964 2564 1331 2640 Nomenogius
1355 2566 1533 2625 Britto
1554 2575 1813 2625 consueta
1834 2568 1939 2625 sibi
1958 2569 2102 2625 inso-

510 2653 677 2711 lentia
703 2655 1002 2715 bacchatus
1027 2666 1129 2716 est.

1178 2793 1417 2853 DCCCL.

583 2925 939 2996 Guiihelmus,
969 2928 1231 2989 Bernardi
1276 2931 1438 3000 ﬁlius,
1496 2932 1550 2989 in
1596 2949 1779 2992 marca
1807 2935 2096 3007 Hispanica

512 3017 893 3076 Aledramnum
921 3028 978 3077 et
1005 3021 1373 3079 isembardum
1400 3026 1630 3083 comites
1654 3027 1779 3083 dolo
1807 3027 1972 3099 capit,
2000 3028 2095 3084 sed

510 3113 626 3183 ipse
662 3112 899 3170 doiosius
927 3124 1136 3186 captus,
1181 3123 1235 3171 et
1287 3117 1428 3187 apud
1475 3117 1883 3176 Barcinonemh
1927 3120 2095 3179 inter-

512 3203 689 3260 fectus
730 3212 831 3261 est.
870 3204 1039 3261 Mauri
1086 3222 1258 3278 usque
1293 3208 1363 3265 ad
1405 3207 1707 3275 Arelatum,
1760 3209 1906 3267 nullo
1947 3210 2094 3267 obsi-

1512 428 1570 484 S.
1608 421 1981 485 PRUDENTII
2022 415 2402 475 TllECENSlS
2439 416 2742 475 EPISCOPI

3648 422 3791 474 im

2845 531 3103 589 DCCCLI.

2274 647 2677 721 Nomenogiusf
2713 649 2863 705 Brito
2902 650 3149 706 moritur.
3178 648 3507 705 Lotharius"
3546 692 3562 716 ,
3596 646 3802 703 Elude-

2200 742 2372 800 wicus
2413 750 2468 798 et
2502 740 2729 798 Carolus
2777 740 2918 815 apud
2949 740 3264 797 Marsnamﬁ
3303 740 3567 817 palatium
3603 756 3801 796 conve-

2201 834 2375 900 niunt,
2414 834 2505 891 ubi
2529 835 2696 890 etiam
2720 833 2961 889 fraterne
2998 833 3186 909 paucis
3218 832 3412 891 diebus
3432 832 3657 897 morati,
3683 832 3801 889 harae

2201 928 2473 984 communi
2504 942 2788 999 procerum
2814 941 3032 983 suorum
3065 924 3291 983 consilio
3323 933 3491 999 atque
3521 938 3803 980 consensu

2200 1019 2515 1087 decernunt,
2564 1018 3020 1091 propriorumque
3045 1018 3326 1075 nominum
3348 1032 3799 1093 monogramma-

2202 1110 2342 1170 tibus
2367 1112 2690 1170 conﬁrmant
2712 1114 2760 1168 ιι.

2269 1206 2396 1264 ΟΜ).
2428 1209 2468 1264 i.
2516 1227 2534 1261 ι
2569 1206 2637 1264 Ut
2678 1208 2918 1265 omnium
2958 1209 3357 1280 praeteritorum
3402 1201 3685 1263 maiorum
3748 1212 3801 1258 et

2199 1300 2642 1357 contrarietatum
2668 1309 2724 1358 et
2750 1300 3246 1373 suppiantationum
3276 1315 3341 1355 ac
3379 1298 3659 1355 malarum
3682 1312 3803 1352 ma-

2199 1394 2570 1450 chinationum
2593 1410 2687 1452 seu
2712 1395 3145 1451 nocimentorum
3188 1394 3242 1449 in
3280 1392 3519 1448 invicem
3544 1398 3801 1446 actorum

2199 1485 2513 1553 abolitioita
2537 1485 2681 1542 inter
2705 1502 2803 1543 nos
2835 1485 2946 1554 ﬁat,
2978 1495 3032 1542 et
3066 1502 3096 1543 a
3128 1484 3329 1542 nostris
3362 1483 3633 1540 cordibus
3654 1484 3807 1552 peni-

2200 1585 2288 1632 tus
2306 1576 2570 1633 avellatur
2589 1593 2712 1634 cum
2739 1580 2885 1637 omni
2910 1578 3118 1635 malitia
3164 1586 3222 1637 et
3244 1592 3500 1641 rancore,
3524 1583 3593 1629 ut
3622 1590 3727 1629 nec
3752 1575 3803 1627 in

2198 1668 2514 1724 memoriam
2542 1668 2610 1724 ad
2648 1670 3060 1727 retributionem
3103 1669 3231 1727 mali
3261 1668 3346 1726 vel
3380 1667 3799 1725 contrarietatis

2198 1761 2284 1817 vel
2307 1761 2618 1833 improperii
2647 1764 2714 1819 de
2743 1773 2927 1821 cetero
2958 1764 3153 1824 exinde
3184 1764 3445 1834 quiddam
3462 1762 3585 1818 ﬁat.

2272 1874 2401 1932 CAP.
2434 1875 2497 1930 Il.
2546 1894 2567 1931 ι
2595 1875 2837 1935 Uttanta
2867 1877 3008 1935 inter
3030 1892 3150 1943 nos,
3176 1876 3411 1933 Domino
3433 1886 3801 1947 cooperante,

2198 1969 2611 2027 verae'caritatis
2633 1971 2942 2043 benignitas
2978 1970 3174 2028 abhinc
3210 1986 3431 2042 semper
3458 1979 3717 2035 maneat,
3740 1971 3805 2024 de

2199 2061 2364 2118 corde
2386 2077 2523 2134 puro
2546 2071 2603 2119 et
2628 2064 2967 2121 conscientia
2988 2064 3130 2120 bona
3154 2074 3211 2120 et
3233 2063 3338 2121 ﬁde
3364 2080 3478 2119 non
3502 2063 3669 2127 ﬁcta,
3688 2063 3801 2117 sine

2201 2151 2323 2209 dolo
2347 2160 2403 2209 et
2427 2153 2795 2223 simulatione,
2820 2164 2883 2211 ut
2911 2171 3071 2213 nemo
3098 2170 3197 2213 suo
3227 2157 3344 2228 pari
3374 2172 3543 2213 suum
3574 2172 3799 2227 regnum

2201 2256 2293 2300 aut
2317 2261 2444 2303 suos
2475 2244 2684 2313 ﬁdeles,
2722 2246 2807 2305 vel
2831 2248 2976 2318 quod
3015 2249 3083 2305 ad
3108 2249 3336 2305 salutem
3368 2260 3425 2304 et
3454 2249 3801 2319 prosper-ita-

2201 2344 2312 2395 tem
2332 2352 2396 2393 ac
2424 2339 2685 2396 honorem
2722 2340 2928 2411 regium
2968 2340 3223 2412 pertinet,
3253 2340 3534 2411 discnpiat
3564 2352 3667 2395 aut
3694 2339 3795 2395 lor-

2200 2428 2469 2497 consiiiet,
2497 2438 2590 2487 aut
2615 2446 2713 2501 per
2740 2432 2983 2489 occultos
3021 2447 3349 2488 susurrones
3375 2431 3629 2489 libenter
3650 2448 3797 2487 com-

2199 2522 2371 2593 posita
2399 2525 2677 2582 mendacia
2714 2542 2808 2582 seu
2838 2526 3202 2585 detractiones
3231 2536 3507 2599 acceptet.

2270 2632 2396 2689 CAP.
2424 2634 2508 2690 ill.
2557 2654 2575 2689 ι
2618 2636 3005 2711 Unusquisque
3056 2638 3288 2695 ﬁdeliter
3334 2655 3500 2695 suum
3560 2656 3795 2713 parem,

2198 2724 2527 2798 ubicumque
2548 2730 2845 2786 necessitas
2875 2731 2925 2786 ei
2968 2729 3132 2786 fuerit
3170 2740 3224 2785 et
3255 2731 3373 2802 ipse
3391 2734 3675 2804 potuerit,
3712 2743 3799 2789 ast

2197 2833 2295 2890 per
2321 2833 2381 2876 se
2401 2829 2495 2876 aut
2515 2835 2614 2892 per
2642 2821 2811 2878 ﬁlium
2842 2832 2937 2878 aut
2979 2839 3078 2895 per
3107 2823 3295 2880 ﬁdeles
3322 2839 3462 2880 suos
3484 2834 3545 2881 et
3569 2827 3799 2881 consilio

2198 2921 2253 2969 et
2280 2912 2483 2970 auxilio
2501 2913 2741 2984 adiuvet,
2763 2924 2825 2972 ut
2848 2931 3091 2989 regnum,
3129 2916 3335 2983 ﬁdeles,
3359 2919 3793 2991 prosperitates

2198 3014 2362 3077 atque
2417 3007 2677 3065 honorem
2714 3009 2923 3081 regium
2966 3010 3147 3066 debite
3193 3009 3372 3066 valeat
3420 3011 3715 3075 obtinere,
3747 3022 3797 3067 et

2196 3099 2465 3155 veraciter
2513 3100 2884 3172 unusquisque
2937 3116 3065 3172 erga
3104 3101 3337 3157 alterum
3384 3104 3657 3158 certatim
3708 3106 3795 3158 de-

2196 3197 2483 3255 monstret,
2507 3191 2634 3261 quia
2664 3190 2716 3247 in
2744 3190 2931 3277 fratris
2953 3192 3037 3249 sui
3065 3193 3417 3258 adversitate,
3450 3194 3503 3249 si
3526 3198 3795 3259 evenerit,

510 3302 708 3359 stente,
737 3304 930 3351 cuncta
971 3296 1272 3365 devastant,
1302 3300 1399 3355 sed
1447 3314 1573 3356 eum
1606 3301 1868 3368 redirent,
1925 3309 2087 3357 vento
2114 3285 2160 3350 Β
2193 3278 2434 3368 fratem"
2471 3280 2629 3337 “1°40
2672 3283 3048 3348 θοηινίδίθιυνυ
3079 3291 3135 3339 ei
3162 3284 3216 3339 ίη
3248 3286 3633 3355 μυδρονίιθιε
3660 3286 3797 3341 im“

512 3384 786 3442 contrario
821 3385 1008 3442 reiecti
1033 3398 1090 3443 et
1110 3387 1383 3449 interfecti
1419 3400 1565 3447 sunt.
1597 3390 1891 3451 Lotharius
1921 3392 2087 3448 tilium

509 3490 667 3535 Suum
708 3472 1079 3535 Hludowicum
1111 3476 1134 3510 ³
1185 3476 1413 3539 Romam
1459 3480 1644 3549 mittit,
1694 3481 1787 3555 qui
1830 3498 1861 3537 a
1909 3481 2091 3539 Leone

509 3580 651 3639 papa
670 3568 969 3624 liOﬂOl‘iﬁt‘O
996 3577 1283 3643 susceptus
1311 3579 1365 3627 et
1412 3573 1467 3629 in
1492 3573 1875 3645 imperatorem
1897 3581 2095 3633 unctus

509 3668 613 3717 est.
663 3660 791 3717 Oric
825 3662 870 3725 ⁸,
912 3674 1006 3718 rex
1054 3662 1512 3722 Nortmannorum
1545 3668 1589 3734 ',
1653 3668 2091 3739 impugnantibus

510 3769 633 3815 sese
659 3753 869 3813 duobus
896 3758 1184 3829 nepotibus
1210 3760 1346 3826 suis,
1372 3760 1516 3819 bello
1554 3762 1863 3834 impetitur;
1893 3763 2090 3836 quibus

506 3846 799 3923 partitione
824 3849 977 3921 regni
1008 3851 1234 3920 pacatis,
1266 3851 1428 3909 llorie
1450 3853 1472 3884 ‘
1499 3869 1666 3924 nepos
1696 3853 1961 3921 Herioldi,
1995 3856 2089 3926 qui

507 3950 681 4007 nuper
710 3952 739 3991 a
785 3936 1043 3995 Lothario
1073 3940 1367 4008 defecerat,
1407 3944 1699 4015 assumptis
1730 3944 2090 4000 Nortmanno-

507 4042 629 4083 rum
649 4039 671 4067 ο
703 4029 1053 4098 exercitibus,
1080 4047 1202 4087 cum
1232 4014 1583 4091 multitudine
1603 4036 1820 4091 navium
1844 4037 2089 4095 Fresiam

508 4127 563 4177 et
588 4117 850 4177 Batavum
874 4119 1109 4179 insulam
1127 4123 1341 4194 aliaque
1373 4125 1546 4181 vicina
1577 4126 1693 4182 loca
1720 4141 1816 4198 per
1837 4127 2089 4185 Rhenum

509 4216 564 4264 et
588 4207 849 4266 Vahalem
889 4210 1153 4267 devastat.
1183 4212 1353 4281 Quem
1383 4214 1674 4273 Lotharius
1702 4234 1825 4273 cum
1856 4220 2084 4289 compri-

509 4310 661 4352 mere
689 4299 958 4369 nequiret,
997 4301 1053 4356 in
1084 4300 1243 4357 ﬁdem
1275 4306 1502 4376 recepit,
1533 4306 1691 4377 eique
1734 4307 2088 4364 Dorestadum

507 4396 563 4447 et
598 4388 734 4447 alios
788 4392 1076 4451 comitatus
1120 4394 1378 4468 largitur;
1435 4404 1741 4454 ceterorum
1786 4415 1917 4457 vero
1962 4415 2090 4470 pars

509 4482 782 4553 Ienapios
805 4484 856 4551 ἀ,
893 4484 1208 4545 Tarvisios°
1255 4489 1496 4560 aliosque
1544 4492 1847 4547 maritimos
1891 4494 2091 4563 deprae-

506 4574 725 4641 dantur,
754 4588 885 4646 pars
919 4575 1254 4633 Britanniam
1294 4578 1523 4635 insulam
1564 4579 1872 4651 Anglosque
1918 4582 2088 4653 impe-

2192 3366 2423 3423 iaatatur.
2460 3369 2529 3424 Et
2558 3370 2719 3425 talem
2746 3370 2908 3426 ﬁdem
2938 3372 3081 3429 sicut
3096 3374 3239 3429 inter
3261 3387 3363 3429 nos
3389 3376 3567 3431 modo
3594 3377 3795 3433 abhinc

2190 3458 2246 3514 in
2296 3471 2422 3517 ante
2464 3465 2920 3522 conservaturos’
2967 3466 3348 3549 conﬁrmatum
3395 3468 3699 3536 habemus,
3725 3472 3797 3527 sic

2191 3555 2560 3627 unusquisque
2599 3555 2897 3615 infantibus
2944 3558 3133 3617 fratris
3162 3561 3267 3629 sui,
3310 3562 3357 3618 si
3404 3563 3667 3632 obici-it,
3708 3566 3795 3637 qui

2190 3647 2517 3719 superfuerit
2547 3653 2909 3708 conservabit.

2261 3740 2388 3797 Car.
2428 3739 2512 3799 IV.
2558 3762 2579 3794 ι
2614 3743 2682 3798 Ει
2709 3745 2833 3819 quia
2876 3761 2973 3819 per
2996 3762 3163 3820 vagos
3195 3757 3248 3804 et
3268 3748 3669 3809 inreverentes
3704 3754 3795 3809 ho-

2191 3834 2365 3891 mines
2385 3850 2488 3905 pas
2518 3845 2571 3893 et
2604 3838 2969 3910 tranqaiilitas
2996 3842 3146 3912 regni
3175 3844 3494 3914 perturbari
3515 3846 3691 3915 solet,
3717 3865 3797 3905 vo-

2190 3925 2367 3985 lumus
2388 3937 2451 3982 ut
2475 3928 2545 3984 ad
2564 3944 2965 4003 quemcumque
3008 3941 3251 3993 nostrum
3280 3934 3407 3992 talis
3450 3940 3705 4005 venerit,
3742 3948 3793 3995 et

2192 4019 2363 4079 dehis
2406 4035 2526 4090 quae
2546 4022 2651 4093 egit
2682 4024 2947 4080 rationem
2993 4036 3048 4081 et
3091 4026 3351 4083 iustitiam
3406 4030 3793 4104 subterfugere

2188 4111 2340 4180 velit,
2372 4129 2530 4170 nemo
2549 4130 2616 4171 ex
2662 4115 2817 4175 nobis
2847 4117 2997 4173 illum
3033 4120 3102 4177 ad
3129 4119 3277 4177 aliud
3314 4121 3559 4194 recipiat
3584 4124 3679 4181 vel
3706 4141 3790 4181 re-

2192 4203 2385 4270 tineat,
2405 4206 2506 4261 nisi
2540 4217 2599 4262 ut
2624 4209 2690 4265 ad
2716 4220 2922 4265 rectam
2956 4211 3217 4268 rationem
3238 4224 3293 4270 et
3320 4214 3569 4272 debitam
3602 4234 3789 4274 emen-

2192 4294 2467 4351 dationem
2492 4294 2849 4368 perducatur;
2876 4310 2931 4358 et
2966 4304 3009 4359 si
3036 4305 3298 4361 rationem
3320 4315 3533 4362 rectam
3570 4310 3787 4367 subter-

2192 4385 2412 4459 fugerit,
2436 4404 2626 4449 omnes
2654 4393 2707 4448 in
2750 4409 3056 4465 commune,
3090 4398 3141 4455 in
3166 4400 3319 4471 cuius
3343 4417 3581 4474 regnum
3622 4420 3785 4461 vene-

2193 4479 2284 4545 rit,
2321 4474 2473 4539 iilum
2508 4499 2916 4558 persequamur,
2945 4490 3118 4549 donec
3141 4502 3237 4549 aut
3257 4494 3324 4549 ad
3355 4497 3633 4553 rationem
3660 4515 3783 4570 per-

2193 4570 2443 4640 ducatur,
2467 4585 2563 4630 aut
2599 4577 2665 4633 de
2681 4594 2844 4651 regno
2870 4580 3117 4639 deleatur

507 4674 702 4734 tentes,
733 4666 803 4724 ab
853 4669 935 4726 eis
979 4668 1182 4727 auxilio
1233 4672 1445 4729 Domini
1510 4674 1683 4730 nostri
1732 4650 1848 4731 lesu
1881 4650 2085 4735 Christi
2112 4650 2164 4711 Ῐ)
2269 4666 2397 4727 CAP-
2443 4667 2502 4724 V-
2546 4689 2563 4723 ι
2605 4650 2865 4729 Similiter
2914 4684 2970 4731 et
3016 4677 3082 4732 de
3123 4692 3191 4733 eo
3221 4680 3493 4752 agendum
3534 4692 3651 4749 est,
3684 4686 3775 4755 qui

505 4766 850 4829 superantur.

2187 4780 2285 4836 pro
2328 4762 2509 4835 aliquo
2544 4763 2761 4835 capitali
2810 4776 2864 4821 et
2913 4767 3126 4839 publico
3164 4770 3395 4827 crimine
3448 4790 3482 4828 a
3535 4776 3779 4845 quolibet

1723 4897 2114 4959 VARIANTES
2146 4896 2547 4957 LECTIONES.

575 5009 593 5041 ¹
633 5008 929 5085 Legendth
956 5021 1049 5085 aut
1071 5012 1441 5085 (ierit-amantes
1466 5014 2069 5085 “(adprehendentes
2143 5015 2165 5047 '
2204 5014 2452 5085 Propicio
2476 4998 2569 5069 Ch:
2649 5014 2672 5085 ξ
2698 5016 2967 5072 ludoicum
2992 5016 3089 5073 Cit.
3166 5019 3188 5051 ⁸
3218 5019 3385 5075 Orieh
3411 5018 3514 5075 Ch.
3591 5022 3619 5055 ⁸
3644 5020 3777 5077 Nor-

505 5080 823 5138 mannorum
858 5080 957 5138 Ch.
1033 5083 1055 5115 ⁸
1084 5080 1285 5140 Rorich
1310 5082 1408 5139 Cit.
1484 5084 1506 5117 τ
1542 5080 1853 5142 Hlotharius
1881 5085 2069 5142 Chesn.
2143 5085 2167 5118 ⁸
2195 5080 2608 5142 conversaturos
2629 5083 2726 5142 Ch.
2751 5086 2882 5142 etB.

2066 5219 2272 5280 NOTAE
2283 5261 2296 5276 .

573 5323 600 5351 ι
640 5306 906 5367 Chartres.

504 5448 537 5503 5
564 5380 621 5503 ἐτι
750 5381 986 5441 Marcam
1029 5380 1397 5456 Hispanicam,
1427 5380 1522 5439 lib.
1551 5396 1634 5448 nt,
1659 5394 1777 5452 ων.
1812 5379 1901 5447 l7,
1930 5396 2079 5435 num.

564 5459 621 5601 ξι
757 5521 961 5601 Chron.
994 5525 1061 5583 de
1089 5524 1257 5601 gestis
1284 5522 1578 5581 Normann.

572 5591 600 5633 δ
638 5591 905 5666 Elandria}
931 5611 1077 5666 pars.

566 5674 606 5727 ,ο
646 5662 1295 5735 Ιάῌεεῑλτθῑνθηηεηεθδ,
1329 5678 1558 5735 quorum
1592 5672 1753 5735 caput
1796 5662 2078 5721 Tervanna

505 5746 671 5802 prope
694 5731 772 5789 St.
803 5733 964 5791 Omer
989 5737 1150 5791 situm
1172 5742 1275 5791 est.
1348 5731 1362 5735 ⁷
1658 5731 1674 5735 “
1702 5752 1709 5757 ·

513 5868 527 5887 ·
560 5800 625 5887 γ’
648 5800 994 5885 Nornenoius,
1015 5806 1120 5887 dus
1149 5803 1465 5887 Britannias,
1492 5804 1729 5887 primum
1757 5806 1861 5887 luit
1881 5806 2079 5887 missus

510 5868 766 5927 Ludovici
796 5873 868 5936 pii
890 5868 1257 5941 imperatoris,
1294 5880 1352 5928 ut
1372 5868 1631 5931 discimus
1660 5888 1727 5929 ex
1757 5875 1953 5933 litteris
1982 5878 2077 5933 do-

2191 5311 2428 5366 nationis
2456 5310 2526 5366 ab
2553 5311 2740 5365 eodem
2786 5309 3083 5366 Nomenoie
3112 5313 3442 5367 monasterio
3474 5313 3771 5375 Batonensi

2193 5380 2368 5465 factae,
2403 5397 2538 5465 quas
2566 5384 2719 5465 datas
2740 5390 2902 5465 putat
2927 5381 3261 5465 Mabiilonius
3282 5383 3579 5465 annp_§34,
3610 5403 3775 5465 quas.

2190 5448 2462 5575 ggzoﬁzec.
2500 5452 2533 5505 4
2576 5448 2848 5508 Βθιιθεῒῖειζ
2911 5461 3062 5523 parte
3102 5466 3163 5515 ιι,
3202 5468 3324 5525 pig.
3378 5454 3502 5523 185,
3558 5448 3773 5515 recitat.

2234 5537 2355 5588 ouo.

2264 5595 2290 5634 ε
2326 5594 2537 5664 llarsna
2573 5593 2829 5664 palatium
2857 5595 2924 5649 ad
2951 5593 3280 5650 confluentes
3312 5593 3474 5652 Messe
3520 5607 3577 5653 et
3600 5598 3773 5656 ϐαιὴ

2190 5663 2327 5718 infra
2354 5663 2658 5735 Traiectum
2680 5666 2928 5735 superius
2951 5665 3134 5729 situm,
3172 5665 3329 5722 hodie
3360 5664 3590 5722 Hersen.

2260 5736 2287 5775 ³³
2327 5734 2408 5791 Cf.
2459 5734 2659 5790 Balnzii
2704 5734 3063 5806 capitularla,
3114 5744 3152 5789 t.
3200 5735 3274 5800 il,
3318 5736 3421 5792 eoi.
3486 5738 3583 5805 ιδ,
3640 5743 3773 5797 alit.

2188 5805 2478 5881 Cluniae;
2522 5805 2796 5881 anguibus
2844 5806 3013 5863 nostri
3070 5806 3270 5881 aliquot
3320 5808 3507 5864 verbis
3552 5814 3777 5871 emiss-5

2188 5877 2271 5933 vel
2288 5878 2508 5933 mutatis
2532 5875 2806 5934 diﬁ'erunt.
