  <div class='ocr_page' id='page_1' title='image "/cluster/home/n/w/nwhite01/storage/ocr_20150623/115/hvd.32044015466873/706.png"; bbox 0 0 3974 6344; ppageno 0'>
   <div class='ocr_carea' id='block_1_1' title="bbox 181 409 326 468">
    <p class='ocr_par' dir='ltr' id='par_1_1' title="bbox 181 409 326 468">
     <span class='ocr_line' id='line_1_1' title="bbox 181 409 326 468; baseline 0.007 -2"><span class='ocrx_word' id='word_1_1' title='bbox 181 409 326 468; x_wconf 70' lang='lat'><strong>“05</strong></span> 
     </span>
    </p>
   </div>
   <div class='ocr_carea' id='block_1_2' title="bbox 1633 409 1968 466">
    <p class='ocr_par' dir='ltr' id='par_1_2' title="bbox 1633 409 1968 466">
     <span class='ocr_line' id='line_1_2' title="bbox 1633 409 1968 466; baseline 0 -2"><span class='ocrx_word' id='word_1_2' title='bbox 1633 409 1968 466; x_wconf 76' lang='lat' dir='ltr'><strong>ANNALES.</strong></span> 
     </span>
    </p>
   </div>
   <div class='ocr_carea' id='block_1_3' title="bbox 3301 407 3442 474">
    <p class='ocr_par' dir='ltr' id='par_1_3' title="bbox 3301 407 3442 474">
     <span class='ocr_line' id='line_1_3' title="bbox 3301 407 3442 474; baseline 0.014 -2"><span class='ocrx_word' id='word_1_3' title='bbox 3301 407 3442 474; x_wconf 64' lang='lat' dir='ltr'><strong>“(id</strong></span> 
     </span>
    </p>
   </div>
   <div class='ocr_carea' id='block_1_4' title="bbox 181 517 3440 600">
    <p class='ocr_par' dir='ltr' id='par_1_4' title="bbox 181 517 3440 600">
     <span class='ocr_line' id='line_1_4' title="bbox 181 517 3440 600; baseline 0 -20"><span class='ocrx_word' id='word_1_4' title='bbox 181 531 436 600; x_wconf 81' lang='lat' dir='ltr'><strong>episcopo</strong></span> <span class='ocrx_word' id='word_1_5' title='bbox 459 525 768 598; x_wconf 74' lang='lat' dir='ltr'><strong>corripitur,</strong></span> <span class='ocrx_word' id='word_1_6' title='bbox 805 525 886 580; x_wconf 90' lang='lat' dir='ltr'><strong>vel</strong></span> <span class='ocrx_word' id='word_1_7' title='bbox 917 523 1522 582; x_wconf 83' lang='lat' dir='ltr'><strong>excommunicationis&#39;</strong></span> <span class='ocrx_word' id='word_1_8' title='bbox 1549 525 1758 582; x_wconf 81' lang='lat' dir='ltr'><strong>crimen</strong></span> <span class='ocrx_word' id='word_1_9' title='bbox 1787 527 1838 588; x_wconf 83' lang='grc' dir='ltr'>Λ</span> <span class='ocrx_word' id='word_1_10' title='bbox 1865 523 2052 580; x_wconf 89' lang='lat' dir='ltr'><strong>lariter</strong></span> <span class='ocrx_word' id='word_1_11' title='bbox 2075 533 2282 596; x_wconf 88' lang='lat' dir='ltr'><strong>parcat,</strong></span> <span class='ocrx_word' id='word_1_12' title='bbox 2331 517 2772 598; x_wconf 55' lang='lat' dir='ltr'><strong>ut&#39;splritualiter</strong></span> <span class='ocrx_word' id='word_1_13' title='bbox 2807 533 2862 582; x_wconf 92' lang='lat' dir='ltr'><strong>et</strong></span> <span class='ocrx_word' id='word_1_14' title='bbox 2911 525 3200 582; x_wconf 76' lang='lat' dir='ltr'><strong>salubriter</strong></span> <span class='ocrx_word' id='word_1_15' title='bbox 3217 541 3440 598; x_wconf 80' lang='lat' dir='ltr'><strong>parcere</strong></span> 
     </span>
    </p>
   </div>
   <div class='ocr_carea' id='block_1_5' title="bbox 181 615 1760 692">
    <p class='ocr_par' dir='ltr' id='par_1_5' title="bbox 181 615 1760 692">
     <span class='ocr_line' id='line_1_5' title="bbox 181 615 1760 692; baseline -0.001 -18"><span class='ocrx_word' id='word_1_16' title='bbox 181 619 410 684; x_wconf 81' lang='lat' dir='ltr'><strong>faciens,</strong></span> <span class='ocrx_word' id='word_1_17' title='bbox 443 631 666 686; x_wconf 81' lang='lat' dir='ltr'><strong>regnum</strong></span> <span class='ocrx_word' id='word_1_18' title='bbox 687 625 742 672; x_wconf 89' lang='lat' dir='ltr'><strong>et</strong></span> <span class='ocrx_word' id='word_1_19' title='bbox 771 617 914 692; x_wconf 81' lang='lat' dir='ltr'><strong>regis</strong></span> <span class='ocrx_word' id='word_1_20' title='bbox 939 617 1178 688; x_wconf 87' lang='lat' dir='ltr'><strong>regimen</strong></span> <span class='ocrx_word' id='word_1_21' title='bbox 1205 623 1396 682; x_wconf 84' lang='lat' dir='ltr'><strong>mutat,</strong></span> <span class='ocrx_word' id='word_1_22' title='bbox 1425 633 1492 672; x_wconf 85' lang='lat' dir='ltr'><strong>ne</strong></span> <span class='ocrx_word' id='word_1_23' title='bbox 1520 615 1760 672; x_wconf 77' lang='lat' dir='ltr'><strong>debitam</strong></span> 
     </span>
    </p>
   </div>
   <div class='ocr_carea' id='block_1_6' title="bbox 181 707 1762 782">
    <p class='ocr_par' dir='ltr' id='par_1_6' title="bbox 181 707 1762 782">
     <span class='ocr_line' id='line_1_6' title="bbox 181 707 1762 782; baseline -0.003 -16"><span class='ocrx_word' id='word_1_24' title='bbox 181 707 558 782; x_wconf 69' lang='lat' dir='ltr'><strong>paenitentiam</strong></span> <span class='ocrx_word' id='word_1_25' title='bbox 589 707 882 778; x_wconf 89' lang='lat' dir='ltr'><strong>suscipiat,</strong></span> <span class='ocrx_word' id='word_1_26' title='bbox 915 716 1010 762; x_wconf 91' lang='lat' dir='ltr'><strong>aut</strong></span> <span class='ocrx_word' id='word_1_27' title='bbox 1037 719 1344 778; x_wconf 89' lang='lat' dir='ltr'><strong>susceptam</strong></span> <span class='ocrx_word' id='word_1_28' title='bbox 1369 707 1608 780; x_wconf 87' lang='lat' dir='ltr'><strong>legitime</strong></span> <span class='ocrx_word' id='word_1_29' title='bbox 1637 721 1762 778; x_wconf 85' lang='lat' dir='ltr'><strong>per-</strong></span> 
     </span>
    </p>
   </div>
   <div class='ocr_carea' id='block_1_7' title="bbox 181 799 1758 874">
    <p class='ocr_par' dir='ltr' id='par_1_7' title="bbox 181 799 1758 874">
     <span class='ocr_line' id='line_1_7' title="bbox 181 799 1758 874; baseline -0.003 -18"><span class='ocrx_word' id='word_1_30' title='bbox 181 811 337 874; x_wconf 86' lang='lat' dir='ltr'><strong>agat;</strong></span> <span class='ocrx_word' id='word_1_31' title='bbox 391 801 658 856; x_wconf 76' lang='lat' dir='ltr'><strong>Interdum</strong></span> <span class='ocrx_word' id='word_1_32' title='bbox 707 799 870 854; x_wconf 86' lang='lat' dir='ltr'><strong>etiam</strong></span> <span class='ocrx_word' id='word_1_33' title='bbox 915 799 1172 855; x_wconf 90' lang='lat' dir='ltr'><strong>incestam</strong></span> <span class='ocrx_word' id='word_1_34' title='bbox 1211 799 1570 870; x_wconf 83' lang='lat' dir='ltr'><strong>propinquam</strong></span> <span class='ocrx_word' id='word_1_35' title='bbox 1605 811 1758 852; x_wconf 85' lang='lat' dir='ltr'><strong>suam</strong></span> 
     </span>
    </p>
   </div>
   <div class='ocr_carea' id='block_1_8' title="bbox 181 887 1758 960">
    <p class='ocr_par' dir='ltr' id='par_1_8' title="bbox 181 887 1758 960">
     <span class='ocr_line' id='line_1_8' title="bbox 181 887 1758 960; baseline -0.003 -14"><span class='ocrx_word' id='word_1_36' title='bbox 181 899 274 948; x_wconf 86' lang='lat' dir='ltr'><strong>aut</strong></span> <span class='ocrx_word' id='word_1_37' title='bbox 321 891 820 954; x_wconf 83' lang='lat' dir='ltr'><strong>sanctimonialem,</strong></span> <span class='ocrx_word' id='word_1_38' title='bbox 863 889 944 944; x_wconf 94' lang='lat' dir='ltr'><strong>vel</strong></span> <span class='ocrx_word' id='word_1_39' title='bbox 997 897 1206 960; x_wconf 85' lang='lat' dir='ltr'><strong>raptam</strong></span> <span class='ocrx_word' id='word_1_40' title='bbox 1261 889 1374 944; x_wconf 90' lang='lat' dir='ltr'><strong>sive</strong></span> <span class='ocrx_word' id='word_1_41' title='bbox 1425 887 1758 954; x_wconf 85' lang='lat' dir='ltr'><strong>adulteram,</strong></span> 
     </span>
    </p>
   </div>
   <div class='ocr_carea' id='block_1_9' title="bbox 181 979 1754 1054">
    <p class='ocr_par' dir='ltr' id='par_1_9' title="bbox 181 979 1754 1054">
     <span class='ocr_line' id='line_1_9' title="bbox 181 979 1754 1054; baseline -0.003 -18"><span class='ocrx_word' id='word_1_42' title='bbox 181 995 344 1052; x_wconf 85' lang='lat' dir='ltr'><strong>quam</strong></span> <span class='ocrx_word' id='word_1_43' title='bbox 369 981 478 1038; x_wconf 86' lang='lat' dir='ltr'><strong>illic</strong></span> <span class='ocrx_word' id='word_1_44' title='bbox 491 983 540 1038; x_wconf 88' lang='lat' dir='ltr'><strong>ei</strong></span> <span class='ocrx_word' id='word_1_45' title='bbox 564 995 666 1036; x_wconf 90' lang='lat' dir='ltr'><strong>non</strong></span> <span class='ocrx_word' id='word_1_46' title='bbox 689 981 886 1036; x_wconf 84' lang='lat' dir='ltr'><strong>licebat</strong></span> <span class='ocrx_word' id='word_1_47' title='bbox 901 981 1120 1049; x_wconf 84' lang='lat' dir='ltr'><strong>habere,</strong></span> <span class='ocrx_word' id='word_1_48' title='bbox 1149 981 1356 1054; x_wconf 78' lang='lat' dir='ltr'><strong>fugiens</strong></span> <span class='ocrx_word' id='word_1_49' title='bbox 1371 993 1554 1036; x_wconf 83' lang='lat' dir='ltr'><strong>secum</strong></span> <span class='ocrx_word' id='word_1_50' title='bbox 1568 979 1720 1036; x_wconf 78' lang='lat' dir='ltr'><strong>duxit</strong></span> <span class='ocrx_word' id='word_1_51' title='bbox 1739 995 1754 1032; x_wconf 91' lang='lat'><strong>:</strong></span> 
     </span>
    </p>
   </div>
   <div class='ocr_carea' id='block_1_10' title="bbox 183 1071 1758 1144">
    <p class='ocr_par' dir='ltr' id='par_1_10' title="bbox 183 1071 1758 1144">
     <span class='ocr_line' id='line_1_10' title="bbox 183 1071 1758 1144; baseline -0.001 -16"><span class='ocrx_word' id='word_1_52' title='bbox 183 1075 272 1130; x_wconf 89' lang='lat' dir='ltr'><strong>hie</strong></span> <span class='ocrx_word' id='word_1_53' title='bbox 305 1075 444 1138; x_wconf 87' lang='lat' dir='ltr'><strong>talis,</strong></span> <span class='ocrx_word' id='word_1_54' title='bbox 471 1089 592 1128; x_wconf 86' lang='lat' dir='ltr'><strong>cum</strong></span> <span class='ocrx_word' id='word_1_55' title='bbox 615 1073 920 1144; x_wconf 89' lang='lat' dir='ltr'><strong>episcopus,</strong></span> <span class='ocrx_word' id='word_1_56' title='bbox 941 1071 1008 1127; x_wconf 90' lang='lat' dir='ltr'><strong>ad</strong></span> <span class='ocrx_word' id='word_1_57' title='bbox 1033 1073 1188 1128; x_wconf 86' lang='lat' dir='ltr'><strong>cuius</strong></span> <span class='ocrx_word' id='word_1_58' title='bbox 1219 1087 1404 1128; x_wconf 88' lang='lat' dir='ltr'><strong>curam</strong></span> <span class='ocrx_word' id='word_1_59' title='bbox 1431 1073 1758 1144; x_wconf 85' lang='lat' dir='ltr'><strong>pertinebat,</strong></span> 
     </span>
    </p>
   </div>
   <div class='ocr_carea' id='block_1_11' title="bbox 179 1165 1762 1238">
    <p class='ocr_par' dir='ltr' id='par_1_11' title="bbox 179 1165 1762 1238">
     <span class='ocr_line' id='line_1_11' title="bbox 179 1165 1762 1238; baseline -0.001 -14"><span class='ocrx_word' id='word_1_60' title='bbox 179 1167 338 1224; x_wconf 85' lang='lat' dir='ltr'><strong>nobis</strong></span> <span class='ocrx_word' id='word_1_61' title='bbox 365 1175 550 1222; x_wconf 88' lang='lat' dir='ltr'><strong>notum</strong></span> <span class='ocrx_word' id='word_1_62' title='bbox 575 1165 788 1232; x_wconf 83' lang='lat' dir='ltr'><strong>fecerit,</strong></span> <span class='ocrx_word' id='word_1_63' title='bbox 829 1165 1116 1238; x_wconf 83' lang='lat' dir='ltr'><strong>diligenter</strong></span> <span class='ocrx_word' id='word_1_64' title='bbox 1137 1167 1514 1238; x_wconf 85' lang='lat' dir='ltr'><strong>perquiratur,</strong></span> <span class='ocrx_word' id='word_1_65' title='bbox 1551 1181 1620 1222; x_wconf 89' lang='lat' dir='ltr'><strong>ne</strong></span> <span class='ocrx_word' id='word_1_66' title='bbox 1645 1181 1762 1222; x_wconf 89' lang='lat' dir='ltr'><strong>mo-</strong></span> 
     </span>
    </p>
   </div>
   <div class='ocr_carea' id='block_1_12' title="bbox 181 1257 1758 1330">
    <p class='ocr_par' dir='ltr' id='par_1_12' title="bbox 181 1257 1758 1330">
     <span class='ocr_line' id='line_1_12' title="bbox 181 1257 1758 1330; baseline 0 -16"><span class='ocrx_word' id='word_1_67' title='bbox 181 1259 334 1316; x_wconf 85' lang='lat' dir='ltr'><strong>randi</strong></span> <span class='ocrx_word' id='word_1_68' title='bbox 379 1259 462 1314; x_wconf 87' lang='lat' dir='ltr'><strong>vel</strong></span> <span class='ocrx_word' id='word_1_69' title='bbox 509 1257 708 1316; x_wconf 89' lang='lat' dir='ltr'><strong>latendi</strong></span> <span class='ocrx_word' id='word_1_70' title='bbox 737 1257 912 1316; x_wconf 89' lang='lat' dir='ltr'><strong>locum</strong></span> <span class='ocrx_word' id='word_1_71' title='bbox 951 1259 1004 1314; x_wconf 90' lang='lat' dir='ltr'><strong>in</strong></span> <span class='ocrx_word' id='word_1_72' title='bbox 1039 1273 1206 1330; x_wconf 88' lang='lat' dir='ltr'><strong>regno</strong></span> <span class='ocrx_word' id='word_1_73' title='bbox 1236 1257 1466 1316; x_wconf 89' lang='lat' dir='ltr'><strong>alicuius</strong></span> <span class='ocrx_word' id='word_1_74' title='bbox 1511 1267 1758 1315; x_wconf 86' lang='lat' dir='ltr'><strong>nostrum</strong></span> 
     </span>
    </p>
   </div>
   <div class='ocr_carea' id='block_1_13' title="bbox 181 1353 1750 1414">
    <p class='ocr_par' dir='ltr' id='par_1_13' title="bbox 181 1353 1750 1414">
     <span class='ocr_line' id='line_1_13' title="bbox 181 1353 1750 1414; baseline 0.001 -8"><span class='ocrx_word' id='word_1_75' title='bbox 181 1353 438 1414; x_wconf 75' lang='lat' dir='ltr'><strong>inveniat,</strong></span> <span class='ocrx_word' id='word_1_76' title='bbox 481 1361 536 1408; x_wconf 87' lang='lat' dir='ltr'><strong>et</strong></span> <span class='ocrx_word' id='word_1_77' title='bbox 563 1353 660 1408; x_wconf 85' lang='lat' dir='ltr'><strong>Dei</strong></span> <span class='ocrx_word' id='word_1_78' title='bbox 685 1369 750 1408; x_wconf 87' lang='lat' dir='ltr'><strong>ac</strong></span> <span class='ocrx_word' id='word_1_79' title='bbox 791 1361 1005 1410; x_wconf 88' lang='lat' dir='ltr'><strong>nostros</strong></span> <span class='ocrx_word' id='word_1_80' title='bbox 1033 1353 1218 1410; x_wconf 91' lang='lat' dir='ltr'><strong>ﬁdeles</strong></span> <span class='ocrx_word' id='word_1_81' title='bbox 1261 1367 1361 1410; x_wconf 88' lang='lat' dir='ltr'><strong>suo</strong></span> <span class='ocrx_word' id='word_1_82' title='bbox 1407 1354 1597 1409; x_wconf 91' lang='lat' dir='ltr'><strong>morbo</strong></span> <span class='ocrx_word' id='word_1_83' title='bbox 1633 1353 1750 1409; x_wconf 84' lang='lat' dir='ltr'><strong>infi-</strong></span> 
     </span>
    </p>
   </div>
   <div class='ocr_carea' id='block_1_14' title="bbox 177 1445 1758 1517">
    <p class='ocr_par' dir='ltr' id='par_1_14' title="bbox 177 1445 1758 1517">
     <span class='ocr_line' id='line_1_14' title="bbox 177 1445 1758 1517; baseline -0.001 -15"><span class='ocrx_word' id='word_1_84' title='bbox 177 1447 324 1516; x_wconf 85' lang='lat' dir='ltr'><strong>ciat;</strong></span> <span class='ocrx_word' id='word_1_85' title='bbox 375 1447 470 1502; x_wconf 82' lang='lat' dir='ltr'><strong>sed</strong></span> <span class='ocrx_word' id='word_1_86' title='bbox 507 1463 536 1502; x_wconf 90' lang='lat' dir='ltr'><strong>a</strong></span> <span class='ocrx_word' id='word_1_87' title='bbox 587 1447 740 1502; x_wconf 90' lang='lat' dir='ltr'><strong>nobis</strong></span> <span class='ocrx_word' id='word_1_88' title='bbox 765 1447 848 1502; x_wconf 84' lang='lat' dir='ltr'><strong>vel</strong></span> <span class='ocrx_word' id='word_1_89' title='bbox 895 1461 924 1500; x_wconf 87' lang='lat' dir='ltr'><strong>a</strong></span> <span class='ocrx_word' id='word_1_90' title='bbox 963 1447 1226 1502; x_wconf 85' lang='lat' dir='ltr'><strong>ministris</strong></span> <span class='ocrx_word' id='word_1_91' title='bbox 1269 1445 1577 1517; x_wconf 66' lang='lat' dir='ltr'><strong>reipublicae</strong></span> <span class='ocrx_word' id='word_1_92' title='bbox 1623 1461 1758 1502; x_wconf 86' lang='lat' dir='ltr'><strong>con-</strong></span> 
     </span>
    </p>
   </div>
   <div class='ocr_carea' id='block_1_15' title="bbox 177 1535 1756 1610">
    <p class='ocr_par' dir='ltr' id='par_1_15' title="bbox 177 1535 1756 1610">
     <span class='ocr_line' id='line_1_15' title="bbox 177 1535 1756 1610; baseline 0 -20"><span class='ocrx_word' id='word_1_93' title='bbox 177 1537 492 1608; x_wconf 87' lang='lat' dir='ltr'><strong>stringatur,</strong></span> <span class='ocrx_word' id='word_1_94' title='bbox 523 1543 582 1590; x_wconf 91' lang='lat' dir='ltr'><strong>ut</strong></span> <span class='ocrx_word' id='word_1_95' title='bbox 611 1545 666 1592; x_wconf 88' lang='lat' dir='ltr'><strong>et</strong></span> <span class='ocrx_word' id='word_1_96' title='bbox 711 1535 870 1592; x_wconf 86' lang='lat' dir='ltr'><strong>simul</strong></span> <span class='ocrx_word' id='word_1_97' title='bbox 899 1553 1022 1592; x_wconf 89' lang='lat' dir='ltr'><strong>cum</strong></span> <span class='ocrx_word' id='word_1_98' title='bbox 1048 1537 1310 1593; x_wconf 86' lang='lat' dir='ltr'><strong>diabolica</strong></span> <span class='ocrx_word' id='word_1_99' title='bbox 1357 1537 1562 1608; x_wconf 82' lang='lat' dir='ltr'><strong>praeda,</strong></span> <span class='ocrx_word' id='word_1_100' title='bbox 1593 1551 1756 1610; x_wconf 87' lang='lat' dir='ltr'><strong>quam</strong></span> 
     </span>
    </p>
   </div>
   <div class='ocr_carea' id='block_1_16' title="bbox 177 1629 1762 1700">
    <p class='ocr_par' dir='ltr' id='par_1_16' title="bbox 177 1629 1762 1700">
     <span class='ocr_line' id='line_1_16' title="bbox 177 1629 1762 1700; baseline 0.001 -18"><span class='ocrx_word' id='word_1_101' title='bbox 177 1643 360 1684; x_wconf 88' lang='lat' dir='ltr'><strong>secum</strong></span> <span class='ocrx_word' id='word_1_102' title='bbox 391 1629 562 1694; x_wconf 79' lang='lat' dir='ltr'><strong>duxit,</strong></span> <span class='ocrx_word' id='word_1_103' title='bbox 593 1631 662 1684; x_wconf 90' lang='lat' dir='ltr'><strong>ad</strong></span> <span class='ocrx_word' id='word_1_104' title='bbox 683 1629 996 1700; x_wconf 87' lang='lat' dir='ltr'><strong>episcopum</strong></span> <span class='ocrx_word' id='word_1_105' title='bbox 1025 1645 1182 1686; x_wconf 87' lang='lat' dir='ltr'><strong>suum</strong></span> <span class='ocrx_word' id='word_1_106' title='bbox 1205 1631 1410 1696; x_wconf 88' lang='lat' dir='ltr'><strong>redeat,</strong></span> <span class='ocrx_word' id='word_1_107' title='bbox 1437 1639 1491 1686; x_wconf 92' lang='lat' dir='ltr'><strong>et</strong></span> <span class='ocrx_word' id='word_1_108' title='bbox 1517 1631 1586 1686; x_wconf 90' lang='lat' dir='ltr'><strong>de</strong></span> <span class='ocrx_word' id='word_1_109' title='bbox 1613 1643 1762 1686; x_wconf 82' lang='lat' dir='ltr'><strong>com-</strong></span> 
     </span>
    </p>
   </div>
   <div class='ocr_carea' id='block_1_17' title="bbox 161 1705 1758 1794">
    <p class='ocr_par' dir='ltr' id='par_1_17' title="bbox 161 1705 1758 1794">
     <span class='ocr_line' id='line_1_17' title="bbox 161 1705 1758 1794; baseline 0.002 -20"><span class='ocrx_word' id='word_1_110' title='bbox 161 1705 346 1780; x_wconf 57' lang='lat' dir='ltr'><strong>&#39;misso</strong></span> <span class='ocrx_word' id='word_1_111' title='bbox 395 1721 624 1778; x_wconf 85' lang='lat' dir='ltr'><strong>crimine</strong></span> <span class='ocrx_word' id='word_1_112' title='bbox 669 1721 882 1794; x_wconf 90' lang='lat' dir='ltr'><strong>publico</strong></span> <span class='ocrx_word' id='word_1_113' title='bbox 935 1723 1172 1778; x_wconf 87' lang='lat' dir='ltr'><strong>debitam</strong></span> <span class='ocrx_word' id='word_1_114' title='bbox 1217 1723 1592 1794; x_wconf 75' lang='lat' dir='ltr'><strong>pmniteutiam</strong></span> <span class='ocrx_word' id='word_1_115' title='bbox 1639 1737 1758 1778; x_wconf 88' lang='lat' dir='ltr'><strong>sus-</strong></span> 
     </span>
    </p>
   </div>
   <div class='ocr_carea' id='block_1_18' title="bbox 175 1815 1758 1887">
    <p class='ocr_par' dir='ltr' id='par_1_18' title="bbox 175 1815 1758 1887">
     <span class='ocr_line' id='line_1_18' title="bbox 175 1815 1758 1887; baseline -0.001 -16"><span class='ocrx_word' id='word_1_116' title='bbox 175 1815 384 1885; x_wconf 89' lang='lat' dir='ltr'><strong>cipiat,</strong></span> <span class='ocrx_word' id='word_1_117' title='bbox 453 1823 546 1872; x_wconf 89' lang='lat' dir='ltr'><strong>aut</strong></span> <span class='ocrx_word' id='word_1_118' title='bbox 611 1823 918 1886; x_wconf 86' lang='lat' dir='ltr'><strong>susceptam</strong></span> <span class='ocrx_word' id='word_1_119' title='bbox 975 1815 1212 1887; x_wconf 83' lang='lat' dir='ltr'><strong>legitime</strong></span> <span class='ocrx_word' id='word_1_120' title='bbox 1277 1829 1536 1886; x_wconf 83' lang='lat' dir='ltr'><strong>peragere</strong></span> <span class='ocrx_word' id='word_1_121' title='bbox 1610 1829 1758 1870; x_wconf 83' lang='lat' dir='ltr'><strong>com-</strong></span> 
     </span>
    </p>
   </div>
   <div class='ocr_carea' id='block_1_19' title="bbox 177 1905 424 1976">
    <p class='ocr_par' dir='ltr' id='par_1_19' title="bbox 177 1905 424 1976">
     <span class='ocr_line' id='line_1_19' title="bbox 177 1905 424 1976; baseline 0.004 -17"><span class='ocrx_word' id='word_1_122' title='bbox 177 1905 424 1976; x_wconf 90' lang='lat' dir='ltr'><strong>pellatur.</strong></span> 
     </span>
    </p>
   </div>
   <div class='ocr_carea' id='block_1_20' title="bbox 245 1995 1754 2068">
    <p class='ocr_par' dir='ltr' id='par_1_20' title="bbox 245 1995 1754 2068">
     <span class='ocr_line' id='line_1_20' title="bbox 245 1995 1754 2068; baseline -0.001 -15"><span class='ocrx_word' id='word_1_123' title='bbox 245 1997 372 2053; x_wconf 62' lang='lat' dir='ltr'><strong>Car.</strong></span> <span class='ocrx_word' id='word_1_124' title='bbox 403 1997 490 2054; x_wconf 81' lang='lat' dir='ltr'><strong>Vl.</strong></span> <span class='ocrx_word' id='word_1_125' title='bbox 531 2015 549 2048; x_wconf 72' lang='grc' dir='ltr'><strong><em>ε</em></strong></span> <span class='ocrx_word' id='word_1_126' title='bbox 583 1997 646 2054; x_wconf 86' lang='lat' dir='ltr'><strong>Ut</strong></span> <span class='ocrx_word' id='word_1_127' title='bbox 695 1997 864 2052; x_wconf 87' lang='lat' dir='ltr'><strong>nostri</strong></span> <span class='ocrx_word' id='word_1_128' title='bbox 909 1995 1094 2053; x_wconf 82' lang='lat' dir='ltr'><strong>ﬁdeles</strong></span> <span class='ocrx_word' id='word_1_129' title='bbox 1123 1997 1490 2068; x_wconf 84' lang='lat' dir='ltr'><strong>unusquisque</strong></span> <span class='ocrx_word' id='word_1_130' title='bbox 1536 1995 1590 2052; x_wconf 86' lang='lat' dir='ltr'><strong>in</strong></span> <span class='ocrx_word' id='word_1_131' title='bbox 1619 1997 1754 2052; x_wconf 85' lang='lat' dir='ltr'><strong>suo&#39;</strong></span> 
     </span>
    </p>
   </div>
   <div class='ocr_carea' id='block_1_21' title="bbox 175 2087 1755 2162">
    <p class='ocr_par' dir='ltr' id='par_1_21' title="bbox 175 2087 1755 2162">
     <span class='ocr_line' id='line_1_21' title="bbox 175 2087 1755 2162; baseline 0 -18"><span class='ocrx_word' id='word_1_132' title='bbox 175 2087 366 2144; x_wconf 87' lang='lat' dir='ltr'><strong>ordine</strong></span> <span class='ocrx_word' id='word_1_133' title='bbox 399 2099 450 2144; x_wconf 89' lang='lat' dir='ltr'><strong>et</strong></span> <span class='ocrx_word' id='word_1_134' title='bbox 479 2097 620 2144; x_wconf 87' lang='lat' dir='ltr'><strong>statu</strong></span> <span class='ocrx_word' id='word_1_135' title='bbox 651 2089 918 2144; x_wconf 83' lang='lat' dir='ltr'><strong>veraciter</strong></span> <span class='ocrx_word' id='word_1_136' title='bbox 959 2089 1068 2144; x_wconf 89' lang='lat' dir='ltr'><strong>sint</strong></span> <span class='ocrx_word' id='word_1_137' title='bbox 1093 2089 1160 2144; x_wconf 77' lang='lat' dir='ltr'><strong>de</strong></span> <span class='ocrx_word' id='word_1_138' title='bbox 1199 2090 1356 2146; x_wconf 88' lang='lat' dir='ltr'><strong>nobis</strong></span> <span class='ocrx_word' id='word_1_139' title='bbox 1403 2091 1604 2156; x_wconf 88' lang='lat' dir='ltr'><strong>securi,</strong></span> <span class='ocrx_word' id='word_1_140' title='bbox 1629 2091 1755 2162; x_wconf 85' lang='lat' dir='ltr'><strong>quia</strong></span> 
     </span>
    </p>
   </div>
   <div class='ocr_carea' id='block_1_22' title="bbox 177 2181 1756 2254">
    <p class='ocr_par' dir='ltr' id='par_1_22' title="bbox 177 2181 1756 2254">
     <span class='ocr_line' id='line_1_22' title="bbox 177 2181 1756 2254; baseline 0.001 -18"><span class='ocrx_word' id='word_1_141' title='bbox 177 2181 378 2236; x_wconf 87' lang='lat' dir='ltr'><strong>nullum</strong></span> <span class='ocrx_word' id='word_1_142' title='bbox 401 2183 598 2238; x_wconf 85' lang='lat' dir='ltr'><strong>abhinc</strong></span> <span class='ocrx_word' id='word_1_143' title='bbox 629 2183 810 2238; x_wconf 86' lang='lat' dir='ltr'><strong>inante</strong></span> <span class='ocrx_word' id='word_1_144' title='bbox 839 2189 1024 2238; x_wconf 82' lang='lat' dir='ltr'><strong>contra</strong></span> <span class='ocrx_word' id='word_1_145' title='bbox 1067 2183 1237 2254; x_wconf 82' lang='lat' dir='ltr'><strong>legem</strong></span> <span class='ocrx_word' id='word_1_146' title='bbox 1263 2193 1318 2240; x_wconf 90' lang='lat' dir='ltr'><strong>et</strong></span> <span class='ocrx_word' id='word_1_147' title='bbox 1349 2183 1629 2250; x_wconf 89' lang='lat' dir='ltr'><strong>iustitiam,</strong></span> <span class='ocrx_word' id='word_1_148' title='bbox 1663 2199 1756 2238; x_wconf 90' lang='lat' dir='ltr'><strong>an-</strong></span> 
     </span>
    </p>
   </div>
   <div class='ocr_carea' id='block_1_23' title="bbox 175 2273 1756 2340">
    <p class='ocr_par' dir='ltr' id='par_1_23' title="bbox 175 2273 1756 2340">
     <span class='ocr_line' id='line_1_23' title="bbox 175 2273 1756 2340; baseline 0.004 -14"><span class='ocrx_word' id='word_1_149' title='bbox 175 2273 480 2328; x_wconf 71' lang='lat' dir='ltr'><strong>claritatem</strong></span> <span class='ocrx_word' id='word_1_150' title='bbox 503 2289 566 2328; x_wconf 92' lang='lat' dir='ltr'><strong>ac</strong></span> <span class='ocrx_word' id='word_1_151' title='bbox 595 2275 792 2328; x_wconf 84' lang='lat' dir='ltr'><strong>iustam</strong></span> <span class='ocrx_word' id='word_1_152' title='bbox 815 2275 1104 2340; x_wconf 89' lang='lat' dir='ltr'><strong>rationem,</strong></span> <span class='ocrx_word' id='word_1_153' title='bbox 1129 2283 1220 2328; x_wconf 91' lang='lat' dir='ltr'><strong>aut</strong></span> <span class='ocrx_word' id='word_1_154' title='bbox 1255 2275 1634 2332; x_wconf 89' lang='lat' dir='ltr'><strong>damnabimus</strong></span> <span class='ocrx_word' id='word_1_155' title='bbox 1665 2283 1756 2332; x_wconf 85' lang='lat' dir='ltr'><strong>aut</strong></span> 
     </span>
    </p>
   </div>
   <div class='ocr_carea' id='block_1_24' title="bbox 177 2367 1758 2438">
    <p class='ocr_par' dir='ltr' id='par_1_24' title="bbox 177 2367 1758 2438">
     <span class='ocr_line' id='line_1_24' title="bbox 177 2367 1758 2438; baseline -0.001 -15"><span class='ocrx_word' id='word_1_156' title='bbox 177 2369 628 2423; x_wconf 85' lang='lat' dir='ltr'><strong>dehonorabimus</strong></span> <span class='ocrx_word' id='word_1_157' title='bbox 673 2377 762 2422; x_wconf 88' lang='lat' dir='ltr'><strong>aut</strong></span> <span class='ocrx_word' id='word_1_158' title='bbox 795 2369 1184 2438; x_wconf 73' lang='lat' dir='ltr'><strong>Opprimemus,</strong></span> <span class='ocrx_word' id='word_1_159' title='bbox 1227 2369 1310 2422; x_wconf 87' lang='lat' dir='ltr'><strong>vel</strong></span> <span class='ocrx_word' id='word_1_160' title='bbox 1353 2367 1610 2422; x_wconf 87' lang='lat' dir='ltr'><strong>lndebitis</strong></span> <span class='ocrx_word' id='word_1_161' title='bbox 1647 2385 1758 2422; x_wconf 88' lang='lat' dir='ltr'><strong>ma-</strong></span> 
     </span>
    </p>
   </div>
   <div class='ocr_carea' id='block_1_25' title="bbox 177 2457 1760 2528">
    <p class='ocr_par' dir='ltr' id='par_1_25' title="bbox 177 2457 1760 2528">
     <span class='ocr_line' id='line_1_25' title="bbox 177 2457 1760 2528; baseline 0 -14"><span class='ocrx_word' id='word_1_162' title='bbox 177 2457 578 2514; x_wconf 89' lang='lat' dir='ltr'><strong>chinationibus</strong></span> <span class='ocrx_word' id='word_1_163' title='bbox 625 2459 942 2528; x_wconf 81' lang='lat' dir='ltr'><strong>aiiiigemus,</strong></span> <span class='ocrx_word' id='word_1_164' title='bbox 991 2467 1046 2514; x_wconf 92' lang='lat' dir='ltr'><strong>et.</strong></span> <span class='ocrx_word' id='word_1_165' title='bbox 1091 2459 1328 2524; x_wconf 81' lang='lat' dir='ltr'><strong>illorum,</strong></span> <span class='ocrx_word' id='word_1_166' title='bbox 1359 2461 1568 2516; x_wconf 75' lang='lat' dir='ltr'><strong>scilicet</strong></span> <span class='ocrx_word' id='word_1_167' title='bbox 1603 2477 1760 2514; x_wconf 86' lang='lat' dir='ltr'><strong>vera-</strong></span> 
     </span>
    </p>
   </div>
   <div class='ocr_carea' id='block_1_26' title="bbox 177 2537 1760 2618">
    <p class='ocr_par' dir='ltr' id='par_1_26' title="bbox 177 2537 1760 2618">
     <span class='ocr_line' id='line_1_26' title="bbox 177 2537 1760 2618; baseline 0.004 -14"><span class='ocrx_word' id='word_1_168' title='bbox 177 2551 312 2604; x_wconf 90' lang='lat' dir='ltr'><strong>citer</strong></span> <span class='ocrx_word' id='word_1_169' title='bbox 335 2549 490 2606; x_wconf 90' lang='lat' dir='ltr'><strong>nobis</strong></span> <span class='ocrx_word' id='word_1_170' title='bbox 537 2549 808 2618; x_wconf 89' lang='lat' dir='ltr'><strong>ﬁdelium,</strong></span> <span class='ocrx_word' id='word_1_171' title='bbox 851 2553 1124 2606; x_wconf 88' lang='lat' dir='ltr'><strong>communi</strong></span> <span class='ocrx_word' id='word_1_172' title='bbox 1171 2537 1420 2618; x_wconf 77' lang='lat' dir='ltr'><strong>consilio,</strong></span> <span class='ocrx_word' id='word_1_173' title='bbox 1461 2555 1760 2610; x_wconf 89' lang='lat' dir='ltr'><strong>secundum</strong></span> 
     </span>
    </p>
   </div>
   <div class='ocr_carea' id='block_1_27' title="bbox 179 2641 1762 2710">
    <p class='ocr_par' dir='ltr' id='par_1_27' title="bbox 179 2641 1762 2710">
     <span class='ocr_line' id='line_1_27' title="bbox 179 2641 1762 2710; baseline 0.004 -15"><span class='ocrx_word' id='word_1_174' title='bbox 179 2641 272 2697; x_wconf 88' lang='lat' dir='ltr'><strong>Dei</strong></span> <span class='ocrx_word' id='word_1_175' title='bbox 301 2641 636 2698; x_wconf 87' lang='lat' dir='ltr'><strong>voluntatem</strong></span> <span class='ocrx_word' id='word_1_176' title='bbox 657 2653 710 2700; x_wconf 92' lang='lat' dir='ltr'><strong>et</strong></span> <span class='ocrx_word' id='word_1_177' title='bbox 745 2659 1032 2700; x_wconf 88' lang='lat' dir='ltr'><strong>commune</strong></span> <span class='ocrx_word' id='word_1_178' title='bbox 1067 2643 1482 2710; x_wconf 88' lang='lat' dir='ltr'><strong>salvamentum,</strong></span> <span class='ocrx_word' id='word_1_179' title='bbox 1509 2648 1578 2700; x_wconf 89' lang='lat' dir='ltr'><strong>ad</strong></span> <span class='ocrx_word' id='word_1_180' title='bbox 1605 2647 1762 2702; x_wconf 90' lang='lat' dir='ltr'><strong>resti-</strong></span> 
     </span>
    </p>
   </div>
   <div class='ocr_carea' id='block_1_28' title="bbox 181 2737 1760 2810">
    <p class='ocr_par' dir='ltr' id='par_1_28' title="bbox 181 2737 1760 2810">
     <span class='ocr_line' id='line_1_28' title="bbox 181 2737 1760 2810; baseline 0.003 -20"><span class='ocrx_word' id='word_1_181' title='bbox 181 2737 440 2791; x_wconf 87' lang='lat' dir='ltr'><strong>tutionem</strong></span> <span class='ocrx_word' id='word_1_182' title='bbox 469 2745 672 2792; x_wconf 64' lang='lat' dir='ltr'><strong>sanetae</strong></span> <span class='ocrx_word' id='word_1_183' title='bbox 697 2737 790 2792; x_wconf 87' lang='lat' dir='ltr'><strong>Dei</strong></span> <span class='ocrx_word' id='word_1_184' title='bbox 815 2737 1072 2794; x_wconf 64' lang='lat' dir='ltr'><strong>Ecclesia:</strong></span> <span class='ocrx_word' id='word_1_185' title='bbox 1093 2747 1150 2793; x_wconf 90' lang='lat' dir='ltr'><strong>et</strong></span> <span class='ocrx_word' id='word_1_186' title='bbox 1177 2747 1378 2794; x_wconf 89' lang='lat' dir='ltr'><strong>statum</strong></span> <span class='ocrx_word' id='word_1_187' title='bbox 1415 2739 1586 2810; x_wconf 88' lang='lat' dir='ltr'><strong>regni,</strong></span> <span class='ocrx_word' id='word_1_188' title='bbox 1617 2747 1670 2794; x_wconf 91' lang='lat' dir='ltr'><strong>et</strong></span> <span class='ocrx_word' id='word_1_189' title='bbox 1693 2737 1760 2794; x_wconf 90' lang='lat' dir='ltr'><strong>ad</strong></span> 
     </span>
    </p>
   </div>
   <div class='ocr_carea' id='block_1_29' title="bbox 181 2827 1760 2900">
    <p class='ocr_par' dir='ltr' id='par_1_29' title="bbox 181 2827 1760 2900">
     <span class='ocr_line' id='line_1_29' title="bbox 181 2827 1760 2900; baseline 0 -16"><span class='ocrx_word' id='word_1_190' title='bbox 181 2831 436 2884; x_wconf 83' lang='lat' dir='ltr'><strong>honorem</strong></span> <span class='ocrx_word' id='word_1_191' title='bbox 467 2829 706 2900; x_wconf 75' lang='lat' dir='ltr'><strong>regium&#39;</strong></span> <span class='ocrx_word' id='word_1_192' title='bbox 733 2839 896 2900; x_wconf 88' lang='lat' dir='ltr'><strong>atque</strong></span> <span class='ocrx_word' id='word_1_193' title='bbox 929 2843 1116 2900; x_wconf 87' lang='lat' dir='ltr'><strong>pacem</strong></span> <span class='ocrx_word' id='word_1_194' title='bbox 1145 2827 1326 2900; x_wconf 88' lang='lat' dir='ltr'><strong>populi</strong></span> <span class='ocrx_word' id='word_1_195' title='bbox 1355 2829 1630 2884; x_wconf 88' lang='lat' dir='ltr'><strong>commissi</strong></span> <span class='ocrx_word' id='word_1_196' title='bbox 1665 2845 1760 2884; x_wconf 86' lang='lat' dir='ltr'><strong>no-</strong></span> 
     </span>
    </p>
   </div>
   <div class='ocr_carea' id='block_1_30' title="bbox 179 2917 1760 2992">
    <p class='ocr_par' dir='ltr' id='par_1_30' title="bbox 179 2917 1760 2992">
     <span class='ocr_line' id='line_1_30' title="bbox 179 2917 1760 2992; baseline 0.004 -22"><span class='ocrx_word' id='word_1_197' title='bbox 179 2917 262 2972; x_wconf 86' lang='lat' dir='ltr'><strong>bis</strong></span> <span class='ocrx_word' id='word_1_198' title='bbox 301 2917 632 2988; x_wconf 88' lang='lat' dir='ltr'><strong>pertinentl;</strong></span> <span class='ocrx_word' id='word_1_199' title='bbox 688 2933 968 2974; x_wconf 84' lang='lat' dir='ltr'><strong>assensum</strong></span> <span class='ocrx_word' id='word_1_200' title='bbox 1023 2919 1382 2992; x_wconf 74' lang='lat' dir='ltr'><strong>praebebimus</strong></span> <span class='ocrx_word' id='word_1_201' title='bbox 1439 2921 1490 2974; x_wconf 91' lang='lat' dir='ltr'><strong>in</strong></span> <span class='ocrx_word' id='word_1_202' title='bbox 1533 2921 1654 2986; x_wconf 91' lang='lat' dir='ltr'><strong>hoc,</strong></span> <span class='ocrx_word' id='word_1_203' title='bbox 1703 2929 1760 2976; x_wconf 92' lang='lat' dir='ltr'><strong>ut</strong></span> 
     </span>
    </p>
   </div>
   <div class='ocr_carea' id='block_1_31' title="bbox 181 3011 1760 3072">
    <p class='ocr_par' dir='ltr' id='par_1_31' title="bbox 181 3011 1760 3072">
     <span class='ocr_line' id='line_1_31' title="bbox 181 3011 1760 3072; baseline 0.006 -10"><span class='ocrx_word' id='word_1_204' title='bbox 181 3011 258 3065; x_wconf 88' lang='lat' dir='ltr'><strong>illi</strong></span> <span class='ocrx_word' id='word_1_205' title='bbox 287 3027 390 3067; x_wconf 84' lang='lat' dir='ltr'><strong>non</strong></span> <span class='ocrx_word' id='word_1_206' title='bbox 441 3013 612 3068; x_wconf 86' lang='lat' dir='ltr'><strong>solum</strong></span> <span class='ocrx_word' id='word_1_207' title='bbox 643 3027 748 3068; x_wconf 92' lang='lat' dir='ltr'><strong>non</strong></span> <span class='ocrx_word' id='word_1_208' title='bbox 781 3015 890 3068; x_wconf 87' lang='lat' dir='ltr'><strong>sint</strong></span> <span class='ocrx_word' id='word_1_209' title='bbox 917 3015 1075 3070; x_wconf 89' lang='lat' dir='ltr'><strong>nobis</strong></span> <span class='ocrx_word' id='word_1_210' title='bbox 1113 3015 1546 3070; x_wconf 82' lang='lat' dir='ltr'><strong>contradicentes</strong></span> <span class='ocrx_word' id='word_1_211' title='bbox 1593 3025 1646 3072; x_wconf 89' lang='lat' dir='ltr'><strong>ct</strong></span> <span class='ocrx_word' id='word_1_212' title='bbox 1679 3033 1760 3072; x_wconf 84' lang='lat' dir='ltr'><strong>re-</strong></span> 
     </span>
    </p>
   </div>
   <div class='ocr_carea' id='block_1_32' title="bbox 177 3103 1759 3178">
    <p class='ocr_par' dir='ltr' id='par_1_32' title="bbox 177 3103 1759 3178">
     <span class='ocr_line' id='line_1_32' title="bbox 177 3103 1759 3178; baseline 0.003 -20"><span class='ocrx_word' id='word_1_213' title='bbox 177 3103 430 3160; x_wconf 78' lang='lat' dir='ltr'><strong>sistentes</strong></span> <span class='ocrx_word' id='word_1_214' title='bbox 475 3105 540 3158; x_wconf 89' lang='lat' dir='ltr'><strong>ad</strong></span> <span class='ocrx_word' id='word_1_215' title='bbox 597 3105 700 3162; x_wconf 90' lang='lat' dir='ltr'><strong>ista</strong></span> <span class='ocrx_word' id='word_1_216' title='bbox 739 3105 1078 3178; x_wconf 81' lang='lat' dir='ltr'><strong>exequenda,</strong></span> <span class='ocrx_word' id='word_1_217' title='bbox 1123 3121 1310 3162; x_wconf 87' lang='lat' dir='ltr'><strong>verum</strong></span> <span class='ocrx_word' id='word_1_218' title='bbox 1350 3107 1512 3162; x_wconf 88' lang='lat' dir='ltr'><strong>etiam</strong></span> <span class='ocrx_word' id='word_1_219' title='bbox 1553 3107 1632 3162; x_wconf 89' lang='lat' dir='ltr'><strong>sic</strong></span> <span class='ocrx_word' id='word_1_220' title='bbox 1653 3109 1759 3162; x_wconf 89' lang='lat' dir='ltr'><strong>sint</strong></span> 
     </span>
    </p>
   </div>
   <div class='ocr_carea' id='block_1_33' title="bbox 181 3193 1760 3268">
    <p class='ocr_par' dir='ltr' id='par_1_33' title="bbox 181 3193 1760 3268">
     <span class='ocr_line' id='line_1_33' title="bbox 181 3193 1760 3268; baseline 0.005 -22"><span class='ocrx_word' id='word_1_221' title='bbox 181 3193 332 3248; x_wconf 73' lang='grc' dir='ltr'><strong>ηοιήε</strong></span> <span class='ocrx_word' id='word_1_222' title='bbox 357 3193 540 3252; x_wconf 89' lang='lat' dir='ltr'><strong>ﬁdeles</strong></span> <span class='ocrx_word' id='word_1_223' title='bbox 553 3204 606 3250; x_wconf 90' lang='lat' dir='ltr'><strong>et</strong></span> <span class='ocrx_word' id='word_1_224' title='bbox 627 3195 942 3252; x_wconf 89' lang='lat' dir='ltr'><strong>obedientes</strong></span> <span class='ocrx_word' id='word_1_225' title='bbox 957 3211 1022 3251; x_wconf 90' lang='lat' dir='ltr'><strong>ac</strong></span> <span class='ocrx_word' id='word_1_226' title='bbox 1043 3197 1154 3252; x_wconf 88' lang='lat' dir='ltr'><strong>veri</strong></span> <span class='ocrx_word' id='word_1_227' title='bbox 1183 3197 1462 3254; x_wconf 87' lang='lat' dir='ltr'><strong>adiutores</strong></span> <span class='ocrx_word' id='word_1_228' title='bbox 1485 3213 1548 3254; x_wconf 87' lang='lat' dir='ltr'><strong>ac</strong></span> <span class='ocrx_word' id='word_1_229' title='bbox 1566 3213 1760 3268; x_wconf 87' lang='lat' dir='ltr'><strong>coope-</strong></span> 
     </span>
    </p>
   </div>
   <div class='ocr_carea' id='block_1_34' title="bbox 1865 615 3452 692">
    <p class='ocr_par' dir='ltr' id='par_1_34' title="bbox 1865 615 3452 692">
     <span class='ocr_line' id='line_1_34' title="bbox 1865 615 3452 692; baseline 0.003 -22"><span class='ocrx_word' id='word_1_230' title='bbox 1865 615 2070 684; x_wconf 87' lang='lat' dir='ltr'><strong>possit;</strong></span> <span class='ocrx_word' id='word_1_231' title='bbox 2105 617 2256 688; x_wconf 86' lang='lat' dir='ltr'><strong>quin,</strong></span> <span class='ocrx_word' id='word_1_232' title='bbox 2299 617 2438 674; x_wconf 89' lang='lat' dir='ltr'><strong>sicut</strong></span> <span class='ocrx_word' id='word_1_233' title='bbox 2475 617 2834 688; x_wconf 70' lang='lat' dir='ltr'><strong>pmmisimus</strong></span> <span class='ocrx_word' id='word_1_234' title='bbox 2873 619 2926 674; x_wconf 87' lang='lat' dir='ltr'><strong>in</strong></span> <span class='ocrx_word' id='word_1_235' title='bbox 2953 617 3278 690; x_wconf 68' lang='lat' dir='ltr'><strong>praecedenti</strong></span> <span class='ocrx_word' id='word_1_236' title='bbox 3299 619 3452 692; x_wconf 53' lang='lat' dir='ltr'><strong>capi-9</strong></span> 
     </span>
    </p>
   </div>
   <div class='ocr_carea' id='block_1_35' title="bbox 1863 707 3442 775">
    <p class='ocr_par' dir='ltr' id='par_1_35' title="bbox 1863 707 3442 775">
     <span class='ocr_line' id='line_1_35' title="bbox 1863 707 3442 775; baseline 0.002 -11"><span class='ocrx_word' id='word_1_237' title='bbox 1863 709 1994 775; x_wconf 90' lang='lat' dir='ltr'><strong>tuio,</strong></span> <span class='ocrx_word' id='word_1_238' title='bbox 2019 725 2144 766; x_wconf 90' lang='lat' dir='ltr'><strong>vero</strong></span> <span class='ocrx_word' id='word_1_239' title='bbox 2165 711 2390 766; x_wconf 90' lang='lat' dir='ltr'><strong>consilio</strong></span> <span class='ocrx_word' id='word_1_240' title='bbox 2417 719 2472 766; x_wconf 87' lang='lat' dir='ltr'><strong>et</strong></span> <span class='ocrx_word' id='word_1_241' title='bbox 2495 711 2708 766; x_wconf 90' lang='lat' dir='ltr'><strong>sincero</strong></span> <span class='ocrx_word' id='word_1_242' title='bbox 2731 709 2932 766; x_wconf 80' lang='lat' dir='ltr'><strong>auxilio</strong></span> <span class='ocrx_word' id='word_1_243' title='bbox 2957 707 3044 764; x_wconf 88' lang='lat' dir='ltr'><strong>illa</strong></span> <span class='ocrx_word' id='word_1_244' title='bbox 3077 709 3130 764; x_wconf 91' lang='lat' dir='ltr'><strong>in</strong></span> <span class='ocrx_word' id='word_1_245' title='bbox 3155 723 3442 768; x_wconf 89' lang='lat' dir='ltr'><strong>commune</strong></span> 
     </span>
    </p>
   </div>
   <div class='ocr_carea' id='block_1_36' title="bbox 1863 801 3442 870">
    <p class='ocr_par' dir='ltr' id='par_1_36' title="bbox 1863 801 3442 870">
     <span class='ocr_line' id='line_1_36' title="bbox 1863 801 3442 870; baseline 0.001 -16"><span class='ocrx_word' id='word_1_246' title='bbox 1863 801 2110 856; x_wconf 90' lang='lat' dir='ltr'><strong>certatim</strong></span> <span class='ocrx_word' id='word_1_247' title='bbox 2149 801 2438 858; x_wconf 89' lang='lat' dir='ltr'><strong>emendare</strong></span> <span class='ocrx_word' id='word_1_248' title='bbox 2471 801 2596 858; x_wconf 89' lang='lat' dir='ltr'><strong>totis</strong></span> <span class='ocrx_word' id='word_1_249' title='bbox 2625 801 2830 858; x_wconf 88' lang='lat' dir='ltr'><strong>viribus</strong></span> <span class='ocrx_word' id='word_1_250' title='bbox 2869 815 3242 870; x_wconf 88' lang='lat' dir='ltr'><strong>procuremus,</strong></span> <span class='ocrx_word' id='word_1_251' title='bbox 3269 815 3442 870; x_wconf 82' lang='lat' dir='ltr'><strong>quan-</strong></span> 
     </span>
    </p>
   </div>
   <div class='ocr_carea' id='block_1_37' title="bbox 1863 893 2794 968">
    <p class='ocr_par' dir='ltr' id='par_1_37' title="bbox 1863 893 2794 968">
     <span class='ocr_line' id='line_1_37' title="bbox 1863 893 2794 968; baseline -0.001 -20"><span class='ocrx_word' id='word_1_252' title='bbox 1863 893 2038 950; x_wconf 87' lang='lat' dir='ltr'><strong>tocius</strong></span> <span class='ocrx_word' id='word_1_253' title='bbox 2063 893 2460 950; x_wconf 85' lang='lat' dir='ltr'><strong>rationabiliter</strong></span> <span class='ocrx_word' id='word_1_254' title='bbox 2479 893 2794 968; x_wconf 90' lang='lat' dir='ltr'><strong>poterimus.</strong></span> 
     </span>
    </p>
   </div>
   <div class='ocr_carea' id='block_1_38' title="bbox 1931 983 3442 1056">
    <p class='ocr_par' dir='ltr' id='par_1_38' title="bbox 1931 983 3442 1056">
     <span class='ocr_line' id='line_1_38' title="bbox 1931 983 3442 1056; baseline -0.003 -14"><span class='ocrx_word' id='word_1_255' title='bbox 1931 985 2058 1042; x_wconf 76' lang='lat' dir='ltr'><strong>CAP.</strong></span> <span class='ocrx_word' id='word_1_256' title='bbox 2101 987 2232 1042; x_wconf 83' lang='lat' dir='ltr'><strong>Vill.</strong></span> <span class='ocrx_word' id='word_1_257' title='bbox 2283 1005 2300 1038; x_wconf 79' lang='grc' dir='ltr'>ι</span> <span class='ocrx_word' id='word_1_258' title='bbox 2341 985 2404 1042; x_wconf 90' lang='lat' dir='ltr'><strong>Et</strong></span> <span class='ocrx_word' id='word_1_259' title='bbox 2435 985 2482 1042; x_wconf 89' lang='lat' dir='ltr'><strong>si</strong></span> <span class='ocrx_word' id='word_1_260' title='bbox 2515 985 2710 1056; x_wconf 88' lang='lat' dir='ltr'><strong>aliquis</strong></span> <span class='ocrx_word' id='word_1_261' title='bbox 2735 999 2802 1040; x_wconf 77' lang='lat' dir='ltr'><strong>ex</strong></span> <span class='ocrx_word' id='word_1_262' title='bbox 2831 983 3062 1040; x_wconf 86' lang='lat' dir='ltr'><strong>subditis</strong></span> <span class='ocrx_word' id='word_1_263' title='bbox 3099 983 3154 1038; x_wconf 92' lang='lat' dir='ltr'><strong>in</strong></span> <span class='ocrx_word' id='word_1_264' title='bbox 3179 997 3442 1056; x_wconf 86' lang='lat' dir='ltr'><strong>quocum-</strong></span> 
     </span>
    </p>
   </div>
   <div class='ocr_carea' id='block_1_39' title="bbox 1861 1073 3438 1150">
    <p class='ocr_par' dir='ltr' id='par_1_39' title="bbox 1861 1073 3438 1150">
     <span class='ocr_line' id='line_1_39' title="bbox 1861 1073 3438 1150; baseline -0.003 -18"><span class='ocrx_word' id='word_1_265' title='bbox 1861 1093 1965 1150; x_wconf 89' lang='lat' dir='ltr'><strong>que</strong></span> <span class='ocrx_word' id='word_1_266' title='bbox 2013 1077 2204 1134; x_wconf 89' lang='lat' dir='ltr'><strong>ordine</strong></span> <span class='ocrx_word' id='word_1_267' title='bbox 2257 1087 2312 1134; x_wconf 89' lang='lat' dir='ltr'><strong>et</strong></span> <span class='ocrx_word' id='word_1_268' title='bbox 2349 1087 2490 1132; x_wconf 90' lang='lat' dir='ltr'><strong>statu</strong></span> <span class='ocrx_word' id='word_1_269' title='bbox 2547 1075 2614 1131; x_wconf 90' lang='lat' dir='ltr'><strong>de</strong></span> <span class='ocrx_word' id='word_1_270' title='bbox 2661 1075 2764 1132; x_wconf 86' lang='lat' dir='ltr'><strong>hac</strong></span> <span class='ocrx_word' id='word_1_271' title='bbox 2798 1073 3176 1131; x_wconf 89' lang='lat' dir='ltr'><strong>convenientia</strong></span> <span class='ocrx_word' id='word_1_272' title='bbox 3223 1073 3438 1140; x_wconf 80' lang='lat' dir='ltr'><strong>exierit,</strong></span> 
     </span>
    </p>
   </div>
   <div class='ocr_carea' id='block_1_40' title="bbox 1861 1167 3442 1236">
    <p class='ocr_par' dir='ltr' id='par_1_40' title="bbox 1861 1167 3442 1236">
     <span class='ocr_line' id='line_1_40' title="bbox 1861 1167 3442 1236; baseline -0.004 -10"><span class='ocrx_word' id='word_1_273' title='bbox 1861 1181 1956 1228; x_wconf 91' lang='lat' dir='ltr'><strong>aut</strong></span> <span class='ocrx_word' id='word_1_274' title='bbox 1981 1187 2040 1228; x_wconf 90' lang='lat' dir='ltr'><strong>se</strong></span> <span class='ocrx_word' id='word_1_275' title='bbox 2063 1171 2372 1236; x_wconf 82' lang='lat' dir='ltr'><strong>retraxerit,</strong></span> <span class='ocrx_word' id='word_1_276' title='bbox 2393 1169 2480 1226; x_wconf 86' lang='lat' dir='ltr'><strong>vel</strong></span> <span class='ocrx_word' id='word_1_277' title='bbox 2525 1169 2652 1226; x_wconf 88' lang='lat' dir='ltr'><strong>huic</strong></span> <span class='ocrx_word' id='word_1_278' title='bbox 2679 1171 2952 1224; x_wconf 90' lang='lat' dir='ltr'><strong>communi</strong></span> <span class='ocrx_word' id='word_1_279' title='bbox 2975 1167 3196 1224; x_wconf 83' lang='lat' dir='ltr'><strong>decreto</strong></span> <span class='ocrx_word' id='word_1_280' title='bbox 3223 1175 3442 1222; x_wconf 88' lang='lat' dir='ltr'><strong>contra-</strong></span> 
     </span>
    </p>
   </div>
   <div class='ocr_carea' id='block_1_41' title="bbox 1863 1259 3444 1328">
    <p class='ocr_par' dir='ltr' id='par_1_41' title="bbox 1863 1259 3444 1328">
     <span class='ocr_line' id='line_1_41' title="bbox 1863 1259 3444 1328; baseline -0.003 -10"><span class='ocrx_word' id='word_1_281' title='bbox 1863 1261 2082 1328; x_wconf 83' lang='lat' dir='ltr'><strong>dixerit,</strong></span> <span class='ocrx_word' id='word_1_282' title='bbox 2141 1263 2384 1318; x_wconf 88' lang='lat' dir='ltr'><strong>seniores</strong></span> <span class='ocrx_word' id='word_1_283' title='bbox 2413 1277 2536 1318; x_wconf 91' lang='lat' dir='ltr'><strong>cum</strong></span> <span class='ocrx_word' id='word_1_284' title='bbox 2587 1261 2854 1318; x_wconf 87' lang='lat' dir='ltr'><strong>veraciter</strong></span> <span class='ocrx_word' id='word_1_285' title='bbox 2893 1259 3140 1316; x_wconf 87' lang='lat' dir='ltr'><strong>ﬁdelibus</strong></span> <span class='ocrx_word' id='word_1_286' title='bbox 3189 1259 3300 1316; x_wconf 88' lang='lat' dir='ltr'><strong>suis</strong></span> <span class='ocrx_word' id='word_1_287' title='bbox 3325 1259 3444 1314; x_wconf 63' lang='lat' dir='ltr'><strong>huic</strong></span> 
     </span>
    </p>
   </div>
   <div class='ocr_carea' id='block_1_42' title="bbox 1861 1353 3444 1428">
    <p class='ocr_par' dir='ltr' id='par_1_42' title="bbox 1861 1353 3444 1428">
     <span class='ocr_line' id='line_1_42' title="bbox 1861 1353 3444 1428; baseline -0.005 -12"><span class='ocrx_word' id='word_1_288' title='bbox 1861 1359 2156 1416; x_wconf 86' lang='lat' dir='ltr'><strong>secundum</strong></span> <span class='ocrx_word' id='word_1_289' title='bbox 2181 1359 2276 1414; x_wconf 90' lang='lat' dir='ltr'><strong>Dei</strong></span> <span class='ocrx_word' id='word_1_290' title='bbox 2301 1357 2636 1416; x_wconf 83' lang='lat' dir='ltr'><strong>voluntatem</strong></span> <span class='ocrx_word' id='word_1_291' title='bbox 2657 1365 2714 1414; x_wconf 88' lang='lat' dir='ltr'><strong>et</strong></span> <span class='ocrx_word' id='word_1_292' title='bbox 2745 1355 2918 1428; x_wconf 86' lang='lat' dir='ltr'><strong>legem</strong></span> <span class='ocrx_word' id='word_1_293' title='bbox 2951 1371 3014 1411; x_wconf 91' lang='lat' dir='ltr'><strong>ac</strong></span> <span class='ocrx_word' id='word_1_294' title='bbox 3047 1355 3240 1412; x_wconf 88' lang='lat' dir='ltr'><strong>iustam</strong></span> <span class='ocrx_word' id='word_1_295' title='bbox 3279 1353 3444 1408; x_wconf 89' lang='lat' dir='ltr'><strong>ratio-</strong></span> 
     </span>
    </p>
   </div>
   <div class='ocr_carea' id='block_1_43' title="bbox 1861 1445 3441 1520">
    <p class='ocr_par' dir='ltr' id='par_1_43' title="bbox 1861 1445 3441 1520">
     <span class='ocr_line' id='line_1_43' title="bbox 1861 1445 3441 1520; baseline -0.005 -14"><span class='ocrx_word' id='word_1_296' title='bbox 1861 1467 2004 1516; x_wconf 90' lang='lat' dir='ltr'><strong>nem,</strong></span> <span class='ocrx_word' id='word_1_297' title='bbox 2034 1451 2164 1506; x_wconf 83' lang='lat' dir='ltr'><strong>velit</strong></span> <span class='ocrx_word' id='word_1_298' title='bbox 2189 1451 2323 1506; x_wconf 89' lang='lat' dir='ltr'><strong>nolit</strong></span> <span class='ocrx_word' id='word_1_299' title='bbox 2357 1449 2446 1506; x_wconf 89' lang='lat' dir='ltr'><strong>ille</strong></span> <span class='ocrx_word' id='word_1_300' title='bbox 2467 1451 2558 1520; x_wconf 85' lang='lat' dir='ltr'><strong>qui</strong></span> <span class='ocrx_word' id='word_1_301' title='bbox 2587 1449 2770 1506; x_wconf 89' lang='lat' dir='ltr'><strong>divino</strong></span> <span class='ocrx_word' id='word_1_302' title='bbox 2801 1447 3028 1504; x_wconf 90' lang='lat' dir='ltr'><strong>consilio</strong></span> <span class='ocrx_word' id='word_1_303' title='bbox 3053 1453 3108 1502; x_wconf 92' lang='lat' dir='ltr'><strong>et</strong></span> <span class='ocrx_word' id='word_1_304' title='bbox 3137 1445 3360 1501; x_wconf 89' lang='lat' dir='ltr'><strong>decreto</strong></span> <span class='ocrx_word' id='word_1_305' title='bbox 3387 1449 3441 1498; x_wconf 88' lang='lat' dir='ltr'><strong>et.</strong></span> 
     </span>
    </p>
   </div>
   <div class='ocr_carea' id='block_1_44' title="bbox 1861 1533 3442 1600">
    <p class='ocr_par' dir='ltr' id='par_1_44' title="bbox 1861 1533 3442 1600">
     <span class='ocr_line' id='line_1_44' title="bbox 1861 1533 3442 1600; baseline -0.007 -2"><span class='ocrx_word' id='word_1_306' title='bbox 1861 1543 1988 1598; x_wconf 88' lang='lat' dir='ltr'><strong>huic</strong></span> <span class='ocrx_word' id='word_1_307' title='bbox 2013 1541 2406 1598; x_wconf 73' lang='lat' dir='ltr'><strong>convenientia:</strong></span> <span class='ocrx_word' id='word_1_308' title='bbox 2453 1541 2715 1596; x_wconf 87' lang='lat' dir='ltr'><strong>resistens</strong></span> <span class='ocrx_word' id='word_1_309' title='bbox 2749 1547 2806 1596; x_wconf 90' lang='lat' dir='ltr'><strong>et</strong></span> <span class='ocrx_word' id='word_1_310' title='bbox 2845 1537 3226 1596; x_wconf 86' lang='lat' dir='ltr'><strong>eontradicens</strong></span> <span class='ocrx_word' id='word_1_311' title='bbox 3255 1533 3442 1600; x_wconf 88' lang='lat' dir='ltr'><strong>fuerit,</strong></span> 
     </span>
    </p>
   </div>
   <div class='ocr_carea' id='block_1_45' title="bbox 1859 1627 3444 1704">
    <p class='ocr_par' dir='ltr' id='par_1_45' title="bbox 1859 1627 3444 1704">
     <span class='ocr_line' id='line_1_45' title="bbox 1859 1627 3444 1704; baseline -0.007 -15"><span class='ocrx_word' id='word_1_312' title='bbox 1859 1645 2214 1704; x_wconf 76' lang='lat' dir='ltr'><strong>exequuntur.</strong></span> <span class='ocrx_word' id='word_1_313' title='bbox 2249 1633 2314 1688; x_wconf 87' lang='lat' dir='ltr'><strong>Et</strong></span> <span class='ocrx_word' id='word_1_314' title='bbox 2343 1633 2388 1688; x_wconf 88' lang='lat' dir='ltr'><strong>si</strong></span> <span class='ocrx_word' id='word_1_315' title='bbox 2415 1631 2612 1702; x_wconf 89' lang='lat' dir='ltr'><strong>aliquis</strong></span> <span class='ocrx_word' id='word_1_316' title='bbox 2635 1631 2704 1687; x_wconf 90' lang='lat' dir='ltr'><strong>de</strong></span> <span class='ocrx_word' id='word_1_317' title='bbox 2743 1629 3050 1686; x_wconf 89' lang='lat' dir='ltr'><strong>senioribus</strong></span> <span class='ocrx_word' id='word_1_318' title='bbox 3071 1629 3138 1684; x_wconf 92' lang='lat' dir='ltr'><strong>de</strong></span> <span class='ocrx_word' id='word_1_319' title='bbox 3167 1627 3270 1682; x_wconf 89' lang='lat' dir='ltr'><strong>hac</strong></span> <span class='ocrx_word' id='word_1_320' title='bbox 3313 1639 3444 1680; x_wconf 86' lang='lat' dir='ltr'><strong>con-</strong></span> 
     </span>
    </p>
   </div>
   <div class='ocr_carea' id='block_1_46' title="bbox 1861 1717 3444 1790">
    <p class='ocr_par' dir='ltr' id='par_1_46' title="bbox 1861 1717 3444 1790">
     <span class='ocr_line' id='line_1_46' title="bbox 1861 1717 3444 1790; baseline -0.001 -14"><span class='ocrx_word' id='word_1_321' title='bbox 1861 1725 2128 1780; x_wconf 84' lang='lat' dir='ltr'><strong>venientia</strong></span> <span class='ocrx_word' id='word_1_322' title='bbox 2163 1725 2358 1780; x_wconf 83' lang='lat' dir='ltr'><strong>exierit</strong></span> <span class='ocrx_word' id='word_1_323' title='bbox 2403 1731 2496 1778; x_wconf 90' lang='lat' dir='ltr'><strong>aut</strong></span> <span class='ocrx_word' id='word_1_324' title='bbox 2535 1737 2594 1778; x_wconf 89' lang='lat' dir='ltr'><strong>se</strong></span> <span class='ocrx_word' id='word_1_325' title='bbox 2631 1723 2944 1788; x_wconf 79' lang='lat' dir='ltr'><strong>retraxerit,</strong></span> <span class='ocrx_word' id='word_1_326' title='bbox 2973 1737 3094 1776; x_wconf 86' lang='lat' dir='ltr'><strong>cum</strong></span> <span class='ocrx_word' id='word_1_327' title='bbox 3137 1717 3316 1790; x_wconf 87' lang='lat' dir='ltr'><strong>plures</strong></span> <span class='ocrx_word' id='word_1_328' title='bbox 3355 1733 3444 1774; x_wconf 85' lang='lat' dir='ltr'><strong>se-</strong></span> 
     </span>
    </p>
   </div>
   <div class='ocr_carea' id='block_1_47' title="bbox 1859 1813 3444 1886">
    <p class='ocr_par' dir='ltr' id='par_1_47' title="bbox 1859 1813 3444 1886">
     <span class='ocr_line' id='line_1_47' title="bbox 1859 1813 3444 1886; baseline -0.004 -16"><span class='ocrx_word' id='word_1_329' title='bbox 1859 1815 2074 1870; x_wconf 86' lang='lat' dir='ltr'><strong>niorum</strong></span> <span class='ocrx_word' id='word_1_330' title='bbox 2101 1823 2412 1872; x_wconf 87' lang='lat' dir='ltr'><strong>nostrorum</strong></span> <span class='ocrx_word' id='word_1_331' title='bbox 2431 1815 2614 1870; x_wconf 85' lang='lat' dir='ltr'><strong>fideles</strong></span> <span class='ocrx_word' id='word_1_332' title='bbox 2636 1823 2690 1870; x_wconf 90' lang='lat' dir='ltr'><strong>et</strong></span> <span class='ocrx_word' id='word_1_333' title='bbox 2717 1827 3004 1886; x_wconf 87' lang='lat' dir='ltr'><strong>regnorum</strong></span> <span class='ocrx_word' id='word_1_334' title='bbox 3027 1813 3290 1884; x_wconf 87' lang='lat' dir='ltr'><strong>primores</strong></span> <span class='ocrx_word' id='word_1_335' title='bbox 3310 1825 3444 1864; x_wconf 87' lang='lat' dir='ltr'><strong>eon-</strong></span> 
     </span>
    </p>
   </div>
   <div class='ocr_carea' id='block_1_48' title="bbox 1782 1895 3444 1978">
    <p class='ocr_par' dir='ltr' id='par_1_48' title="bbox 1782 1895 3444 1978">
     <span class='ocr_line' id='line_1_48' title="bbox 1782 1895 3444 1978; baseline -0.004 -16"><span class='ocrx_word' id='word_1_336' title='bbox 1782 1895 1832 1956; x_wconf 90' lang='grc' dir='ltr'><strong>Β</strong></span> <span class='ocrx_word' id='word_1_337' title='bbox 1861 1909 2108 1964; x_wconf 86' lang='lat' dir='ltr'><strong>venerint</strong></span> <span class='ocrx_word' id='word_1_338' title='bbox 2153 1908 2208 1964; x_wconf 89' lang='lat' dir='ltr'><strong>in</strong></span> <span class='ocrx_word' id='word_1_339' title='bbox 2239 1923 2430 1974; x_wconf 82' lang='lat' dir='ltr'><strong>unum,</strong></span> <span class='ocrx_word' id='word_1_340' title='bbox 2467 1907 2694 1964; x_wconf 77' lang='lat' dir='ltr'><strong>eorum&#39;</strong></span> <span class='ocrx_word' id='word_1_341' title='bbox 2733 1907 2826 1978; x_wconf 89' lang='lat' dir='ltr'><strong>qui</strong></span> <span class='ocrx_word' id='word_1_342' title='bbox 2869 1907 2986 1962; x_wconf 66' lang='lat' dir='ltr'><strong>haec</strong></span> <span class='ocrx_word' id='word_1_343' title='bbox 3035 1903 3444 1960; x_wconf 89' lang='lat' dir='ltr'><strong>observaverint</strong></span> 
     </span>
    </p>
   </div>
   <div class='ocr_carea' id='block_1_49' title="bbox 1861 1997 3446 2074">
    <p class='ocr_par' dir='ltr' id='par_1_49' title="bbox 1861 1997 3446 2074">
     <span class='ocr_line' id='line_1_49' title="bbox 1861 1997 3446 2074; baseline -0.004 -18"><span class='ocrx_word' id='word_1_344' title='bbox 1861 2001 2136 2058; x_wconf 89' lang='lat' dir='ltr'><strong>seniorum</strong></span> <span class='ocrx_word' id='word_1_345' title='bbox 2191 2001 2418 2058; x_wconf 89' lang='lat' dir='ltr'><strong>consilio</strong></span> <span class='ocrx_word' id='word_1_346' title='bbox 2465 2011 2520 2058; x_wconf 89' lang='lat' dir='ltr'><strong>et</strong></span> <span class='ocrx_word' id='word_1_347' title='bbox 2561 2001 2937 2074; x_wconf 87' lang='lat' dir='ltr'><strong>episcoporum</strong></span> <span class='ocrx_word' id='word_1_348' title='bbox 2979 1997 3176 2054; x_wconf 89' lang='lat' dir='ltr'><strong>iudicio</strong></span> <span class='ocrx_word' id='word_1_349' title='bbox 3203 2013 3266 2054; x_wconf 91' lang='lat' dir='ltr'><strong>ac</strong></span> <span class='ocrx_word' id='word_1_350' title='bbox 3297 2011 3446 2052; x_wconf 88' lang='lat' dir='ltr'><strong>com-</strong></span> 
     </span>
    </p>
   </div>
   <div class='ocr_carea' id='block_1_50' title="bbox 1861 2087 3445 2164">
    <p class='ocr_par' dir='ltr' id='par_1_50' title="bbox 1861 2087 3445 2164">
     <span class='ocr_line' id='line_1_50' title="bbox 1861 2087 3445 2164; baseline -0.004 -16"><span class='ocrx_word' id='word_1_351' title='bbox 1861 2093 2010 2148; x_wconf 90' lang='lat' dir='ltr'><strong>muni</strong></span> <span class='ocrx_word' id='word_1_352' title='bbox 2043 2107 2330 2160; x_wconf 89' lang='lat' dir='ltr'><strong>consensu,</strong></span> <span class='ocrx_word' id='word_1_353' title='bbox 2367 2093 2600 2164; x_wconf 88' lang='lat' dir='ltr'><strong>qualiter</strong></span> <span class='ocrx_word' id='word_1_354' title='bbox 2627 2093 2692 2148; x_wconf 89' lang='lat' dir='ltr'><strong>de</strong></span> <span class='ocrx_word' id='word_1_355' title='bbox 2729 2107 2814 2156; x_wconf 88' lang='lat' dir='ltr'><strong>eo,</strong></span> <span class='ocrx_word' id='word_1_356' title='bbox 2847 2091 2938 2162; x_wconf 90' lang='lat' dir='ltr'><strong>qui</strong></span> <span class='ocrx_word' id='word_1_357' title='bbox 2989 2089 3168 2146; x_wconf 90' lang='lat' dir='ltr'><strong>debite</strong></span> <span class='ocrx_word' id='word_1_358' title='bbox 3199 2087 3445 2142; x_wconf 86' lang='lat' dir='ltr'><strong>admoni-</strong></span> 
     </span>
    </p>
   </div>
   <div class='ocr_carea' id='block_1_51' title="bbox 1861 2175 3444 2258">
    <p class='ocr_par' dir='ltr' id='par_1_51' title="bbox 1861 2175 3444 2258">
     <span class='ocr_line' id='line_1_51' title="bbox 1861 2175 3444 2258; baseline -0.006 -18"><span class='ocrx_word' id='word_1_359' title='bbox 1861 2195 1947 2242; x_wconf 91' lang='lat' dir='ltr'><strong>tus</strong></span> <span class='ocrx_word' id='word_1_360' title='bbox 1985 2185 2366 2258; x_wconf 89' lang='lat' dir='ltr'><strong>incorrigibilis</strong></span> <span class='ocrx_word' id='word_1_361' title='bbox 2423 2184 2872 2256; x_wconf 88' lang='lat' dir='ltr'><strong>perseveraverit,</strong></span> <span class='ocrx_word' id='word_1_362' title='bbox 2919 2179 3186 2252; x_wconf 86' lang='lat' dir='ltr'><strong>agendum</strong></span> <span class='ocrx_word' id='word_1_363' title='bbox 3233 2179 3322 2244; x_wconf 88' lang='lat' dir='ltr'><strong>sit,</strong></span> <span class='ocrx_word' id='word_1_364' title='bbox 3369 2175 3444 2232; x_wconf 84' lang='lat' dir='ltr'><strong>fa-</strong></span> 
     </span>
    </p>
   </div>
   <div class='ocr_carea' id='block_1_52' title="bbox 1861 2271 3448 2338">
    <p class='ocr_par' dir='ltr' id='par_1_52' title="bbox 1861 2271 3448 2338">
     <span class='ocr_line' id='line_1_52' title="bbox 1861 2271 3448 2338; baseline -0.006 -6"><span class='ocrx_word' id='word_1_365' title='bbox 1861 2287 2020 2334; x_wconf 88' lang='lat' dir='ltr'><strong>vente</strong></span> <span class='ocrx_word' id='word_1_366' title='bbox 2073 2277 2302 2334; x_wconf 88' lang='lat' dir='ltr'><strong>Domino</strong></span> <span class='ocrx_word' id='word_1_367' title='bbox 2349 2277 2706 2332; x_wconf 89' lang='lat' dir='ltr'><strong>decernemus</strong></span> <span class='ocrx_word' id='word_1_368' title='bbox 2751 2281 2809 2330; x_wconf 89' lang='lat' dir='ltr'><strong>et</strong></span> <span class='ocrx_word' id='word_1_369' title='bbox 2855 2281 2914 2328; x_wconf 90' lang='lat' dir='ltr'><strong>ut</strong></span> <span class='ocrx_word' id='word_1_370' title='bbox 2963 2271 3217 2328; x_wconf 77' lang='lat' dir='ltr'><strong>obnixius</strong></span> <span class='ocrx_word' id='word_1_371' title='bbox 3259 2281 3448 2338; x_wconf 87' lang='lat' dir='ltr'><strong>supra-</strong></span> 
     </span>
    </p>
   </div>
   <div class='ocr_carea' id='block_1_53' title="bbox 1861 2363 3448 2442">
    <p class='ocr_par' dir='ltr' id='par_1_53' title="bbox 1861 2363 3448 2442">
     <span class='ocr_line' id='line_1_53' title="bbox 1861 2363 3448 2442; baseline -0.005 -16"><span class='ocrx_word' id='word_1_372' title='bbox 1861 2373 2004 2428; x_wconf 88' lang='lat' dir='ltr'><strong>dicta</strong></span> <span class='ocrx_word' id='word_1_373' title='bbox 2037 2371 2272 2442; x_wconf 90' lang='lat' dir='ltr'><strong>capitula</strong></span> <span class='ocrx_word' id='word_1_374' title='bbox 2293 2387 2324 2426; x_wconf 90' lang='lat' dir='ltr'><strong>a</strong></span> <span class='ocrx_word' id='word_1_375' title='bbox 2351 2371 2508 2428; x_wconf 90' lang='lat' dir='ltr'><strong>nobis</strong></span> <span class='ocrx_word' id='word_1_376' title='bbox 2543 2369 2844 2426; x_wconf 77' lang='lat' dir='ltr'><strong>auxiliante</strong></span> <span class='ocrx_word' id='word_1_377' title='bbox 2877 2369 3108 2424; x_wconf 89' lang='lat' dir='ltr'><strong>Domino</strong></span> <span class='ocrx_word' id='word_1_378' title='bbox 3129 2363 3448 2422; x_wconf 86' lang='lat' dir='ltr'><strong>inviolabili-</strong></span> 
     </span>
    </p>
   </div>
   <div class='ocr_carea' id='block_1_54' title="bbox 1863 2457 3442 2530">
    <p class='ocr_par' dir='ltr' id='par_1_54' title="bbox 1863 2457 3442 2530">
     <span class='ocr_line' id='line_1_54' title="bbox 1863 2457 3442 2530; baseline -0.006 -10"><span class='ocrx_word' id='word_1_379' title='bbox 1863 2477 1946 2520; x_wconf 85' lang='lat' dir='ltr'><strong>ter</strong></span> <span class='ocrx_word' id='word_1_380' title='bbox 1981 2467 2358 2530; x_wconf 85' lang='lat' dir='ltr'><strong>observentur,</strong></span> <span class='ocrx_word' id='word_1_381' title='bbox 2411 2475 2466 2520; x_wconf 89' lang='lat' dir='ltr'><strong>et</strong></span> <span class='ocrx_word' id='word_1_382' title='bbox 2513 2481 2612 2520; x_wconf 88' lang='lat' dir='ltr'><strong>nos</strong></span> <span class='ocrx_word' id='word_1_383' title='bbox 2671 2465 2756 2518; x_wconf 90' lang='lat' dir='ltr'><strong>illa</strong></span> <span class='ocrx_word' id='word_1_384' title='bbox 2815 2463 3198 2518; x_wconf 88' lang='lat' dir='ltr'><strong>observaturos</strong></span> <span class='ocrx_word' id='word_1_385' title='bbox 3241 2457 3442 2514; x_wconf 89' lang='lat' dir='ltr'><strong>certius</strong></span> 
     </span>
    </p>
   </div>
   <div class='ocr_carea' id='block_1_55' title="bbox 1863 2555 3286 2630">
    <p class='ocr_par' dir='ltr' id='par_1_55' title="bbox 1863 2555 3286 2630">
     <span class='ocr_line' id='line_1_55' title="bbox 1863 2555 3286 2630; baseline -0.007 -14"><span class='ocrx_word' id='word_1_386' title='bbox 1863 2561 2116 2626; x_wconf 89' lang='lat' dir='ltr'><strong>credatis,</strong></span> <span class='ocrx_word' id='word_1_387' title='bbox 2151 2561 2399 2614; x_wconf 90' lang='lat' dir='ltr'><strong>manibus</strong></span> <span class='ocrx_word' id='word_1_388' title='bbox 2425 2559 2656 2630; x_wconf 89' lang='lat' dir='ltr'><strong>propriis</strong></span> <span class='ocrx_word' id='word_1_389' title='bbox 2691 2555 3234 2614; x_wconf 86' lang='lat' dir='ltr'><strong>subterﬁrmavimus.</strong></span> <span class='ocrx_word' id='word_1_390' title='bbox 3267 2571 3286 2606; x_wconf 70' lang='grc' dir='ltr'><strong><em>ι</em></strong></span> 
     </span>
    </p>
   </div>
   <div class='ocr_carea' id='block_1_56' title="bbox 1931 2645 3450 2722">
    <p class='ocr_par' dir='ltr' id='par_1_56' title="bbox 1931 2645 3450 2722">
     <span class='ocr_line' id='line_1_56' title="bbox 1931 2645 3450 2722; baseline -0.005 -14"><span class='ocrx_word' id='word_1_391' title='bbox 1931 2651 2102 2708; x_wconf 73' lang='lat' dir='ltr'><strong>Posta</strong></span> <span class='ocrx_word' id='word_1_392' title='bbox 2135 2655 2250 2708; x_wconf 70' lang='lat' dir='ltr'><strong>haec</strong></span> <span class='ocrx_word' id='word_1_393' title='bbox 2289 2653 2476 2722; x_wconf 73' lang='lat' dir='ltr'><strong>piratae</strong></span> <span class='ocrx_word' id='word_1_394' title='bbox 2521 2651 2794 2706; x_wconf 88' lang='lat' dir='ltr'><strong>Danorum</strong></span> <span class='ocrx_word' id='word_1_395' title='bbox 2843 2647 3090 2704; x_wconf 88' lang='lat' dir='ltr'><strong>Fresiam</strong></span> <span class='ocrx_word' id='word_1_396' title='bbox 3130 2655 3184 2702; x_wconf 88' lang='lat' dir='ltr'><strong>et</strong></span> <span class='ocrx_word' id='word_1_397' title='bbox 3219 2645 3450 2700; x_wconf 86' lang='lat' dir='ltr'><strong>Batavos</strong></span> 
     </span>
    </p>
   </div>
   <div class='ocr_carea' id='block_1_57' title="bbox 1861 2733 3446 2816">
    <p class='ocr_par' dir='ltr' id='par_1_57' title="bbox 1861 2733 3446 2816">
     <span class='ocr_line' id='line_1_57' title="bbox 1861 2733 3446 2816; baseline -0.006 -18"><span class='ocrx_word' id='word_1_398' title='bbox 1861 2743 2220 2816; x_wconf 88' lang='lat' dir='ltr'><strong>populantur;</strong></span> <span class='ocrx_word' id='word_1_399' title='bbox 2265 2743 2358 2798; x_wconf 89' lang='lat' dir='ltr'><strong>sed</strong></span> <span class='ocrx_word' id='word_1_400' title='bbox 2395 2751 2452 2796; x_wconf 92' lang='lat' dir='ltr'><strong>et</strong></span> <span class='ocrx_word' id='word_1_401' title='bbox 2499 2755 2670 2812; x_wconf 89' lang='lat' dir='ltr'><strong>usque</strong></span> <span class='ocrx_word' id='word_1_402' title='bbox 2709 2739 2778 2796; x_wconf 88' lang='lat' dir='ltr'><strong>ad</strong></span> <span class='ocrx_word' id='word_1_403' title='bbox 2823 2737 3214 2794; x_wconf 86' lang='lat' dir='ltr'><strong>monasterium</strong></span> <span class='ocrx_word' id='word_1_404' title='bbox 3271 2733 3446 2792; x_wconf 86' lang='lat' dir='ltr'><strong>sancti</strong></span> 
     </span>
    </p>
   </div>
   <div class='ocr_carea' id='block_1_58' title="bbox 1863 2827 3450 2908">
    <p class='ocr_par' dir='ltr' id='par_1_58' title="bbox 1863 2827 3450 2908">
     <span class='ocr_line' id='line_1_58' title="bbox 1863 2827 3450 2908; baseline -0.008 -16"><span class='ocrx_word' id='word_1_405' title='bbox 1863 2837 2096 2894; x_wconf 89' lang='lat' dir='ltr'><strong>Bavonis</strong></span> <span class='ocrx_word' id='word_1_406' title='bbox 2121 2835 2260 2908; x_wconf 89' lang='lat' dir='ltr'><strong>quod</strong></span> <span class='ocrx_word' id='word_1_407' title='bbox 2283 2835 2422 2892; x_wconf 85' lang='lat' dir='ltr'><strong>Gant</strong></span> <span class='ocrx_word' id='word_1_408' title='bbox 2443 2835 2470 2876; x_wconf 72' lang='grc' dir='ltr'><strong>ι)</strong></span> <span class='ocrx_word' id='word_1_409' title='bbox 2510 2835 2694 2888; x_wconf 90' lang='lat' dir='ltr'><strong>dicunt</strong></span> <span class='ocrx_word' id='word_1_410' title='bbox 2719 2831 3134 2894; x_wconf 85' lang='lat' dir='ltr'><strong>debacchantes,</strong></span> <span class='ocrx_word' id='word_1_411' title='bbox 3161 2827 3302 2884; x_wconf 88' lang='lat' dir='ltr'><strong>idem</strong></span> <span class='ocrx_word' id='word_1_412' title='bbox 3335 2839 3450 2882; x_wconf 90' lang='lat' dir='ltr'><strong>mo-</strong></span> 
     </span>
    </p>
   </div>
   <div class='ocr_carea' id='block_1_59' title="bbox 1863 2917 3446 2994">
    <p class='ocr_par' dir='ltr' id='par_1_59' title="bbox 1863 2917 3446 2994">
     <span class='ocr_line' id='line_1_59' title="bbox 1863 2917 3446 2994; baseline -0.009 -8"><span class='ocrx_word' id='word_1_413' title='bbox 1863 2929 2158 2986; x_wconf 85' lang='lat' dir='ltr'><strong>nasterium</strong></span> <span class='ocrx_word' id='word_1_414' title='bbox 2209 2925 2532 2990; x_wconf 87' lang='lat' dir='ltr'><strong>incendunt,</strong></span> <span class='ocrx_word' id='word_1_415' title='bbox 2577 2923 2966 2994; x_wconf 86' lang='lat' dir='ltr'><strong>venientesque</strong></span> <span class='ocrx_word' id='word_1_416' title='bbox 3021 2921 3212 2976; x_wconf 87' lang='lat' dir='ltr'><strong>urbem</strong></span> <span class='ocrx_word' id='word_1_417' title='bbox 3277 2917 3446 2972; x_wconf 72' lang='lat' dir='ltr'><strong>Rotu~</strong></span> 
     </span>
    </p>
   </div>
   <div class='ocr_carea' id='block_1_60' title="bbox 1865 3013 3448 3092">
    <p class='ocr_par' dir='ltr' id='par_1_60' title="bbox 1865 3013 3448 3092">
     <span class='ocr_line' id='line_1_60' title="bbox 1865 3013 3448 3092; baseline -0.009 -14"><span class='ocrx_word' id='word_1_418' title='bbox 1865 3033 2078 3090; x_wconf 74' lang='grc' dir='ltr'><strong>ιηειῐιιο,</strong></span> <span class='ocrx_word' id='word_1_419' title='bbox 2107 3035 2278 3092; x_wconf 90' lang='lat' dir='ltr'><strong>usque</strong></span> <span class='ocrx_word' id='word_1_420' title='bbox 2303 3021 2370 3074; x_wconf 91' lang='lat' dir='ltr'><strong>ad</strong></span> <span class='ocrx_word' id='word_1_421' title='bbox 2399 3019 2686 3076; x_wconf 89' lang='lat' dir='ltr'><strong>Belvacum</strong></span> <span class='ocrx_word' id='word_1_422' title='bbox 2709 3015 2736 3056; x_wconf 73' lang='grc' dir='ltr'><strong>τι</strong></span> <span class='ocrx_word' id='word_1_423' title='bbox 2779 3015 3018 3086; x_wconf 76' lang='lat' dir='ltr'><strong>pedestri</strong></span> <span class='ocrx_word' id='word_1_424' title='bbox 3055 3013 3224 3086; x_wconf 87' lang='lat' dir='ltr'><strong>gradu</strong></span> <span class='ocrx_word' id='word_1_425' title='bbox 3249 3025 3448 3082; x_wconf 85' lang='lat' dir='ltr'><strong>perve-</strong></span> 
     </span>
    </p>
   </div>
   <div class='ocr_carea' id='block_1_61' title="bbox 1863 3103 3452 3182">
    <p class='ocr_par' dir='ltr' id='par_1_61' title="bbox 1863 3103 3452 3182">
     <span class='ocr_line' id='line_1_61' title="bbox 1863 3103 3452 3182; baseline -0.009 -10"><span class='ocrx_word' id='word_1_426' title='bbox 1863 3117 2039 3172; x_wconf 87' lang='lat' dir='ltr'><strong>niunt.</strong></span> <span class='ocrx_word' id='word_1_427' title='bbox 2101 3113 2216 3182; x_wconf 87' lang='lat' dir='ltr'><strong>Qua</strong></span> <span class='ocrx_word' id='word_1_428' title='bbox 2263 3113 2480 3168; x_wconf 87' lang='lat' dir='ltr'><strong>incensa</strong></span> <span class='ocrx_word' id='word_1_429' title='bbox 2528 3127 2649 3166; x_wconf 91' lang='lat' dir='ltr'><strong>cum</strong></span> <span class='ocrx_word' id='word_1_430' title='bbox 2691 3109 2952 3174; x_wconf 87' lang='lat' dir='ltr'><strong>redirent,</strong></span> <span class='ocrx_word' id='word_1_431' title='bbox 2987 3123 3016 3162; x_wconf 90' lang='lat' dir='ltr'><strong>a</strong></span> <span class='ocrx_word' id='word_1_432' title='bbox 3051 3103 3254 3162; x_wconf 89' lang='lat' dir='ltr'><strong>nostris</strong></span> <span class='ocrx_word' id='word_1_433' title='bbox 3285 3104 3452 3158; x_wconf 87' lang='lat' dir='ltr'><strong>inter-</strong></span> 
     </span>
    </p>
   </div>
   <div class='ocr_carea' id='block_1_62' title="bbox 1863 3193 3448 3276">
    <p class='ocr_par' dir='ltr' id='par_1_62' title="bbox 1863 3193 3448 3276">
     <span class='ocr_line' id='line_1_62' title="bbox 1863 3193 3448 3276; baseline -0.009 -15"><span class='ocrx_word' id='word_1_434' title='bbox 1863 3207 2024 3276; x_wconf 88' lang='lat' dir='ltr'><strong>cepti,</strong></span> <span class='ocrx_word' id='word_1_435' title='bbox 2054 3215 2110 3260; x_wconf 92' lang='lat' dir='ltr'><strong>et</strong></span> <span class='ocrx_word' id='word_1_436' title='bbox 2135 3205 2312 3274; x_wconf 87' lang='lat' dir='ltr'><strong>aliqua</strong></span> <span class='ocrx_word' id='word_1_437' title='bbox 2347 3217 2412 3260; x_wconf 80' lang='lat' dir='ltr'><strong>ex</strong></span> <span class='ocrx_word' id='word_1_438' title='bbox 2449 3211 2604 3274; x_wconf 89' lang='lat' dir='ltr'><strong>parte</strong></span> <span class='ocrx_word' id='word_1_439' title='bbox 2635 3197 2902 3272; x_wconf 82' lang='lat' dir='ltr'><strong>profligati</strong></span> <span class='ocrx_word' id='word_1_440' title='bbox 2935 3205 3081 3254; x_wconf 89' lang='lat' dir='ltr'><strong>sunt.</strong></span> <span class='ocrx_word' id='word_1_441' title='bbox 3125 3193 3448 3268; x_wconf 79' lang='lat' dir='ltr'><strong>Respogius,</strong></span> 
     </span>
    </p>
   </div>
   <div class='ocr_carea' id='block_1_63' title="bbox 181 3263 3450 3368">
    <p class='ocr_par' dir='ltr' id='par_1_63' title="bbox 181 3263 3450 3368">
     <span class='ocr_line' id='line_1_63' title="bbox 181 3263 3450 3368; baseline -0.003 -18"><span class='ocrx_word' id='word_1_442' title='bbox 181 3291 410 3350; x_wconf 61' lang='lat'><strong>“&quot;0785.</strong></span> <span class='ocrx_word' id='word_1_443' title='bbox 437 3299 564 3340; x_wconf 66' lang='lat' dir='ltr'><strong>vero</strong></span> <span class='ocrx_word' id='word_1_444' title='bbox 591 3285 816 3342; x_wconf 75' lang='lat' dir='ltr'><strong>CODSiliO</strong></span> <span class='ocrx_word' id='word_1_445' title='bbox 841 3295 898 3342; x_wconf 72' lang='grc' dir='ltr'><strong>ει</strong></span> <span class='ocrx_word' id='word_1_446' title='bbox 919 3287 1136 3342; x_wconf 73' lang='lat' dir='ltr'><strong>sincero</strong></span> <span class='ocrx_word' id='word_1_447' title='bbox 1163 3289 1386 3354; x_wconf 68' lang='lat' dir='ltr'><strong>auxilio.</strong></span> <span class='ocrx_word' id='word_1_448' title='bbox 1411 3289 1476 3344; x_wconf 70' lang='lat' dir='ltr'><strong>ad</strong></span> <span class='ocrx_word' id='word_1_449' title='bbox 1507 3291 1606 3346; x_wconf 75' lang='lat' dir='ltr'><strong>ista</strong></span> <span class='ocrx_word' id='word_1_450' title='bbox 1635 3307 1758 3362; x_wconf 75' lang='grc' dir='ltr'><strong>ρει·-</strong></span> <span class='ocrx_word' id='word_1_451' title='bbox 1789 3263 1832 3326; x_wconf 79' lang='lat' dir='ltr'>c</span> <span class='ocrx_word' id='word_1_452' title='bbox 1867 3263 2008 3356; x_wconf 77' lang='lat' dir='ltr'><strong>ﬁlius</strong></span> <span class='ocrx_word' id='word_1_453' title='bbox 2045 3297 2384 3368; x_wconf 84' lang='lat' dir='ltr'><strong>Nomenogii,</strong></span> <span class='ocrx_word' id='word_1_454' title='bbox 2415 3295 2482 3350; x_wconf 87' lang='lat' dir='ltr'><strong>ad</strong></span> <span class='ocrx_word' id='word_1_455' title='bbox 2505 3293 2764 3350; x_wconf 86' lang='lat' dir='ltr'><strong>Caroium</strong></span> <span class='ocrx_word' id='word_1_456' title='bbox 2793 3291 3040 3358; x_wconf 89' lang='lat' dir='ltr'><strong>veniens,</strong></span> <span class='ocrx_word' id='word_1_457' title='bbox 3079 3287 3134 3344; x_wconf 89' lang='lat' dir='ltr'><strong>in</strong></span> <span class='ocrx_word' id='word_1_458' title='bbox 3169 3287 3304 3344; x_wconf 82' lang='lat' dir='ltr'><strong>urbe</strong></span> <span class='ocrx_word' id='word_1_459' title='bbox 3343 3287 3450 3342; x_wconf 77' lang='lat' dir='ltr'><strong>An-</strong></span> 
     </span>
    </p>
   </div>
   <div class='ocr_carea' id='block_1_64' title="bbox 179 3377 1760 3458">
    <p class='ocr_par' dir='ltr' id='par_1_64' title="bbox 179 3377 1760 3458">
     <span class='ocr_line' id='line_1_64' title="bbox 179 3377 1760 3458; baseline 0.006 -28"><span class='ocrx_word' id='word_1_460' title='bbox 179 3377 384 3446; x_wconf 83' lang='lat' dir='ltr'><strong>agenda</strong></span> <span class='ocrx_word' id='word_1_461' title='bbox 429 3393 548 3448; x_wconf 72' lang='lat' dir='ltr'><strong>qua:</strong></span> <span class='ocrx_word' id='word_1_462' title='bbox 591 3379 970 3450; x_wconf 60' lang='lat' dir='ltr'><strong>praemisimus,</strong></span> <span class='ocrx_word' id='word_1_463' title='bbox 1019 3381 1160 3436; x_wconf 88' lang='lat' dir='ltr'><strong>sicut</strong></span> <span class='ocrx_word' id='word_1_464' title='bbox 1209 3395 1308 3450; x_wconf 91' lang='lat' dir='ltr'><strong>per</strong></span> <span class='ocrx_word' id='word_1_465' title='bbox 1347 3389 1554 3458; x_wconf 84' lang='lat' dir='ltr'><strong>rectum</strong></span> <span class='ocrx_word' id='word_1_466' title='bbox 1591 3399 1760 3439; x_wconf 87' lang='lat' dir='ltr'><strong>unus-</strong></span> 
     </span>
    </p>
   </div>
   <div class='ocr_carea' id='block_1_65' title="bbox 179 3469 1758 3552">
    <p class='ocr_par' dir='ltr' id='par_1_65' title="bbox 179 3469 1758 3552">
     <span class='ocr_line' id='line_1_65' title="bbox 179 3469 1758 3552; baseline 0.006 -29"><span class='ocrx_word' id='word_1_467' title='bbox 179 3469 404 3540; x_wconf 90' lang='lat' dir='ltr'><strong>quisque</strong></span> <span class='ocrx_word' id='word_1_468' title='bbox 429 3473 480 3526; x_wconf 89' lang='lat' dir='ltr'><strong>in</strong></span> <span class='ocrx_word' id='word_1_469' title='bbox 509 3489 606 3528; x_wconf 89' lang='lat' dir='ltr'><strong>suo</strong></span> <span class='ocrx_word' id='word_1_470' title='bbox 633 3473 824 3528; x_wconf 87' lang='lat' dir='ltr'><strong>ordine</strong></span> <span class='ocrx_word' id='word_1_471' title='bbox 845 3483 896 3528; x_wconf 90' lang='lat' dir='ltr'><strong>et</strong></span> <span class='ocrx_word' id='word_1_472' title='bbox 923 3483 1066 3530; x_wconf 88' lang='lat' dir='ltr'><strong>statu</strong></span> <span class='ocrx_word' id='word_1_473' title='bbox 1093 3491 1190 3530; x_wconf 89' lang='lat' dir='ltr'><strong>suo</strong></span> <span class='ocrx_word' id='word_1_474' title='bbox 1217 3477 1448 3552; x_wconf 86' lang='lat' dir='ltr'><strong>principi</strong></span> <span class='ocrx_word' id='word_1_475' title='bbox 1474 3487 1528 3534; x_wconf 90' lang='lat' dir='ltr'><strong>et</strong></span> <span class='ocrx_word' id='word_1_476' title='bbox 1559 3479 1758 3534; x_wconf 89' lang='lat' dir='ltr'><strong>seniori</strong></span> 
     </span>
    </p>
   </div>
   <div class='ocr_carea' id='block_1_66' title="bbox 179 3563 500 3618">
    <p class='ocr_par' dir='ltr' id='par_1_66' title="bbox 179 3563 500 3618">
     <span class='ocr_line' id='line_1_66' title="bbox 179 3563 500 3618; baseline 0.009 -2"><span class='ocrx_word' id='word_1_477' title='bbox 179 3575 298 3616; x_wconf 85' lang='lat' dir='ltr'><strong>esse</strong></span> <span class='ocrx_word' id='word_1_478' title='bbox 321 3563 500 3618; x_wconf 82' lang='lat' dir='ltr'><strong>debet.</strong></span> 
     </span>
    </p>
   </div>
   <div class='ocr_carea' id='block_1_67' title="bbox 250 3651 1762 3726">
    <p class='ocr_par' dir='ltr' id='par_1_67' title="bbox 250 3651 1762 3726">
     <span class='ocr_line' id='line_1_67' title="bbox 250 3651 1762 3726; baseline 0.009 -18"><span class='ocrx_word' id='word_1_479' title='bbox 250 3651 376 3708; x_wconf 62' lang='lat' dir='ltr'><strong>Car.</strong></span> <span class='ocrx_word' id='word_1_480' title='bbox 421 3653 528 3710; x_wconf 78' lang='grc' dir='ltr'><strong>νη.</strong></span> <span class='ocrx_word' id='word_1_481' title='bbox 578 3675 596 3708; x_wconf 75' lang='grc' dir='ltr'><strong><em>ι</em></strong></span> <span class='ocrx_word' id='word_1_482' title='bbox 635 3655 706 3712; x_wconf 87' lang='lat' dir='ltr'><strong>Ut</strong></span> <span class='ocrx_word' id='word_1_483' title='bbox 735 3655 814 3712; x_wconf 91' lang='lat' dir='ltr'><strong>sic</strong></span> <span class='ocrx_word' id='word_1_484' title='bbox 842 3657 1002 3714; x_wconf 88' lang='lat' dir='ltr'><strong>simul</strong></span> <span class='ocrx_word' id='word_1_485' title='bbox 1034 3659 1330 3726; x_wconf 89' lang='lat' dir='ltr'><strong>coniuncti,</strong></span> <span class='ocrx_word' id='word_1_486' title='bbox 1365 3671 1420 3716; x_wconf 92' lang='lat' dir='ltr'><strong>et</strong></span> <span class='ocrx_word' id='word_1_487' title='bbox 1443 3677 1542 3720; x_wconf 90' lang='lat' dir='ltr'><strong>nos</strong></span> <span class='ocrx_word' id='word_1_488' title='bbox 1565 3663 1762 3720; x_wconf 81' lang='lat' dir='ltr'><strong>fratres</strong></span> 
     </span>
    </p>
   </div>
   <div class='ocr_carea' id='block_1_68' title="bbox 179 3745 1764 3820">
    <p class='ocr_par' dir='ltr' id='par_1_68' title="bbox 179 3745 1764 3820">
     <span class='ocr_line' id='line_1_68' title="bbox 179 3745 1764 3820; baseline 0.009 -22"><span class='ocrx_word' id='word_1_489' title='bbox 179 3745 248 3798; x_wconf 86' lang='lat' dir='ltr'><strong>ad</strong></span> <span class='ocrx_word' id='word_1_490' title='bbox 279 3745 528 3810; x_wconf 80' lang='lat' dir='ltr'><strong>invicem,</strong></span> <span class='ocrx_word' id='word_1_491' title='bbox 571 3755 626 3802; x_wconf 92' lang='lat' dir='ltr'><strong>et</strong></span> <span class='ocrx_word' id='word_1_492' title='bbox 667 3763 766 3804; x_wconf 90' lang='lat' dir='ltr'><strong>nos</strong></span> <span class='ocrx_word' id='word_1_493' title='bbox 795 3765 916 3804; x_wconf 88' lang='lat' dir='ltr'><strong>cum</strong></span> <span class='ocrx_word' id='word_1_494' title='bbox 949 3751 1196 3808; x_wconf 90' lang='lat' dir='ltr'><strong>ﬁdelibus</strong></span> <span class='ocrx_word' id='word_1_495' title='bbox 1232 3755 1458 3820; x_wconf 88' lang='lat' dir='ltr'><strong>nostris,</strong></span> <span class='ocrx_word' id='word_1_496' title='bbox 1491 3765 1546 3810; x_wconf 88' lang='lat' dir='ltr'><strong>et</strong></span> <span class='ocrx_word' id='word_1_497' title='bbox 1581 3757 1764 3812; x_wconf 86' lang='lat' dir='ltr'><strong>ﬁdeles</strong></span> 
     </span>
    </p>
   </div>
   <div class='ocr_carea' id='block_1_69' title="bbox 179 3837 1762 3906">
    <p class='ocr_par' dir='ltr' id='par_1_69' title="bbox 179 3837 1762 3906">
     <span class='ocr_line' id='line_1_69' title="bbox 179 3837 1762 3906; baseline 0.005 -14"><span class='ocrx_word' id='word_1_498' title='bbox 179 3837 350 3892; x_wconf 87' lang='lat' dir='ltr'><strong>nostri</strong></span> <span class='ocrx_word' id='word_1_499' title='bbox 379 3839 682 3906; x_wconf 88' lang='lat' dir='ltr'><strong>nobiscum,</strong></span> <span class='ocrx_word' id='word_1_500' title='bbox 715 3849 768 3896; x_wconf 81' lang='lat' dir='ltr'><strong>et</strong></span> <span class='ocrx_word' id='word_1_501' title='bbox 807 3857 994 3898; x_wconf 88' lang='lat' dir='ltr'><strong>omnes</strong></span> <span class='ocrx_word' id='word_1_502' title='bbox 1047 3843 1206 3899; x_wconf 89' lang='lat' dir='ltr'><strong>simul</strong></span> <span class='ocrx_word' id='word_1_503' title='bbox 1245 3861 1366 3900; x_wconf 91' lang='lat' dir='ltr'><strong>cum</strong></span> <span class='ocrx_word' id='word_1_504' title='bbox 1411 3847 1520 3902; x_wconf 86' lang='lat' dir='ltr'><strong>Deo</strong></span> <span class='ocrx_word' id='word_1_505' title='bbox 1547 3863 1645 3902; x_wconf 92' lang='lat' dir='ltr'><strong>nos</strong></span> <span class='ocrx_word' id='word_1_506' title='bbox 1675 3863 1762 3901; x_wconf 86' lang='lat' dir='ltr'><strong>re-</strong></span> 
     </span>
    </p>
   </div>
   <div class='ocr_carea' id='block_1_70' title="bbox 181 3929 1764 4012">
    <p class='ocr_par' dir='ltr' id='par_1_70' title="bbox 181 3929 1764 4012">
     <span class='ocr_line' id='line_1_70' title="bbox 181 3929 1764 4012; baseline 0.008 -28"><span class='ocrx_word' id='word_1_507' title='bbox 181 3929 590 4002; x_wconf 86' lang='lat' dir='ltr'><strong>coniungamus,</strong></span> <span class='ocrx_word' id='word_1_508' title='bbox 631 3941 708 3996; x_wconf 90' lang='lat' dir='ltr'><strong>et,</strong></span> <span class='ocrx_word' id='word_1_509' title='bbox 737 3943 796 3986; x_wconf 90' lang='lat' dir='ltr'><strong>ut</strong></span> <span class='ocrx_word' id='word_1_510' title='bbox 831 3935 984 3990; x_wconf 73' lang='lat' dir='ltr'><strong>nobis</strong></span> <span class='ocrx_word' id='word_1_511' title='bbox 1015 3937 1086 3991; x_wconf 83' lang='lat' dir='ltr'><strong>sit</strong></span> <span class='ocrx_word' id='word_1_512' title='bbox 1123 3939 1412 4008; x_wconf 83' lang='lat' dir='ltr'><strong>propitius,</strong></span> <span class='ocrx_word' id='word_1_513' title='bbox 1443 3939 1514 3994; x_wconf 89' lang='lat' dir='ltr'><strong>illi</strong></span> <span class='ocrx_word' id='word_1_514' title='bbox 1539 3957 1637 4012; x_wconf 91' lang='lat' dir='ltr'><strong>pro</strong></span> <span class='ocrx_word' id='word_1_515' title='bbox 1673 3943 1764 3996; x_wconf 90' lang='lat' dir='ltr'><strong>de-</strong></span> 
     </span>
    </p>
   </div>
   <div class='ocr_carea' id='block_1_71' title="bbox 179 4023 1762 4102">
    <p class='ocr_par' dir='ltr' id='par_1_71' title="bbox 179 4023 1762 4102">
     <span class='ocr_line' id='line_1_71' title="bbox 179 4023 1762 4102; baseline 0.01 -26"><span class='ocrx_word' id='word_1_516' title='bbox 179 4029 306 4076; x_wconf 83' lang='lat' dir='ltr'><strong>voto</strong></span> <span class='ocrx_word' id='word_1_517' title='bbox 359 4037 584 4076; x_wconf 88' lang='lat' dir='ltr'><strong>munere</strong></span> <span class='ocrx_word' id='word_1_518' title='bbox 627 4023 938 4090; x_wconf 86' lang='lat' dir='ltr'><strong>offeramus,</strong></span> <span class='ocrx_word' id='word_1_519' title='bbox 993 4037 1050 4082; x_wconf 92' lang='lat' dir='ltr'><strong>ut</strong></span> <span class='ocrx_word' id='word_1_520' title='bbox 1091 4031 1464 4102; x_wconf 88' lang='lat' dir='ltr'><strong>unusquisque</strong></span> <span class='ocrx_word' id='word_1_521' title='bbox 1518 4035 1762 4092; x_wconf 89' lang='lat' dir='ltr'><strong>omnium</strong></span> 
     </span>
    </p>
   </div>
   <div class='ocr_carea' id='block_1_72' title="bbox 181 4115 1765 4190">
    <p class='ocr_par' dir='ltr' id='par_1_72' title="bbox 181 4115 1765 4190">
     <span class='ocr_line' id='line_1_72' title="bbox 181 4115 1765 4190; baseline 0.008 -20"><span class='ocrx_word' id='word_1_522' title='bbox 181 4123 426 4172; x_wconf 85' lang='lat' dir='ltr'><strong>nostrqu</strong></span> <span class='ocrx_word' id='word_1_523' title='bbox 457 4115 660 4186; x_wconf 86' lang='lat' dir='ltr'><strong>absque</strong></span> <span class='ocrx_word' id='word_1_524' title='bbox 705 4133 798 4172; x_wconf 89' lang='lat' dir='ltr'><strong>sua</strong></span> <span class='ocrx_word' id='word_1_525' title='bbox 829 4119 1046 4190; x_wconf 80' lang='lat' dir='ltr'><strong>prepria</strong></span> <span class='ocrx_word' id='word_1_526' title='bbox 1079 4125 1428 4180; x_wconf 80' lang='lat' dir='ltr'><strong>excusatione</strong></span> <span class='ocrx_word' id='word_1_527' title='bbox 1457 4135 1550 4182; x_wconf 90' lang='lat' dir='ltr'><strong>aut</strong></span> <span class='ocrx_word' id='word_1_528' title='bbox 1575 4127 1765 4182; x_wconf 89' lang='lat' dir='ltr'><strong>iustiﬁ-</strong></span> 
     </span>
    </p>
   </div>
   <div class='ocr_carea' id='block_1_73' title="bbox 181 4209 1768 4288">
    <p class='ocr_par' dir='ltr' id='par_1_73' title="bbox 181 4209 1768 4288">
     <span class='ocr_line' id='line_1_73' title="bbox 181 4209 1768 4288; baseline 0.008 -26"><span class='ocrx_word' id='word_1_529' title='bbox 181 4209 396 4262; x_wconf 88' lang='lat' dir='ltr'><strong>catione</strong></span> <span class='ocrx_word' id='word_1_530' title='bbox 421 4223 896 4280; x_wconf 86' lang='lat' dir='ltr'><strong>recognoscamus,</strong></span> <span class='ocrx_word' id='word_1_531' title='bbox 931 4211 984 4266; x_wconf 90' lang='lat' dir='ltr'><strong>in</strong></span> <span class='ocrx_word' id='word_1_532' title='bbox 1007 4213 1204 4282; x_wconf 86' lang='lat' dir='ltr'><strong>quibus</strong></span> <span class='ocrx_word' id='word_1_533' title='bbox 1219 4223 1312 4268; x_wconf 89' lang='lat' dir='ltr'><strong>aut</strong></span> <span class='ocrx_word' id='word_1_534' title='bbox 1337 4217 1646 4288; x_wconf 87' lang='lat' dir='ltr'><strong>singulatim</strong></span> <span class='ocrx_word' id='word_1_535' title='bbox 1673 4227 1768 4274; x_wconf 88' lang='lat' dir='ltr'><strong>aut</strong></span> 
     </span>
    </p>
   </div>
   <div class='ocr_carea' id='block_1_74' title="bbox 181 4299 1764 4364">
    <p class='ocr_par' dir='ltr' id='par_1_74' title="bbox 181 4299 1764 4364">
     <span class='ocr_line' id='line_1_74' title="bbox 181 4299 1764 4364; baseline 0.007 -11"><span class='ocrx_word' id='word_1_536' title='bbox 181 4299 544 4353; x_wconf 88' lang='lat' dir='ltr'><strong>communiter</strong></span> <span class='ocrx_word' id='word_1_537' title='bbox 585 4309 776 4354; x_wconf 87' lang='lat' dir='ltr'><strong>contra</strong></span> <span class='ocrx_word' id='word_1_538' title='bbox 821 4299 962 4356; x_wconf 86' lang='lat' dir='ltr'><strong>illius</strong></span> <span class='ocrx_word' id='word_1_539' title='bbox 1013 4305 1266 4359; x_wconf 85' lang='lat' dir='ltr'><strong>mandata</strong></span> <span class='ocrx_word' id='word_1_540' title='bbox 1297 4317 1352 4360; x_wconf 86' lang='lat' dir='ltr'><strong>et</strong></span> <span class='ocrx_word' id='word_1_541' title='bbox 1396 4307 1612 4362; x_wconf 87' lang='lat' dir='ltr'><strong>decreta</strong></span> <span class='ocrx_word' id='word_1_542' title='bbox 1643 4323 1764 4364; x_wconf 87' lang='lat' dir='ltr'><strong>suo-</strong></span> 
     </span>
    </p>
   </div>
   <div class='ocr_carea' id='block_1_75' title="bbox 183 4389 1762 4456">
    <p class='ocr_par' dir='ltr' id='par_1_75' title="bbox 183 4389 1762 4456">
     <span class='ocr_line' id='line_1_75' title="bbox 183 4389 1762 4456; baseline 0.006 -10"><span class='ocrx_word' id='word_1_543' title='bbox 183 4390 342 4446; x_wconf 62' lang='lat' dir='ltr'><strong>rnm‘</strong></span> <span class='ocrx_word' id='word_1_544' title='bbox 385 4389 616 4448; x_wconf 86' lang='lat' dir='ltr'><strong>fecimus</strong></span> <span class='ocrx_word' id='word_1_545' title='bbox 651 4401 744 4448; x_wconf 89' lang='lat' dir='ltr'><strong>aut</strong></span> <span class='ocrx_word' id='word_1_546' title='bbox 781 4393 1156 4452; x_wconf 89' lang='lat' dir='ltr'><strong>consensimus</strong></span> <span class='ocrx_word' id='word_1_547' title='bbox 1191 4397 1242 4450; x_wconf 89' lang='lat' dir='ltr'><strong>in</strong></span> <span class='ocrx_word' id='word_1_548' title='bbox 1289 4399 1480 4454; x_wconf 85' lang='lat' dir='ltr'><strong>ordine</strong></span> <span class='ocrx_word' id='word_1_549' title='bbox 1503 4401 1762 4456; x_wconf 88' lang='lat' dir='ltr'><strong>ecclesia-</strong></span> 
     </span>
    </p>
   </div>
   <div class='ocr_carea' id='block_1_76' title="bbox 183 4485 1766 4562">
    <p class='ocr_par' dir='ltr' id='par_1_76' title="bbox 183 4485 1766 4562">
     <span class='ocr_line' id='line_1_76' title="bbox 183 4485 1766 4562; baseline 0.007 -23"><span class='ocrx_word' id='word_1_550' title='bbox 183 4487 322 4539; x_wconf 90' lang='lat' dir='ltr'><strong>stico</strong></span> <span class='ocrx_word' id='word_1_551' title='bbox 349 4495 404 4540; x_wconf 86' lang='lat' dir='ltr'><strong>et</strong></span> <span class='ocrx_word' id='word_1_552' title='bbox 431 4495 572 4540; x_wconf 90' lang='lat' dir='ltr'><strong>statu</strong></span> <span class='ocrx_word' id='word_1_553' title='bbox 621 4485 792 4558; x_wconf 86' lang='lat' dir='ltr'><strong>regni,</strong></span> <span class='ocrx_word' id='word_1_554' title='bbox 821 4495 876 4542; x_wconf 88' lang='lat' dir='ltr'><strong>et</strong></span> <span class='ocrx_word' id='word_1_555' title='bbox 917 4503 1014 4560; x_wconf 90' lang='lat' dir='ltr'><strong>per</strong></span> <span class='ocrx_word' id='word_1_556' title='bbox 1059 4489 1270 4562; x_wconf 90' lang='lat' dir='ltr'><strong>singula</strong></span> <span class='ocrx_word' id='word_1_557' title='bbox 1305 4491 1358 4546; x_wconf 90' lang='lat' dir='ltr'><strong>in</strong></span> <span class='ocrx_word' id='word_1_558' title='bbox 1409 4495 1640 4550; x_wconf 88' lang='lat' dir='ltr'><strong>medimu</strong></span> <span class='ocrx_word' id='word_1_559' title='bbox 1677 4495 1766 4550; x_wconf 90' lang='lat' dir='ltr'><strong>illa</strong></span> 
     </span>
    </p>
   </div>
   <div class='ocr_carea' id='block_1_77' title="bbox 185 4577 1768 4646">
    <p class='ocr_par' dir='ltr' id='par_1_77' title="bbox 185 4577 1768 4646">
     <span class='ocr_line' id='line_1_77' title="bbox 185 4577 1768 4646; baseline 0.009 -18"><span class='ocrx_word' id='word_1_560' title='bbox 185 4577 564 4646; x_wconf 86' lang='lat' dir='ltr'><strong>producamus,</strong></span> <span class='ocrx_word' id='word_1_561' title='bbox 609 4585 664 4634; x_wconf 85' lang='lat' dir='ltr'><strong>et</strong></span> <span class='ocrx_word' id='word_1_562' title='bbox 709 4593 866 4634; x_wconf 87' lang='lat' dir='ltr'><strong>nemo</strong></span> <span class='ocrx_word' id='word_1_563' title='bbox 912 4591 1156 4638; x_wconf 89' lang='lat' dir='ltr'><strong>nostrum</strong></span> <span class='ocrx_word' id='word_1_564' title='bbox 1198 4599 1294 4638; x_wconf 90' lang='lat' dir='ltr'><strong>suo</strong></span> <span class='ocrx_word' id='word_1_565' title='bbox 1335 4593 1426 4640; x_wconf 87' lang='lat' dir='ltr'><strong>aut</strong></span> <span class='ocrx_word' id='word_1_566' title='bbox 1469 4589 1768 4643; x_wconf 65' lang='lat' dir='ltr'><strong>amico‘adt</strong></span> 
     </span>
    </p>
   </div>
   <div class='ocr_carea' id='block_1_78' title="bbox 187 4667 1768 4746">
    <p class='ocr_par' dir='ltr' id='par_1_78' title="bbox 187 4667 1768 4746">
     <span class='ocr_line' id='line_1_78' title="bbox 187 4667 1768 4746; baseline 0.009 -26"><span class='ocrx_word' id='word_1_567' title='bbox 187 4667 490 4742; x_wconf 90' lang='lat' dir='ltr'><strong>propinquo</strong></span> <span class='ocrx_word' id='word_1_568' title='bbox 509 4669 594 4724; x_wconf 89' lang='lat' dir='ltr'><strong>vel</strong></span> <span class='ocrx_word' id='word_1_569' title='bbox 621 4669 1010 4738; x_wconf 72' lang='lat' dir='ltr'><strong>confmderato,</strong></span> <span class='ocrx_word' id='word_1_570' title='bbox 1051 4673 1161 4728; x_wconf 86' lang='lat' dir='ltr'><strong>imo</strong></span> <span class='ocrx_word' id='word_1_571' title='bbox 1191 4689 1292 4730; x_wconf 89' lang='lat' dir='ltr'><strong>nec</strong></span> <span class='ocrx_word' id='word_1_572' title='bbox 1331 4677 1430 4730; x_wconf 88' lang='lat' dir='ltr'><strong>sibi</strong></span> <span class='ocrx_word' id='word_1_573' title='bbox 1461 4679 1582 4746; x_wconf 85' lang='lat' dir='ltr'><strong>ipsi,</strong></span> <span class='ocrx_word' id='word_1_574' title='bbox 1615 4695 1768 4734; x_wconf 79' lang='lat' dir='ltr'><strong>secu-</strong></span> 
     </span>
    </p>
   </div>
   <div class='ocr_carea' id='block_1_79' title="bbox 1795 4629 1846 4688">
    <p class='ocr_par' dir='ltr' id='par_1_79' title="bbox 1795 4629 1846 4688">
     <span class='ocr_line' id='line_1_79' title="bbox 1795 4629 1846 4688; baseline 0 0"><span class='ocrx_word' id='word_1_575' title='bbox 1795 4629 1846 4688; x_wconf 90' lang='lat' dir='ltr'><strong>D</strong></span> 
     </span>
    </p>
   </div>
   <div class='ocr_carea' id='block_1_80' title="bbox 1864 3385 3450 3467">
    <p class='ocr_par' dir='ltr' id='par_1_80' title="bbox 1864 3385 3450 3467">
     <span class='ocr_line' id='line_1_80' title="bbox 1864 3385 3450 3467; baseline -0.01 -17"><span class='ocrx_word' id='word_1_576' title='bbox 1864 3395 2196 3467; x_wconf 85' lang='lat' dir='ltr'><strong>degavorum</strong></span> <span class='ocrx_word' id='word_1_577' title='bbox 2241 3389 2382 3446; x_wconf 87' lang='lat' dir='ltr'><strong>datis</strong></span> <span class='ocrx_word' id='word_1_578' title='bbox 2419 3389 2668 3444; x_wconf 90' lang='lat' dir='ltr'><strong>manibus</strong></span> <span class='ocrx_word' id='word_1_579' title='bbox 2713 3385 3030 3457; x_wconf 84' lang='lat' dir='ltr'><strong>suscipitur,</strong></span> <span class='ocrx_word' id='word_1_580' title='bbox 3063 3391 3116 3438; x_wconf 90' lang='lat' dir='ltr'><strong>et</strong></span> <span class='ocrx_word' id='word_1_581' title='bbox 3151 3389 3260 3438; x_wconf 89' lang='lat' dir='ltr'><strong>tam</strong></span> <span class='ocrx_word' id='word_1_582' title='bbox 3297 3395 3450 3452; x_wconf 87' lang='lat' dir='ltr'><strong>rega-</strong></span> 
     </span>
    </p>
   </div>
   <div class='ocr_carea' id='block_1_81' title="bbox 1863 3473 3454 3552">
    <p class='ocr_par' dir='ltr' id='par_1_81' title="bbox 1863 3473 3454 3552">
     <span class='ocr_line' id='line_1_81' title="bbox 1863 3473 3454 3552; baseline -0.011 -8"><span class='ocrx_word' id='word_1_583' title='bbox 1863 3489 2004 3544; x_wconf 88' lang='lat' dir='ltr'><strong>libus</strong></span> <span class='ocrx_word' id='word_1_584' title='bbox 2045 3483 2378 3542; x_wconf 88' lang='lat' dir='ltr'><strong>indumentis</strong></span> <span class='ocrx_word' id='word_1_585' title='bbox 2425 3497 2590 3552; x_wconf 88' lang='lat' dir='ltr'><strong>quam</strong></span> <span class='ocrx_word' id='word_1_586' title='bbox 2641 3491 2882 3552; x_wconf 70' lang='lat' dir='ltr'><strong>pateram</strong></span> <span class='ocrx_word' id='word_1_587' title='bbox 2919 3475 3208 3548; x_wconf 88' lang='lat' dir='ltr'><strong>potestatis</strong></span> <span class='ocrx_word' id='word_1_588' title='bbox 3251 3473 3454 3530; x_wconf 90' lang='lat' dir='ltr'><strong>ditione</strong></span> 
     </span>
    </p>
   </div>
   <div class='ocr_carea' id='block_1_82' title="bbox 1866 3559 3448 3642">
    <p class='ocr_par' dir='ltr' id='par_1_82' title="bbox 1866 3559 3448 3642">
     <span class='ocr_line' id='line_1_82' title="bbox 1866 3559 3448 3642; baseline -0.011 -8"><span class='ocrx_word' id='word_1_589' title='bbox 1866 3579 2116 3642; x_wconf 85' lang='lat' dir='ltr'><strong>donatur,</strong></span> <span class='ocrx_word' id='word_1_590' title='bbox 2149 3563 2346 3630; x_wconf 80' lang='lat' dir='ltr'><strong>additis</strong></span> <span class='ocrx_word' id='word_1_591' title='bbox 2375 3573 2594 3642; x_wconf 90' lang='lat' dir='ltr'><strong>insuper</strong></span> <span class='ocrx_word' id='word_1_592' title='bbox 2625 3571 2672 3626; x_wconf 93' lang='lat' dir='ltr'><strong>ei</strong></span> <span class='ocrx_word' id='word_1_593' title='bbox 2703 3567 3016 3624; x_wconf 81' lang='lat' dir='ltr'><strong>Redonibus</strong></span> <span class='ocrx_word' id='word_1_594' title='bbox 3033 3577 3078 3624; x_wconf 75' lang='grc' dir='ltr'><strong>σ.</strong></span> <span class='ocrx_word' id='word_1_595' title='bbox 3123 3559 3404 3618; x_wconf 82' lang='lat' dir='ltr'><strong>Namnctis</strong></span> <span class='ocrx_word' id='word_1_596' title='bbox 3427 3561 3448 3600; x_wconf 71' lang='grc' dir='ltr'><strong>ί</strong></span> 
     </span>
    </p>
   </div>
   <div class='ocr_carea' id='block_1_83' title="bbox 1865 3669 2247 3727">
    <p class='ocr_par' dir='ltr' id='par_1_83' title="bbox 1865 3669 2247 3727">
     <span class='ocr_line' id='line_1_83' title="bbox 1865 3669 2247 3727; baseline -0.018 0"><span class='ocrx_word' id='word_1_597' title='bbox 1865 3681 1922 3727; x_wconf 89' lang='lat' dir='ltr'><strong>et</strong></span> <span class='ocrx_word' id='word_1_598' title='bbox 1949 3669 2184 3724; x_wconf 80' lang='lat' dir='ltr'><strong>Rateuse</strong></span> <span class='ocrx_word' id='word_1_599' title='bbox 2203 3669 2247 3720; x_wconf 69' lang='grc'><strong>8.</strong></span> 
     </span>
    </p>
   </div>
   <div class='ocr_carea' id='block_1_84' title="bbox 1943 3745 3450 3815">
    <p class='ocr_par' dir='ltr' id='par_1_84' title="bbox 1943 3745 3450 3815">
     <span class='ocr_line' id='line_1_84' title="bbox 1943 3745 3450 3815; baseline -0.01 -2"><span class='ocrx_word' id='word_1_600' title='bbox 1943 3755 2227 3813; x_wconf 88' lang='lat' dir='ltr'><strong>Sarraceui</strong></span> <span class='ocrx_word' id='word_1_601' title='bbox 2277 3751 2648 3810; x_wconf 88' lang='lat' dir='ltr'><strong>Beneventum</strong></span> <span class='ocrx_word' id='word_1_602' title='bbox 2691 3757 2746 3806; x_wconf 89' lang='lat' dir='ltr'><strong>et</strong></span> <span class='ocrx_word' id='word_1_603' title='bbox 2782 3749 2918 3804; x_wconf 87' lang='lat' dir='ltr'><strong>alias</strong></span> <span class='ocrx_word' id='word_1_604' title='bbox 2964 3747 3216 3804; x_wconf 88' lang='lat' dir='ltr'><strong>civitates</strong></span> <span class='ocrx_word' id='word_1_605' title='bbox 3267 3745 3450 3815; x_wconf 86' lang='lat' dir='ltr'><strong>quieta</strong></span> 
     </span>
    </p>
   </div>
   <div class='ocr_carea' id='block_1_85' title="bbox 1867 3837 3452 3916">
    <p class='ocr_par' dir='ltr' id='par_1_85' title="bbox 1867 3837 3452 3916">
     <span class='ocr_line' id='line_1_85' title="bbox 1867 3837 3452 3916; baseline -0.008 -12"><span class='ocrx_word' id='word_1_606' title='bbox 1867 3849 2100 3904; x_wconf 87' lang='lat' dir='ltr'><strong>statione</strong></span> <span class='ocrx_word' id='word_1_607' title='bbox 2119 3845 2458 3916; x_wconf 76' lang='lat' dir='ltr'><strong>possidenth.</strong></span> <span class='ocrx_word' id='word_1_608' title='bbox 2495 3841 2884 3898; x_wconf 75' lang='lat' dir='ltr'><strong>HIudowicus‘</strong></span> <span class='ocrx_word' id='word_1_609' title='bbox 2927 3853 3020 3894; x_wconf 78' lang='lat' dir='ltr'><strong>rex</strong></span> <span class='ocrx_word' id='word_1_610' title='bbox 3056 3837 3276 3893; x_wconf 83' lang='lat' dir='ltr'><strong>Sclavos</strong></span> <span class='ocrx_word' id='word_1_611' title='bbox 3311 3851 3452 3908; x_wconf 88' lang='lat' dir='ltr'><strong>pene</strong></span> 
     </span>
    </p>
   </div>
   <div class='ocr_carea' id='block_1_86' title="bbox 1867 3931 3456 4010">
    <p class='ocr_par' dir='ltr' id='par_1_86' title="bbox 1867 3931 3456 4010">
     <span class='ocr_line' id='line_1_86' title="bbox 1867 3931 3456 4010; baseline -0.007 -15"><span class='ocrx_word' id='word_1_612' title='bbox 1867 3955 2058 3996; x_wconf 88' lang='lat' dir='ltr'><strong>omnes</strong></span> <span class='ocrx_word' id='word_1_613' title='bbox 2079 3937 2366 4010; x_wconf 89' lang='lat' dir='ltr'><strong>populatur</strong></span> <span class='ocrx_word' id='word_1_614' title='bbox 2399 3945 2456 3992; x_wconf 92' lang='lat' dir='ltr'><strong>et</strong></span> <span class='ocrx_word' id='word_1_615' title='bbox 2477 3951 2588 3992; x_wconf 68' lang='lat' dir='ltr'><strong>sua:</strong></span> <span class='ocrx_word' id='word_1_616' title='bbox 2609 3933 2860 4006; x_wconf 86' lang='lat' dir='ltr'><strong>subiugat</strong></span> <span class='ocrx_word' id='word_1_617' title='bbox 2877 3933 3088 3990; x_wconf 90' lang='lat' dir='ltr'><strong>ditioni.</strong></span> <span class='ocrx_word' id='word_1_618' title='bbox 3117 3931 3224 3988; x_wconf 89' lang='lat' dir='ltr'><strong>Leo</strong></span> <span class='ocrx_word' id='word_1_619' title='bbox 3246 3937 3456 4002; x_wconf 80' lang='lat' dir='ltr'><strong>aposio-</strong></span> 
     </span>
    </p>
   </div>
   <div class='ocr_carea' id='block_1_87' title="bbox 1867 4021 3452 4098">
    <p class='ocr_par' dir='ltr' id='par_1_87' title="bbox 1867 4021 3452 4098">
     <span class='ocr_line' id='line_1_87' title="bbox 1867 4021 3452 4098; baseline -0.008 -10"><span class='ocrx_word' id='word_1_620' title='bbox 1867 4035 2022 4098; x_wconf 87' lang='lat' dir='ltr'><strong>licus,</strong></span> <span class='ocrx_word' id='word_1_621' title='bbox 2073 4029 2498 4087; x_wconf 89' lang='lat' dir='ltr'><strong>Sarracenorum</strong></span> <span class='ocrx_word' id='word_1_622' title='bbox 2545 4027 2882 4098; x_wconf 88' lang='lat' dir='ltr'><strong>inruptiones</strong></span> <span class='ocrx_word' id='word_1_623' title='bbox 2943 4033 3212 4088; x_wconf 87' lang='lat' dir='ltr'><strong>metuens,</strong></span> <span class='ocrx_word' id='word_1_624' title='bbox 3275 4021 3452 4077; x_wconf 86' lang='lat' dir='ltr'><strong>eccle-</strong></span> 
     </span>
    </p>
   </div>
   <div class='ocr_carea' id='block_1_88' title="bbox 1867 4113 3452 4182">
    <p class='ocr_par' dir='ltr' id='par_1_88' title="bbox 1867 4113 3452 4182">
     <span class='ocr_line' id='line_1_88' title="bbox 1867 4113 3452 4182; baseline -0.011 0"><span class='ocrx_word' id='word_1_625' title='bbox 1867 4127 2004 4182; x_wconf 89' lang='lat' dir='ltr'><strong>siam</strong></span> <span class='ocrx_word' id='word_1_626' title='bbox 2056 4123 2200 4180; x_wconf 89' lang='lat' dir='ltr'><strong>beati</strong></span> <span class='ocrx_word' id='word_1_627' title='bbox 2257 4121 2404 4176; x_wconf 85' lang='lat' dir='ltr'><strong>Petri</strong></span> <span class='ocrx_word' id='word_1_628' title='bbox 2469 4119 2600 4176; x_wconf 90' lang='lat' dir='ltr'><strong>hinc</strong></span> <span class='ocrx_word' id='word_1_629' title='bbox 2661 4117 2786 4172; x_wconf 88' lang='lat' dir='ltr'><strong>inde</strong></span> <span class='ocrx_word' id='word_1_630' title='bbox 2835 4131 2990 4172; x_wconf 89' lang='lat' dir='ltr'><strong>muro</strong></span> <span class='ocrx_word' id='word_1_631' title='bbox 3043 4113 3452 4178; x_wconf 87' lang='lat' dir='ltr'><strong>communicns,</strong></span> 
     </span>
    </p>
   </div>
   <div class='ocr_carea' id='block_1_89' title="bbox 1866 4201 3452 4280">
    <p class='ocr_par' dir='ltr' id='par_1_89' title="bbox 1866 4201 3452 4280">
     <span class='ocr_line' id='line_1_89' title="bbox 1866 4201 3452 4280; baseline -0.011 -8"><span class='ocrx_word' id='word_1_632' title='bbox 1866 4215 2116 4272; x_wconf 88' lang='lat' dir='ltr'><strong>eumdem</strong></span> <span class='ocrx_word' id='word_1_633' title='bbox 2161 4225 2376 4268; x_wconf 87' lang='lat' dir='ltr'><strong>murqu</strong></span> <span class='ocrx_word' id='word_1_634' title='bbox 2417 4223 2588 4280; x_wconf 89' lang='lat' dir='ltr'><strong>usque</strong></span> <span class='ocrx_word' id='word_1_635' title='bbox 2629 4207 2696 4263; x_wconf 91' lang='lat' dir='ltr'><strong>ad</strong></span> <span class='ocrx_word' id='word_1_636' title='bbox 2731 4205 3006 4262; x_wconf 88' lang='lat' dir='ltr'><strong>civitatem</strong></span> <span class='ocrx_word' id='word_1_637' title='bbox 3047 4201 3310 4276; x_wconf 81' lang='lat' dir='ltr'><strong>perducit,</strong></span> <span class='ocrx_word' id='word_1_638' title='bbox 3343 4201 3452 4256; x_wconf 79' lang='lat' dir='ltr'><strong>Ro-</strong></span> 
     </span>
    </p>
   </div>
   <div class='ocr_carea' id='block_1_90' title="bbox 1869 4297 2848 4390">
    <p class='ocr_par' dir='ltr' id='par_1_90' title="bbox 1869 4297 2848 4390">
     <span class='ocr_line' id='line_1_90' title="bbox 1869 4297 2848 4390; baseline -0.012 -26"><span class='ocrx_word' id='word_1_639' title='bbox 1869 4321 2154 4376; x_wconf 75' lang='lat' dir='ltr'><strong>manaeque</strong></span> <span class='ocrx_word' id='word_1_640' title='bbox 2183 4305 2302 4360; x_wconf 88' lang='lat' dir='ltr'><strong>urbi</strong></span> <span class='ocrx_word' id='word_1_641' title='bbox 2331 4301 2644 4372; x_wconf 88' lang='lat' dir='ltr'><strong>contiguum</strong></span> <span class='ocrx_word' id='word_1_642' title='bbox 2665 4297 2848 4390; x_wconf 75' lang='lat' dir='ltr'><strong>efﬁcit.</strong></span> 
     </span>
    </p>
   </div>
   <div class='ocr_carea' id='block_1_91' title="bbox 2521 4457 2802 4514">
    <p class='ocr_par' dir='ltr' id='par_1_91' title="bbox 2521 4457 2802 4514">
     <span class='ocr_line' id='line_1_91' title="bbox 2521 4457 2802 4514; baseline -0.007 0"><span class='ocrx_word' id='word_1_643' title='bbox 2521 4457 2802 4514; x_wconf 85' lang='lat' dir='ltr'><strong>DCCCLII.</strong></span> 
     </span>
    </p>
   </div>
   <div class='ocr_carea' id='block_1_92' title="bbox 1941 4581 3456 4646">
    <p class='ocr_par' dir='ltr' id='par_1_92' title="bbox 1941 4581 3456 4646">
     <span class='ocr_line' id='line_1_92' title="bbox 1941 4581 3456 4646; baseline -0.009 -1"><span class='ocrx_word' id='word_1_644' title='bbox 1941 4589 2296 4646; x_wconf 63' lang='lat' dir='ltr'><strong>Nertmanni&#39;</strong></span> <span class='ocrx_word' id='word_1_645' title='bbox 2327 4589 2342 4626; x_wconf 83' lang='grc' dir='ltr'><strong>ί</strong></span> <span class='ocrx_word' id='word_1_646' title='bbox 2377 4585 2486 4640; x_wconf 82' lang='grc'><strong>252</strong></span> <span class='ocrx_word' id='word_1_647' title='bbox 2533 4583 2760 4640; x_wconf 87' lang='lat' dir='ltr'><strong>navibus</strong></span> <span class='ocrx_word' id='word_1_648' title='bbox 2807 4583 3048 4638; x_wconf 85' lang='lat' dir='ltr'><strong>Fresiam</strong></span> <span class='ocrx_word' id='word_1_649' title='bbox 3091 4581 3316 4642; x_wconf 90' lang='lat' dir='ltr'><strong>adeunt,</strong></span> <span class='ocrx_word' id='word_1_650' title='bbox 3365 4593 3456 4632; x_wconf 89' lang='lat' dir='ltr'><strong>ac-</strong></span> 
     </span>
    </p>
   </div>
   <div class='ocr_carea' id='block_1_93' title="bbox 1879 4669 3460 4752">
    <p class='ocr_par' dir='ltr' id='par_1_93' title="bbox 1879 4669 3460 4752">
     <span class='ocr_line' id='line_1_93' title="bbox 1879 4669 3460 4752; baseline -0.011 -14"><span class='ocrx_word' id='word_1_651' title='bbox 1879 4683 2156 4752; x_wconf 79' lang='lat' dir='ltr'><strong>ceptisque</strong></span> <span class='ocrx_word' id='word_1_652' title='bbox 2198 4677 2382 4734; x_wconf 89' lang='lat' dir='ltr'><strong>multis</strong></span> <span class='ocrx_word' id='word_1_653' title='bbox 2409 4685 2572 4746; x_wconf 90' lang='lat' dir='ltr'><strong>prout</strong></span> <span class='ocrx_word' id='word_1_654' title='bbox 2598 4675 2698 4748; x_wconf 89' lang='lat' dir='ltr'><strong>ipsi</strong></span> <span class='ocrx_word' id='word_1_655' title='bbox 2725 4679 3062 4736; x_wconf 86' lang='lat' dir='ltr'><strong>statuerunt,</strong></span> <span class='ocrx_word' id='word_1_656' title='bbox 3113 4673 3180 4728; x_wconf 86' lang='lat' dir='ltr'><strong>ad</strong></span> <span class='ocrx_word' id='word_1_657' title='bbox 3227 4669 3328 4724; x_wconf 86' lang='lat' dir='ltr'><strong>alia</strong></span> <span class='ocrx_word' id='word_1_658' title='bbox 3377 4669 3460 4722; x_wconf 85' lang='lat' dir='ltr'><strong>di-</strong></span> 
     </span>
    </p>
   </div>
   <div class='ocr_carea' id='block_1_94' title="bbox 1401 4811 2226 4874">
    <p class='ocr_par' dir='ltr' id='par_1_94' title="bbox 1401 4811 2226 4874">
     <span class='ocr_line' id='line_1_94' title="bbox 1401 4811 2226 4874; baseline 0.002 -8"><span class='ocrx_word' id='word_1_659' title='bbox 1401 4811 1788 4872; x_wconf 77' lang='lat' dir='ltr'><strong>VARIANTES</strong></span> <span class='ocrx_word' id='word_1_660' title='bbox 1821 4813 2226 4874; x_wconf 76' lang='lat' dir='ltr'><strong>LECTIONES.</strong></span> 
     </span>
    </p>
   </div>
   <div class='ocr_carea' id='block_1_95' title="bbox 267 4919 3460 4992">
    <p class='ocr_par' dir='ltr' id='par_1_95' title="bbox 267 4919 3460 4992">
     <span class='ocr_line' id='line_1_95' title="bbox 267 4919 3460 4992; baseline -0.001 -18"><span class='ocrx_word' id='word_1_661' title='bbox 267 4923 414 4992; x_wconf 64' lang='grc' dir='ltr'><strong>ιευῃι</strong></span> <span class='ocrx_word' id='word_1_662' title='bbox 435 4919 662 4992; x_wconf 75' lang='lat' dir='ltr'><strong>Baiuzt’o</strong></span> <span class='ocrx_word' id='word_1_663' title='bbox 689 4919 962 4992; x_wconf 59' lang='lat' dir='ltr'><strong>tegendum</strong></span> <span class='ocrx_word' id='word_1_664' title='bbox 983 4921 1068 4976; x_wconf 86' lang='lat' dir='ltr'><strong>vel</strong></span> <span class='ocrx_word' id='word_1_665' title='bbox 1093 4925 1618 4992; x_wconf 78' lang='lat' dir='ltr'><strong>excommunicatur,</strong></span> <span class='ocrx_word' id='word_1_666' title='bbox 1653 4935 1750 4980; x_wconf 88' lang='lat' dir='ltr'><strong>aut</strong></span> <span class='ocrx_word' id='word_1_667' title='bbox 1785 4937 1912 4984; x_wconf 87' lang='lat' dir='ltr'><strong>ante</strong></span> <span class='ocrx_word' id='word_1_668' title='bbox 1953 4923 2568 4982; x_wconf 81' lang='lat' dir='ltr'><strong>excommunicationem</strong></span> <span class='ocrx_word' id='word_1_669' title='bbox 2615 4923 2833 4992; x_wconf 17' lang='lat' dir='ltr'><strong>crimen,</strong></span> <span class='ocrx_word' id='word_1_670' title='bbox 2865 4921 3103 4992; x_wconf 67' lang='lat' dir='ltr'><strong>faciens,</strong></span> <span class='ocrx_word' id='word_1_671' title='bbox 3133 4927 3240 4974; x_wconf 90' lang='lat' dir='ltr'><strong>etc.</strong></span> <span class='ocrx_word' id='word_1_672' title='bbox 3297 4919 3460 4992; x_wconf 80' lang='lat' dir='ltr'><strong>.&#39;_suo</strong></span> 
     </span>
    </p>
   </div>
   <div class='ocr_carea' id='block_1_96' title="bbox 187 4989 1508 5064">
    <p class='ocr_par' dir='ltr' id='par_1_96' title="bbox 187 4989 1508 5064">
     <span class='ocr_line' id='line_1_96' title="bbox 187 4989 1508 5064; baseline 0.004 -16"><span class='ocrx_word' id='word_1_673' title='bbox 187 4995 326 5048; x_wconf 81' lang='lat' dir='ltr'><strong>deest</strong></span> <span class='ocrx_word' id='word_1_674' title='bbox 349 4991 424 5064; x_wconf 82' lang='lat' dir='ltr'><strong>Ch</strong></span> <span class='ocrx_word' id='word_1_675' title='bbox 521 4991 540 5024; x_wconf 80' lang='grc'>⁸</span> <span class='ocrx_word' id='word_1_676' title='bbox 560 4989 755 5064; x_wconf 78' lang='lat' dir='ltr'><strong>regum</strong></span> <span class='ocrx_word' id='word_1_677' title='bbox 777 4989 874 5046; x_wconf 82' lang='lat' dir='ltr'><strong>Ch.</strong></span> <span class='ocrx_word' id='word_1_678' title='bbox 951 4991 972 5022; x_wconf 72' lang='grc'><strong>⁴</strong></span> <span class='ocrx_word' id='word_1_679' title='bbox 999 4991 1144 5048; x_wconf 73' lang='lat' dir='ltr'><strong>deest</strong></span> <span class='ocrx_word' id='word_1_680' title='bbox 1163 4991 1508 5052; x_wconf 88' lang='lat' dir='ltr'><strong>Sanctorum.</strong></span> 
     </span>
    </p>
   </div>
   <div class='ocr_carea' id='block_1_97' title="bbox 189 5063 730 5132">
    <p class='ocr_par' dir='ltr' id='par_1_97' title="bbox 189 5063 730 5132">
     <span class='ocr_line' id='line_1_97' title="bbox 189 5063 730 5132; baseline 0 -16"><span class='ocrx_word' id='word_1_681' title='bbox 189 5063 454 5118; x_wconf 76' lang='lat' dir='ltr'><strong>monuisse</strong></span> <span class='ocrx_word' id='word_1_682' title='bbox 475 5063 730 5132; x_wconf 74' lang='lat' dir='ltr'><strong>sufﬁciat.</strong></span> 
     </span>
    </p>
   </div>
   <div class='ocr_carea' id='block_1_98' title="bbox 1587 4999 1846 5056">
    <p class='ocr_par' dir='ltr' id='par_1_98' title="bbox 1587 4999 1846 5056">
     <span class='ocr_line' id='line_1_98' title="bbox 1587 4999 1846 5056; baseline 0.015 -4"><span class='ocrx_word' id='word_1_683' title='bbox 1587 4999 1608 5028; x_wconf 81' lang='grc'><strong>’⁵</strong></span> <span class='ocrx_word' id='word_1_684' title='bbox 1629 5015 1722 5054; x_wconf 86' lang='lat' dir='ltr'><strong>eos</strong></span> <span class='ocrx_word' id='word_1_685' title='bbox 1749 4999 1846 5056; x_wconf 79' lang='lat' dir='ltr'><strong>Ch.</strong></span> 
     </span>
    </p>
   </div>
   <div class='ocr_carea' id='block_1_99' title="bbox 1921 4989 3459 5062">
    <p class='ocr_par' dir='ltr' id='par_1_99' title="bbox 1921 4989 3459 5062">
     <span class='ocr_line' id='line_1_99' title="bbox 1921 4989 3459 5062; baseline -0.005 -10"><span class='ocrx_word' id='word_1_686' title='bbox 1921 4997 2238 5052; x_wconf 67' lang='lat' dir='ltr'><strong>“lndovicus</strong></span> <span class='ocrx_word' id='word_1_687' title='bbox 2267 4993 2363 5050; x_wconf 83' lang='lat' dir='ltr'><strong>Ch.</strong></span> <span class='ocrx_word' id='word_1_688' title='bbox 2443 4995 2464 5028; x_wconf 85' lang='lat'><strong>&#39;</strong></span> <span class='ocrx_word' id='word_1_689' title='bbox 2493 4995 2776 5052; x_wconf 90' lang='lat' dir='ltr'><strong>normanni</strong></span> <span class='ocrx_word' id='word_1_690' title='bbox 2801 4991 2936 5058; x_wconf 62' lang='lat' dir='ltr'><strong>Clu,-</strong></span> <span class='ocrx_word' id='word_1_691' title='bbox 2977 4990 3168 5062; x_wconf 73' lang='lat' dir='ltr'><strong>uepius</strong></span> <span class='ocrx_word' id='word_1_692' title='bbox 3213 4989 3350 5062; x_wconf 80' lang='lat' dir='ltr'><strong>quod</strong></span> <span class='ocrx_word' id='word_1_693' title='bbox 3375 4989 3459 5046; x_wconf 81' lang='lat' dir='ltr'><strong>hic</strong></span> 
     </span>
    </p>
   </div>
   <div class='ocr_carea' id='block_1_100' title="bbox 1745 5139 1980 5198">
    <p class='ocr_par' dir='ltr' id='par_1_100' title="bbox 1745 5139 1980 5198">
     <span class='ocr_line' id='line_1_100' title="bbox 1745 5139 1980 5198; baseline -0.009 -4"><span class='ocrx_word' id='word_1_694' title='bbox 1745 5139 1956 5198; x_wconf 68' lang='lat' dir='ltr'><strong>NOTAE</strong></span> <span class='ocrx_word' id='word_1_695' title='bbox 1967 5181 1980 5192; x_wconf 97' lang='lat'><strong>.</strong></span> 
     </span>
    </p>
   </div>
   <div class='ocr_carea' id='block_1_101' title="bbox 261 5221 1482 5350">
    <p class='ocr_par' dir='ltr' id='par_1_101' title="bbox 261 5221 1482 5350">
     <span class='ocr_line' id='line_1_101' title="bbox 261 5221 1482 5350; baseline 0.002 -73"><span class='ocrx_word' id='word_1_696' title='bbox 261 5235 294 5346; x_wconf 54' lang='grc' dir='ltr'>ἒ</span> <span class='ocrx_word' id='word_1_697' title='bbox 329 5225 648 5350; x_wconf 38' lang='lat' dir='ltr'><strong>(augurem</strong></span> <span class='ocrx_word' id='word_1_698' title='bbox 669 5223 738 5280; x_wconf 89' lang='lat' dir='ltr'><strong>de</strong></span> <span class='ocrx_word' id='word_1_699' title='bbox 759 5223 924 5292; x_wconf 80' lang='lat' dir='ltr'><strong>gestis</strong></span> <span class='ocrx_word' id='word_1_700' title='bbox 951 5221 1246 5281; x_wconf 76' lang='lat' dir='ltr'><strong>Nomann.</strong></span> <span class='ocrx_word' id='word_1_701' title='bbox 1279 5241 1330 5282; x_wconf 88' lang='lat' dir='ltr'><strong>a.</strong></span> <span class='ocrx_word' id='word_1_702' title='bbox 1361 5227 1482 5282; x_wconf 85' lang='lat'><strong>850.</strong></span> 
     </span>
    </p>
   </div>
   <div class='ocr_carea' id='block_1_102' title="bbox 269 5309 488 5351">
    <p class='ocr_par' dir='ltr' id='par_1_102' title="bbox 269 5309 488 5351">
     <span class='ocr_line' id='line_1_102' title="bbox 269 5309 488 5351; baseline 0.018 -5"><span class='ocrx_word' id='word_1_703' title='bbox 269 5309 294 5346; x_wconf 79' lang='grc' dir='ltr'><strong>Ρ</strong></span> <span class='ocrx_word' id='word_1_704' title='bbox 335 5309 488 5351; x_wconf 72' lang='lat' dir='ltr'><strong>bent.</strong></span> 
     </span>
    </p>
   </div>
   <div class='ocr_carea' id='block_1_103' title="bbox 265 5367 530 5422">
    <p class='ocr_par' dir='ltr' id='par_1_103' title="bbox 265 5367 530 5422">
     <span class='ocr_line' id='line_1_103' title="bbox 265 5367 530 5422; baseline 0 -2"><span class='ocrx_word' id='word_1_705' title='bbox 265 5379 288 5404; x_wconf 71' lang='grc' dir='ltr'><strong>ι·</strong></span> <span class='ocrx_word' id='word_1_706' title='bbox 329 5367 530 5422; x_wconf 71' lang='lat' dir='ltr'><strong>Ronan.</strong></span> 
     </span>
    </p>
   </div>
   <div class='ocr_carea' id='block_1_104' title="bbox 262 5437 584 5492">
    <p class='ocr_par' dir='ltr' id='par_1_104' title="bbox 262 5437 584 5492">
     <span class='ocr_line' id='line_1_104' title="bbox 262 5437 584 5492; baseline 0 0"><span class='ocrx_word' id='word_1_707' title='bbox 262 5437 286 5476; x_wconf 68' lang='grc' dir='ltr'>ἀ</span> <span class='ocrx_word' id='word_1_708' title='bbox 329 5437 584 5492; x_wconf 78' lang='lat' dir='ltr'><strong>Beauuaia</strong></span> 
     </span>
    </p>
   </div>
   <div class='ocr_carea' id='block_1_105' title="bbox 267 5507 552 5564">
    <p class='ocr_par' dir='ltr' id='par_1_105' title="bbox 267 5507 552 5564">
     <span class='ocr_line' id='line_1_105' title="bbox 267 5507 552 5564; baseline 0.011 -3"><span class='ocrx_word' id='word_1_709' title='bbox 267 5519 288 5546; x_wconf 68' lang='grc' dir='ltr'><em>α</em></span> <span class='ocrx_word' id='word_1_710' title='bbox 333 5507 552 5564; x_wconf 78' lang='lat' dir='ltr'><strong>Rennes.</strong></span> 
     </span>
    </p>
   </div>
   <div class='ocr_carea' id='block_1_106' title="bbox 261 5579 544 5634">
    <p class='ocr_par' dir='ltr' id='par_1_106' title="bbox 261 5579 544 5634">
     <span class='ocr_line' id='line_1_106' title="bbox 261 5579 544 5634; baseline 0.007 -2"><span class='ocrx_word' id='word_1_711' title='bbox 261 5581 276 5616; x_wconf 70' lang='grc' dir='ltr'><strong>ί</strong></span> <span class='ocrx_word' id='word_1_712' title='bbox 327 5579 544 5634; x_wconf 71' lang='lat' dir='ltr'><strong>Nautes.</strong></span> 
     </span>
    </p>
   </div>
   <div class='ocr_carea' id='block_1_107' title="bbox 265 5649 1774 5726">
    <p class='ocr_par' dir='ltr' id='par_1_107' title="bbox 265 5649 1774 5726">
     <span class='ocr_line' id='line_1_107' title="bbox 265 5649 1774 5726; baseline 0.006 -24"><span class='ocrx_word' id='word_1_713' title='bbox 265 5649 519 5726; x_wconf 72' lang='lat' dir='ltr'><strong>8_I_’ropc_</strong></span> <span class='ocrx_word' id='word_1_714' title='bbox 537 5669 730 5726; x_wconf 84' lang='lat' dir='ltr'><strong>pagum</strong></span> <span class='ocrx_word' id='word_1_715' title='bbox 750 5653 1198 5726; x_wconf 15' lang='lat' dir='ltr'><strong>gNamnetensem</strong></span> <span class='ocrx_word' id='word_1_716' title='bbox 1253 5655 1414 5726; x_wconf 87' lang='lat' dir='ltr'><strong>situm</strong></span> <span class='ocrx_word' id='word_1_717' title='bbox 1447 5657 1518 5726; x_wconf 72' lang='lat' dir='ltr'><strong>(te</strong></span> <span class='ocrx_word' id='word_1_718' title='bbox 1561 5667 1688 5724; x_wconf 71' lang='lat' dir='ltr'><strong>page</strong></span> <span class='ocrx_word' id='word_1_719' title='bbox 1729 5669 1774 5711; x_wconf 83' lang='lat' dir='ltr'><strong>et</strong></span> 
     </span>
    </p>
   </div>
   <div class='ocr_carea' id='block_1_108' title="bbox 189 5717 1774 5802">
    <p class='ocr_par' dir='ltr' id='par_1_108' title="bbox 189 5717 1774 5802">
     <span class='ocr_line' id='line_1_108' title="bbox 189 5717 1774 5802; baseline 0.007 -31"><span class='ocrx_word' id='word_1_720' title='bbox 189 5717 360 5802; x_wconf 59' lang='lat' dir='ltr'><strong>duc/te</strong></span> <span class='ocrx_word' id='word_1_721' title='bbox 389 5717 452 5775; x_wconf 76' lang='lat' dir='ltr'><strong>de</strong></span> <span class='ocrx_word' id='word_1_722' title='bbox 481 5717 634 5778; x_wconf 56' lang='lat' dir='ltr'><strong>Ruit}</strong></span> <span class='ocrx_word' id='word_1_723' title='bbox 651 5723 1236 5802; x_wconf 65' lang='lat' dir='ltr'><strong>oa_lietz)_vocabultt_m</strong></span> <span class='ocrx_word' id='word_1_724' title='bbox 1269 5741 1309 5802; x_wconf 76' lang='lat' dir='ltr'><strong>a_</strong></span> <span class='ocrx_word' id='word_1_725' title='bbox 1323 5717 1774 5802; x_wconf 56' lang='lat' dir='ltr'><strong>vico:_i_iatiaiet_isi</strong></span> 
     </span>
    </p>
   </div>
   <div class='ocr_carea' id='block_1_109' title="bbox 195 5795 1778 5868">
    <p class='ocr_par' dir='ltr' id='par_1_109' title="bbox 195 5795 1778 5868">
     <span class='ocr_line' id='line_1_109' title="bbox 195 5795 1778 5868; baseline 0.008 -24"><span class='ocrx_word' id='word_1_726' title='bbox 195 5795 382 5856; x_wconf 75' lang='lat' dir='ltr'><strong>traxit,</strong></span> <span class='ocrx_word' id='word_1_727' title='bbox 422 5809 582 5864; x_wconf 88' lang='lat' dir='ltr'><strong>quem</strong></span> <span class='ocrx_word' id='word_1_728' title='bbox 637 5795 728 5852; x_wconf 90' lang='lat' dir='ltr'><strong>alii</strong></span> <span class='ocrx_word' id='word_1_729' title='bbox 769 5795 818 5852; x_wconf 83' lang='lat' dir='ltr'><strong>le</strong></span> <span class='ocrx_word' id='word_1_730' title='bbox 871 5795 1104 5864; x_wconf 73' lang='lat' dir='ltr'><strong>Restail,</strong></span> <span class='ocrx_word' id='word_1_731' title='bbox 1137 5795 1229 5852; x_wconf 86' lang='lat' dir='ltr'><strong>alii</strong></span> <span class='ocrx_word' id='word_1_732' title='bbox 1267 5795 1386 5864; x_wconf 73' lang='lat' dir='ltr'><strong>Rié,</strong></span> <span class='ocrx_word' id='word_1_733' title='bbox 1417 5797 1510 5856; x_wconf 86' lang='lat' dir='ltr'><strong>alii</strong></span> <span class='ocrx_word' id='word_1_734' title='bbox 1532 5797 1644 5868; x_wconf 86' lang='lat' dir='ltr'><strong>jam</strong></span> <span class='ocrx_word' id='word_1_735' title='bbox 1685 5799 1778 5856; x_wconf 85' lang='lat' dir='ltr'><strong>de-</strong></span> 
     </span>
    </p>
   </div>
   <div class='ocr_carea' id='block_1_110' title="bbox 1879 5193 3454 5294">
    <p class='ocr_par' dir='ltr' id='par_1_110' title="bbox 1879 5193 3454 5294">
     <span class='ocr_line' id='line_1_110' title="bbox 1879 5193 3454 5294; baseline -0.004 -10"><span class='ocrx_word' id='word_1_736' title='bbox 1879 5193 2148 5284; x_wconf 60' lang='lat' dir='ltr'><strong>su-uctum</strong></span> <span class='ocrx_word' id='word_1_737' title='bbox 2199 5243 2322 5286; x_wconf 83' lang='lat' dir='ltr'><strong>esse</strong></span> <span class='ocrx_word' id='word_1_738' title='bbox 2363 5229 2610 5284; x_wconf 88' lang='lat' dir='ltr'><strong>credunt.</strong></span> <span class='ocrx_word' id='word_1_739' title='bbox 2667 5221 2868 5280; x_wconf 82' lang='lat' dir='ltr'><strong>Valesii</strong></span> <span class='ocrx_word' id='word_1_740' title='bbox 2923 5219 3090 5277; x_wconf 85' lang='lat' dir='ltr'><strong>Notit.</strong></span> <span class='ocrx_word' id='word_1_741' title='bbox 3135 5219 3300 5288; x_wconf 87' lang='lat' dir='ltr'><strong>Gall.,</strong></span> <span class='ocrx_word' id='word_1_742' title='bbox 3331 5235 3454 5294; x_wconf 83' lang='lat' dir='ltr'><strong>pag.</strong></span> 
     </span>
    </p>
   </div>
   <div class='ocr_carea' id='block_1_111' title="bbox 1873 5299 3462 5442">
    <p class='ocr_par' dir='ltr' id='par_1_111' title="bbox 1873 5299 3462 5442">
     <span class='ocr_line' id='line_1_111' title="bbox 1873 5299 3462 5442; baseline -0.004 -17"><span class='ocrx_word' id='word_1_743' title='bbox 1873 5299 2212 5442; x_wconf 39' lang='lat' dir='ltr'><strong>46f.Pagius</strong></span> <span class='ocrx_word' id='word_1_744' title='bbox 2243 5371 2310 5442; x_wconf 84' lang='lat' dir='ltr'><strong>ad</strong></span> <span class='ocrx_word' id='word_1_745' title='bbox 2337 5365 2700 5442; x_wconf 78' lang='lat' dir='ltr'><strong>annum__8_5i,</strong></span> <span class='ocrx_word' id='word_1_746' title='bbox 2743 5379 2892 5442; x_wconf 64' lang='lat' dir='ltr'><strong>num.</strong></span> <span class='ocrx_word' id='word_1_747' title='bbox 2939 5365 2990 5428; x_wconf 79' lang='lat' dir='ltr'><strong>i,</strong></span> <span class='ocrx_word' id='word_1_748' title='bbox 3023 5363 3304 5434; x_wconf 85' lang='lat' dir='ltr'><strong>legendum</strong></span> <span class='ocrx_word' id='word_1_749' title='bbox 3335 5379 3462 5420; x_wconf 87' lang='lat' dir='ltr'><strong>cen-</strong></span> 
     </span>
    </p>
   </div>
   <div class='ocr_carea' id='block_1_112' title="bbox 1877 5435 3460 5513">
    <p class='ocr_par' dir='ltr' id='par_1_112' title="bbox 1877 5435 3460 5513">
     <span class='ocr_line' id='line_1_112' title="bbox 1877 5435 3460 5513; baseline -0.005 -17"><span class='ocrx_word' id='word_1_750' title='bbox 1877 5451 1960 5498; x_wconf 90' lang='lat' dir='ltr'><strong>set</strong></span> <span class='ocrx_word' id='word_1_751' title='bbox 1987 5435 2412 5513; x_wconf 51' lang='lat' dir='ltr'><strong>non&#39;possidelu;</strong></span> <span class='ocrx_word' id='word_1_752' title='bbox 2435 5437 2754 5513; x_wconf 74' lang='lat' dir='ltr'><strong>crediderim</strong></span> <span class='ocrx_word' id='word_1_753' title='bbox 2781 5435 2960 5513; x_wconf 75' lang='lat' dir='ltr'><strong>potius</strong></span> <span class='ocrx_word' id='word_1_754' title='bbox 3009 5443 3304 5513; x_wconf 63' lang='lat' dir='ltr'><strong>auctorem,</strong></span> <span class='ocrx_word' id='word_1_755' title='bbox 3331 5449 3460 5513; x_wconf 71' lang='lat' dir='ltr'><strong>qua:</strong></span> 
     </span>
    </p>
   </div>
   <div class='ocr_carea' id='block_1_113' title="bbox 1887 5503 3462 5576">
    <p class='ocr_par' dir='ltr' id='par_1_113' title="bbox 1887 5503 3462 5576">
     <span class='ocr_line' id='line_1_113' title="bbox 1887 5503 3462 5576; baseline -0.005 -10"><span class='ocrx_word' id='word_1_756' title='bbox 1887 5515 1952 5567; x_wconf 88' lang='lat' dir='ltr'><strong>de</strong></span> <span class='ocrx_word' id='word_1_757' title='bbox 1973 5503 2282 5568; x_wconf 81' lang='lat' dir='ltr'><strong>civitatibus</strong></span> <span class='ocrx_word' id='word_1_758' title='bbox 2303 5507 2714 5570; x_wconf 83' lang='lat' dir='ltr'><strong>Beneventanis,</strong></span> <span class='ocrx_word' id='word_1_759' title='bbox 2739 5503 3010 5576; x_wconf 77' lang='lat' dir='ltr'><strong>przrcipue</strong></span> <span class='ocrx_word' id='word_1_760' title='bbox 3037 5505 3180 5568; x_wconf 86' lang='lat' dir='ltr'><strong>Bari,</strong></span> <span class='ocrx_word' id='word_1_761' title='bbox 3213 5503 3342 5576; x_wconf 81' lang='lat' dir='ltr'><strong>ferri</strong></span> <span class='ocrx_word' id='word_1_762' title='bbox 3364 5503 3462 5560; x_wconf 84' lang='lat' dir='ltr'><strong>au-</strong></span> 
     </span>
    </p>
   </div>
   <div class='ocr_carea' id='block_1_114' title="bbox 1889 5575 3460 5650">
    <p class='ocr_par' dir='ltr' id='par_1_114' title="bbox 1889 5575 3460 5650">
     <span class='ocr_line' id='line_1_114' title="bbox 1889 5575 3460 5650; baseline -0.003 -16"><span class='ocrx_word' id='word_1_763' title='bbox 1889 5585 2066 5644; x_wconf 85' lang='lat' dir='ltr'><strong>dierit,</strong></span> <span class='ocrx_word' id='word_1_764' title='bbox 2097 5585 2162 5638; x_wconf 88' lang='lat' dir='ltr'><strong>de</strong></span> <span class='ocrx_word' id='word_1_765' title='bbox 2182 5583 2296 5650; x_wconf 86' lang='lat' dir='ltr'><strong>ipsa</strong></span> <span class='ocrx_word' id='word_1_766' title='bbox 2319 5575 2778 5650; x_wconf 70' lang='lat' dir='ltr'><strong>Beneventourbc</strong></span> <span class='ocrx_word' id='word_1_767' title='bbox 2797 5591 3082 5650; x_wconf 68' lang='lat' dir='ltr'><strong>perperam</strong></span> <span class='ocrx_word' id='word_1_768' title='bbox 3111 5575 3460 5650; x_wconf 49' lang='lat' dir='ltr'><strong>intellexisse.</strong></span> 
     </span>
    </p>
   </div>
   <div class='ocr_carea' id='block_1_115' title="bbox 1887 5646 3462 5722">
    <p class='ocr_par' dir='ltr' id='par_1_115' title="bbox 1887 5646 3462 5722">
     <span class='ocr_line' id='line_1_115' title="bbox 1887 5646 3462 5722; baseline -0.006 -11"><span class='ocrx_word' id='word_1_769' title='bbox 1887 5655 2020 5710; x_wconf 84' lang='lat' dir='ltr'><strong>Eam</strong></span> <span class='ocrx_word' id='word_1_770' title='bbox 2053 5655 2164 5722; x_wconf 86' lang='lat' dir='ltr'><strong>jam</strong></span> <span class='ocrx_word' id='word_1_771' title='bbox 2193 5646 2336 5706; x_wconf 76' lang='lat' dir='ltr'><strong>anno</strong></span> <span class='ocrx_word' id='word_1_772' title='bbox 2383 5649 2501 5722; x_wconf 15' lang='lat'><strong>8487</strong></span> <span class='ocrx_word' id='word_1_773' title='bbox 2527 5649 2830 5722; x_wconf 61' lang='lat' dir='ltr'><strong>Ludovicus</strong></span> <span class='ocrx_word' id='word_1_774' title='bbox 2861 5647 2898 5700; x_wconf 91' lang='lat' dir='ltr'><strong>ii</strong></span> <span class='ocrx_word' id='word_1_775' title='bbox 2919 5646 3220 5722; x_wconf 69' lang='lat' dir='ltr'><strong>Saracenis</strong></span> <span class='ocrx_word' id='word_1_776' title='bbox 3249 5647 3462 5722; x_wconf 66' lang='lat' dir='ltr'><strong>eripue-</strong></span> 
     </span>
    </p>
   </div>
   <div class='ocr_carea' id='block_1_116' title="bbox 1889 5717 3458 5790">
    <p class='ocr_par' dir='ltr' id='par_1_116' title="bbox 1889 5717 3458 5790">
     <span class='ocr_line' id='line_1_116' title="bbox 1889 5717 3458 5790; baseline -0.005 -8"><span class='ocrx_word' id='word_1_777' title='bbox 1889 5736 1992 5782; x_wconf 88' lang='lat' dir='ltr'><strong>rat.</strong></span> <span class='ocrx_word' id='word_1_778' title='bbox 2021 5717 2104 5780; x_wconf 63' lang='grc' dir='ltr'><strong>σε.</strong></span> <span class='ocrx_word' id='word_1_779' title='bbox 2139 5721 2504 5790; x_wconf 81' lang='lat' dir='ltr'><strong>Ercbemperti</strong></span> <span class='ocrx_word' id='word_1_780' title='bbox 2549 5719 2683 5774; x_wconf 87' lang='lat' dir='ltr'><strong>Hist.</strong></span> <span class='ocrx_word' id='word_1_781' title='bbox 2731 5719 3004 5789; x_wconf 56' lang='lat' dir='ltr'><strong>Langoln,</strong></span> <span class='ocrx_word' id='word_1_782' title='bbox 3041 5735 3090 5770; x_wconf 88' lang='lat' dir='ltr'><strong>c.</strong></span> <span class='ocrx_word' id='word_1_783' title='bbox 3129 5717 3218 5772; x_wconf 86' lang='grc'><strong>20.</strong></span> <span class='ocrx_word' id='word_1_784' title='bbox 3267 5717 3458 5774; x_wconf 80' lang='lat' dir='ltr'><strong>Murat.</strong></span> 
     </span>
    </p>
   </div>
   <div class='ocr_carea' id='block_1_117' title="bbox 1889 5791 2312 5860">
    <p class='ocr_par' dir='ltr' id='par_1_117' title="bbox 1889 5791 2312 5860">
     <span class='ocr_line' id='line_1_117' title="bbox 1889 5791 2312 5860; baseline -0.014 -10"><span class='ocrx_word' id='word_1_785' title='bbox 1889 5793 1986 5850; x_wconf 90' lang='lat' dir='ltr'><strong>SS.</strong></span> <span class='ocrx_word' id='word_1_786' title='bbox 2031 5795 2094 5860; x_wconf 88' lang='lat' dir='ltr'><strong>ll,</strong></span> <span class='ocrx_word' id='word_1_787' title='bbox 2127 5793 2164 5858; x_wconf 91' lang='lat' dir='ltr'><strong>l,</strong></span> <span class='ocrx_word' id='word_1_788' title='bbox 2187 5791 2312 5847; x_wconf 70' lang='grc'><strong>242.</strong></span> 
     </span>
    </p>
   </div>
   <div class='ocr_carea' id='block_1_118' title="bbox 1967 5861 2828 5932">
    <p class='ocr_par' dir='ltr' id='par_1_118' title="bbox 1967 5861 2828 5932">
     <span class='ocr_line' id='line_1_118' title="bbox 1967 5861 2828 5932; baseline -0.005 -12"><span class='ocrx_word' id='word_1_789' title='bbox 1967 5869 1978 5906; x_wconf 76' lang='lat' dir='ltr'><strong>i</strong></span> <span class='ocrx_word' id='word_1_790' title='bbox 2007 5863 2090 5920; x_wconf 84' lang='lat' dir='ltr'><strong>Cf.</strong></span> <span class='ocrx_word' id='word_1_791' title='bbox 2119 5863 2318 5920; x_wconf 87' lang='lat' dir='ltr'><strong>Chron.</strong></span> <span class='ocrx_word' id='word_1_792' title='bbox 2355 5863 2420 5920; x_wconf 90' lang='lat' dir='ltr'><strong>de</strong></span> <span class='ocrx_word' id='word_1_793' title='bbox 2453 5863 2618 5932; x_wconf 81' lang='lat' dir='ltr'><strong>gestis</strong></span> <span class='ocrx_word' id='word_1_794' title='bbox 2645 5861 2828 5924; x_wconf 68' lang='lat' dir='ltr'><strong>Norat.</strong></span> 
     </span>
    </p>
   </div>
  </div>
