3974 6344
453 435 458 440 ·
544 413 682 473 “07
1546 406 1603 458 ὃ.
1645 399 2015 458 PBUDENTII
2052 395 2436 454 TBECENSIS
2474 395 2780 453 EPISCOPI
3671 395 3808 450 μω

533 540 773 592 vertunt.
822 528 994 585 Mauri
1043 525 1433 589 Barcinonam,
1483 521 1694 578 ludatis
1725 517 2113 592 prodentibus,
2141 517 2196 578 Α
2217 515 2318 572 dit.
2351 514 2552 582 Dauid,
2581 528 2771 571 mense
2805 512 2974 580 Iulio,
3011 511 3201 570 relicta
3233 511 3532 592 Sequana,
3577 512 3814 584 Ligerim

533 628 792 701 capiunt,
815 621 1226 690 interfectisque
1247 632 1387 691 pene
1417 617 1668 674 omnibus
1711 611 2041 701 christianisi
2067 617 2122 666 et
2223 609 2512 701 adeuntes,
2539 607 2850 701 Namnetim
2877 608 3069 663 urbem
3108 617 3166 701 et
3187 607 3614 701 manasset-ium
3643 608 3815 663 sancti

537 695 674 777 urbe
713 723 925 773 vastata
945 755 961 782 ,
989 713 1208 784 impune
1236 709 1485 766 redeunt.
1509 705 1738 765 Carolus
1765 703 1992 760 fratrem
2019 700 2118 757 Lo-
2222 700 2482 758 Florentii
2511 715 2578 758 ac
2617 700 2798 757 vicina
2838 695 3342 780 loca‘populantur.
3369 697 3610 756 Carolus
3635 713 3815 754 mense

533 811 773 870 tharium
799 807 866 864 ad
896 807 979 865 sui
1007 803 1354 875 conloquium
1381 801 1620 858 invitans
1648 797 1790 870 apud
1825 796 2123 868 Augustam
2220 797 2392 868 Aprili
2433 796 2700 870 synodum
2737 789 3122 868 episcoporum
3152 796 3300 852 iuxta
3329 795 3526 854 urbem
3571 795 3819 851 Suessio-

533 899 989 960 Viromandorum
1019 911 1068 965 ε,
1103 911 1226 968 quae
1265 893 1410 950 beati
1443 891 1686 961 Quintini
1721 888 1978 961 martyris
2008 902 2124 943 cor-
2222 905 2353 946 num
2411 889 2466 944 in
2517 877 2913 959 monasterium
2959 888 3134 944 sancti
3179 888 3424 945 Medardi
3475 889 3818 960 adgregans,

531 1011 665 1068 pore
689 993 999 1066 insignitur,
1030 989 1274 1046 fraterne
1307 987 1564 1058 suscipit,
1587 982 1886 1040 honorifice
1929 978 2120 1048 afIicit,
2224 981 2360 1049 duos
2398 981 2775 1053 presbyteros,
2823 980 3122 1036 monachos
3168 980 3411 1037 eiusdem
3462 981 3820 1045 monasterii,

533 1091 790 1158 germane
820 1091 1052 1149 tractat,
1085 1080 1342 1154 regaliter
1377 1085 1663 1144 munerat,
1699 1073 2125 1144 redeuntemque
2223 1073 2340 1146 ipse
2378 1073 2585 1144 synodo
2622 1072 2921 1144 praesidens
2945 1113 2962 1138 ,
2996 1072 3267 1142 episcopis
3291 1071 3707 1135 iudicantibus,
3737 1073 3822 1126 de-

533 1177 768 1249 benigne
789 1175 1026 1234 deducit.
2129 1217 2131 1220 ,
2224 1163 2439 1236 gradari
2470 1162 2636 1229 fecit,
2658 1176 2724 1219 eo
2747 1162 2891 1234 quod
2917 1161 3202 1233 Pippinum
3232 1162 3402 1216 furari
3431 1170 3648 1218 etcum
3677 1176 3744 1217 eo
3769 1162 3820 1215 in

605 1268 952 1324 Landbertus
969 1275 1026 1322 et
1043 1264 1378 1322 Guarnarius
1397 1263 1618 1328 fratres,
1636 1277 1764 1334 pars
1785 1259 1870 1317 vel
1889 1259 2124 1315 maxima
2222 1254 2570 1326 Aquitaniam
2600 1253 2784 1326 fugere
2813 1253 3225 1323 disposuissent.
3258 1252 3554 1325 lngmarus
3574 1293 3593 1317 ,
3625 1250 3824 1307 Remo-

536 1361 950 1427 discordiarum,
970 1358 1109 1414 alter
1135 1357 1280 1424 dolo,
1313 1356 1450 1412 alter
1476 1354 1677 1410 iudicio
1702 1351 2121 1408 interficiuntur.
2227 1359 2348 1399 rum
2391 1344 2711 1414 episcopus,
2763 1359 2953 1400 omnes
2993 1343 3236 1399 800188333
3281 1357 3393 1398 θυῖε
3438 1342 3825 1414 presbyteros.

538 1453 795 1508 Salomon
849 1450 1024 1508 Britto
1068 1449 1262 1507 Carolo
1311 1448 1484 1506 fidelis
1547 1445 1807 1512 efficitur,
1858 1444 2126 1514 tertiaque
2227 1435 2483 1490 diaconos
2508 1443 2563 1491 et
2594 1435 2995 1500 subdiacon05,
3019 1450 3391 1505 quoscumque
3424 1435 3550 1490 Ebo
3579 1442 3711 1504 post
3743 1435 3829 1489 de—

537 1544 834 1600 Britanniaa
855 1553 1010 1616 parte
1032 1543 1286 1599 donatur.
1319 1541 1548 1598 Sancius
1567 1581 1582 1606 ,
1612 1555 1795 1596 comes
1823 1538 2122 1604 Vasconiae,
2225 1528 2546 1598 Posilionem
2575 1544 2730 1583 suam
2757 1528 3104 1584 ordinaverat
3122 1570 3138 1594 .
3171 1529 3377 1600 synodo
3397 1528 3716 1592 iudicanle.
3743 1528 3828 1583 ἀθ-

540 1635 827 1707 Pippinum
874 1636 1088 1708 Pippini
1124 1635 1293 1690 filium
1340 1634 1548 1704 capitb,
1587 1640 1642 1687 et
1674 1646 1847 1701 usque
1890 1631 1956 1685 ad
1989 1643 2127 1700 prae-
2227 1623 2427 1694 posuit.
2471 1622 2732 1694 Pippinus
2756 1622 2954 1679 Carolo
3002 1634 3401 1679 sacramentum
3435 1622 3733 1677 fidelitatis
3759 1623 3832 1676 iu-

538 1729 770 1784 sentiam
820 1727 1000 1784 Caroli
1042 1736 1257 1794 servat;
1307 1741 1469 1798 quem
1532 1722 1758 1780 Carolus
1807 1730 2026 1794 captum
2070 1721 2126 1777 in
2229 1725 2347 1782 rat,
2395 1724 2452 1770 et
2491 1715 2715 1786 insuper
2738 1715 2986 1771 habitum
3021 1714 3274 1770 monachi
3304 1714 3577 1784 suscipit,
3610 1713 3830 1784 regeb-

535 1818 823 1875 Franciam
879 1820 1048 1886 ducit,
1100 1835 1163 1875 ac
1218 1827 1341 1890 post
1393 1817 1741 1888 conloquium
1782 1815 2029 1870 Lotharii
2070 1815 2125 1870 in
2153 1886 2191 1890 _
2228 1824 2334 1879 que
2359 1808 2798 1864 observationem
2847 1821 2998 1861 more
3035 1805 3284 1862 monachi
3328 1805 3499 1861 solito
3541 1805 3830 1876 promittit.

539 1913 876 1968 monasterio
907 1912 1083 1969 sancti
1126 1886 1367 1969 Medardi
1397 1913 1538 1984 apud
1571 1886 1892 1968 Suessiones
1916 1911 2126 1967 tonderi
2153 1886 2204 1948 Β
2229 1899 2454 1957 Carolus
2477 1899 2603 1955 inde
2624 1899 2694 1954 ad
2719 1897 3057 1954 Carisiacum
3079 1898 3324 1963 veniens.
3347 1912 3480 1953 cum
3509 1896 3834 1965 quibusdam

535 2003 705 2060 iubet.
756 2004 1102 2062 Hludowicus
1135 2007 1177 2072 ι,
1243 2005 1484 2062 Lotharii
1533 2005 1710 2071 ﬁlius,
1756 2004 2126 2060 Beneventum
2226 1993 2495 2067 episcopis
2513 1992 2580 2048 'et
2609 1991 2896 2047 abbatibus
2926 1991 3240 2047 monasticis
3283 1999 3574 2060 quatuore
3604 1988 3833 2058 animi:

537 2094 756 2162 adiens,
787 2095 1040 2150 Bairamc
1073 2095 1349 2152 civitatem
1380 2105 1682 2168 oppugnat,
1715 2095 2128 2164 interruptoque
2227 2088 2716 2160 edidit,etpropria
2731 2087 3132 2157 subscriptione
3147 2085 3448 2141 ronoravit.
3469 2083 3732 2151 Quorum
3743 2085 3838 2153 pri-

537 2199 726 2251 muro,
769 2186 1024 2256 pessimis
1051 2202 1182 2242 usus
1225 2187 1468 2243 consiliis
1497 2203 1528 2242 a
1556 2197 1737 2258 coepto
1773 2186 1975 2253 resilit;
2001 2201 2128 2241 nam
2228 2198 2377 2239 mum
2397 2191 2480 2239 est
2506 2200 2519 2236 :
2544 2198 2575 2236 a
2601 2183 2711 2238 Deo
2734 2181 3004 2237 neminem
3024 2179 3476 2252 prmdestinatum
3506 2177 3580 2233 ad
3603 2193 3833 2249 pinnam.

538 2273 846 2332 dicentibus
891 2276 1222 2332 consiliariis
1269 2276 1422 2342 suis,
1470 2292 1722 2349 magnam
1770 2277 1882 2333 illic
1918 2285 2130 2350 partem
2229 2291 2500 2346 unamque
2526 2289 2648 2331 esse
2694 2275 2792 2331 Dei
2837 2273 3407 2346 pnedestinationem,
3459 2287 3596 2343 quas
3640 2281 3735 2326 aut
3778 2271 3836 2324 ad

538 2380 660 2423 esse
683 2367 1083 2435 thesaurorum,
1110 2383 1216 2439 qua
1237 2369 1454 2441 penitus
1475 2367 1839 2435 fraudaretur,
1863 2368 1908 2424 si
1929 2369 2131 2440 passim
2231 2369 2431 2425 donum
2456 2368 2694 2438 pertinet
2721 2367 2942 2439 gratiae,
2972 2374 3066 2421 aut
3097 2366 3164 2420 ad
3191 2365 3663 2422 restributionem
3697 2365 3837 2417 iusti-

538 2458 794 2514 omnibus
824 2458 1062 2515 intrandi
1091 2461 1249 2532 copia
1273 2461 1518 2526 daretur,
1551 2460 1604 2515 in
1635 2469 1811 2516 castra
1837 2475 1957 2516 sese
1985 2461 2129 2516 reci-
2230 2461 2340 2515 tiaa.
2381 2457 2691 2515 Secundum
2728 2475 2744 2512 :
2776 2457 3010 2514 liberum
3035 2456 3356 2521 arbitrium,
3388 2453 3548 2525 quod
3585 2455 3644 2508 in
3675 2453 3835 2524 primo

536 2549 648 2622 pit,
680 2545 971 2621 prohibitis
993 2552 1248 2608 omnibus
1277 2555 1346 2608 ab
1385 2551 1684 2623 irruptione
1723 2552 1895 2608 urbis.
1924 2551 2130 2620 Quibus
2231 2550 2422 2606 ordine
2460 2549 2799 2620 perdidimus
2817 2590 2833 2616 ,
2875 2550 3032 2606 nobis
3061 2548 3430 2620 praeveniente
3457 2554 3524 2602 et
3548 2547 3834 2601 adiuvante

539 2642 952 2710 recedentibus,
996 2643 1168 2700 Mauri
1195 2645 1269 2699 ita
1297 2653 1462 2700 noctu
1500 2643 1642 2699 muri
1688 2643 1988 2714 interrupta
2018 2652 2132 2699 tra-
2231 2642 2437 2699 Christi
2481 2642 2658 2714 gratia
2704 2643 2995 2700 redditum.
3029 2641 3270 2696 Tertium
3304 2659 3317 2695 :
3353 2639 3506 2694 velle
3553 2638 3735 2693 Deum
3761 2653 3842 2708 εξ»

536 2733 696 2791 bibus
728 2735 1014 2802 muniunt,
1055 2745 1119 2792 ut
1144 2736 1452 2791 venientem
1494 2735 1549 2790 in
1576 2734 1871 2791 crastinum
1919 2735 2132 2790 hostem
2232 2735 2492 2792 neraliter
2515 2749 2708 2792 omnes
2735 2735 2984 2790 homines
3013 2733 3192 2789 salvos
3219 2732 3338 2789 fieri
3361 2772 3378 2799 ,
3423 2731 3568 2787 licet
3592 2746 3710 2786 non
3737 2745 3840 2784 ous-

535 2827 843 2884 nullatenus
869 2827 1192 2895 formident;
1242 2827 1468 2900 proinde
1515 2827 1570 2882 in
1618 2842 1834 2882 cassum
1876 2834 2028 2882 tanto
2055 2826 2134 2881 la-
2231 2845 2330 2886 nes
2355 2829 2650 2886 salveutur.
2677 2827 2939 2896 Quartum
2971 2826 3210 2883 :Christi
3236 2825 3578 2898 sanguinem
3605 2838 3714 2894 pro
3736 2838 3840 2876 om-

493 2948 504 2957 -
538 2920 669 2975 bore
696 2907 962 2986 deducto,
987 2917 1334 2975 Hludowicus
1359 2932 1482 2975 cum
1503 2918 1745 2974 exercitu
1787 2933 1886 2973 suo
1915 2917 1984 2973 ad
2007 2933 2133 2990 pro-
2232 2920 2394 2976 nibus
2421 2920 2600 2977 fusum
2621 2961 2638 2988 ,
2660 2919 2791 2976 licet
2818 2934 2923 2974 non
2957 2932 3146 2974 omnes
3169 2916 3450 2989 passionis
3478 2915 3756 2987 mysterio
3773 2929 3841 2967 re

538 3012 659 3084 pria
710 3020 938 3069 remeat.
980 3011 1408 3078 Abdirhamau',
1439 3026 1555 3084 rex
1601 3009 2028 3067 Sarracenorum
2075 3011 2131 3066 in
2234 3015 2531 3072 dimantur.
2560 3014 2819 3086 Aquitani
2857 3027 2998 3085 pene
3027 3027 3218 3068 omnes
3245 3027 3276 3066 a
3304 3009 3518 3066 Carolo
3548 3009 3838 3070 recedunt,

546 3103 809 3175 Hispania
837 3105 1274 3172 consistentium,
1307 3103 1574 3160 Cordubae
1594 3105 1844 3172 moritur,
1874 3120 2130 3177 regnum-
2235 3118 2398 3180 atque
2421 3109 2488 3164 ad
2532 3108 2910 3165 Hludowicum
2931 3149 2946 3174 ,
2997 3122 3180 3178 regem
3229 3105 3592 3170 Germanias,
3647 3103 3842 3176 legatos

541 3211 649 3268 que
685 3199 803 3254 eius
847 3197 992 3254 filius
1037 3197 1208 3268 ipsius
1256 3196 1592 3268 adsequitur.
1633 3196 1986 3265 Godel'ridus,
2019 3195 2129 3252 ΗΘ·
2164 3251 2204 3268 η
2235 3217 2348 3260 suae
2375 3201 2664 3258 deditionis
2687 3216 2811 3256 cum
2839 3199 3118 3255 obsidibus
3164 3199 3407 3253 mittunt.
3443 3196 3612 3252 Idem
3663 3194 3842 3249 modo

543 3251 708 3348 sou:
733 3251 1081 3361 animi;
1097 3251 1491 3363 quiquondam
1518 3293 1620 3349 sub
1644 3251 1986 3363 imperatore
2004 3291 2133 3347 Hlu—
2159 3251 2206 3318 ε
2235 3251 3384 3363 ti‘gug';.",1;is.1;a.‘.;;omnem...,
3439 3297 3708 3357 tempore
3737 3301 3842 3356 per-

545 3383 754 3440 dowico
783 3381 1143 3455 Maguntiaci'
1184 3381 1365 3440 fuerat
1419 3384 1762 3455 baptizatus,
1809 3399 1841 3439 a
1877 3383 2135 3440 Lothario
2237 3383 2610 3440 turbationum
2658 3383 2801 3439 inter
2845 3397 2906 3438 se
2952 3391 3010 3437 et
3053 3379 3305 3438 Carolum
3353 3377 3556 3443 factis,
3593 3379 3842 3433 adversus

545 3472 806 3530 deficiens
829 3474 898 3530 ad
925 3489 1052 3530 suos
1097 3489 1156 3530 se
1185 3474 1431 3542 confert;
1460 3475 1602 3532 unde
1641 3483 1933 3547 conrogata
1971 3490 2135 3531 manu
2235 3474 2485 3532 Carolum
2513 3474 2716 3531 acriter
2738 3480 3105 3546 permovetur.
3152 3469 3451 3526 Gunedesf
3486 3481 3696 3525 contra
3725 3467 3840 3522 [ila-

546 3565 760 3632 valida,
793 3565 1040 3622 Fresiam
1091 3581 1216 3623 cum
1266 3565 1612 3624 multitudine
1646 3567 1903 3622 navinm"
1948 3566 2138 3638 adgre-
2236 3564 2506 3621 dowicum
2532 3563 2710 3620 solitis
2733 3562 2836 3618 sibi
2875 3561 3121 3633 perfidiis
3153 3560 3528 3622 mentiuntur.
3555 3558 3842 3616 Lotharius

545 3659 715 3724 ditur,
746 3658 939 3714 deinde
964 3658 1140 3714 vicina
1171 3657 1382 3716 Scaldis
1402 3658 1670 3724 fluminis,
1702 3661 1770 3715 ad
1799 3669 2135 3731 postremum
2236 3653 2555 3726 imperator,
2614 3651 2869 3710 defuncta
2927 3661 3052 3708 ante
3120 3651 3404 3707 biennium
3467 3649 3840 3719 Ermcngaré:

549 3750 862 3822 Sequanam
889 3751 911 3784 ⁸
935 3751 1259 3823 ingreditur.
1285 3753 1404 3821 Quo
1443 3753 1856 3809 occurrentibus
1880 3751 2138 3809 Lothario
2239 3746 2697 3803 christianissima
2740 3746 2960 3818 regina,
3015 3746 3150 3801 duas
3194 3743 3298 3799 sibi
3349 3742 3598 3798 ancillas
3632 3759 3706 3798 ex
3735 3742 3842 3795 vii}:

549 3851 606 3901 et
631 3843 828 3901 Carolo
865 3860 991 3900 cum
1019 3845 1168 3900 omni
1197 3861 1295 3902 suo
1320 3845 1602 3911 exercitu;
1631 3853 1922 3915 utramque
1963 3844 2138 3916 ripam
2243 3843 2392 3913 regia
2411 3840 2434 3872 ⁸
2453 3839 2746 3910 copulavit,
2770 3854 2839 3895 ex
2873 3855 3104 3912 quarum
3131 3839 3325 3905 altera,
3368 3839 3530 3893 Doda
3558 3837 3840 3902 vocabulo,

555 3935 796 3994 eiusdem
820 3935 1058 3994 fluminis
1093 3936 1364 3994 obsident.
2241 3936 2411 3992 filium
2441 3945 2740 4008 genuerat,
2771 3949 2933 4006 quem
2957 3933 3425 3989 Karolomannum
3452 3933 3656 4005 vocari
3687 3933 3842 3991 iubet;

2241 4026 2442 4098 aliique
2487 4025 2583 4081 filii
2629 4027 2747 4082 eius
2791 4024 3046 4080 similiter
3072 4023 3358 4078 adulteriis
3391 4023 3740 4078 inserviunt.
3773 4020 3848 4074 Pi-

1187 4092 1495 4150 DCCCLm-
2241 4092 2418 4174 ratais
2447 4117 2716 4173 Danorum
2765 4133 2795 4172 a
2835 4115 3196 4173 Namnetihus
3239 4117 3536 4186 superiora
3565 4125 3846 4188 petemes,

625 4205 682 4260 In
711 4221 816 4276 qua
844 4204 1124 4262 obsidione
1147 4205 1435 4262 dominicae
1459 4203 1761 4261 nativitatis
1787 4204 2140 4260 feStivitatem
2244 4223 2430 4266 mense
2454 4207 2744 4264 Novembri
2769 4251 2784 4275 ,
2807 4225 2859 4263 γι
2887 4208 3142 4264 videlicet
3159 4207 3285 4263 ldus
3303 4248 3320 4274 ,
3343 4207 3549 4262 urbem
3573 4207 3848 4261 Turoni:

558 4296 858 4352 celebrant.
898 4295 1008 4354 Sed
1031 4297 1340 4355 nolentibus
1367 4298 1462 4370 qui
1489 4313 1557 4355 ex
1583 4307 1740 4370 parte
1780 4297 1959 4355 Caroli
1987 4305 2145 4355 erant
2245 4304 2464 4376 impune
2491 4303 2693 4359 adeunt
2718 4315 2884 4373 atque
2913 4302 3212 4358 incendunt
3242 4316 3366 4356 cum
3400 4301 3654 4356 ecclesia
3689 4299 3850 4355 sancti

555 4391 692 4445 inire
712 4388 911 4444 bellum
932 4431 947 4456 ,
973 4390 1176 4462 absque
1201 4390 1436 4447 utilitate
1472 4405 1749 4447 recessum
1780 4399 1880 4447 est.
1908 4389 2140 4446 Carolus
2246 4393 2466 4450 Martini
2493 4402 2550 4450 et
2589 4393 2792 4450 ceteris
2845 4392 3220 4451 adiacentibus
3245 4391 3418 4450 locis:
3449 4389 3556 4446 sed
3589 4391 3728 4460 quia
3755 4389 3850 4443 evi-

555 4482 805 4537 eumdem
848 4479 1203 4537 Godefridum
1267 4483 1590 4554 quibusdam
1651 4482 1993 4554 pactionibus
2037 4482 2142 4538 sibi
2245 4486 2740 4543 denticertitudine
2767 4485 2870 4542 hoc
2891 4483 3200 4556 praescitum
3225 4481 3440 4545 fuerat,
3469 4496 3692 4552 corpus
3711 4479 3846 4535 beati

554 4573 841 4641 conciliat;
891 4573 1058 4630 ceteri
1094 4573 1370 4630 Danorum
1403 4590 1574 4646 usque
1617 4575 1684 4629 ad
1725 4589 1966 4630 mensem
1994 4573 2139 4629 Mar—
2169 4631 2220 4656 ἣ
2247 4577 2461 4656 Μ.θυὶιή
2494 4578 2562 4632 ad
2591 4576 3035 4642 Cormaricumh,
3073 4574 3468 4630 monasterium
3519 4575 3649 4628 eius
3695 4571 3853 4626 eccle-

558 4669 689 4721 timn
719 4667 853 4723 inibi
885 4665 1092 4738 absque
1121 4666 1229 4722 ulla
1259 4666 1548 4722 formidine
1578 4666 1839 4733 resident,
1859 4677 2051 4722 cuncta
2076 4683 2141 4724 eo
2168 4664 2220 4694 ν
2247 4669 2374 4734 sise,
2407 4683 2471 4726 ac
2494 4667 2619 4724 inde
2649 4669 2716 4724 ad
2747 4667 3027 4725 civitatem
3053 4664 3478 4722 Aurelianorum
3514 4671 3856 4733 transporta-

557 4759 814 4816 furiosius
862 4775 973 4832 quo
1030 4759 1256 4815 liberius
1312 4759 1606 4830 diripiunt,
1659 4775 1908 4816 cremant
1977 4769 2142 4830 atque
2246 4762 2499 4816 verunt’.

558 4851 850 4920 captivam.
883 4851 1282 4922 Lothariusque
1320 4849 1484 4906 filiam
1526 4850 1706 4908 Caroli
1733 4867 1765 4908 a
1791 4867 1950 4908 sacro
1994 4851 2146 4908 fonte
2319 4855 2537 4928 Bulgari
2557 4895 2573 4923 ,
2603 4855 2826 4912 sociatis
2853 4855 2958 4912 sibi
2985 4852 3221 4918 Sclavis,
3255 4863 3311 4908 et
3329 4892 3346 4919 ,
3372 4859 3437 4907 ut
3463 4845 3680 4917 fertur,
3709 4867 3740 4903 a
3769 4864 3854 4902 uo.

559 4942 808 5013 suscipit,
839 4951 894 4999 et
917 4957 1121 5014 paucos
1143 4950 1271 5000 post
1293 4942 1411 4999 dies
1435 4941 1502 4998 ad
1525 4957 1623 4998 sua
1649 4957 1896 5000 remeare
1922 4951 2147 5000 conten-
2251 4947 2380 5003 stris
2424 4949 2742 5005 muneribus
2804 4945 3049 5012 invitati,
3103 4945 3366 5002 adversus
3431 4941 3850 4998 Hludovn‘cum.

1810 5055 2202 5116 VARIANTES
2227 5060 2631 5120 LECTIONES.

639 5172 657 5247 ξ
697 5169 795 5227 Ch.
835 5171 922 5226 hic
964 5179 1014 5247 et
1058 5169 1194 5247 alios
1217 5167 1566 5247 Aludowicus,
1595 5166 1860 5247 ludoicusn.
1965 5170 1987 5202 ¹
2011 5171 2443 5247 αὺάἱτιιθηιηοή.
2480 5175 2549 5230 Β.
2669 5175 2691 5208 ³
2717 5175 3051 5247 magunciaci
3094 5173 3191 5247 Cji.
3293 5173 3748 5247 “naviumdeeu
3769 5169 3852 5223 Ch.

568 5244 588 5276 ⁸
612 5241 1086 5330 ὃςῃυεηξωηᾱᾳξξ
1124 5241 1191 5330 ir;
1206 5237 1612 5330 ρίξῘ-ςιρριίιζῖ
1628 5237 2140 5330 vocabulunrtamen
2165 5245 2420 5301 excidisse
2440 5257 2639 5330 Apulei;
2667 5263 2762 5330 pro
2788 5237 2902 5330 ipsa
2933 5263 2988 5302 re
3015 5247 3102 5330 vel.
3121 5243 3382 5330 Su'mnam
3411 5245 3495 5298 re!
3543 5243 3852 5330 sequaci:

569 5309 948 5387 resliiuendung
975 5321 1087 5387 erat
1108 5353 1122 5377 ,
1158 5309 1867 5387 quuanam__t_omen_eu_c_,
1901 5327 2218 5387 qure_anpo_
2241 5309 2474 5387 sequenti
2521 5309 2817 5372 narrantur
2848 5326 2896 5371 et
2940 5315 3156 5372 annales
3185 5313 3481 5387 Fuldengcs
3535 5315 3608 5368 ad
3646 5309 3722 5366 θα.
3763 5309 3856 5367 εειξ

565 5387 825 5440 evincunt.
927 5381 950 5413 ⁸
970 5383 1073 5439 sibi
1098 5379 1321 5439 ancillas
1345 5397 1414 5438 ex
1443 5380 1567 5438 villa
1593 5379 1740 5452 regia
1760 5381 1866 5438 sibi
1887 5379 2161 5452 copulavit
2179 5383 2246 5440 Β.
2310 5379 2342 5418 ’⁷
2358 5386 2526 5460 legere
2539 5387 2698 5452 malo,
2728 5403 2846 5442 cum
2861 5388 3106 5442 chronica
3131 5387 3196 5441 de
3209 5386 3367 5457 gestis
3387 5383 3438 5440 Ν
3443 5398 3854 5439 amamus.

569 5463 994 5526 transportatum
1021 5461 1124 5510 est.

2127 5519 2363 5579 NOTAE.

639 5632 665 5687 ξ
689 5617 1118 5685 Saint-Quentin.
1147 5615 1230 5672 Cf.
1255 5613 1583 5687 YaIeSLNot.
1612 5615 1773 5681 Gall.,
1797 5631 1852 5687 p.
1880 5613 2006 5679 595,
2030 5612 2152 5670 596.
2336 5615 2365 5657 ἀ
2389 5617 2474 5674 Cf.
2504 5615 2710 5673 Chron.
2743 5617 2810 5672 de
2834 5616 3001 5687 gestis
3025 5614 3212 5672 Norm.

637 5684 680 5736 δ
703 5684 1238 5759 Μεηεεδεριθῐηὶηυί.
1267 5685 1602 5759 Cf._Chr_on.
1630 5684 2014 5759 Aquitanicum
2043 5687 2157 5741 sive
2337 5689 2468 5744 νοτ.
2498 5687 2792 5759 Μθὺίίιιοηίἰ
2819 5684 2960 5742 Ann.
2992 5687 3216 5754 Bened.,
3246 5685 3341 5742 lib.
3371 5703 3567 5756 xxxrv,
3592 5706 3658 5744 n.
3691 5687 3783 5743 53.

573 5758 966 5830 btennnianunr
984 5756 1067 5830 'eti
1089 5757 1299 5830 Chron.
1351 5756 1757 5828 Engolismense
1805 5757 1948 5830 apud
1982 5756 2152 5828 Bouq.
2341 5759 2360 5798 ί
2384 5760 2442 5814 ω
2465 5769 2548 5815 est
2578 5758 2812 5830 Winedi.

575 5826 1316 5914 Vlixpagéiiiﬁggohﬂh
1344 5913 1349 5914 γ
1439 5826 1460 5828 “
1840 5826 1856 5830 ’
2117 5826 2130 5828 ἡ
2332 5833 2366 5914 ἐ
2387 5830 2470 5914 gf.
2506 5830 2712 5914 Chron.
2742 5829 2810 5885 de
2847 5830 3014 5914 gestis
3041 5828 3229 5914 Norm.

652 5907 674 5936 ε
699 5895 830 5952 Bari
853 5897 1046 5952 civitas
1069 5895 1407 5967 intelligitur.
2332 5901 2364 5946 ιι
2383 5900 2642 5970 Cameri,
2673 5902 2729 5958 in
2753 5895 2892 5973 pagi)
2917 5900 3208 5958 Turonico.
