3974 6344
150 435 288 492 “09

1601 423 1944 481 ANNALES.

3275 419 3408 476 μη

147 545 450 604 Germania:
476 555 656 615 regem
675 580 690 607 ,
717 539 917 596 acriter
941 545 1344 610 promoventur,
1374 538 1469 594 sed
1492 537 1722 594 Domino
1748 546 1801 606 Α
1825 534 2067 606 fugatum
2110 533 2177 588 ad
2207 540 2416 603 patrem
2443 531 2499 587 in
2526 528 3085 588 Germaniam'redire
3113 532 3409 604 compellit.

147 645 419 710 pugnante
461 630 980 690 vincuntur.-Cra3ci
1013 646 1145 688 vero
1177 645 1286 686 non
1332 630 1510 686 minus
1537 638 1725 686 contra

149 727 520 784 liludowicum
565 724 734 781 illium
774 723 1052 791 Lotharii,
1095 739 1277 795 regem
1323 723 1521 790 ltaliaa,
1547 723 1730 779 conci-

149 828 353 884 tantur,
385 826 607 890 propter
636 817 801 874 filiam
846 818 1189 888 imperatoris
1234 815 1730 887 Constantinopoli-

150 911 259 966 tani
286 911 356 966 ab
398 924 465 965 eo
493 910 876 980 desponsatam
907 908 1002 964 sed
1031 909 1098 964 ad
1125 908 1242 965 eius
1283 909 1501 979 nuptias
1544 907 1731 964 venire

149 995 504 1058 di'ﬂ’erentem.
535 999 763 1056 Romani
803 1015 1050 1072 quoque,
1096 999 1260 1055 artati
1305 999 1727 1056 Sarracenorum

151 1093 566 1164 Maurorumque
609 1091 1046 1158 incursionibus,
1097 1092 1168 1148 ob
1215 1092 1299 1148 sui
1361 1091 1730 1147 defensionem

150 1185 370 1242 omnino
433 1183 738 1257 neglectam
785 1184 928 1255 apud
977 1185 1362 1256 imperatorem
1413 1181 1729 1239 Lotharium

151 1287 582 1351 conqueruntur.

780 1405 1089 1464 DCCCLIV.

221 1537 446 1595 Carolus
470 1552 634 1608 super
657 1538 846 1594 fratris
863 1538 949 1595 sui
969 1538 1268 1596 liludowrct
1297 1551 1404 1595 nue
1427 1545 1729 1609 suspectus,

148 1631 218 1687 ad
240 1630 552 1687 Lotharium
600 1631 656 1686 in
699 1630 822 1688 vico
839 1631 1062 1688 Leutico
1101 1645 1130 1673 ι
1176 1632 1354 1698 venit,
1395 1631 1486 1687 ubi
1527 1632 1620 1687 diu
1665 1631 1735 1688 de

149 1722 419 1778 communi
467 1722 705 1778 amicitia
746 1731 908 1792 atque
955 1722 1316 1780 indissolubili
1349 1723 1366 1754 ¹
1399 1731 1729 1787 tractantes,

154 1815 366 1870 tandem
391 1828 578 1869 coram
599 1813 852 1870 omnibus
873 1815 964 1885 qui
985 1815 1238 1882 aderant,
1260 1815 1553 1871 identidem
1573 1829 1734 1884 super

152 1915 336 1961 sancta
383 1905 615 1961 iurando
633 1906 882 1992 vicissim
933 1907 1314 1975 firmaverunt,
1343 1909 1736 1975 commendatis
1761 1913 1811 1974 Β

153 1999 461 2054 alternatim
489 1998 645 2068 filiis,
668 2002 984 2072 proceribus
1013 2012 1068 2058 et
1097 2004 1298 2075 regnis.
1346 2005 1558 2062 Interea
1595 2005 1730 2061 illu-

153 2089 389 2146 dowicus
417 2089 764 2159 adolescens,
796 2093 941 2150 illius
968 2093 1268 2151 Hludowici
1311 2097 1456 2168 regis
1501 2097 1731 2154 Germa-

156 2194 377 2246 norum,
425 2181 493 2236 ab
539 2182 826 2252 Aquitanis
871 2199 903 2238 a
951 2193 1104 2254 patre
1156 2187 1447 2256 expetitur,
1493 2187 1732 2258 Ligerim

154 2270 380 2337 transit,
405 2278 460 2327 et
480 2270 548 2326 ab
567 2272 648 2328 eis
665 2313 680 2339 ,
709 2289 740 2329 a
763 2274 959 2344 quibus
988 2275 1165 2350 fuerat
1191 2277 1494 2347 postulatus
1516 2318 1532 2344 ,
1559 2279 1733 2336 susci-

151 2363 314 2432 pitur.
345 2365 573 2422 Carolus
601 2368 993 2438 profectionem
1029 2371 1084 2424 in
1108 2369 1459 2440 Aquitaniam
1490 2381 1734 2443 tempore

151 2458 573 2530 quadragesimae
627 2460 898 2528 celebrat,
947 2462 1003 2515 in
1047 2478 1154 2532 qua
1201 2477 1371 2532 usque
1421 2463 1732 2533 paschalem

151 2550 500 2608 festivitatem
532 2553 865 2619 demoratur,
890 2552 1116 2623 eiusque
1143 2553 1370 2624 pupulus
1396 2554 1592 2623 praedis
1612 2594 1627 2619 ,
1655 2555 1736 2609 in-

151 2639 389 2706 cendiis,
441 2641 827 2713 hominumque
885 2643 1302 2714 captivitatibus
1355 2652 1524 2702 totum
1577 2660 1736 2700 suum

152 2731 388 2786 laborem
415 2731 700 2803 impendit,
748 2749 848 2790 nec
877 2736 945 2791 ab
971 2735 1103 2806 ipsis
1130 2735 1374 2791 ecclesiis
1397 2744 1454 2791 et
1474 2735 1736 2794 altaribus

153 2824 246 2880 Dei
279 2841 432 2881 suam
465 2827 816 2898 cupiditatem
844 2838 900 2884 et
932 2828 1216 2884 audaciam
1248 2829 1488 2886 cohibet.

223 2917 508 2975 Lotharius
533 2919 758 2977 fratrem
793 2937 951 2977 suum
977 2920 1348 2978 Hludowicum
1379 2937 1542 2992 super
1585 2923 1734 2978 Rhe-

153 3027 278 3067 num
325 3013 394 3068 de
437 3013 780 3071 fraternitate
826 3031 955 3087 erga
982 3016 1237 3072 Carolum
1279 3016 1608 3087 alloquitur;
1639 3016 1734 3072 sed

152 3105 300 3174 prius
319 3105 520 3162 acriter
544 3122 665 3164 sese
687 3108 996 3165 mordentes
1012 3149 1028 3174 ,
1055 3109 1273 3166 tandem
1297 3109 1364 3165 ad
1387 3109 1733 3166 concordiam

154 3197 406 3265 redeunt,
455 3201 712 3272 pacisque
760 3203 976 3258 nomine
1021 3201 1373 3260 foederantur.
1431 3201 1581 3259 Unde
1621 3217 1730 3258 non

1829 626 2053 692 Karlus,
2097 625 2311 697 Pippini
2357 623 2546 690 frater,
2593 624 2702 680 iam
2731 623 3006 680 diaconus
3036 624 3354 692 ordinatus,
3378 639 3413 682 a

1827 718 2139 776 Corbeiensi
2165 717 2494 775 monasterio
2510 716 2736 773 recedit.
2761 714 2956 772 Karlus
2979 732 3075 772 rex
3097 716 3416 774 Karloman-

1829 827 1992 878 num,
2040 810 2208 866 filium
2250 825 2446 876 suum,
2493 818 2714 864 tonsura
2760 807 3129 864 ecclesiastica
3176 808 3414 866 dedicat.

1830 903 1966 959 Dani
1985 915 2008 944 ο
2036 903 2299 959 intestino
2325 903 2468 958 inter
2492 918 2550 958 se
2575 900 2763 973 praelia
2783 899 3107 957 dimicantes
3123 940 3139 966 ,
3162 901 3300 957 adeo
3319 901 3418 957 tri-

1829 995 1921 1052 dui
1949 997 2352 1053 concertatione
2399 994 2826 1051 obstinatissima
2872 993 3124 1050 bacchati
3167 1001 3324 1060 sunt,
3355 1000 3420 1051 ut

1830 1086 1992 1144 Orico
2013 1101 2139 1159 rege
2161 1096 2218 1144 et
2237 1087 2436 1144 ceteris
2456 1102 2578 1142 cum
2599 1101 2667 1142 eo
2690 1084 2993 1143 interfectis
3012 1085 3252 1158 regibus,
3278 1097 3420 1156 pene

1830 1177 2010 1234 omnis
2059 1177 2317 1234 nobilitas
2366 1176 2654 1234 interierit.
2705 1176 2905 1234 Piratae
2955 1175 3418 1250 ﬁorimannomm

1830 1269 2024 1341 Ligere
2060 1269 2409 1338 insistentes,
2452 1271 2630 1328 denuo
2673 1269 2954 1327 civitatem
2998 1269 3417 1342 Andegavorum

1832 1359 2086 1418 incendio
2112 1371 2486 1420 concremant.

2476 1535 2764 1594 DCCCLV.

1903 1682 2194 1740 Lotharius
2222 1691 2391 1740 totam
2417 1683 2662 1742 Fresiam
2687 1684 2798 1742 filio
2819 1701 2916 1741 suo
2937 1684 3193 1741 Lothario
3218 1683 3419 1749 donat;

1832 1774 1976 1829 unde
2005 1775 2168 1831 Roric
2196 1785 2252 1831 et
2277 1775 2604 1834 Godefridus
2636 1777 2892 1850 patriam,
2941 1779 2993 1834 id
3041 1786 3125 1834 est
3168 1777 3416 1841 Daniam,

1838 1865 2100 1934 repedant
2130 1882 2226 1937 spe
2254 1867 2543 1938 potestatis
2585 1869 2746 1940 regia:
2794 1869 3190 1926 nanciscendaa.
3219 1867 3422 1924 Lotha-

1836 1956 1950 2012 rius
1975 1956 2301 2024 infirmatur,
2345 1973 2451 2028 qua
2497 1959 2562 2015 de
2605 1975 2664 2015 re
2711 1959 2928 2016 occasio
2974 1961 3099 2016 data
3155 1967 3238 2015 est
3290 1957 3421 2013 Hin-

1836 2048 2027 2106 dovico
2081 2058 2138 2106 et
2199 2051 2396 2108 Carolo
2458 2051 2717 2110 fratribus
2786 2053 2854 2108 ad
2915 2052 3262 2110 concordiam
3330 2065 3420 2106 re-

1834 2138 2052 2196 deundi.

1907 2231 2227 2288 Nortmanni
2281 2233 2308 2273 ά
2353 2235 2730 2307 Burdegalam,
2775 2237 3080 2308 Aquitania:
3123 2237 3422 2304 civitatem,

1835 2323 2118 2391 invadunt,
2153 2333 2208 2381 et
2251 2326 2354 2382 hac
2397 2326 2627 2397 illacque
2680 2342 2779 2397 pro
2829 2328 2984 2384 libitu
3034 2336 3420 2401 pervagantur.

1836 2415 2032 2472 Karlus
2075 2417 2362 2486 Aquitanis
2408 2419 2716 2487 petentibus
2762 2418 2985 2474 Karlum
3029 2419 3199 2475 ﬁlium
3241 2435 3420 2484 suum,

1835 2520 2018 2576 regem
2055 2507 2393 2577 designatum
2420 2509 2684 2564 attribuit.
2736 2508 2932 2565 Karlus
2979 2510 3142 2566 etiam
3179 2510 3422 2565 Edilvul-

1836 2597 1949 2652 fum
1985 2610 2042 2664 ε,
2082 2613 2262 2670 regem
2303 2598 2598 2670 Anglorum
2635 2599 2912 2655 Saxonum
2938 2641 2954 2666 ,
3009 2599 3239 2657 Romam
3299 2617 3423 2672 pro-

1835 2700 2114 2762 perantem
2154 2691 2452 2748 honorifice
2499 2692 2765 2763 suscipit,
2822 2693 2971 2750 omni
3027 2695 3174 2767 regio
3234 2693 3424 2750 habitu

1837 2784 2026 2849 donat,
2056 2791 2112 2840 et
2134 2799 2304 2855 usque
2337 2785 2405 2840 ad
2437 2785 2588 2854 regni
2615 2786 2697 2841 sui
2725 2785 2986 2842 terminos
3006 2802 3130 2842 cum
3152 2785 3426 2858 obsequiis

1836 2889 1964 2946 rege
1986 2875 2164 2944 dignis
2189 2875 2379 2931 deduci
2409 2875 2560 2931 facit.
2589 2875 2879 2932 Lotharius
2898 2877 3160 2933 adversus
3195 2877 3417 2932 Karlum

1837 2967 2120 3022 occasione
2149 2975 2412 3036 suspectae
2442 2967 2569 3023 fidei
2612 2967 2876 3037 queritur.
2929 2965 3096 3024 Multa
3144 2968 3426 3024 catholicae

1838 3057 1960 3112 fidei
2017 3057 2287 3113 contraria
2338 3057 2390 3113 in
2439 3072 2610 3129 regno
2657 3057 2828 3124 Karli,
2885 3057 3004 3128 ipso
3052 3073 3269 3130 quoque
3317 3074 3424 3115 non

1836 3151 2040 3218 nescio,
2067 3150 2414 3207 concitantur

153 3289 360 3345 modice
386 3263 610 3347 Carolus
625 3263 936 3359 sollicitus,
987 3293 1055 3349 ab
1103 3293 1393 3363 Aquitania
1441 3293 1588 3350 nullo
1633 3308 1726 3366 pe-

1901 3263 2083 3320 Mense
2127 3263 2392 3336 Augusto,
2433 3263 2573 3330 Leo,
2611 3263 2923 3336 apostolicae
2969 3264 3118 3321 sedis
3167 3265 3413 3332 antistes,

154 3389 302 3436 racto
335 3382 552 3452 negotio
577 3384 597 3413 ²
626 3384 888 3454 repedans
907 3424 928 3450 ,
949 3383 1170 3440 fratrem
1196 3382 1516 3440 Lotharium
1547 3385 1617 3440 ad
1639 3400 1729 3455 pa-

152 3469 340 3527 latium
368 3487 524 3528 suum
553 3473 885 3530 Attiniacum
915 3474 1144 3540 invitat;
1171 3490 1281 3545 quo
1309 3475 1726 3542 convenientes,

152 3561 293 3631 quod
317 3561 516 3617 dudum
546 3563 862 3636 pepigerant
887 3563 1267 3619 firmaverunt.

226 3651 358 3707 Dani
383 3653 439 3708 in
464 3652 659 3724 Ligere
693 3654 1085 3720 consistentes,
1113 3669 1283 3726 usque
1323 3654 1390 3710 ad
1427 3654 1631 3711 Blisum
1663 3656 1728 3696 ³ο

150 3753 387 3800 castrum
408 3746 658 3812 veniunt,
683 3747 1278 3820 ipsumque'incendunt
1297 3788 1312 3810 ,
1335 3747 1576 3804 volentes
1607 3749 1732 3804 inde

151 3832 458 3891 Aure'lianis
500 3838 781 3906 pervenire
821 3839 1008 3894 eadem
1061 3839 1345 3910 patraturi.
1379 3838 1732 3908 Praeparanti-

150 3924 254 3980 bus
282 3941 408 3982 vero
431 3927 690 3984 adversus
710 3945 806 3985 eos
843 3930 1056 4000 navigia
1084 3939 1140 3984 et
1166 3929 1456 3986 bellatores
1478 3929 1733 4000 episcopo

151 4017 623 4073 Aurelianensium
651 4019 787 4088 Agio
813 4030 868 4076 et
892 4020 1192 4076 Carnutum
1236 4019 1548 4076 Burchardo
1575 4021 1616 4086 ⁸,
1664 4023 1732 4078 ab

153 4108 452 4164 intentione
480 4109 780 4177 desistunt,
809 4119 864 4166 et
906 4110 1164 4167 inferiora
1200 4111 1410 4184 Ligeris
1456 4121 1729 4183 repetunt.

151 4198 256 4258 Alii
281 4215 496 4272 quoque
523 4201 714 4272 piratae
735 4202 1008 4260 Danorum
1033 4201 1277 4259 Fresiam
1303 4203 1552 4260 Saxonia:
1582 4206 1732 4263 adia-

152 4299 366 4347 centem
391 4291 736 4364 populantur.
769 4291 1060 4351 Lotharius
1087 4303 1144 4351 et
1170 4294 1398 4352 Carolus
1428 4296 1635 4367 legatos
1664 4298 1734 4354 ad

151 4379 377 4436 fratrem
421 4381 796 4440 Hludowicum
821 4400 922 4456 pro
948 4385 1098 4456 pacis
1143 4387 1432 4443 concordia
1451 4428 1467 4454 ,
1494 4396 1552 4445 et
1577 4398 1636 4444 ut
1665 4389 1732 4445 ﬁ-

152 4474 287 4531 lium
313 4491 469 4533 suum
507 4481 573 4535 ab
610 4480 900 4550 Aquitania
931 4490 1184 4548 revocet,
1218 4482 1460 4538 mittunt.
1505 4481 1733 4541 Carolus

155 4568 351 4624 iterum
394 4568 738 4642 Aquitaniam
779 4574 909 4629 adit.
963 4574 1254 4646 Pippinus,
1297 4574 1512 4647 Pippini
1552 4576 1731 4656 films,

1834 3356 2120 3414 defunctus
2157 3365 2261 3424 est,
2314 3358 2472 3430 eique
2524 3359 2850 3416 Benedictus
2897 3360 3180 3417 successit.
3211 3360 3414 3418 Eodem

1834 3464 2021 3506 mense
2059 3451 2177 3505 duae
2226 3449 2397 3506 stellae
2436 3451 2660 3506 maioris
2707 3459 2763 3506 et
2825 3451 3051 3508 minoris
3097 3454 3420 3523 quantitatis

1833 3540 1963 3598 visae
1989 3551 2166 3596 sunta
2205 3550 2360 3612 parte
2404 3543 2705 3598 occidentis
2745 3542 3010 3599 orientem
3044 3559 3232 3600 versus
3280 3544 3420 3600 ince-

1834 3633 1984 3699 dere,
2015 3642 2071 3689 et
2122 3633 2226 3688 hoc
2253 3648 2351 3702 per
2377 3633 2568 3688 decem
2606 3633 2754 3688 vices
2799 3633 2938 3688 adeo
2979 3633 3315 3701 alternatim,
3361 3643 3422 3702 ut

1835 3725 2039 3780 maiore
2059 3732 2432 3792 permanente,
2470 3723 2648 3778 minor
2669 3723 2958 3793 aliquoties
2985 3724 3294 3781 nullatenus
3319 3741 3418 3797 ap-

1835 3822 2067 3884 pareret.
2109 3813 2399 3869 Lotharius
2435 3814 2752 3885 imperator,
2792 3817 2984 3871 morbo
3019 3825 3302 3887 correptus
3329 3817 3417 3871 vi-

1837 3914 2056 3976 tamque
2099 3905 2432 3975 desperans,
2476 3906 2867 3979 monasterium
2913 3907 3157 3964 Promece
3206 3907 3262 3963 in
3310 3908 3418 3963 Ar-

1837 3998 2049 4054 duenna
2095 3997 2451 4054 constitutum
2490 3997 2645 4064 adiit,
2691 3998 2978 4070 seculoque
3018 4009 3074 4056 et
3118 4015 3286 4071 regno
3329 4015 3422 4070 pe-

1836 4090 1984 4146 nitus
2021 4089 2437 4158 abrenuncians,
2489 4098 2678 4146 tonsus
2717 4097 2821 4156 est,
2851 4091 3018 4146 vitam
3067 4092 3421 4162 habitumque

1837 4181 2088 4238 monachi
2113 4181 2392 4237 humiliter
2417 4196 2659 4237 sumens.
2683 4181 3063 4252 Dispositoque
3087 4181 3230 4236 inter
3257 4182 3417 4248 filios,

1836 4273 1929 4344 qui
1985 4289 2170 4330 secum
2205 4273 2578 4338 morabantur,
2637 4287 2826 4344 regno,
2880 4273 2955 4328 ita
3011 4284 3072 4328 ut
3128 4273 3419 4333 Lotharius

1837 4364 2210 4436 cognominem
2241 4364 2262 4396 '
2305 4365 2424 4420 eius
2456 4363 2766 4430 Franciam,
2809 4363 3007 4421 Karlus
3042 4381 3172 4423 vero
3197 4365 3422 4424 Provin-

1839 4454 1978 4510 ciam
2002 4455 2290 4521 obtineret,
2322 4455 2464 4510 intra
2494 4471 2589 4511 sex
2613 4456 2730 4511 dics
2763 4455 2875 4512 vita
2900 4455 3136 4514 decessit
3156 4474 3209 4514 ιν
3224 4459 3422 4515 Kalen-

1838 4551 2031 4605 darum
2075 4549 2094 4588 ί
2127 4549 2469 4617 Octobrium,
2515 4559 2678 4622 atque
2728 4551 2781 4605 in
2829 4548 3018 4608 eodem
3081 4554 3416 4609 monasterio

151 4658 248 4728 qui
291 4658 348 4714 in
387 4663 718 4718 monasterio
763 4665 936 4721 sancti
974 4642 1213 4720 Hedardi
1261 4642 1447 4722 tonsus
1489 4642 1731 4722 habitum

1840 4642 2192 4714 sepulturam,
2222 4652 2280 4697 ut
2306 4642 2732 4708 desideraverat,
2759 4651 3082 4702 consecutus
3105 4651 3190 4699 est

155 4752 409 4807 monachi
444 4764 788 4826 susceperat,
832 4764 888 4812 et
927 4757 1286 4813 iuramentum
1338 4759 1734 4829 permansionis

1911 4758 2168 4832 Aquitani
2239 4758 2429 4814 urbem
2477 4757 2822 4816 Lemovicum
2883 4760 3156 4816 mediante
3203 4757 3423 4815 Octobri

152 4841 388 4911 fecerat,
435 4846 779 4918 Aquitaniam
824 4849 1143 4922 ingreditur,
1197 4867 1432 4922 parsque
1494 4853 1732 4908 maxima
1843 4866 2031 4908 mense
2064 4850 2468 4918 convenientes,
2510 4850 2730 4907 Karlum
2757 4867 3008 4922 puerum,
3047 4849 3212 4904 ﬁlium
3253 4849 3422 4914 Karli,

154 4939 336 5010 populi
367 4948 524 4998 terra:
566 4944 634 4999 ad
662 4960 786 5000 eum
833 4944 1100 5001 convolat.
1145 4943 1341 5001 Karlus
1366 4960 1490 5009 rex,
1521 4945 1731 5018 Pippini
1844 4959 2031 5014 regem
2063 4940 2389 5014 generaliter
2408 4941 2762 5008 constituunt,
2801 4949 3074 5011 unctoque
3109 4955 3206 5011 per
3250 4939 3425 5011 ponti-

152 5043 322 5087 causa
342 5033 672 5102 posthabita,
696 5034 1050 5093 Hludovicum
1075 5044 1330 5107 nepotem
1353 5037 1423 5094 ab
1442 5036 1733 5108 Aquitania
1845 5035 2002 5092 licem
2031 5049 2290 5091 coronam
2331 5033 2485 5106 regni
2517 5033 2802 5105 imponunt
2843 5040 3226 5104 sceptrumque
3261 5030 3422 5086 attri-

1376 5174 1771 5232 VARIANTES
1807 5171 2213 5232 LECTIONES.

231 5286 248 5318 ¹
271 5284 451 5370 supple
462 5300 626 5370 pace.
691 5287 968 5370 δἐιςβοείρ
991 5285 1086 5342 Ch.
1133 5357 1145 5370 .
1165 5285 1186 5318 ³
1209 5285 1432 5370 Blisium
1465 5285 1622 5370 Cir.“
1639 5284 1662 5317 ⁸
1680 5285 2102 5370 But-diardo‘CIi.
2124 5283 2196 5370 Βζ
2224 5283 2570 5370 liuehardum
2598 5280 2872 5370 (legendum
2897 5279 3334 5370 egregii-unqualm
3358 5293 3425 5336 ea:

147 5349 528 5413 canone'tertio
555 5356 764 5414 concilii
788 5349 1173 5415 S'umiomnsis
1195 5357 1411 5413 secundi
1436 5374 1489 5412 a.
1519 5356 1626 5414 853
1651 5357 1897 5414 celebrati
1917 5356 2097 5428 infert.
2175 5356 2198 5388 ³
2218 5357 2294 5412 ita
2335 5351 2573 5418 correxi;
2603 5349 2700 5408 Ch.
2730 5360 2781 5407 et
2813 5349 2882 5407 Β.
2922 5349 3238 5424 cognomen.

1693 5491 1906 5552 NOTAE
1917 5533 1930 5550 .

1845 5607 2149 5693 perrexisse
2177 5644 2194 5671 ,
2271 5618 2566 5675 secumque
2647 5617 2805 5686 suum
2878 5599 3049 5684 filium
3117 5598 3422 5664 Elfredum

1842 5681 2108 5756 dux:sse,__
2112 5683 2380 5756 testantur
2406 5674 2636 5756 Asserus
2659 5673 2800 5756 Vita:
2821 5669 3050 5735 Elfredi
3075 5683 3271 5756 auctor:
3283 5689 3424 5732 coae-

1841 5766 1964 5817 vus,
1990 5758 2045 5804 et
2068 5745 2440 5803 Ethelwerdus
2462 5747 2716 5818 antiquus
2737 5744 3183 5815 chronographus
3215 5743 3310 5801 lib.
3337 5761 3420 5802 tn.

1843 5821 2074 5946 BOIUQAlii
2107 5888 2176 5962 (e.
2209 5907 2260 5962 g.
2296 5888 2666 5961 Necrologium
2708 5886 3056 5957 Sangallense
3097 5885 3190 5957 Ρ.)
3220 5885 3421 5944 habent

225 5623 251 5650 δ
278 5609 507 5666 Luuich.

226 5679 256 5718 ι’
281 5680 447 5737 Βιοὶε.

226 5763 248 5824 ιῖ
278 5751 360 5824 Cf.
390 5752 590 5824 Chron.
621 5751 686 5824 de
710 5753 875 5824 gestis
899 5750 1107 5824 Horn»,
1140 5750 1379 5824 an._8_55.

222 5822 248 5860 ·¹
285 5822 376 5895 _(_If.
408 5823 619 5895 Chron.
646 5821 898 5895 de'gestis
917 5822 1114 5895 Norm.
1136 5840 1188 5878 a.
1215 5821 1342 5895 855.

230 5903 252 5930 ι·
285 5891 396 5950 Hoc
417 5909 558 5949 anno
581 5891 1021 5950 Edilvulfumseu
1053 5893 1454 5953 Ethelwolfum
1504 5897 1732 5952 ltmnam
