3974 6344
539 385 688 477 ius
1544 411 1604 468 s.
1643 409 2016 468 pauonum
2053 409 2433 468 necessus
2474 411 2775 471 EPISCOPI
3681 416 3834 471 mo

537 535 788 586 certatim
831 524 1046 582 conlata
1087 529 1233 580 sunt.
1283 535 1310 564 ι
1348 521 1590 579 Comites
1624 537 1757 580 vero
1787 521 1936 578 Karli
1982 522 2125 594 regis
2151 526 2204 586 Α
2229 523 2399 594 ceptis
2443 524 2511 579 ab
2550 523 2846 594 Aquitania
2875 532 2931 580 et
2963 521 3252 581 ‘Nieustria
3290 537 3458 596 atque
3505 527 3842 583 Britonibus

536 641 663 682 cum
713 621 1023 678 Britonibus
1052 618 1242 684 iuncti,
1286 616 1600 674 deficientes
1631 631 1662 671 a
1712 615 1893 681 Karlo,
1950 615 2124 671 tilium
2229 615 2324 687 qui
2351 615 2420 671 ad
2457 629 2580 671 eum
2609 630 2668 671 se
2693 623 2955 674 venturos
2998 617 3424 687 spoponderant,
3451 618 3658 673 eadem
3691 633 3844 689 pene

535 718 655 774 eius
686 715 1059 772 lﬂudowicum
1104 711 1332 782 eiusque
1361 725 1624 781 sequaces
1667 726 1699 765 a
1723 711 1970 778 partibus
2023 709 2126 766 Ce-
2227 707 2315 762 via
2359 723 2531 778 usque
2566 707 2635 762 ad
2672 705 3020 778 Cupedenses
3062 718 3292 764 remeat.
3323 709 3533 776 Quibus
3589 708 3842 763 Kal-olus

537 809 879 869 nomannicis
925 805 1262 872 deterritum,
1323 804 1631 874 Sequanam
1681 805 1916 860 transire
1961 811 2125 874 atque
2230 815 2326 855 rex
2358 800 2669 872 compertis,
2690 815 2789 872 per
2811 799 3140 856 Catalaunos
3181 815 3352 870 usque
3384 801 3454 856 ad
3493 801 3786 857 Breonem
3821 805 3836 842 ί

537 905 606 959 ad
633 912 843 973 patrem
873 899 1120 971 refugere
1149 897 1498 968 compellunt.
1549 895 1843 951 Lotbarius
1871 908 1968 950 rex
1999 910 2122 950 cum
2228 891 2410 947 villam
2441 891 2670 949 festinus
2702 893 2968 964 graditur,
2993 893 3085 948 ubi
3116 891 3576 949 concurrentibus
3603 894 3678 947 ad
3711 909 3842 948 en

538 995 709 1051 fratre
747 1008 844 1049 suo
874 992 1096 1056 Karolo,
1145 989 1450 1046 Provinciae
1512 1003 1661 1060 rege,
1709 987 2003 1042 amicitiam
2032 986 2126 1041 fir-
2226 983 2550 1056 Burgundite
2607 985 2970 1056 primoribus,
3015 985 3389 1042 Hludowicum
3439 985 3840 1055 insequentem

537 1093 670 1151 mat,
715 1083 856 1140 datis
891 1083 940 1139 ei
982 1081 1192 1137 duobus
1233 1079 1632 1158 episcopalibus
1666 1079 1684 1109 ¹
1720 1093 1785 1134 ex
1817 1093 1985 1149 regno
2023 1093 2124 1134 suo
2227 1076 2602 1148 praestolatur;
2631 1078 2725 1133 sed
2751 1077 3240 1133 intercurrentibus
3262 1077 3500 1142 nunciis,
3522 1093 3662 1132 cum
3687 1077 3842 1132 nulla

535 1174 896 1247 portionibus,
948 1173 1004 1230 id
1040 1180 1125 1228 est
1150 1171 1336 1228 Bilisio
1367 1171 1395 1211 ιι
1427 1179 1482 1226 et
1508 1169 1827 1224 Tarantasia
1856 1180 1878 1208 ο
1926 1168 2122 1224 :simi-
2227 1167 2378 1238 pacis
2423 1167 2748 1238 compositio
2789 1169 2976 1234 ﬂeret,
3027 1169 3188 1224 tertio
3237 1168 3454 1223 tandem
3501 1167 3623 1233 die,
3659 1167 3718 1222 id
3759 1179 3844 1222 est

537 1267 660 1324 liter
683 1267 881 1322 Karlus
909 1265 1085 1322 eidem
1107 1263 1266 1319 fratri
1289 1278 1388 1318 suo
1414 1261 1675 1318 Lothario
1695 1276 1923 1333 regnum
1963 1277 2122 1316 suum
2227 1259 2400 1332 pridie
2419 1258 2545 1314 Idus
2565 1257 2908 1326 Novembris,
2927 1259 3248 1330 praeparatis
3273 1259 3399 1314 hinc
3423 1259 3557 1314 inde
3581 1258 3843 1320 aciebus,

535 1374 599 1415 ea
628 1357 938 1414 conditione
964 1355 1210 1422 tradidit,
1259 1363 1322 1409 ut
1346 1354 1414 1420 si,
1460 1361 1752 1423 antequam
1781 1367 2007 1408 uxorem
2033 1367 2125 1406 ac-
2228 1351 2416 1407 videns
2463 1351 2661 1406 Karlus
2701 1366 2762 1407 se
2793 1367 2823 1406 a
2860 1352 2974 1407 suis
3019 1352 3228 1417 deseri,
3269 1352 3502 1408 recessit
3541 1359 3608 1405 et
3651 1359 3846 1421 partes

2225 1443 2547 1514 Burgundiaa
2575 1443 2752 1514 petiit.
2780 1443 3128 1500 Hludowicus
3157 1458 3311 1509 vero,
3342 1443 3596 1512 receptis
3627 1442 3722 1497 bis
3749 1442 3844 1512 qui

2227 1551 2256 1590 a
2303 1535 2465 1591 Karlo
2518 1535 2856 1600 defecerant,
2899 1537 3200 1609 Augustam
3260 1537 3558 1593 Tricorum
3614 1537 3632 1586 ἱ
3690 1537 3881 1616 δόξῃ.

2224 1629 2406 1700 ibique
2439 1629 2769 1687 distribuens
2800 1630 3184 1686 invitatoribus
3210 1630 3324 1686 suis
3356 1631 3701 1695 comitatus,
3735 1646 3842 1684 mo-

534 1721 826 1778 Landberti
852 1719 1105 1791 quiescit,
1131 1727 1280 1773 tanta
1303 1717 1484 1773 subito
1507 1715 1813 1786 pluviarum
1843 1713 2122 1768 inundatio
2224 1723 2486 1790 nasleria,
2514 1722 2672 1778 villas
2709 1723 2890 1794 regias
2934 1733 3099 1793 atque
3140 1723 3534 1795 proprietates,
3587 1723 3664 1777 ad
3703 1721 3842 1776 Aui-

534 1814 700 1872 ell'usa
730 1823 831 1881 est,
863 1821 924 1868 ιη
946 1813 1136 1868 domos
1163 1821 1219 1868 θῐ
1245 1827 1430 1867 mlﬂ'OS
1458 1811 1701 1880 lapideos
1722 1825 1818 1865 seu
1844 1823 2119 1879 quaecum-
2224 1816 2440 1871 niacum
2477 1815 2740 1886 palatium
2784 1815 3090 1871 revertitur.
3135 1815 3256 1882 Quo
3291 1815 3614 1871 Lotbarius
3647 1831 3748 1870 rex
3793 1816 3838 1868 ei

536 1922 644 1978 que
670 1905 898 1962 aedificia
922 1920 1046 1960 cum
1074 1903 1384 1959 hominibus
1413 1911 1468 1959 et
1487 1901 1742 1958 omnibus
1763 1915 2121 1972 quiscumque
2151 1899 2196 1959 Β
2223 1907 2488 1971 occurrit,
2530 1915 2586 1963 et
2640 1907 2975 1963 conﬁrmatis
3029 1907 3171 1962 inter
3217 1922 3275 1962 se
3323 1906 3734 1977 pactionibus,
3777 1907 3836 1958 ad

532 1995 642 2052 illic
691 1997 921 2061 invenit,
972 2008 1145 2064 usque
1193 1993 1260 2049 ad
1305 1994 1477 2064 ipsam
1517 1992 1803 2048 ecclesiam
1846 1991 2122 2047 memoria:
2225 2015 2322 2055 sua
2375 1987 2616 2069 repedat.
2665 1998 3012 2054 ﬂludowicus
3061 2013 3191 2054 vero
3238 2013 3337 2068 per
3382 1997 3836 2052 Durocortorum

530 2087 708 2142 sancti
747 2085 1044 2141 Landberti
1071 2085 1306 2140 violenta
1355 2084 1656 2154 irruptione
1683 2083 1737 2138 in
1775 2081 1982 2137 Mosam
2023 2080 2122 2134 ﬂu-
2223 2091 2515 2147 Remorum
2560 2099 2617 2147 ει
2657 2089 3070 2146 Laudunensem
3135 2083 3336 2161 pagom
3391 2089 3472 2144 ad
3529 2088 3838 2160 Ausum

531 2177 680 2232 vium
726 2176 1164 2246 praecipitaverit.
1220 2175 1356 2230 Dani
1397 2175 1424 2215 ἀ
1469 2174 1763 2231 Saxoniam
1801 2173 2122 2246 adgrediun-
2222 2182 2712 2250 Veromandorum,
2752 2183 2807 2238 in
2849 2184 3099 2240 coenobio
3146 2183 3403 2240 videlicet
3445 2184 3646 2238 sancti
3688 2182 3838 2250 Quin-

531 2277 639 2335 tur,
681 2268 776 2323 sed
807 2267 1162 2339 repelluntur.
1210 2267 1535 2323 Benedictus
1565 2262 1847 2322 Romanus
1874 2263 2118 2335 pontifex

2225 2274 2323 2330 tini
2360 2276 2614 2346 martyris
2653 2276 2936 2332 dominicae
2980 2275 3280 2330 nativitatis
3318 2279 3534 2330 testum
3585 2275 3832 2330 celebra-

531 2359 792 2426 ῐιιοΐίῑυΐὶ
841 2357 1095 2414 Nimbus
1123 2359 1412 2430 βτᾶξεεῐιιίθ
1449 2358 1624 2428 magis
1665 2373 1730 2413 ³ο
1770 2357 1957 2412 favore
1985 2354 2122 2410 Ηίιι·
2223 2377 2406 2432 turus,
2458 2366 2762 2438 ingreditur
2787 2368 2829 2421 ².
2860 2367 3070 2422 Interea
3097 2366 3313 2425 quidam
3340 2365 3366 2404 ιι
3409 2366 3740 2420 monachus
3781 2380 3834 2418 ex

530 2451 724 2508 dowici
759 2450 903 2522 regis
924 2460 979 2506 et
1007 2465 1292 2522 procerum
1335 2450 1455 2506 eius
1496 2464 1658 2520 quam
1688 2447 1823 2504 cleri
1851 2447 2115 2502 electione
2222 2459 2550 2514 monasterio
2608 2458 2784 2513 sancu
2842 2455 3112 2513 νίηεεηιίί
3164 2455 3427 2526 martyris
3501 2454 3598 2509 νει
3673 2455 3836 2509 sam;

530 2543 897 2601 substituitur.
920 2541 1211 2598 Lotbarius
1235 2557 1355 2608 rex,
1385 2541 1703 2612 cogentibus
1725 2540 1860 2604 suis,
1892 2552 2118 2593 uxorem
2221 2550 2477 2606 Germani
2533 2549 2892 2614 confessoris,
2941 2563 2973 2602 δ
3021 2547 3302 2613 Corduba,
3351 2547 3600 2602 civitate
3655 2545 3838 2616 Hispo.

531 2653 694 2710 quam
723 2637 997 2692 abiecera‘
1025 2635 1248 2706 Υθθθρίῐν
1299 2649 1399 2691 nec
1433 2643 1614 2689 lameﬂ
1660 2631 1729 2687 ad
1763 2633 1979 2687 ιιιοτιιιι]
2025 2630 2119 2685 ad'
2221 2642 2345 2712 nisi,
2386 2641 2626 2708 rediens,
2665 2656 2895 2712 corpora
2932 2640 3212 2695 beatorum
3255 2649 3582 2710 martyrum
3620 2637 3834 2708 Georgii

530 2731 719 2799 mittit,
755 2731 852 2788 sed
879 2730 1140 2787 custodia:
1165 2730 1349 2785 tradit.
1393 2727 1588 2783 Karlus
1615 2741 1713 2782 rex
1751 2725 1984 2781 insulam
2023 2723 2120 2780 Se-
2221 2733 2436 2790 diaconi
2487 2741 2542 2789 ei
2589 2731 2792 2788 Aurelii
2845 2741 3113 2805 caputque
3170 2730 3442 2786 Nathalizg
3502 2747 3708 2787 secum
3751 2732 3834 2785 (ιε.

530 2839 722 2894 quana:
746 2823 1010 2880 vocabulo
1031 2821 1325 2888 Oscellum,
1347 2819 1527 2876 Danos
1549 2820 1604 2876 in
1630 2835 1695 2875 ea
1715 2826 2118 2874 commorantes
2225 2826 2377 2892 ιυιίι,
2417 2836 2581 2897 atque
2621 2826 2679 2883 in
2721 2825 2846 2881 vina
2883 2825 3150 2880 Acmamo
3179 2822 3198 2863 ι
3224 2824 3278 2878 in
3323 2822 3535 2879 [oculis
3569 2824 3834 2879 suum;

531 2915 885 2981 obsessurus,
935 2929 1122 2970 mense
1167 2913 1302 2969 Iulio
1361 2912 1696 2984 aggreditur,
1744 2911 1836 2967 ubi
1878 2913 1948 2966 ad
1993 2925 2117 2966 eum
2221 2917 2524 2974 collocavit.

531 3007 762 3065 Karolus
805 3024 965 3082 puer,
1009 3007 1152 3063 ﬁlius
1196 3006 1345 3073 eius,
1397 3007 1468 3062 ab
1511 3006 1801 3078 Aquitania
1851 3005 2114 3075 pervenit.
2861 3005 3182 3062 DCCCLIX.

529 3100 666 3158 Cum
706 3117 814 3172 quo
856 3101 1145 3172 Pippinum
1183 3099 1292 3154 iam
1326 3098 1525 3154 laicum
1556 3097 1802 3168 suscipit,
1832 3106 1886 3152 et
1923 3097 1973 3151 ei
2021 3111 2116 3152 co-
2292 3099 2428 3154 Dani
2481 3107 2523 3130 "
2569 3098 2687 3155 loca
2732 3097 2875 3153 ultra
2931 3097 3179 3153 Scaldem
3228 3095 3606 3168 populantur.
3644 3095 3834 3168 Vulgus

533 3193 756 3249 mitatus
784 3208 850 3248 ac
884 3191 1215 3248 monasteria
1251 3191 1305 3245 in
1333 3189 1623 3260 Aquitania
1666 3188 1874 3244 tribuit.
1908 3186 2115 3243 Lotha-
2220 3191 2589 3262 promiscuum
2641 3189 2784 3243 inter
2839 3187 3144 3258 Sequanam
3191 3196 3246 3242 et
3295 3185 3554 3257 Ligerim
3599 3188 3746 3242 inter
3783 3203 3828 3239 se

531 3283 648 3338 rius
697 3283 860 3338 etiam
917 3297 1016 3338 rex
1066 3283 1134 3336 ad
1191 3282 1436 3338 eamdem
1491 3280 1723 3336 insulam
1779 3295 1966 3335 mense
2012 3281 2122 3333 Au-
2152 3271 2196 3334 C
2227 3285 2522 3340 coniurans
2551 3284 2812 3340 adversus
2841 3282 3020 3337 Darius
3055 3283 3108 3337 in
3146 3282 3404 3352 Sequana
3435 3282 3826 3344 consistentes,

534 1449 740 1519 ciperet
778 1456 834 1504 et
862 1447 1000 1503 filios
1021 1453 1331 1518 generaret,
1381 1445 1450 1499 ab
1479 1443 1582 1499 hac
1602 1443 1712 1497 vita
1734 1442 2044 1507 decederet,
2073 1440 2122 1497 ei

535 1540 823 1597 Lotbarius
853 1540 968 1596 iure
1001 1538 1345 1594 haereditario
1372 1536 1710 1592 succederet.

605 1629 788 1687 Mense
815 1629 977 1696 Maio,
1005 1628 1060 1683 in
1085 1626 1205 1684 vico
1223 1626 1485 1692 Leudico,
1518 1625 1573 1680 in
1600 1640 1707 1695 quo
1729 1638 1928 1695 corpus
1947 1630 2121 1678 sancti

534 3380 694 3446 gusto
719 3380 986 3442 properat
1003 3370 1266 3426 avunculo
1292 3371 1619 3426 adiutorium
1641 3369 1987 3435 conlaturus;
2022 3369 2115 3424 ubi

529 3479 706 3536 usque
749 3480 807 3519 ιχ
843 3461 1113 3518 Kalendas
1153 3461 1404 3518 Octobris
1440 3463 1643 3532 absque
1685 3462 1932 3532 profectu
1967 3460 2116 3516 obsi-

533 3557 713 3616 dionis
762 3556 1136 3620 demorantes,
1189 3553 1400 3609 tandem
1454 3553 1522 3608 ad
1576 3553 1793 3624 propria
1849 3559 2116 3608 remeant.

530 3648 753 3704 Interim
780 3648 1008 3703 comites
1029 3663 1099 3702 ex
1122 3662 1288 3718 regno
1318 3645 1501 3702 Karoli
1533 3646 1676 3714 regis
1719 3644 2117 3709 Hludowicum,

532 3740 926 3796 Germanorum
959 3755 1161 3810 regem,
1203 3754 1363 3808 quem
1413 3752 1512 3808 per
1547 3736 1787 3806 quinque
1821 3751 1995 3790 annos
2039 3736 2119 3790 in-

532 3833 871 3899 vi’taverant,
922 3831 1236 3896 adducunt;
1295 3829 1384 3900 qui
1451 3827 1719 3883 Kalendas
1783 3827 2119 3898 Septembris

532 3922 867 3980 Ponteonem
905 3935 929 3962 ο
961 3923 1166 3994 regiam
1213 3921 1399 3976 villam
1450 3920 1771 3984 adveniens,
1819 3935 1915 3989 per
1955 3920 2118 3975 Cata-

532 4013 723 4089 launos
772 4015 789 4054 ί
831 4023 888 4072 et
931 4014 1276 4087 Cupedenses
1320 4017 1345 4056 8
1384 4013 1715 4086 Agedincum
1769 4013 2044 4068 Senonum
2090 4014 2120 4056 ιι

533 4108 812 4180 pervenit;
861 4108 988 4164 inde
1030 4107 1476 4170 Aurelianensem
1514 4123 1714 4180 pagum
1756 4108 1982 4176 adiens,
2030 4123 2118 4163 re-

2223 3374 2440 3432 fortitcr
2483 3362 2721 3440 resistit;
2754 3373 2849 3429 sed
2892 3373 3021 3444 quia
3060 3373 3276 3428 incaute
3311 3382 3588 3442 suscepta
3629 3383 3714 3427 est
3749 3386 3824 3424 en-

2224 3486 2344 3524 rum
2375 3469 2700 3534 coniuratio,
2728 3483 2758 3521 a
2787 3467 3182 3538 potentioribus
3219 3466 3428 3520 nostris
3469 3465 3646 3521 facile
3677 3467 3825 3519 inter-

2225 3559 2501 3615 ficiuntur.
2547 3558 2743 3614 Karlus
2795 3573 2891 3614 rex
2947 3556 3278 3628 recuperatis
3333 3555 3560 3610 viribus
3619 3555 3826 3610 fratrea

2226 3668 2382 3708 suum
2411 3651 2786 3707 Hludowicum
2821 3667 2922 3708 nec
2950 3651 3264 3722 opinantem
3305 3649 3670 3721 adgreditur,
3699 3659 3753 3703 et
3775 3649 3826 3703 de

2225 3746 2376 3816 regni
2426 3745 2508 3800 sui
2559 3744 2759 3800 finibus
2803 3744 2976 3814 pellit.
3029 3743 3321 3799 Lotbarius
3369 3758 3475 3798 rex
3509 3744 3584 3797 ad
3617 3742 3822 3798 Karlna

2225 3847 2479 3908 patruum
2510 3851 2668 3890 suum
2704 3835 2943 3900 festinat,
2973 3845 3029 3891 et
3070 3836 3159 3891 die
3201 3835 3488 3891 dominico
3525 3836 3676 3890 initii
3704 3850 3822 3906 qua—

2227 3927 2544 3998 dragesimaa
2593 3927 2648 3984 in
2693 3943 2850 3982 arcas
2890 3939 2919 3966 ιι
2947 3927 3168 3998 palatio,
3201 3927 3419 3997 publice
3468 3929 3821 3982 sacramentis

2227 4016 2466 4072 vicissim
2499 4031 2596 4086 per
2625 4032 2685 4072 se
2711 4017 2859 4088 ipsos
2885 4016 3050 4084 datis,
3084 4031 3204 4072 sese
3238 4017 3440 4071 iterum
3478 4017 3819 4072 conﬁrmant.

2231 4106 2426 4162 lim-lus
2468 4107 2713 4178 quaedam
2754 4109 3103 4177 monasteria,
3131 4125 3253 4180 quae
3295 4118 3468 4166 antea
3509 4110 3706 4168 clerici
3744 4111 3822 4165 ha-

1773 4219 2162 4276 VARIANTES
2199 4219 2601 4278 LEC'HONES.

540 4313 556 4345 ⁸
586 4313 988 4386 episcopatibus
1019 4312 1118 4370 Ch.
1144 4324 1192 4371 et
1236 4313 1303 4370 B.
1379 4315 1401 4346 ²
1427 4313 1769 4386 regreditur?

2059 4405 2293 4465 ΝΟΤᾸΞ.

613 4538 639 4568 ει
680 4526 759 4582 Ex
797 4532 953 4596 parte
987 4523 1304 4580 monasterii
1345 4521 1518 4596 sancti
1551 4520 1793 4596 Dionysii
1828 4521 1969 4576 data:
1995 4529 2122 4576 sunt
2150 4528 2204 4588 ι)
2298 4523 2326 4562 h
2359 4521 2510 4596 Sena.

539 4615 605 4655 ea:
634 4613 766 4652 auro
798 4591 1056 4652 sexcenta:
1080 4596 1338 4666 octoginta
1370 4594 1596 4666 quinque
1622 4591 1789 4656 librm,
1817 4609 1881 4646 ex
1907 4603 2121 4666 argento

542 4671 648 4724 tria
694 4667 864 4721 millia
909 4667 1133 4721 ducenta
1176 4663 1584 4737 quinquaginta,
1627 4672 1826 4737 prmter
1855 4663 2126 4737 _vass_allos

537 4753 836 4808 eorumque
887 4752 1085 4792 uxores
1137 4733 1204 4808 ac
1252 4733 1468 4790 liberos.
1507 4734 1593 4808 Ita
1641 4733 1743 4803 legi
1805 4735 1871 4808 ad
1920 4734 2125 4808 calcem

536 4805 997 4881 Aquisgjjanensis
1019 4877 1030 4881 _
1058 4805 1257 4881 regula}
1328 4805 1733 4881 canonicorum,
1806 4806 1861 4859 in
1938 4805 2124 4862 codice

539 4875 939 4937 sancti'Nicasii
969 4875 1292 4932 Rheniensis
1326 4877 1392 4929 ab
1421 4876 1576 4929 annis
1606 4875 1709 4929 800
1739 4883 2002 4940 exarato;
2031 4891 2126 4928 no-

543 4949 1018 5076 gtMahillouius,
1059 4948 1151 5002 lib.
1193 4962 1339 5001 xxxv
1364 4945 1558 5000 Annal.
1602 4945 1825 5014 Bened.,
1854 4962 2004 5000 num.
2033 4945 2120 5001 53.

589 5036 712 5076 ouo.

589 5036 712 5085 ουρ.

615 5093 644 5132 h
673 5090 852 5162 Belley
876 5089 944 5145 ad
971 5088 1313 5147 Rhodanum.

617 5174 641 5204 ο
675 5161 977 5216 Μοιιέιίεη.

612 5233 641 5274 d
676 5230 759 5304 gr.
792 5231 996 5304 Chron.
1022 5233 1090 5289 de
1115 5230 1282 5304 gestis
1310 5229 1520 5296 Norm.,
1550 5242 1638 5282 an.
1667 5228 1790 5284 857.

621 5318 646 5345 ε’
679 5302 926 5357 Pontion.

621 5377 641 5414 τ
675 5372 1257 5428 Chdlons-sur—Marne.

620 5449 645 5487 ε
671 5443 1026 5499 Doctissimus
1063 5443 1233 5499 abbas
1282 5441 1495 5511 Lebeuf,
1532 5443 1585 5497 in
1617 5441 1999 5495 dissertatione
2034 5455 2126 5510 pe-

542 5515 734 5592 culiari
771 5512 1073 5592 (Mimanta:
1111 5514 1174 5592 de
1197 5513 1406 5592 fricari:
1435 5513 1533 5592 aes
1573 5511 1943 5592 Inscriptions,
1974 5520 2121 5592 _tom.

541 5585 727 5652 XVIII,
755 5582 810 5654 p.
832 5583 939 5640 282
969 5592 1025 5639 et
1052 5585 1216 5654 suiv.)
1256 5599 1325 5639 ex
1353 5582 1671 5654 Helingaudi
1717 5582 1933 5637 comitis
1953 5583 2124 5654 dona-

541 5659 689 5738 tione
726 5653 976 5738 (Habill.,
1004 5653 1253 5738 ann_._lll_,.
1278 5653 1595 5738 pag..67{
1624 5662 1906 5709 centenam
1952 5653 2125 5738 gupe-

544 5724 1054 5798 densetn-in_pago
1098 5724 1520 5798 Meldicojcirca
1564 5724 1805 5798 Sesanne
1842 5725 2121 5798 positam,

545 5802 811 5920 a'ﬁiput
851 5794 969 5862 ejus
993 5794 1234 5862 'Cubtas,
1263 5795 1422 5866 vulgo
1467 5794 1734 5861 Queudes,
1779 5794 1946 5853 fuisse
1993 5809 2122 5868 pro-

2306 4596 2321 4633 ί
2353 4593 2601 4648 Brienne.

2303 4663 2315 4713 ι
2359 4663 2570 4734 Troyes.

2301 4735 2327 4774 ιι
2359 4733 2654 4811 monachus
2690 4733 2798 4811 iste
2822 4733 3102 4811 Usuardus
3129 4745 3240 4811 est,
3287 4735 3676 4811 Martyrologii
3705 4744 3816 4796 srri-

2227 4815 2369 4880 ptor.
2422 4803 2590 4872 Hujus
2633 4806 3004 4880 translationis
3024 4807 3324 4880 historiam
3377 4803 3703 4880 compos'uit
3741 4815 3816 4865 Ai-

2230 4876 2466 4952 i_uoi_nus,
2513 4877 2811 4952 monachus
2862 4879 3095 4933 cmnobii
3142 4879 3316 4934 sancti
3370 4876 3646 4936 Germani
3689 4885 3812 4952 apud

2228 4947 2486 5002 Parisios.
2513 4946 2680 5009 Bono.

2304 5017 2321 5056 ι
2355 5016 2503 5072 Idem
2523 5017 2827 5091 Aimoinus,
2860 5017 2956 5075 ιιι).
2986 5035 3068 5083 ιιι,
3097 5035 3216 5091 cap.
3245 5019 3278 5072 7
3297 5036 3322 5091 7:
3356 5018 3510 5074 Itum
3535 5024 3684 5076 enim
3725 5027 3812 5077 At-

2226 5099 2460 5163 manium
2487 5087 2663 5142 villam
2687 5100 2878 5163 nostra:
2908 5087 3263 5160 possessionis,
3288 5090 3346 5143 in
3363 5108 3472 5163 qua
3501 5102 3636 5146 tunc
3659 5097 3816 5163 major

2224 5176 2347 5234 pars
2388 5159 2615 5228 fratrum
2647 5159 2724 5234 ob_
2737 5160 2986 5234 infestant
3023 5177 3350 5230 paganorum
3376 5159 3618 5234 degebat
3659 5159 3816 5234 pars-

2225 5229 2506 5301 rationem,
2527 5229 2911 5301 aggrediemes.
2936 5229 3068 5285 Cum
3097 5229 3326 5301 corpore
3354 5229 3537 5286 sancti
3563 5229 3812 5288 Germani

2225 5299 2280 5354 in
2312 5301 2452 5376 hanc
2486 5299 3054 5376 villamhconfugerant
3106 5299 3360 5376 monachi
3384 5312 3502 5376 ,ιιι
3551 5305 3813 5376 colligitur

2223 5385 2290 5425 ex
2319 5369 2457 5426 libro
2482 5385 2522 5424 ιι
2550 5370 2615 5423 de
2638 5368 2913 5426 Miraculis
2936 5371 3054 5441 ejus
3076 5373 3145 5427 ab
3169 5373 3361 5427 eodem
3390 5372 3663 5430 Aimoino
3686 5368 3812 5430 ἷηιιι-

2223 5442 2425 5516 posito.
2467 5441 2631 5516 _Vicus
2675 5449 2768 5516 est
2811 5441 2970 5514 vulgo
3009 5442 3185 5516 dictus
3231 5442 3445 5497 Aimant
3495 5460 3678 5516 prope
3718 5447 3814 5501 ilo-

2223 5511 2576 5636 gasteriolum
2629 5511 2698 5566 ad
2747 5511 2959 5570 Icaunie
3003 5522 3059 5568 et
3105 5513 3374 5584 Sequanae
3425 5511 3810 5573 confluentem.

2267 5597 2392 5636 ouo.

2267 5597 2392 5646 ουρ.

2297 5661 2332 5684 ¹¹
2375 5651 2459 5726 Cf.
2487 5650 2691 5726 Chron.
2725 5654 2795 5726 de
2817 5655 2986 5726 gestis
3012 5654 3308 5726 Norwann.

2294 5734 2322 5761 τι
2346 5723 2547 5796 Arcae,
2566 5724 2696 5796 olim
2731 5723 2854 5780 villa
2894 5728 3042 5796 regia
3087 5728 3227 5781 inter
3255 5723 3530 5784 Macerias
3563 5739 3621 5786 et
3661 5732 3812 5788 Cam-

2222 5793 2441 5866 lopolim
2484 5795 2572 5870 ad~
2596 5793 3078 5870 Mosamiluufen,
3127 5813 3271 5853 nunc
3314 5800 3468 5854 vicus
3521 5803 3618 5870 qui
3673 5816 3810 5859 vetas

2224 5882 2423 5924 nomen
2455 5866 2670 5932 retinet,
2699 5866 2916 5924 Archcs.
2953 5869 3116 5932 Βουρ.
