3974 6344
208 399 342 456 “ﬂ
1679 398 1769 455 AN

1878 396 2014 453 LES.
2838 430 2841 433 ›
3315 397 3453 454 1418

202 509 333 564 bere
373 506 637 574 solebant,
671 506 823 565 laicis
867 507 1160 565 distribuit.
1194 508 1392 564 Piratae
1431 520 1459 550 ι
1499 509 1771 565 Danorum
1799 516 1853 575 Α
1946 506 2234 562 Lotharius
2282 505 2438 561 fratri
2486 517 2585 562 suo
2627 502 2963 571 Hludowico,
3005 506 3258 564 ltalorum
3308 511 3450 582 regi,

202 596 361 667 longo
402 598 569 653 maris
610 598 872 665 circuitu,
911 599 1055 655 inter
1100 598 1385 670 Hispanias
1427 598 1676 655 videlicet
1720 607 1775 655 et
1876 600 2165 670 quamdam
2198 598 2349 670 regni
2395 597 2479 655 sui
2521 597 2823 668 portionem
2854 598 3119 666 attribuit,
3150 614 3215 655 ea
3250 600 3273 632 ‘
3303 603 3452 657 vide-

199 687 436 743 Africam
468 689 808 761 navigantes,
840 689 1161 746 Rhodanum
1190 689 1586 763 ingrediuntur,
1614 691 1774 760 depo-

203 779 505 851 pulatisque
532 781 851 852 quibusdam
882 783 1191 839 civitatibus
1234 799 1299 840 ac
1329 784 1691 850 monasteriis,
1719 784 1772 839 in

200 869 376 924 insula
421 886 542 941 quze
571 869 817 927 Camaria
849 872 878 914 ι)
907 872 1125 939 dicitur,
1154 872 1310 929 sedes
1335 874 1608 946 ponunt’.
1634 874 1773 930 Kar-

200 960 281 1017 lus
330 977 427 1018 rex
475 978 573 1034 per
619 964 831 1020 diversa
888 963 1008 1021 loca
1056 975 1353 1023 conventus
1400 967 1773 1038 episcoporum

198 1055 331 1127 agit,
358 1057 453 1111 sed
484 1067 677 1127 quarto
705 1074 735 1113 a
763 1058 917 1115 Tullo
941 1060 1243 1116 Leucorum
1273 1062 1506 1119 miliario
1552 1063 1609 1118 in
1651 1061 1775 1118 villa

201 1148 530 1219 Saponarias
559 1161 581 1190 ο
615 1167 737 1208 cum
765 1151 1023 1209 Lothario
1047 1161 1103 1209 et
1130 1153 1311 1220 Karlo,
1337 1155 1622 1227 nepotibus
1662 1155 1776 1211 suis

198 1239 434 1310 regibus,
489 1241 695 1319 synodo
732 1245 1133 1321 episcoporum
1186 1245 1480 1313 adsistens,
1536 1245 1775 1303 libellum

199 1333 561 1390 accusationis
597 1334 859 1392 adversus
895 1335 1270 1405 Guanilonem,
1306 1338 1564 1410 Agedinci
1598 1338 1773 1395 Seno-

197 1443 326 1482 num
364 1430 839 1501 metropolitanum
879 1433 1207 1505 episcopum,
1245 1436 1493 1508 porrigit.
1526 1436 1656 1504 Quaa
1693 1446 1775 1492 ta-

198 1533 319 1573 men
367 1520 510 1576 actio
558 1530 779 1593 propter
828 1523 1128 1579 absentiam
1172 1528 1412 1583 eiusdem
1459 1526 1775 1584 Guanilonis

197 1609 434 1681 episcopi
474 1610 638 1668 dilata
676 1622 779 1669 est.
821 1614 952 1670 Inde
995 1616 1063 1671 ad
1092 1617 1435 1689 conloquium
1473 1617 1662 1675 fratris
1691 1620 1774 1676 sui

197 1697 493 1757 llludowici
520 1703 662 1776 regis
683 1703 739 1759 in
760 1704 936 1761 insula
968 1706 1144 1763 Rheni
1191 1708 1332 1765 inter
1354 1709 1734 1767 Antunnacum
1752 1714 1773 1745 ⁸

196 1795 271 1842 et-
296 1787 638 1848 Confluentes
684 1803 959 1865 properat.
1022 1795 1188 1853 Cuius
1242 1799 1496 1870 colloquii
1550 1801 1775 1860 effectus

1875 689 2001 745 licet
2042 704 2162 760 quae
2200 688 2342 743 ultra
2385 686 2563 742 luram
2597 696 2835 743 montem
2866 688 3119 755 habebat,
3150 689 3205 744 id
3232 698 3317 747 est
3341 691 3450 748 Ge-

1875 798 2069 847 nuam,
2125 780 2465 837 Lausonnam
2513 788 2567 835 et
2612 779 2889 836 Sedunum
2923 782 2951 821 ιι
2989 782 3273 851 civitates,
3325 800 3449 840 cum

1874 873 2301 946 episcopatibus,
2348 872 2693 928 monasteriis
2738 881 2793 928 et
2835 873 3213 941 comitatibus,
3258 884 3456 945 praeter

1872 967 2137 1039 hospitale
2166 967 2309 1037 quod
2332 975 2417 1023 est
2454 968 2509 1022 in
2547 975 2729 1024 monte
2772 965 2912 1023 lovis
2948 965 2966 1005 ι
2998 975 3053 1022 et
3076 966 3453 1038 Pipincensem

1876 1060 2192 1116 comitatum
2223 1071 2283 1114 ω.

1946 1150 2194 1218 Guanilo,
2245 1152 2531 1224 episcopus
2578 1150 2875 1219 Senonum,
2925 1154 3130 1225 absque
3179 1155 3453 1210 audientia

1875 1244 2249 1314 episcoporum
2285 1242 2448 1298 Karlo
2478 1244 2590 1314 regi
2622 1242 3019 1301 reconciliatur.
3046 1244 3299 1301 Nicolaus
3328 1260 3455 1315 pon-

1874 1332 2007 1390 tifex
2037 1332 2332 1402 Romanus,
2362 1334 2430 1391 de
2463 1336 2637 1408 gratia
2666 1337 2761 1393 Dei
2810 1347 2866 1393 et
2906 1338 3078 1395 libero
3118 1340 3365 1405 arbitrio,
3388 1338 3455 1393 de

1874 1426 2106 1482 veritate
2167 1427 2394 1495 geminae
2458 1428 2948 1499 praedestinationis
3010 1438 3065 1485 et
3118 1430 3139 1461 ⁸
3196 1429 3457 1500 sanguine

1874 1516 2095 1583 Christi,
2132 1526 2191 1576 ut
2219 1534 2319 1591 pro
2342 1519 2689 1577 credentibus
2726 1522 2979 1580 omnibus
3015 1521 3167 1581 fusus
3206 1524 3297 1591 sit,
3326 1521 3456 1579 lide-

1873 1607 2001 1666 liter
2029 1608 2316 1669 confirmat
2338 1620 2394 1668 et
2421 1611 2687 1668 catholice
2713 1613 2955 1675 decernit

2510 1769 2777 1828 DGCCLX

198 1878 442 1934 differtur
488 1897 659 1953 usque
715 1884 784 1940 ad
835 1900 931 1940 vin
969 1885 1239 1943 Kalendas
1271 1888 1589 1948 Novembris
1630 1894 1771 1963 apud
1798 1880 1847 1943 Β
1943 1886 2129 1944 Hiems
2168 1889 2375 1945 diutina
2404 1897 2458 1945 et
2492 1889 2764 1946 continuis
2800 1890 3013 1946 nivibus
3060 1906 3124 1946 ac
3161 1890 3281 1962 gelu
3316 1891 3454 1956 dira,

197 1970 448 2029 Basiliam
502 1976 789 2033 civitatem.
846 1977 963 2045 Quo
1025 1978 1341 2038 Hludowico
1417 1984 1772 2053 adveniente,

197 2064 389 2123 Karlus
426 2079 648 2140 propter
673 2071 916 2127 Lotharii
942 2074 1246 2131 absentiam
1276 2076 1345 2132 ab
1377 2076 1569 2133 itinere
1595 2088 1774 2149 empto

194 2163 504 2219 revertitur.
534 2163 789 2235 Aquitani
816 2166 885 2222 ad
913 2165 1135 2223 Karlum
1160 2184 1388 2240 puerum
1417 2186 1607 2227 omnes
1636 2186 1774 2242 pene

195 2265 597 2314 convertuntur.
639 2258 897 2333 Pippinus
934 2259 1197 2319 Rotberto
1238 2262 1424 2321 comiti
1458 2271 1516 2321 et
1541 2264 1775 2321 Britoni-

193 2348 297 2406 bus
328 2352 589 2409 sociatur.

266 2440 427 2499 Acies
455 2444 510 2498 in
539 2444 678 2501 calo
705 2461 891 2505 mense
913 2448 1172 2522 Augusto,
1205 2450 1510 2522 Septembri
1539 2459 1596 2506 et
1619 2450 1776 2507 Octo-

197 2534 283 2592 bri
307 2546 574 2594 nocturno
599 2547 843 2611 tempore
876 2544 1147 2610 visuntur,
1186 2544 1258 2599 ita
1287 2552 1349 2599 ut
1383 2545 1576 2601 diurna
1610 2545 1772 2600 clari-

197 2638 283 2686 tas
330 2631 398 2685 ab
451 2632 659 2689 oriente
710 2650 880 2705 usque
943 2638 997 2691 in
1047 2637 1466 2707 septentrionem
1520 2638 1776 2695 continue

197 2720 436 2787 fulserit,
475 2731 531 2778 et
568 2723 831 2782 columnae
878 2728 1185 2799 sanguinea:
1217 2744 1285 2784 ex
1319 2743 1384 2783 ea
1414 2730 1776 2786 discurrentes

195 2814 574 2885 processerint.
624 2814 759 2872 Dani
786 2816 814 2857 ά
856 2818 1067 2875 noviter
1112 2820 1459 2878 advenientes
1505 2830 1777 2878 monaste-

198 2907 338 2964 rium
367 2910 540 2966 sancti
568 2910 824 2968 Walarici
861 2925 884 2953 ο
908 2922 963 2969 et
1000 2914 1454 2980 Samarobrivam,
1485 2915 1775 2971 Ambiano-

198 3015 319 3055 rum
363 3001 663 3069 civitatem,
706 3002 918 3075 aliaque
959 3006 1380 3076 circumquaque
1422 3005 1539 3061 loca
1571 3005 1776 3075 rapinis

198 3101 268 3148 et.
298 3092 563 3150 incendiis
605 3104 850 3161 vastant;
910 3096 999 3151 alii
1045 3112 1257 3169 quoque
1307 3112 1495 3154 eorum
1544 3096 1774 3152 insulam

197 3184 371 3255 Rheni
407 3187 667 3243 Patavum
707 3187 729 3229 ί
771 3189 931 3245 simili
974 3189 1158 3247 furore
1208 3190 1503 3271 invadunt,
1542 3189 1598 3245 hi
1642 3203 1771 3245 vero

195 3279 290 3349 qui
334 3279 389 3336 in
434 3279 681 3351 Sequana
723 3291 1022 3349 morantur,
1066 3283 1385 3340 Noviomum
1428 3286 1454 3325 ε
1496 3280 1771 3339 civitatem

197 3380 359 3426 noctu
400 3373 662 3443 adgressi,
688 3373 982 3430 lmmonem
1019 3375 1331 3447 episcopum
1360 3390 1483 3431 cum
1512 3375 1635 3431 aliis
1674 3390 1771 3431 no-

196 3459 394 3516 bilibus
423 3469 531 3516 tam
557 3461 769 3519 clericis
809 3479 973 3534 quam
1000 3463 1151 3521 laicis
1185 3465 1424 3536 capiunt,
1454 3473 1770 3537 vastataque

196 3550 415 3607 civitate
460 3568 642 3609 secum
690 3555 982 3622 abducunt,
1020 3565 1182 3627 atque
1226 3558 1282 3612 in
1329 3557 1523 3613 itinere
1562 3557 1769 3613 interﬁ-

196 3640 363 3696 ciunt.
393 3641 495 3710 Qui
546 3645 712 3699 etiam
759 3654 886 3701 ante
940 3646 1075 3703 duos
1120 3660 1333 3704 menses
1367 3647 1765 3704 Ermenfridum

195 3728 548 3804 Belvagorum
577 3735 605 3775 δ
633 3735 689 3791 in
735 3737 967 3806 quadam
1003 3737 1130 3793 villa
1161 3737 1564 3805 interfecerant,
1593 3738 1687 3794 sed
1714 3747 1770 3792 et

197 3835 338 3878 anno
373 3825 649 3893 praeterito
678 3824 999 3883 Baltfridum
1033 3827 1078 3893 ³,
1111 3828 1476 3883 Baiocassium
1509 3830 1527 3868 ί
1563 3828 1774 3897 episeo-

193 3925 339 3981 pum,
382 3924 730 3970 necaverant.
759 3917 892 3973 Ossa
925 3920 1208 3974 beatorum
1241 3926 1538 3989 martyrum
1569 3917 1766 3987 Diony-

194 4001 282 4069 sii,
306 4003 513 4060 Rustici
540 4014 595 4060 et
628 4006 923 4062 Eleutherii
968 4017 1113 4064 metu
1157 4009 1469 4064 eorumdem
1496 4007 1768 4063 Danorum

158 4086 165 4092 ’
195 4092 252 4147 in
279 4110 475 4166 pagum
500 4094 912 4166 Mauripensem,
956 4099 1012 4155 in
1034 4099 1236 4167 villam,
1259 4102 1342 4155 sui
1378 4100 1512 4156 iuris
1537 4098 1769 4157 Novien-

197 4196 309 4243 tum
342 4186 390 4256 ί,
418 4190 639 4247 devecta
664 4200 821 4259 sunt,
858 4200 1022 4264 atque
1058 4207 1099 4249 ιι
1130 4190 1401 4251 Kalendas
1425 4189 1678 4251 Octobris
1711 4189 1768 4248 in

195 4279 387 4340 loculis
414 4283 701 4357 diligenter
725 4284 1026 4343 conlocata.
1570 4272 1573 4275 ⁷

1876 1997 1907 2036 a
1944 1997 2129 2037 mense
2148 1975 2405 2038 videlicet
2442 1981 2733 2038 Novembri
2763 1998 2936 2053 usque
2963 1983 3030 2038 ad
3058 1982 3316 2053 Aprilem.
3348 1981 3458 2039 Lo-

1877 2074 2091 2130 tharius
2116 2074 2356 2145 reginam
2392 2090 2545 2130 suam
2574 2073 2930 2146 Teutbergam
2965 2072 3306 2129 irrevocabili
3330 2073 3456 2129 odio

1874 2164 2229 2221 habitam.....
2272 2167 2315 2230 ⁸,
2341 2173 2402 2219 ut
2429 2165 2545 2234 ipsa
2572 2180 2758 2221 coram
2789 2163 3056 2234 episcopis
3084 2163 3455 2228 confiteretur,

1874 2257 2101 2314 fratrem
2144 2275 2301 2315 suum
2351 2258 2679 2315 Hucbertum
2735 2258 2841 2314 sibi
2885 2256 3205 2314 sodomitico
3255 2257 3459 2313 scelere

1873 2352 2262 2418 commixtum;
2298 2350 2442 2406 unde
2487 2359 2542 2407 et
2585 2350 2915 2421 poenitentiae
2957 2350 3213 2406 continuo
3244 2349 3459 2404 addicta

1875 2450 1957 2497 est
1990 2432 2154 2512 atque
2179 2442 2235 2498 in
2263 2442 2652 2497 monasterium
2681 2450 2913 2497 retrusa.
2938 2440 3133 2496 Karlus
3161 2454 3275 2507 rex,
3309 2439 3457 2495 inani

1875 2532 2146 2589 Danorum
2212 2533 2267 2589 in
2327 2532 2529 2589 Somna
2594 2533 3008 2589 consistentium
3070 2532 3460 2605 pollicitatione

1872 2623 2169 2695 pellectus,
2211 2624 2549 2679 exactionem
2597 2623 2664 2679 de
2706 2623 2975 2679 thesauris
3005 2622 3355 2679 ecclesiarum
3403 2630 3461 2677 et

1873 2716 2127 2773 omnibus
2148 2714 2351 2771 mansis
2373 2729 2436 2771 ac
2460 2704 2896 2787 negociatori‘bus
2916 2714 3079 2770 etiam
3101 2712 3455 2784 paupertinis,

1873 2810 1949 2867 ita
1977 2820 2038 2865 ut
2061 2810 2224 2866 etiam
2255 2811 2446 2865 domus
2474 2824 2662 2866 eorum
2692 2816 2748 2864 et
2775 2808 2954 2863 omnia
2984 2807 3232 2863 utensilia
3261 2806 3457 2876 adpre—

1874 2903 2169 2969 ciarentur,
2205 2910 2260 2959 et
2310 2901 2434 2957 inde
2469 2909 2705 2957 statutus
2741 2915 2938 2956 census
2978 2900 3302 2971 exigeretur,
3342 2898 3461 2953 fieri

1874 2999 2055 3065 iubet;
2092 3013 2215 3053 nam
2260 2998 2435 3054 eidem
2477 2999 2497 3030 "
2535 2996 2670 3053 Dani
2700 2998 3101 3068 promiserant,
3145 2997 3190 3053 si
3234 2997 3313 3053 eis
3351 2996 3458 3053 tria

1873 3090 2020 3145 milia
2081 3090 2341 3146 librarum
2403 3090 2610 3160 argenti
2681 3090 2922 3160 pondere
2985 3090 3294 3146 examinato
3357 3090 3459 3145 tri—

1874 3182 2081 3248 bueret,
2113 3196 2172 3237 se
2206 3182 2468 3238 adversus
2503 3196 2599 3237 eos
2627 3180 2808 3237 Danos
2837 3183 2930 3253 qui
2966 3182 3022 3237 in
3055 3182 3303 3254 Sequana
3339 3197 3460 3239 ver-

1799 3248 1844 3311 C
1876 3272 2135 3329 sabantur
2174 3272 2366 3335 ituros.
2393 3286 2594 3343 eosque
2623 3272 2751 3330 inde
2784 3248 2878 3329 aut
2908 3248 3226 3346 expulsuros
3248 3248 3347 3331 aut
3372 3273 3460 3331 in-

1878 3364 2221 3422 terfecturos.

1944 3456 2125 3512 Pridie
2160 3455 2342 3515 Nonas
2381 3458 2585 3530 Aprilis
2626 3467 2788 3515 nocte
2829 3458 3096 3527 sequenti,
3126 3471 3266 3513 nova
3305 3458 3456 3513 vide-

1870 3549 1997 3607 licet
2040 3550 2168 3606 luna
2210 3550 2319 3607 iam
2368 3553 2643 3618 inchoata,
2672 3551 2846 3607 fertur
2872 3551 3119 3620 quaedam
3154 3551 3459 3606 obscuritas

1871 3640 2227 3705 corniculata,
2267 3640 2457 3695 eodem
2508 3642 2786 3696 schemate
2829 3640 2851 3670 ⁸
2896 3654 3004 3709 quo
3041 3638 3169 3693 luna
3214 3638 3460 3710 splende-

1872 3732 1982 3795 bat,
2013 3745 2110 3800 per
2153 3730 2386 3785 medium
2436 3730 2674 3787 eiusdem
2720 3730 2863 3786 luna:
2911 3732 3246 3802 apparuisse,
3278 3733 3353 3787 ita
3400 3740 3461 3786 ut

1876 3821 2004 3875 hinc
2031 3820 2156 3875 inde
2185 3820 2407 3885 luceret,
2432 3822 2526 3877 sed
2558 3823 2612 3877 in
2649 3822 2825 3878 medio
2854 3823 3254 3878 obscuraretur.
3290 3822 3457 3877 Simi-

1874 3911 2000 3966 liter
2029 3912 2225 3968 dicitur
2250 3927 2346 3967 vni
2376 3912 2497 3969 ldus
2535 3913 2737 3984 Aprilis
2763 3914 2842 3970 sol
2873 3925 3045 3981 ortus,
3078 3914 3366 3985 quamdam
3401 3913 3454 3969 in

1875 4002 2052 4057 medio
2094 4002 2177 4057 sui
2220 4003 2350 4058 orbe
2398 4004 2837 4060 tenebrositatem
2868 4020 3076 4074 passus,
3106 4020 3211 4074 qua
3252 4005 3319 4059 ad
3368 4003 3450 4057 in-

1876 4092 2072 4149 feriora
2110 4093 2228 4149 eius
2265 4093 2567 4161 delabente,
2597 4110 2727 4152 mox
2770 4095 2874 4151 alia
2919 4112 2949 4151 a
2996 4095 3366 4166 superioribus
3404 4095 3454 4151 ei

1875 4185 2160 4256 ingruerit,
2187 4186 2408 4255 eiusque
2454 4186 2641 4242 orbem
2687 4202 2857 4256 usque
2892 4187 2959 4243 ad
2988 4186 3174 4244 inﬁma
3207 4186 3457 4246 similiter

1873 4276 2222 4347 percurrerit,
2255 4284 2310 4331 et
2338 4275 2440 4332 hoc
2469 4274 2597 4333 luna
2625 4276 2855 4334 decima.

1390 4393 1786 4452 VARIANTES
1820 4391 2221 4449 LECTIONES.

266 4490 284 4522 ί
318 4487 530 4561 dicitur
570 4505 631 4549 se
658 4489 947 4561 disponunt
969 4490 1065 4550 Ch.
1141 4495 1163 4523 ³
1201 4500 1562 4547 autunnacum
1590 4489 1688 4546 Ch.
1752 4488 1788 4561 ί³
1820 4487 2129 4561 blatfritlum
2160 4485 2255 4561 Ch.
2287 4486 2357 4561 B_.
2390 4558 2401 4561 _
2428 4488 2455 4561 ξ
2481 4502 2621 4561 eam,
2648 4487 2901 4561 videlicet
2934 4505 3054 4560 qua:
3095 4486 3160 4561 Β.
3231 4488 3253 4519 ⁸
3278 4495 3352 4561 _et
3381 4488 3448 4543 de

192 4560 256 4617 S.
299 4560 577 4634 Hincmart’
614 4560 833 4634 cpistola
856 4563 953 4620 25.

195 4641 342 4689 mate
369 4631 447 4689 Ch

264 4801 291 4865 _n
327 4789 409 4865 Cf.
436 4789 638 4865 Chron.
673 4793 739 4848 de
766 4801 906 4865 gest.
937 4789 1125 4865 Narin.

190 4860 416 4988 Gali}:
453 4860 855 4988 ῗῖἱιᾷζιανθιιεξὶυ
901 4866 1041 4922 ostio
1086 4861 1352 4921 Rhodani.
1401 4861 1606 4932 Vales,
1644 4862 1766 4920 Not.

242 4948 335 4995 al.,
363 4949 416 4995 p.
455 4948 570 4988 1w.

265 5012 300 5077 °_
332 5002 500 5073 Hujus
543 5003 682 5059 villae
727 5022 848 5077 qua!
887 5023 992 5062 una
1044 5008 1198 5063 leuca
1238 5008 1476 5066 distabat
1516 5021 1549 5063 a
1592 5004 1765 5073 Tullo,

186 5071 365 5147 multa
378 5071 947 5147 _snpersunt_véstigia.
977 5079 1142 5144 Bono.

259 5141 290 5183 τί
327 5141 638 5218 (Ξῐηϐιιςρηθ
669 5145 734 5201 de
757 5141 892 5218 gest.
922 5147 1109 5206 Norm.

266 5226 292 5286 «ξ
326 5213 515 5286 _Suint-
527 5211 735 5286 Yalery.

266 5282 289 5323 ί
326 5283 385 5339 ld
414 5293 492 5340 est
525 5282 769 5341 Batua'm.

267 5356 293 5396 ⁸
331 5353 539 5425 ῌουοη.

260 5425 293 5466 h
330 5424 607 5480 Beduvais.
656 5457 726 5467 —-
764 5427 1060 5486 lmmonem
1119 5441 1301 5485 tamen
1357 5428 1768 5484 Noviomensem

187 5495 522 5565 episcopum,
553 5505 610 5551 et
634 5496 1031 5554 Ermenfriilum
1059 5500 1488 5555 Bellovacensem
1512 5500 1577 5554 ad
1612 5514 1765 5554 men-

188 5580 309 5623 sem
326 5566 623 5640 AQctobrem
661 5570 788 5623 anni
835 5570 1212 5640 subsequentis
1236 5571 1553 5640 superstites
1578 5569 1767 5633 fuisse,

188 5636 540 5692 manifestum
594 5647 677 5693 est
729 5654 795 5694 ex
847 5642 985 5697 actis
1016 5636 1251 5695 'concitii
1301 5636 1566 5695 Tullensis
1628 5640 1769 5707 apud

190 5707 503 5772 Tusiacum,
540 5708 626 5762 cui
659 5710 818 5765 ambo
861 5711 1251 5779 subscripsere.
1284 5710 1598 5765 Rainelmus
1644 5710 1766 5779 qui-

190 5781 337 5841 dem,
367 5778 619 5833 Immonis
646 5794 944 5843 successor,
971 5778 1171 5838 ibidem
1191 5781 1351 5836 etiam
1378 5783 1516 5836 inter
1536 5778 1771 5836 subscri-

190 5847 437 5905 bentium
471 5850 689 5905 nomina
736 5850 1050 5909 invenitur:
1087 5860 1145 5909 at
1178 5861 1301 5927 post
1343 5852 1606 5923 synodum
1656 5850 1774 5921 ejus

516 5945 788 6010 Ριτιοι..
828 5948 1010 6009 CXV.

1038 4562 1062 4595 ‘
1093 4562 1441 4635 supplendum
1477 4561 1655 4634 coegit
1684 4560 1760 4617 vel
1791 4559 1937 4614 aliud
1977 4558 2253 4629 ejusmodi.
2328 4558 2349 4591 '
2388 4558 2530 4614 idem
2560 4557 2678 4625 Ch.,
2710 4560 2892 4616 eadem
2921 4557 3198 4617 sententia.
3275 4558 3297 4589 ⁸
3336 4574 3451 4613 δεοο

1708 4700 2032 4856 Νοέῗοιίε,
2061 4790 2203 4861 quod
2235 4806 2339 4845 non
2386 4805 2510 4846 raro
2566 4792 2746 4857 fiebat,
2781 4791 3119 4847 subscribere

1877 4797 2032 4856 actis,
2061 4797 2203 4861 quod
2235 4806 2339 4845 non
2386 4805 2510 4846 raro
2566 4797 2746 4857 fiebat,
2781 4797 3119 4847 subscribere
3157 4797 3361 4914 potuit,
3392 4801 3449 4845 ut

1877 4871 2025 4917 certe
2053 4861 2239 4915 iisdem
2258 4861 2632 4932 subscripsere
2645 4862 3144 4932 Autissiodorenses
3168 4876 3281 4932 uo,
3298 4860 3449 4916 Abbo

1875 4932 2083 4987 scilicet
2142 4941 2197 4985 et
2243 4930 2599 4988 Christianus.
2649 4933 2723 4985 Ita
2780 4930 3119 4989 Mabillonius
3165 4930 3258 4987 lib.
3305 4947 3449 4987 xxxv

1871 5002 2065 5058 Annal.
2097 5001 2317 5069 Bcned.,
2345 5019 2494 5059 num.
2520 5002 2608 5058 50.
2640 5003 2913 5066 Bouousr.

1950 5086 1965 5113 ι
2012 5071 2247 5142 Bayeux.

1860 5162 1863 5165 ·
1946 5154 1960 5193 3
2012 5142 2539 5212 Nogent-sur—Seine.

1944 5216 1970 5253 κ
2011 5211 2167 5282 Geni,
2196 5212 2490 5279 Lausanne,
2518 5213 2702 5268 Siuen.

1954 5285 1970 5321 ι
2014 5282 2289 5357 llospitale
2314 5285 2367 5357 in
2400 5293 2579 5357 monte
2614 5285 2788 5339 sancti
2816 5284 3099 5345 Bernardi.
3131 5288 3184 5341 in
3224 5286 3366 5357 quod
3395 5295 3452 5342 et

1874 5370 1973 5438 ego
2021 5353 2275 5438 lialendis
2316 5355 2576 5438 Augustis
2614 5371 2701 5438 an.
2752 5357 2910 5438 l825,
2950 5374 3015 5412 ex
3055 5357 3205 5438 Italia
3241 5353 3445 5438 redux,

1875 5424 2093 5491 diverti,
2122 5434 2176 5479 et
2217 5438 2316 5493 pro
2355 5440 2504 5478 more
2536 5424 2756 5480 Patrum
2798 5430 3122 5497 optimorum
3169 5428 3448 5482 humanis-

1876 5497 2011 5552 sime
2052 5504 2330 5567 excep‘tus,
2362 5503 2543 5563 grates
2588 5497 2656 5552 iis
2694 5498 2750 5551 in
2782 5498 2885 5554 hoc
2915 5499 3033 5554 loco
3062 5509 3183 5567 post
3211 5497 3450 5567 privatas

1875 5568 2116 5637 publicas
2152 5564 2320 5637 solvo.

1946 5646 1985 5668 ιιι
2025 5634 2154 5689 Sine
2178 5633 2339 5709 dubio
2370 5636 2655 5709 comitatus
2686 5637 3007 5709 Pipinensis,
3036 5656 3065 5693 a
3095 5648 3272 5694 castro
3314 5636 3449 5709 Bipp

1879 5721 2073 5762 nomen
2098 5704 2343 5769 sortitus,
2367 5707 2420 5762 in
2448 5704 2767 5764 occidentali
2795 5710 2936 5765 Jura:
2954 5704 3149 5765 monitis
3178 5704 3450 5773 latere,ad

1878 5778 2056 5853 fontes
2084 5775 2280 5853 _Rirsze
2317 5776 2574 5853 fluminis,
2624 5780 2778 5853 cujus
2822 5797 3089 5853 _mappam
3137 5780 3337 5837 videsis
3395 5778 3449 5833 in

1880 5843 2193 5917 Schmpﬂini
2220 5846 2389 5906 Alsat.
2424 5847 2617 5908 lllustr.
2653 5843 2775 5921 l,'p.
2808 5851 2929 5910 619.

2977 5946 3053 6009 1ιῦ
