3974 6344
631 365 766 420 N19
1655 364 1712 418 S.
1753 363 2125 421 PRUDENTII
2166 365 2545 427 TRECENSIS
2584 372 2888 432 EPISCOPI
3119 401 3126 412 -
3285 427 3288 430 .
3577 381 3584 386 ’
3708 385 3810 440 μεθ

703 476 840 530 Dani
860 487 884 515 ει
902 476 955 530 in
981 473 1182 530 Somna
1202 476 1577 542 consistentes,
1604 491 1726 530 cum
1752 478 1833 532 eis
1853 492 1960 536 non
1991 479 2210 534 daretur
2237 487 2290 546 Α
2313 499 2469 539 suum
2516 483 2755 554 Karlum,
2798 486 3112 546 Hludowico
3152 490 3262 561 regi
3300 489 3586 547 Germania:
3612 496 3810 568 sociam,

626 570 972 643 supradictus
1017 585 1236 636 census,
1281 570 1511 644 receptis
1561 569 1862 640 obsidibus,
1896 573 1962 627 ad
2011 574 2209 647 Anglo-
2313 585 2474 648 atque
2520 578 2588 634 ob
2633 579 2878 634 eamdem
2915 580 3232 636 societatem
3270 591 3473 652 partem
3507 585 3642 656 regni
3676 587 3756 654 sui,
3775 591 3812 646 id

629 663 873 721 Saxones
901 663 1186 734 navigant;
1217 678 1246 718 a
1273 664 1468 734 quibus
1499 663 1764 737 proﬂigati
1793 675 1956 738 atque
1986 668 2206 740 repulsi,
2310 676 2394 720 est
2422 665 2768 735 Helizatiam,
2802 669 2986 724 tradit.
3017 667 3164 727 Uxor
3189 671 3452 739 Lotharii,
3484 674 3658 731 timens
3679 677 3810 736 Otium

626 755 760 814 alias
801 764 984 827 partes
1022 762 1228 828 petunt.
1263 753 1328 812 Hi
1362 771 1491 812 vero
1535 757 1669 812 Dani
1714 759 1803 830 qui
1856 759 1908 814 in
1946 759 2209 816 Rhodano
2309 759 2413 814 viri
2440 759 2522 815 sui
2549 770 2708 831 atque
2743 761 2992 830 insidias,
3017 763 3084 817 ad
3123 762 3347 820 fratrem
3376 779 3524 820 suum
3556 764 3808 825 Hucbertum

628 850 999 918 morabantur,
1045 862 1214 919 usque
1271 848 1336 904 ad
1384 847 1690 906 Valentiam
1717 851 1744 891 ιι
1784 851 2059 910 civitatem
2110 869 2206 909 va-
2308 849 2364 905 in
2413 865 2580 924 regno
2623 851 2769 908 Karli
2832 854 3056 926 aufugit.
3105 853 3300 912 Karlus
3353 870 3449 913 rex
3499 860 3808 916 monasterium

626 943 816 998 stando
853 941 1204 1013 perveniunt;
1253 943 1392 998 unde
1436 943 1664 1014 direptis
1701 960 1822 1016 quae
1868 945 2014 1001 circa
2051 956 2207 1002 erant
2309 946 2480 1001 sancti
2512 946 2729 1002 Martini
2761 945 2872 1005 ﬁlio
2901 963 3000 1004 suo
3025 947 3342 1006 Hludovvico
3368 948 3601 1024 largitur.

625 1033 905 1099 omnibus,
955 1041 1289 1088 revertentes
1333 1033 1402 1088 ad
1455 1033 1686 1090 insulam
1712 1036 1767 1090 in
1796 1051 1901 1107 qua
1931 1036 2087 1093 sedes
2114 1051 2208 1109 po-

623 1130 866 1187 suerant,
898 1121 1146 1178 redeunt.
1812 1099 1832 1107 ’
2114 1099 2133 1109 ’
2947 1099 3260 1158 DCCCLXI.

694 1212 1060 1282 Hludowicus,
1089 1214 1287 1272 Karlus
1327 1224 1383 1272 et
1407 1215 1697 1274 Lotharius
1745 1233 1899 1288 reges
1936 1218 2206 1276 Kalendas
2378 1209 2512 1264 Dalii
2538 1209 2566 1250 δ
2597 1225 2784 1267 mense
2827 1210 3074 1270 Ianuario
3115 1223 3140 1253 '
3165 1212 3438 1272 Lutetiam
3471 1214 3746 1274 Parisiorum
3770 1231 3806 1274 et

620 1303 800 1360 lunias
831 1305 970 1376 apud
1005 1315 1243 1360 castrum
1277 1306 1418 1376 quod
1449 1306 1790 1366 Conﬂuentes
1825 1318 2050 1365 vocatur
2078 1313 2204 1365 eon-
2307 1302 2592 1358 eCCIESiam
2642 1304 2821 1359 saneti
2859 1303 3126 1361 Vincentii
3177 1308 3433 1381 martyris
3465 1316 3518 1364 et
3550 1310 3690 1365 sancti
3713 1309 3804 1365 Ger-

621 1393 863 1462 veniunt,
910 1395 1091 1466 ibique
1131 1396 1198 1451 de
1250 1412 1383 1467 pace
1437 1397 1579 1452 inter
1633 1415 1690 1453 se
1747 1400 1836 1454 diu
1886 1408 2200 1466 tractantes,
2305 1397 2450 1451 mani
2479 1395 2807 1454 confessoris
2831 1397 3077 1455 incendio
3098 1400 3694 1473 tradunt;negotiatores
3711 1417 3801 1474 quo-

621 1486 833 1542 tantlem
881 1487 1224 1544 concordiam
1255 1496 1414 1557 atque
1443 1488 1737 1544 amicitiam
1778 1490 1877 1561 ipsr
1907 1507 2003 1562 per
2031 1506 2089 1546 se
2118 1491 2201 1545 iu-
2307 1503 2412 1559 que
2438 1503 2534 1558 per
2557 1487 2864 1560 Sequanam
2895 1491 3110 1563 navigio
3149 1507 3369 1548 sursum
3403 1507 3580 1548 versus
3612 1491 3801 1562 fugientes

620 1587 863 1634 ramento
891 1581 1128 1634 firmant.
1159 1579 1525 1646 Hludowicns,
1550 1584 1846 1654 imperator
1868 1585 2052 1654 Italiae,
2084 1601 2202 1642 suo-
2304 1578 2662 1649 insequuntur
2689 1589 2746 1635 et
2772 1581 3014 1653 capiunt.
3042 1581 3146 1638 Alii
3179 1598 3397 1654 quoque
3433 1583 3674 1638 Danorum
3702 1583 3798 1653 pira.

621 1684 741 1724 rum
773 1669 1006 1727 factione
1038 1673 1335 1744 impetitur,
1369 1683 1423 1730 et
1452 1676 1565 1746 ipse
1592 1688 1778 1732 contra
1802 1693 1896 1734 eos
1927 1695 1991 1734 ac
2013 1688 2200 1734 contra
2305 1678 2372 1725 ιω
2402 1668 2799 1726 Τθτνθηεηεθιῐι
2835 1686 3032 1745 pagum
3063 1671 3263 1729 adeunt
3293 1682 3350 1730 et
3378 1675 3652 1730 devastant.

619 1763 1020 1820 Beneventanos
1051 1766 1254 1836 rapinis
1283 1775 1444 1836 atque
1474 1767 1739 1825 incendiis
1769 1770 2009 1826 desaevit.
2373 1759 2577 1829 Quarto
2613 1760 2881 1817 Kalendas
2917 1764 3121 1834 Aprilis
3164 1765 3290 1820 luna
3327 1773 3448 1836 post
3492 1766 3654 1820 horam
3683 1765 3794 1818 noctis

689 1853 822 1909 Dani
856 1866 877 1894 ο
939 1856 1031 1926 qui
1077 1857 1130 1910 in
1177 1855 1440 1913 Rhodano
1479 1858 1712 1926 fuerant,
1744 1860 1949 1918 Italiam
1987 1870 2195 1933 petunt,
2227 1852 2274 1911 Β
2301 1865 2548 1911 octavam
2605 1864 2716 1910 tota
2769 1856 2820 1910 in
2877 1856 3210 1928 nigredinem
3262 1859 3510 1914 vertitur.
3549 1857 3705 1912 Karlus
3737 1871 3793 1909 rei

614 1943 855 2002 etPisas
899 1946 1176 2002 civitatem
1225 1947 1464 2020 aliasque
1518 1949 1768 2022 capiunt,
1817 1945 2199 2022 depraedantttr
2302 1946 2469 2001 ﬁlium
2535 1961 2691 2002 suum
2747 1946 3064 2004 Lotharium
3131 1949 3384 2005 claudum
3441 1952 3494 2006 in
3554 1947 3795 2004 monaslen'o

614 2045 775 2107 atque
799 2037 1103 2094 devastant.
1127 2037 1419 2096 Lotharius
1452 2057 1564 2107 rex,
1598 2052 1848 2099 metuens
1873 2043 2195 2100 avunculum
2305 2039 2479 2096 sancti
2510 2039 2764 2096 Iohannis
2799 2039 2818 2078 ί
2849 2039 3106 2097 clericum
3137 2042 3261 2098 ﬁeri
3285 2043 3452 2099 iubet.

2117 2173 2354 2236 ΝΟΤιΕ.

683 2296 709 2358 ξ
749 2283 831 2358 gr.
849 2284 1062 2358 Chron.
1092 2287 1158 2342 de
1181 2288 1346 2358 gestis
1371 2286 1558 2344 Noun.
2305 2285 2388 2340 ria
2441 2283 2850 2358 miraculorum,
2881 2285 3054 2358 sancti
3113 2284 3375 2358 Germani
3427 2284 3606 2358 Paris,
3649 2283 3718 2340 lib-
3752 2297 3786 2344 ιι.

682 2355 710 2396 δ
757 2353 1000 2412 Valence.
1184 2353 1208 2358 ⁷
2304 2370 2455 2410 ηυω.
2480 2355 2564 2419 10,
2591 2355 2694 2409 hoc
2736 2355 3008 2411 excidium
3051 2356 3323 2413 accidisse
3362 2354 3522 2411 tradit
3557 2355 3628 2410 die
3664 2361 3784 2409 sancto

682 2437 704 2504 ξ
746 2426 829 2504 Cf.
861 2427 1065 2504 Chron.
1099 2430 1172 2504 de
1188 2430 1354 2504 gestis
1380 2428 1566 2485 Norm.
2303 2425 2542 2504 Pascha.
2579 2425 2854 2504 Bouous'r.
2976 2497 2988 2504 _
3049 2497 3087 2504 _
3360 2498 3373 2504 _
3421 2496 3442 2504 _
3519 2497 3531 2504 _
3708 2493 3731 2504 Α

677 2495 704 2536 ἀ
743 2496 825 2552 Cf.
859 2497 1002 2556 idem
1032 2515 1122 2554 an.
1147 2495 1268 2556 861.
2097 2511 2121 2548 ο
2381 2496 2400 2534 τ
2432 2496 2486 2550 Id
2509 2503 2593 2550 est
2614 2495 2668 2549 in
2697 2497 3026 2552 monasterio
3049 2497 3395 2553 Reomaensi.
3421 2495 3783 2552 Lothamsetiau

684 2579 707 2607 ο
746 2567 930 2624 Potior
973 2569 1108 2625 ﬁdes
1151 2570 1397 2626 habenda
1426 2569 1993 2640 Aimoino,imonacho
2021 2568 2196 2640 sancti
2304 2565 2556 2640 ejusdem
2575 2564 2676 2640 loci
2705 2567 2874 2640 abbas
2901 2565 3026 2633 fuit,
3042 2567 3351 2640 itidemque
3376 2566 3654 2626 monaswrii
3673 2561 3783 2622 sancti

610 2635 890 2706 Germani,
911 2641 1004 2712 qui
1030 2642 1132 2696 hoc
1155 2649 1399 2712 tempore
1425 2641 1673 2698 ﬂorebat.
1695 2639 1914 2698 lsvenim
1941 2639 1997 2696 in
2021 2638 2200 2696 Histo~
2303 2635 2560 2698 Germani
2595 2636 3105 2694 Autissiodurensis.
3143 2635 3316 2706 Bouh.

1467 2929 1855 3014 VERSUS
1933 2927 2296 3010 SANCTI
2379 2925 2978 3006 PRUDENTII.

1473 3105 1640 3172 (Apud
1660 3106 1926 3170 (Ἄπιδι,
1955 3105 2344 3168 Ρτοωρωιηιιω
2367 3110 2468 3155 aut.
2492 3102 2704 3158 Tricass.
2723 3103 2968 3156 dimcesis.

604 3319 898 3389 Augustam
927 3313 1112 3370 Thrici
1141 3313 1232 3385 [f.,
1265 3312 1430 3386 mni]
1459 3321 1594 3368 nutu
1620 3323 1858 3371 statuere
1895 3318 2150 3373 monachi
2211 3323 2256 3386 α
2287 3317 2524 3374 Verbum
2561 3314 2798 3371 Joannes
2825 3319 3158 3384 prmvertens
3177 3322 3429 3386 tempora
3462 3315 3615 3387 prima

675 3409 927 3480 Augusti,
953 3404 1227 3477 quondam
1259 3403 1639 3474 Romuleaeque
1667 3421 1857 3462 manus
1887 3425 1900 3461 :
2356 3409 2532 3478 Atque
2563 3407 2835 3462 hominem
2865 3403 3089 3469 factum,
3121 3419 3245 3462 esse
3284 3406 3542 3478 simulque
3565 3408 3702 3466 Deum.

603 3504 682 3562 Ac
705 3501 917 3557 Domini
941 3497 1145 3556 Christi
1170 3504 1424 3552 cunctum
1458 3496 1708 3553 radiante
1727 3513 1824 3568 per
1851 3499 2039 3556 orbem
2287 3499 2618 3571 Praepetibus
2649 3498 2845 3569 pennis
2863 3497 3058 3568 aquilae
3075 3497 3358 3556 volitando
3383 3514 3639 3572 perennem

674 3594 900 3650 Nomine
926 3588 1266 3648 Christicolis
1293 3588 1544 3644 conditur
1572 3589 1679 3645 alta
1701 3591 1914 3659 domus,
2354 3592 2558 3647 lntuitu
2585 3590 2754 3647 solem
2774 3604 2882 3646 non
2913 3590 3205 3648 hebetante
3234 3598 3396 3670 tuens

604 3686 775 3756 Quam
806 3685 978 3756 pulvis
1007 3683 1152 3738 Petri
1182 3683 1420 3747 decorat,
1451 3681 1710 3752 Paulique
1732 3684 2024 3751 verendus,
2285 3682 2598 3738 Commissis
2626 3681 2816 3738 ovibus
2845 3681 3099 3752 pascendi
3127 3697 3357 3740 munere
3391 3682 3602 3744 Petrum,

672 3778 894 3835 Culmen
915 3775 1266 3848 apostolicum
1295 3775 1384 3844 qui
1416 3775 1615 3844 pietate
1637 3783 1850 3846 gerunt.
2355 3772 2664 3844 Tranquilla
2693 3789 2925 3830 narrans
2954 3788 3012 3829 se
3045 3789 3267 3844 quoque
3295 3783 3441 3832 sorte
3463 3775 3634 3829 datum.

602 3871 740 3928 Hinc
767 3886 866 3943 ego
895 3871 1086 3925 devoto
1120 3867 1390 3922 famulans
1424 3865 1752 3924 Prudentius
1775 3878 1898 3925 actu
2283 3863 2537 3920 Christus
2575 3864 2646 3919 ab
2688 3863 2776 3920 his
2811 3861 3003 3930 Iesus,
3053 3864 3423 3935 Dominusque
3482 3863 3676 3930 Deosque
3708 3869 3754 3907 r0-

673 3963 786 4018 iloc
817 3960 1092 4033 Evangelii
1122 3959 1272 4015 solvo
1303 3959 1534 4015 libenter
1556 3974 1692 4032 opus
3616 3950 3749 4024 [fertIL

604 4053 863 4125 Hesperia
887 4052 1118 4125 genitus,
1151 4050 1331 4106 Celtas
1349 4051 1606 4108 deductus
1640 4058 1696 4108 et
1722 4051 1865 4110 altus
2360 4045 2554 4103 Omnia
2577 4047 2912 4118 praecedens,
2943 4048 3124 4103 omnia
3154 4057 3350 4118 sponte
3370 4063 3567 4106 creans.

672 4148 951 4204 Pontiﬁcis
985 4148 1182 4204 trabeis
1201 4145 1482 4217 oﬂicioque
1503 4147 1679 4204 datus.
2282 4135 2512 4191 Ειθΐηο
2535 4146 2789 4201 aeternus,
2817 4135 3092 4193 Genitoris
3119 4146 3345 4207 pectore
3371 4151 3593 4200 manans.

603 4240 868 4308 Quattuor
895 4239 1054 4295 aﬂlati
1086 4255 1280 4310 supero
1305 4241 1445 4310 quod
1472 4239 1672 4298 lumine
1702 4243 1894 4299 scriba:
2353 4229 2520 4284 Filius
2541 4227 2904 4298 omnipotens.
2927 4227 3314 4299 Omnipotente
3337 4239 3497 4288 ωῐιιεο

675 4331 868 4387 Veraci
902 4331 1123 4386 nimium
1154 4346 1508 4401 composuere
1529 4333 1686 4404 stylo.

2282 4317 2534 4390 Virginea
2557 4333 2776 4374 sumens
2799 4319 3073 4376 hominem
3105 4322 3338 4379 matrice
3368 4329 3598 4381 creatum.

602 4423 775 4479 lnitiis
804 4422 1133 4496 [Principiis]
1158 4421 1434 4478 Christum
1465 4423 1632 4478 variis
1657 4438 1719 4478 ac
1743 4423 1848 4479 ﬁne
1878 4424 2128 4491 fatentes,

1956 4435 2128 4491 entes,
2352 4410 2605 4468 Criminis
2632 4419 2930 4481 expertem,
2963 4412 3326 4484 terrigenique
3351 4413 3525 4484 patris.

672 4515 864 4569 Atnon
886 4512 1126 4585 disparili
1160 4523 1308 4584 gesta
1340 4513 1497 4567 beata
1527 4511 1648 4566 ﬁde.
2282 4503 2612 4560 Admiranda
2639 4503 2860 4569 docens,
2889 4503 3093 4559 faciens
3123 4505 3368 4560 miranda
3397 4509 3622 4576 potenter.

603 4605 821 4676 Virgine
850 4602 1132 4659 Matthmus
1151 4603 1423 4658 hominem
1450 4611 1715 4671 gennente
1739 4601 1921 4668 Maria,
2350 4593 2610 4648 Tradita!
2635 4593 2688 4648 in
2719 4593 2882 4657 risus,
2905 4594 3042 4650 ﬁxus
3066 4603 3118 4649 el
3149 4595 3276 4652 inde
3303 4597 3464 4654 cruci.

673 4695 1010 4750 Mandantem
1043 4700 1232 4765 gentes
1257 4692 1618 4762 instruierque
1641 4694 1828 4748 refert.
2201 4685 2255 4745 D
2280 4685 2548 4740 Emittens
2576 4685 2812 4739 animam
2838 4686 3054 4755 propria
3076 4685 3280 4740 ditione
3307 4687 3527 4748 beatam.

604 4781 737 4838 Fine
766 4791 922 4839 tenus
947 4782 1074 4838 secli
1095 4787 1310 4834 sanctos
1333 4779 1640 4834 comitarier
1663 4795 1875 4847 omnes,
2352 4777 2653 4832 Tartaridis
2684 4775 3008 4850 [Tartareis]
3054 4778 3266 4833 solvens
3295 4778 3599 4850 eripiensque
3623 4778 3712 4824 ωοεε

672 4871 1035 4943 Spondentem
1072 4883 1285 4942 semper
1311 4867 1514 4934 adfore,
1541 4885 1704 4940 seque
1725 4871 1856 4927 suis.
2279 4866 2418 4922 Hinc
2455 4866 2821 4934 incorruptus,
2848 4865 3096 4920 triduana
3127 4876 3302 4922 morte
3331 4875 3600 4937 resurgens,

594 4960 886 5018 Altithroni
919 4959 1129 5016 Marcus
1155 4959 1398 5014 subolem
1430 4957 1754 5030 fremituque
1777 4961 1949 5018 leonis
2344 4959 2589 5013 Libravit
2615 4958 2858 5024 summis,
2886 4957 3062 5013 vivida
3095 4958 3334 5013 membra
3371 4957 3513 5028 polis.

669 5053 1028 5110 Scandentem
1049 5054 1200 5124 pulso
1229 5051 1371 5107 celsa
1408 5066 1602 5122 sopore
1623 5054 1791 5107 canit.
2271 5049 2675 5120 Consessusque
2707 5049 2882 5104 throni
2911 5049 3143 5104 donatus
3169 5050 3250 5103 ire
3269 5047 3489 5119 paterni.

594 5145 892 5216 Discipulos
918 5155 1096 5200 autem
1128 5144 1384 5199 mundum
1415 5159 1734 5214 peragrasse
1769 5146 2032 5216 docendo,
2341 5140 2590 5196 Exsultat
2619 5139 2842 5210 pedibus
2866 5138 3077 5192 ευΜῖιε
3107 5146 3298 5194 cuneta
3325 5137 3448 5192 Sili!-

663 5235 972 5293 Doctrinam
1003 5235 1169 5306 signis
1195 5251 1258 5290 ac
1289 5234 1572 5305 stipulasse
1600 5235 1771 5291 novis.
2275 5231 2585 5288 Perstrictis
2613 5230 2866 5291 breviter,
2900 5229 3093 5284 referat
3119 5244 3236 5298 quae
3260 5227 3455 5283 codicis
3481 5222 3606 5292 hujus

592 5327 924 5398 Conceptum
945 5326 1116 5381 Lucas
1141 5328 1328 5381 reboat
1346 5326 1648 5398 Spiramine
1673 5337 1863 5385 sancto
2343 5326 2501 5380 Actio
2529 5343 2541 5377 :
2573 5337 2714 5378 nunc
2736 5322 2802 5376 ad
2829 5331 2900 5388 te,
2931 5321 3044 5376 Rex
3077 5323 3241 5387 bone,
3286 5330 3432 5376 verto
3453 5326 3619 5389 precet-

661 5415 910 5473 Oblatum
937 5415 1160 5472 vitulum
1185 5417 1302 5472 dira
1332 5417 1560 5474 subiisse
1589 5421 1770 5478 crucis
2274 5415 2503 5486 Respice
2529 5412 2705 5470 devoti
2729 5411 3017 5466 miseratus
3049 5411 3227 5464 munia
3256 5410 3412 5470 servi,

589 5508 686 5564 Ast
712 5507 831 5563 illos
861 5507 1087 5566 celebris
1108 5507 1322 5564 trivisse
1338 5510 1577 5565 sacraria
1597 5509 1807 5583 templi,
2253 5543 2256 5546 ~
2343 5511 2422 5565 Ac
2458 5507 2765 5564 miserando
2786 5506 2913 5572 mei,
2944 5519 3120 5560 annue
3147 5512 3295 5577 grata
3322 5503 3414 5560 tibi

658 5596 1006 5674 Perciperent
1022 5599 1213 5667 donec,
1238 5601 1443 5658 aethere
1466 5601 1605 5658 dona
1631 5603 1831 5662 Patris.

1787 5778 2665 5812 w

3787 5405 3793 5597 ί

3767 5993 3775 6251 ί
