3974 6344
580 389 719 446 1425
1566 392 1622 449 S.
1662 393 2029 452 PRUDENTII
2067 393 2445 453 TRECENSIS
2481 393 2784 453 EPISCOPI
3606 411 3698 468 liii

576 507 916 564 maledixerit
954 511 1094 579 patri
1129 525 1226 567 suo
1263 521 1356 566 aut
1406 513 1564 566 matri
1592 551 1608 576 ,
1659 521 1832 569 morte
1854 514 2134 570 moriatur.
2165 515 2220 576 Α
2243 510 2624 583 suam.(Ibid.,
2647 527 2694 566 u.
2718 509 2775 580 4)
2792 508 3008 578 Anima,
3023 509 3416 581 quzejuraverit,
3430 525 3477 571 et
3494 521 3700 588 protulerit

575 599 904 672 (Exod.xxr,
932 600 1485 672 20)Quipercusserit
1505 617 1720 659 servum
1745 605 2024 670 suum,vel
2049 620 2146 660 an-
2243 599 2402 655 labiis
2449 599 2562 655 suis
2601 607 2663 654 ut
2703 597 2790 655 vel
2833 599 2976 655 male
3006 600 3134 670 quid
3165 601 3394 670 faceret,
3423 605 3494 661 vel
3515 607 3643 676 bene,
3662 623 3700 670 et

573 691 754 748 cillam
789 693 963 765 virga,
1016 703 1068 748 et
1104 695 1301 749 mortui
1340 694 1542 751 fuerint
1586 696 1641 751 in
1687 693 1937 752 manibus
1986 696 2102 767 ejus
2125 737 2141 763 ,
2243 692 2473 762 idipsum
2494 691 2823 762 iuramento,
2848 701 2905 748 et
2927 708 3180 750 sermone
3200 693 3482 763 firmaverit,
3505 700 3701 774 oblitaque

571 784 816 841 criminis
861 799 986 842 reus
1027 786 1148 840 erit.
1180 785 1376 857 (Exod.
1406 803 1539 853 χιιι,
1572 787 1639 842 16
1667 797 1715 843 et
1753 788 1955 858 subseq.
1985 789 2144 844 etiam
2240 793 2427 856 postea
2454 785 2780 842 intellexerit
2805 785 3061 842 delictum
3081 803 3260 856 suum,
3288 798 3404 861 agat
3425 793 3703 862 penitentiam

569 895 688 950 cap.
731 877 891 951 mn)
922 877 982 934 Si
1008 879 1292 934 seduxerit
1319 879 1442 950 quis
1476 879 1740 951 virginem
1775 880 2000 936 necdum
2051 881 2142 935 de-
2239 891 2339 946 pro
2371 885 2614 948 peccato.
2645 875 2828 949 (Leuit.
2867 892 2942 944 vr,
2985 877 3042 950 2)
3076 879 3288 946 Anima,
3324 895 3432 950 quae
3463 888 3700 954 peccaverit,

569 980 901 1041 sponsatam,
941 971 1331 1042 dormieritque
1357 989 1478 1029 cum
1506 988 1592 1038 ea,
1623 974 1829 1029 dotabit
1874 990 1990 1030 eam
2018 1017 2033 1041 ,
2087 983 2143 1032 et
2240 980 2294 1026 et
2325 979 2636 1042 contempto
2677 969 2904 1027 Domino
2935 973 3214 1042 negaverit
3254 972 3519 1045 depositum
3539 979 3703 1037 proximi

567 1065 786 1121 habebit
821 1081 941 1121 eam
973 1081 1219 1120 uxorem.
1253 1065 1310 1122 Si
1359 1074 1514 1136 pater
1547 1067 1772 1136 virginis
1800 1067 1929 1122 dare
1955 1069 2140 1123 nolue-
2240 1062 2344 1127 sui,
2373 1061 2516 1133 quod
2546 1061 2671 1118 fidei
2699 1061 2818 1131 ejus
2845 1063 3113 1119 creditum
3150 1065 3342 1130 fuerat,
3389 1065 3463 1120 vel
3503 1068 3545 1122 vi
3566 1068 3704 1139 aliquid

565 1157 658 1224 rit,
691 1157 878 1213 reddet
903 1159 1184 1228 pecuniam
1205 1156 1360 1226 juxta
1389 1159 1605 1214 modum
1635 1159 1791 1224 dotis,
1839 1174 2000 1228 quam
2032 1159 2139 1213 vir-
2239 1154 2547 1219 extorserit,
2573 1162 2667 1209 aut
2685 1153 3009 1210 calumniam
3032 1154 3244 1223 fecerit,
3276 1156 3384 1212 sive
3403 1172 3502 1214 rem
3519 1161 3704 1230 perditam

564 1248 716 1319 gines
736 1249 983 1318 accipere
1015 1259 1429 1307 consueverunt.
1464 1250 1731 1307 Maleficos
1759 1267 1862 1308 non
1891 1251 2136 1321 patieris,
2238 1243 2521 1309 invenerit.
2553 1255 2608 1300 el
2627 1245 2893 1320 inliciatis
2921 1245 3142 1316 in5uper
3178 1244 3514 1318 pejeraverit,
3534 1258 3576 1304 et
3591 1254 3706 1320 quod-

561 1341 763 1396 viverc.
799 1339 902 1408 Qui
933 1341 1125 1398 coierit
1148 1357 1270 1398 cum
1291 1340 1536 1410 jumento
1562 1383 1576 1407 ,
1629 1350 1805 1397 morte
1848 1341 2133 1396 moriatur.
2239 1334 2368 1390 libet
2412 1335 2555 1390 aliud
2587 1351 2655 1391 ex
2682 1335 2928 1408 pluribus
2961 1336 3197 1405 fecerit,
3251 1337 3307 1392 in
3339 1340 3511 1409 quibus
3549 1356 3706 1412 peccare

561 1429 662 1497 Qui
692 1431 935 1487 immolat
983 1433 1108 1499 diis,
1162 1433 1456 1499 occidetur,
1505 1443 1862 1505 praeterquam
1909 1433 2137 1514 Domino
2237 1426 2412 1484 solent
2438 1428 2708 1494 homines,
2747 1429 2998 1485 convicta
3031 1429 3216 1485 delicti
3253 1428 3429 1486 reddet
3449 1433 3611 1498 omnia,
3630 1449 3707 1503 qua

560 1523 680 1578 soli.
707 1523 986 1580 Advenam
1011 1539 1120 1580 non
1147 1526 1524 1589 contristabis,
1551 1541 1724 1596 neque
1751 1523 1957 1596 affliges
1985 1539 2131 1581 eum.
2234 1537 2334 1593 per
2372 1521 2616 1580 fraudem
2657 1523 2828 1580 voluit
2870 1525 3117 1582 obtinere
3139 1564 3156 1592 ,
3191 1523 3410 1597 integra.
3456 1525 3473 1585 (
3487 1524 3614 1581 Leuit.
3643 1542 3705 1593 n1,

559 1611 746 1669 Viduac
794 1622 849 1671 et
888 1615 1091 1687 pupillo
1121 1631 1227 1672 non
1273 1616 1555 1673 nocebitis.
1605 1615 1662 1672 Si
1713 1616 1962 1672 lmseritis
1999 1630 2130 1682 eos,
2233 1612 2304 1668 26
2324 1623 2372 1668 et
2415 1614 2644 1687 διώκῃ.)
2704 1615 3035 1687 Sanguinem
3070 1631 3286 1687 quoque
3336 1618 3496 1673 omnis
3534 1618 3710 1674 animalis

556 1705 994 1763 vociferabuntur
1037 1709 1104 1764 ad
1154 1725 1241 1765 me
1268 1750 1283 1776 ,
1331 1717 1386 1765 et
1427 1724 1528 1780 ego
1575 1707 1793 1764 audiam
1839 1707 2133 1764 clamorem
2233 1716 2342 1758 non
2369 1703 2594 1759 sumetis
2617 1703 2672 1758 in
2693 1703 2834 1772 cibo,
2881 1713 2992 1760 tam
3039 1706 3107 1762 de
3134 1706 3342 1772 avibus,
3368 1722 3512 1776 quam
3532 1708 3708 1779 depecu-

555 1811 744 1852 eorum
779 1837 795 1864 ,
842 1807 900 1854 et
933 1798 1300 1869 indignabitur
1331 1799 1481 1856 furor
1515 1815 1688 1866 meus,
1725 1801 2133 1870 percutiamque
2235 1794 2403 1851 ribus.
2434 1795 2624 1851 Omnis
2644 1796 2846 1863 anima.
2875 1812 2995 1868 quae
3035 1798 3209 1856 ederit
3245 1799 3554 1871 sanguinem.
3578 1800 3710 1864 Deribil

551 1906 650 1948 vos
695 1891 873 1961 gladio
895 1935 909 1958 ,
958 1901 1014 1948 et
1043 1901 1200 1948 erunt
1231 1909 1428 1950 uxores
1479 1901 1672 1949 vestrae
1707 1894 1882 1948 viduae
1907 1933 1922 1960 ,
1953 1899 2009 1947 et
2035 1892 2130 1948 filii
2159 1887 2206 1948 B
2235 1887 2300 1942 de
2327 1888 2541 1959 populis
2569 1889 2706 1946 suis.

551 1984 719 2039 vestri
745 1971 952 2055 pupilli.
989 1985 1044 2041 SI
1079 1985 1360 2055 pecuniam
1390 1994 1630 2041 mutuam
1680 1984 1892 2040 dederis
1933 1985 2129 2056 populo
2302 1977 2490 2049 (Leuit.
2534 1996 2591 2046 ι,
2615 1981 2650 2036 8
2693 1990 2740 2036 et
2767 1982 2994 2054 subseq.)
3028 1983 3174 2038 Dixit
3199 1981 3454 2039 Dominus
3472 1984 3528 2040 ad
3548 1983 3708 2039 Aaron:

555 2091 676 2130 meo
701 2077 928 2146 pauperi
956 2118 972 2142 ,
1001 2077 1090 2146 qui
1119 2077 1328 2132 habitat
1371 2086 1550 2132 tecum
1577 2116 1592 2141 ,
1619 2090 1729 2131 non
1755 2074 1975 2146 urgebis
2002 2089 2126 2130 eum
2231 2069 2430 2124 Vinum
2489 2077 2544 2124 et
2577 2084 2738 2126 omne
2778 2073 2923 2142 quod
2961 2071 3230 2129 inebriare
3254 2080 3445 2145 potest,
3465 2089 3555 2129 non
3579 2075 3712 2129 bibens

550 2167 704 2236 quasi
761 2177 1021 2233 exactor,
1065 2183 1165 2223 nec
1210 2169 1388 2223 usuris
1436 2167 1726 2237 opprimes.
1774 2167 1832 2222 Si
1879 2167 2125 2236 pignusa
2230 2171 2284 2216 tu
2311 2168 2367 2216 et
2395 2159 2491 2216 filii
2516 2162 2618 2217 tui.
2647 2164 2870 2233 quando
2897 2164 3114 2221 intratis
3141 2165 3195 2221 in
3223 2166 3596 2222 tabernaculum
3617 2168 3713 2222 testi-

550 2259 800 2330 proximo
831 2267 921 2314 tuo
947 2259 1246 2330 acceperis,
1275 2258 1657 2314 vestimentum
1707 2264 1833 2311 ante
1876 2255 2006 2311 solis
2035 2271 2128 2311 oc-
2228 2253 2418 2319 monii,
2451 2269 2519 2310 ne
2550 2254 2859 2310 moriamini
2892 2273 2905 2310 :
2933 2256 3061 2328 quia
3107 2266 3432 2328 prmoeptum
3471 2267 3543 2313 est
3579 2257 3711 2327 sempi-

548 2365 732 2404 casum
764 2349 928 2405 redde
955 2349 1037 2415 ei;
1063 2349 1238 2419 ipsum
1259 2348 1402 2403 enim
1424 2356 1508 2404 est
1529 2347 1722 2411 solum,
1752 2361 1860 2416 quo
1885 2346 2127 2417 operitur
2229 2351 2441 2400 ternum
2467 2345 2523 2400 in
2553 2345 2928 2417 generationes
2945 2355 3177 2414 vestras,
3192 2355 3250 2404 et
3277 2357 3336 2405 ut
3354 2348 3575 2404 habeatis
3590 2348 3712 2405 scien-

547 2443 922 2501 indumentum
945 2431 1132 2499 carnis
1177 2441 1294 2512 ejus
1322 2482 1337 2508 ,
1390 2457 1492 2498 nec
1543 2441 1706 2497 habet
1733 2440 1898 2506 aliud,
1931 2439 1987 2495 in
2016 2454 2126 2510 quo
2227 2435 2358 2490 tiam
2383 2435 2729 2493 discernendi
2759 2437 2902 2492 inter
2949 2447 3198 2494 sanctum
3243 2447 3300 2494 et
3326 2438 3600 2510 profanum,
3620 2438 3713 2492 inter

546 2535 798 2590 dormiat.
829 2533 889 2591 Si
917 2533 1233 2592 clamaverit
1265 2535 1333 2590 ad
1373 2549 1479 2600 me,
1519 2533 1803 2590 exaudiam
1829 2548 1972 2598 eum,
1997 2533 2123 2603 quia
2223 2525 2486 2598 pollutum
2531 2535 2588 2582 et
2633 2527 2915 2583 mundum.
2961 2527 3153 2600 (Ibid..
3191 2545 3273 2596 ιιι,
3324 2527 3412 2600 ﬂ)
3460 2527 3564 2583 Filii
3587 2526 3713 2584 Israel.

545 2628 856 2685 misericors
878 2645 1019 2686 sum.
1057 2628 1173 2685 Diis
1201 2643 1308 2684 non
1336 2627 1590 2684 detrahes
1607 2605 1706 2694 ,Iet
1742 2625 1974 2697 principi
2022 2641 2120 2698 po-
2224 2619 2401 2676 sancti
2423 2627 2618 2686 estote,
2641 2620 2894 2690 quoniam
2919 2636 3021 2693 ego
3042 2629 3266 2678 sanctus
3286 2637 3421 2678 sum.
3450 2619 3520 2676 Ne
3535 2620 3714 2691 polluatis

544 2719 658 2790 puli
688 2721 763 2776 tui
811 2735 919 2778 non
966 2721 1278 2776 maledices.
1309 2720 1562 2776 Decimas
1603 2727 1724 2775 tuas
1749 2727 1807 2774 et
1851 2718 2122 2790 primitias
2224 2713 2434 2770 animas
2469 2722 2683 2771 vestras
2736 2713 2794 2770 in
2825 2714 2977 2770 omni
3015 2715 3212 2786 reptili,
3268 2715 3410 2787 quod
3445 2721 3646 2772 movetur
3682 2712 3716 2766 in

547 2821 667 2868 tuas
717 2829 824 2869 non
871 2811 1115 2870 tardabis
1161 2812 1377 2868 offerre.
1408 2810 1524 2866 Viri
1565 2811 1740 2867 sancti
1771 2810 1925 2866 eritis
1963 2809 2115 2866 mihi.
2224 2812 2392 2861 terra.

541 2901 798 2970 Carnem,
837 2918 958 2974 quae
987 2919 1019 2959 a
1063 2903 1252 2959 bestiis
1303 2902 1466 2958 fuerit
1515 2909 1862 2974 praegustata,
1887 2915 1996 2956 non
2023 2917 2118 2958 εο-
2294 2894 2480 2968 (Leuit.
2499 2912 2590 2964 xv,
2609 2896 2699 2968 16)
2727 2896 2875 2952 Dixit
2906 2896 3166 2954 Dominus
3179 2898 3252 2954 ad
3273 2897 3482 2970 Moysen
3498 2905 3545 2954 et
3563 2895 3714 2951 Aaron:

538 2993 786 3060 medelis,
831 2993 924 3051 sed
969 2993 1265 3066 projicietis
1289 2993 1530 3049 canibus.
1575 2991 1692 3048 Non
1731 2992 1990 3062 suscipies
2022 3006 2119 3046 vo-
2225 2984 2320 3042 Vir
2366 2988 2432 3044 de
2466 3003 2573 3058 quo
2615 2989 2896 3060 egreditur
2928 3005 3113 3046 semen
3151 2991 3331 3047 coitus
3360 3033 3376 3058 ,
3425 2991 3598 3046 lavabit
3626 3003 3716 3060 aqua

538 3099 654 3139 cem
681 3083 985 3149 mendacii;
1013 3081 1328 3154 necjunges
1357 3097 1577 3138 manum
1604 3091 1770 3146 tuam,
1812 3089 1868 3136 ut
1897 3097 1996 3153 pro
2019 3081 2121 3136 im-
2222 3094 2382 3135 omne
2411 3093 2608 3152 corpus
2648 3097 2803 3136 suum
2853 3096 2868 3135 :
2912 3095 2968 3138 et
3019 3083 3335 3140 immundus
3374 3084 3475 3140 erit
3511 3096 3646 3153 usque
3677 3079 3718 3134 ad

536 3173 626 3243 pio
662 3173 812 3228 dicas
851 3172 1046 3228 falsum
1075 3174 1462 3229 testimonium.
1491 3172 1609 3229 Non
1633 3172 1878 3243 sequeris
1903 3171 2118 3227 turbam
2225 3183 2532 3242 vesperum.
2564 3171 2751 3244 (Ibid.,
2777 3190 2825 3228 u.
2859 3173 2946 3246 18)
2978 3173 3188 3242 Mulier,
3239 3193 3365 3232 cum
3418 3191 3515 3247 qua
3555 3172 3718 3235 coierit.

537 3263 605 3318 ad
646 3263 951 3319 faciendum
993 3264 1191 3318 malum
1216 3282 1232 3332 ;
1272 3281 1372 3321 nec
1421 3265 1475 3320 in
1512 3263 1715 3332 judicio
1755 3263 2112 3334 plurimorum
2141 3257 2186 3320 C
2215 3263 2485 3320 lavabitur
2506 3280 2666 3336 aqua,
2695 3276 2752 3322 et
2779 3265 3051 3324 immunda
3067 3268 3171 3324 erit
3193 3283 3368 3340 usque
3390 3269 3456 3324 ad
3473 3278 3712 3338 vesperum.

538 3355 855 3426 acquiesces
889 3356 1188 3422 sententiae,
1240 3364 1300 3410 ut
1346 3372 1377 3410 a
1427 3371 1558 3411 vero
1603 3356 1806 3412 devies.
1852 3355 2115 3426 Pauperis
2219 3354 2406 3425 (Ibid.,
2435 3375 2482 3412 u.
2522 3356 2615 3429 24)
2648 3356 2706 3412 Si
2735 3357 2925 3413 coierit
2974 3358 3057 3413 vir
3103 3374 3228 3414 cum
3284 3360 3505 3415 muliere
3543 3367 3717 3440 tempore

535 3463 752 3518 quoque
794 3463 902 3504 non
937 3447 1283 3504 misereberis
1322 3447 1377 3503 in
1407 3445 1636 3518 judicio.
1699 3445 1758 3501 Si
1805 3445 2117 3502 occurreris
2217 3445 2498 3518 sanguinis
2533 3447 2902 3515 menstrualis,
2944 3449 3258 3506 immundus
3285 3450 3410 3506 erit.
3449 3448 3607 3522 (Leuit.
3630 3461 3717 3504 xui.

531 3537 658 3594 bovi
707 3537 912 3594 inimici
953 3539 1052 3605 tui,
1083 3548 1178 3594 aut
1206 3539 1359 3594 asino
1388 3538 1636 3606 erranti,
1678 3537 1846 3592 reduc
1875 3537 1944 3593 ad
1968 3549 2112 3592 eum.
2223 3536 2312 3608 10)
2345 3537 2519 3595 Homo
2557 3538 2786 3608 quilibet
2822 3539 2891 3596 de
2935 3539 3097 3596 domo
3133 3540 3327 3607 lsrael,
3355 3550 3412 3596 et
3438 3541 3500 3596 de
3527 3537 3718 3596 advenis.

535 3625 598 3682 Si
624 3626 826 3683 videris
855 3627 1066 3684 asinum
1107 3628 1339 3684 odientis
1369 3636 1420 3683 te
1437 3625 1622 3697 jacere
1643 3627 1745 3683 sub
1769 3641 1935 3683 onere
1962 3667 1978 3694 ,
2008 3641 2115 3682 non
2217 3629 2309 3700 qui
2334 3630 2749 3701 peregrinantur
2767 3630 2910 3688 inter
2927 3646 3044 3700 eos,
3065 3632 3111 3688 si
3132 3633 3434 3689 comederit
3455 3629 3718 3702 sanguinem.

533 3721 913 3792 pertransibis,
939 3722 1032 3778 sed
1055 3722 1362 3778 sublevabis
1389 3737 1514 3777 cum
1549 3737 1635 3778 eo.
1666 3721 1786 3777 Non
1817 3719 2117 3777 declinabis
2215 3721 2516 3778 obfirmabo
2567 3721 2767 3780 faciem
2813 3739 2990 3780 meam
3028 3733 3219 3780 contra
3248 3725 3486 3782 animam
3510 3723 3653 3784 illius,
3688 3724 3721 3770 et

529 3811 592 3868 in
612 3809 876 3881 judicium
904 3814 1178 3884 pauperis.
1215 3813 1551 3870 Mendacium
1606 3813 1798 3887 fugies.
1844 3813 2114 3870 lnsontem
2220 3811 2530 3883 disperdam
2552 3827 2674 3868 eam
2701 3813 2769 3870 de
2791 3814 2988 3886 populo
3015 3829 3134 3871 suo.
3165 3813 3358 3886 (Leuit.
3385 3831 3474 3880 xx,
3498 3809 3720 3883 22)Custtr

533 3911 589 3960 et
610 3901 816 3974 justum
865 3920 974 3961 non
1002 3905 1236 3962 occides.
1277 3905 1388 3962 Nec
1417 3905 1652 3978 accipies
1693 3919 1946 3972 munera,
1997 3919 2117 3975 qua:
2217 3903 2325 3959 dite
2347 3903 2492 3975 leges
2518 3919 2691 3970 meas,
2733 3913 2895 3975 atque
2931 3905 3174 3976 judicia,
3231 3921 3357 3978 quae
3397 3905 3584 3961 faciens
3607 3903 3718 3956 homo

531 4003 808 4051 excaecant
860 3995 1026 4051 etiam
1083 3996 1376 4068 prudentes
1396 4037 1412 4064 ,
1459 4005 1514 4052 et
1582 3997 1901 4053 subvertunt
1949 3997 2116 4053 verba
2213 3995 2361 4050 vivet
2384 3996 2440 4050 in
2469 3997 2568 4052 eis.
2601 3996 2717 4068 Ego
2745 3995 3024 4054 Dominus.
3059 4010 3086 4041 ι
3115 3997 3308 4055 Omnis
3330 3999 3489 4054 homo
3509 3996 3570 4050 ad
3591 3989 3718 4064 proxi-

524 4084 816 4154 justorum.
847 4085 1142 4156 Peregrino
1165 4087 1427 4144 molestus
1446 4103 1556 4144 non
1569 4087 1694 4142 eris.
1728 4085 1924 4162 (Exod.
1952 4104 2111 4157 χχιιι,
2214 4105 2359 4146 mam
2398 4091 2676 4163 sanguinis
2704 4091 2786 4148 sui
2817 4107 2924 4148 non
2964 4092 3206 4158 accedat,
3235 4100 3299 4148 ut
3327 4090 3524 4156 revelet
3549 4085 3720 4158 turpitu-

529 4194 577 4231 u.
623 4177 690 4232 l2
725 4187 772 4231 et
821 4178 1050 4250 subseq.)
1101 4179 1209 4236 Sex
1249 4181 1438 4237 diebus
1483 4181 1831 4252 operaberis;
1882 4179 2112 4251 septima
2215 4180 2398 4236 dinem
2441 4180 2577 4253 ejus.
2629 4181 2744 4253 Ego
2793 4182 3069 4239 Dominus.
3134 4183 3542 4255 Turpitudinem
3587 4175 3721 4234 matris

531 4266 618 4320 die
656 4268 913 4334 cessabis,
944 4279 1004 4324 ut
1048 4271 1354 4342 requiescat
1397 4273 1497 4328 bos
1521 4311 1536 4338 ,
1569 4279 1624 4328 et
1652 4272 1838 4327 asinus
1867 4281 2020 4338 tuus;
2059 4279 2115 4327 et
2215 4279 2322 4328 tuae
2349 4288 2459 4329 non
2483 4273 2843 4345 discooperies
2875 4293 2889 4330 :
2917 4284 3093 4331 mater
3120 4283 3213 4332 tua
3253 4284 3365 4335 est.
3387 4274 3502 4332 Non
3526 4267 3722 4330 revelabis

528 4357 879 4430 refrigeretur
915 4361 1057 4417 filius
1084 4363 1292 4420 ancillae
1345 4374 1452 4420 tuae
1475 4405 1492 4434 ,
1522 4372 1578 4420 et
1614 4365 1840 4421 advena.
1874 4363 2067 4420 Omnia
2095 4405 2110 4430 ,
2216 4360 2601 4431 turpitudinem
2630 4360 2767 4432 ejus.
2805 4362 3220 4435 Turpitudinem
3265 4366 3454 4423 uxoris
3499 4363 3642 4435 patris
3672 4354 3721 4410 ωί

527 4462 650 4518 quae
671 4447 782 4504 dixi
803 4450 978 4516 vobis,
1003 4453 1298 4519 custodite;
1327 4463 1383 4510 et
1407 4470 1508 4525 per
1533 4469 1729 4511 nomen
1761 4463 2109 4512 externorum
2213 4467 2322 4506 non
2377 4451 2757 4525 discoOperies,
2809 4456 3088 4526 turpitudo
3140 4457 3287 4513 enim
3354 4455 3521 4529 patris
3556 4452 3621 4508 tui
3650 4455 3722 4505 es.

525 4540 750 4598 deorum
784 4558 894 4600 non
917 4543 1194 4616 jurabitis,
1220 4561 1397 4616 neque
1422 4547 1673 4603 audietur
1697 4563 1766 4602 ex
1789 4562 1885 4603 ore
1905 4558 2105 4606 vestro.
2139 4619 2148 4620 ί
2215 4541 2624 4614 Turpitudinem
2645 4548 2849 4604 sororis
2891 4556 2995 4604 tuae
3024 4565 3090 4606 ex
3119 4558 3297 4620 patre.
3333 4550 3464 4606 ἐίνθ
3505 4564 3564 4604 εἰ
3598 4551 3724 4600 “iam

526 4633 716 4704 (Ibid.,
750 4654 798 4692 ι’.
830 4637 921 4709 15)
950 4637 1068 4694 Non
1119 4640 1402 4710 apparebis
1448 4640 1502 4696 in
1530 4650 1822 4712 conspectu
1851 4656 1974 4696 meo
2014 4656 2108 4696 va-
2134 4619 2185 4679 Ῑ)
2211 4646 2319 4687 non
2348 4633 2632 4690 revelabis.
2667 4636 3082 4708 Turpitudinem
3108 4619 3231 4696 filim
3250 4640 3349 4696 filii
3378 4639 3478 4705 tui,
3501 4635 3577 4694 vel
3598 4629 3725 4702 neptis

527 4741 681 4784 cuus.
714 4727 902 4800 (Ibid.,
927 4748 974 4786 u.
1011 4731 1100 4802 19)
1135 4731 1414 4788 Primitias
1445 4731 1661 4806 frugum
1695 4742 1852 4789 terrae
1879 4743 1985 4789 tute
2009 4733 2104 4788 de-
2212 4737 2281 4776 ex
2307 4721 2416 4777 ﬁlia
2444 4738 2551 4778 Ιιοη
2593 4724 2878 4792 revelabis.
2909 4728 3036 4798 quia
3067 4729 3347 4799 turpitudo
3390 4739 3481 4784 tua
3517 4735 3605 4782 εει·
3627 4721 3722 4775 Tn"

527 4817 670 4873 feres
718 4821 772 4875 in
795 4821 1013 4876 domum
1048 4824 1256 4880 Domini
1304 4825 1398 4880 Dei
1425 4826 1522 4881 tui.
1563 4825 1750 4898 (Ibid.,
1779 4844 1826 4880 υ.
1852 4826 1944 4896 25)
1979 4823 2105 4880 Ser-
2210 4814 2509 4884 pitudinem
2552 4816 2675 4872 ﬁliae
2709 4819 2894 4875 uxoris
2913 4821 3083 4889 patris
3105 4821 3201 4886 lui.
3231 4837 3398 4892 quam
3423 4808 3724 4892 νερετῖιιηιτί

525 4911 792 4983 victisque
819 4913 1047 4970 Domino
1071 4914 1183 4972 Deo
1207 4925 1410 4983 vestro,
1456 4925 1515 4972 ut
1539 4917 1854 4972 benedicam
1879 4917 2094 4987 panibus

2213 4916 2325 4973 tuo,
2355 4918 2412 4963 et
2452 4917 2550 4982 est
2575 4924 2732 4966 soror
2763 4920 2870 4977 tua,
2915 4927 3023 4967 non
3059 4913 3348 4969 revelabis.
3377 4907 3720 4982 Turpitudinem

525 5003 655 5071 tuis,
695 5014 751 5060 et
789 5007 962 5076 aquis,
1017 5015 1072 5062 et
1115 5009 1357 5064 auferam
1391 5009 1758 5065 infirmitatem
1813 5011 1880 5065 de
1928 5010 2105 5065 medio
2209 5000 2416 5057 SOI'OI'iS
2434 5001 2604 5073 patris
2625 5002 2708 5058 sui
2729 5019 2838 5059 non
2859 5004 3246 5075 discooperiCS,
3272 5005 3404 5076 quia
3428 5017 3550 5060 caro
3573 5007 3724 5066 θείω·

525 5097 638 5164 tui;
667 5098 856 5170 (Ibid.,
885 5117 931 5155 υ.
956 5100 1047 5174 27)
1075 5113 1499 5175 cunctorumque
1524 5103 1866 5160 inimicorum
1890 5113 2094 5160 tuorum

2213 5093 2314 5149 tris
2342 5093 2440 5148 tui.
2475 5093 2885 5164 Turpitudinem
2908 5096 3110 5152 sororis
3137 5095 3331 5152 matris
3360 5104 3466 5152 tua
3496 5108 3590 5148 non
3612 5099 3723 5144 reve-

522 5202 706 5244 coram
736 5197 786 5243 te
815 5200 966 5263 terga
995 5204 1202 5249 venam
2207 5184 2363 5252 labis,
2395 5201 2460 5241 co
2497 5189 2640 5257 quod
2692 5204 2822 5245 caro
2873 5189 2945 5244 sit
2985 5188 3178 5245 matris
3207 5197 3332 5244 tua.
3368 5181 3724 5258 Turpitudinem

592 5278 648 5334 IN
681 5278 960 5338 Law-nco.
995 5283 1139 5338 Dixit
1181 5283 1442 5340 Dominus
1483 5287 1550 5340 ad
1565 5284 1804 5357 Moysen.
1834 5283 2022 5357 (Leuit.
2045 5302 2100 5352 v,
2203 5279 2382 5348 patrui
2418 5280 2493 5335 tui
2533 5295 2640 5334 non
2684 5281 2949 5337 revelabis
2971 5321 2988 5349 ,
3037 5294 3138 5338 nec
3181 5280 3413 5337 accedes
3451 5279 3516 5334 ad
3552 5281 3724 5330 ιιιοΐθ1³1

523 5368 551 5424 1
575 5379 624 5423 et
665 5371 895 5443 subseq.)
939 5371 998 5428 Si
1019 5375 1324 5444 peccaverit
1342 5376 1546 5440 anima,
1569 5384 1624 5431 et
1648 5376 1882 5431 audierit
1913 5390 2099 5430 vocem
2201 5372 2342 5442 ejus,
2373 5388 2494 5443 quac
2540 5373 2636 5428 tibi
2690 5373 2950 5430 alIinitate
2975 5373 3340 5447 conjungitur.
3373 5365 3724 5443 Turpitudinem

517 5455 750 5529 iurantis
774 5503 791 5530 ,
831 5463 1094 5535 testisque
1139 5465 1301 5521 fuerit
1343 5466 1484 5537 quod
1519 5477 1612 5522 aut
1639 5468 1755 5539 ipse
1785 5467 1956 5534 vidit,
2003 5474 2097 5522 aut
2203 5481 2374 5521 nurus
2429 5475 2534 5523 tua:
2571 5482 2679 5523 non
2719 5467 3005 5536 revelabis,
3033 5468 3159 5539 quia
3200 5481 3339 5521 uxor
3386 5465 3479 5520 filii
3507 5461 3571 5516 tui
3595 5453 3723 5512 est”:

520 5553 771 5610 conscius
795 5564 913 5612 est'
950 5557 1054 5613 nisi
1080 5557 1425 5625 indicaverit,
1473 5561 1708 5631 portabit
1754 5561 2096 5632 iniquitatem
2203 5567 2260 5614 et
2283 5574 2506 5616 uxorem
2529 5557 2715 5617 fratris
2734 5559 2820 5616 sui
2838 5559 3016 5617 nullus
3037 5559 3282 5630 accipiat.
3309 5551 3687 5626 Turpitudinem
3705 5549 3721 5576 ‘

597 5685 818 5769 flevit.
843 5705 998 5754 xvrn,
1029 5693 1082 5757 6,
1111 5701 1168 5748 et
1191 5693 1410 5764 subseq.
1447 5709 1572 5751 cum
1594 5694 1772 5767 aliqua
1799 5708 1976 5752 tamen
2003 5712 2097 5752 va-
2277 5692 2304 5730 δ
2336 5689 2562 5769 Vulgata
2585 5705 2726 5769 vers.
2761 5689 2849 5748 16.
2876 5689 3268 5769 Turpitudinem
3285 5687 3474 5769 uxoris
3494 5680 3652 5757 fratri:
3670 5672 3725 5730 tri

521 5762 737 5813 notate.
1369 5760 1389 5764 “
1684 5760 1704 5767 ⁷
2205 5777 2308 5816 non
2341 5760 2608 5826 reuelabis,
2626 5763 2760 5830 inuia
2795 5760 3068 5830 turpitudo
3091 5761 3272 5830 fratris
3296 5760 3380 5830 tu}
3394 5766 3497 5830 est.

2335 5830 2564 5902 Vulgata
2592 5817 2988 5902 Turpitudinem
3011 5817 3190 5888 uxoris
3220 5839 3320 5886 tua:
3349 5827 3526 5902 [deest
3549 5817 3688 5888 ﬁliz-l
