3974 6344
295 509 432 567 uss
1251 467 1716 571 nominarunt
1752 510 1844 567 EX
1884 509 2106 567 sscna
2149 507 2550 565 SCRIPTUM.
3317 555 3320 558 .
3401 505 3534 563 uso

296 625 416 680 ﬁlize
450 627 634 681 uxoris
678 636 802 691 tum,
845 637 898 682 ct
930 627 1050 682 ﬁlia:
1078 630 1194 699 ejus
1222 646 1324 685 non
1355 631 1640 688 revelabis.
1667 630 1856 686 Filiam
1887 631 1938 693 Α
1962 643 2114 699 requa
2143 627 2251 682 sint
2279 627 2538 698 pondera,
2560 624 2738 696 justus
2762 624 2970 680 modius
2994 663 3010 689 ,
3037 637 3326 693 :eqnusque
3353 633 3536 680 sexta-

295 716 387 772 ﬁlii
416 717 558 774 illius
579 730 606 760 ι
638 733 744 774 non
769 733 969 786 sumes,
995 728 1056 776 ut
1087 721 1299 777 reveles
1334 723 1681 793 ignominiam
1703 723 1857 793 ejus:
1966 720 2098 775 rius.
2145 718 2256 790 Ego
2294 718 2553 773 Dominus
2603 717 2742 772 Deus
2778 725 2977 772 vester.
3025 714 3301 770 Custodite
3348 717 3531 771 omnia

293 808 418 879 quia
447 823 578 866 caro
604 808 746 864 illius
771 819 857 864 est
883 850 898 876 ,
926 819 980 866 et
1006 811 1130 867 talis
1153 811 1327 868 coitus
1359 813 1598 870 incestus
1628 821 1730 869 est.
1761 811 1863 869 So-
1962 822 2228 886 praecepta
2255 829 2395 880 mea,
2423 821 2478 868 et
2494 813 2745 868 universa
2771 813 2974 883 judicia
3001 825 3142 877 mea,
3173 818 3228 864 et
3257 807 3419 864 facile
3445 823 3526 864 ea.

293 915 470 956 rorem
508 902 692 956 uxoris
725 909 831 957 tuae
871 917 977 958 non
1017 905 1251 975 accipies
1279 945 1296 973 ,
1333 921 1432 962 nec
1459 907 1721 963 revelabis
1745 915 1861 962 tur—
1961 906 2074 978 Ego
2121 905 2398 960 Dominus.
2450 904 2635 977 (Levit.
2689 920 2758 959 xx
2781 946 2796 970 ,
2855 904 2910 977 7)
2965 899 3388 960 Sanctiﬁcamini
3415 941 3430 965 ,
3481 907 3536 956 et

291 989 587 1060 pitudinem
615 988 732 1059 ejus
761 992 811 1046 ι).
842 990 924 1046 Ad
955 993 1260 1062 mulierem,
1298 1011 1418 1065 quae
1467 997 1668 1066 patitur
1712 1013 1861 1053 men—
1961 1005 2135 1052 estote
2164 996 2354 1060 sancti,
2381 997 2507 1067 quia
2529 1011 2628 1068 ego
2651 995 2912 1051 Dominus
2945 994 3090 1052 Deus
3121 1001 3318 1049 vester.
3341 991 3535 1070 Custo-

292 1093 463 1150 strua,
517 1100 623 1140 non
666 1084 910 1149 accedas,
947 1101 1046 1142 nec
1075 1088 1341 1144 revelabis
1374 1088 1673 1144 foeditatem
1719 1089 1857 1159 ejus.
1962 1091 2072 1146 dite
2119 1099 2387 1160 praecepta
2414 1104 2556 1156 mea,
2587 1097 2642 1144 et
2672 1079 2951 1144 faciteea.
3001 1088 3112 1161 Ego
3152 1085 3412 1142 Dominus
3441 1083 3534 1153 qui

291 1175 425 1233 Cum
468 1191 640 1233 uxore
678 1178 912 1248 proximi
959 1179 1034 1234 tui
1094 1195 1200 1236 non
1242 1181 1445 1248 coibis,
1493 1197 1595 1238 nec
1638 1184 1860 1240 seminis
1968 1176 2245 1235 sanctiﬁco
2270 1194 2386 1235 vos.
2415 1177 2515 1246 Qui
2553 1178 2891 1234 maledixerit
2915 1179 3055 1249 patri
3085 1192 3202 1242 suo,
3237 1184 3329 1230 aut
3349 1173 3535 1240 matri,

291 1271 666 1328 commistione
693 1272 1071 1330 maculaberis.
1115 1273 1249 1330 Cum
1280 1275 1518 1331 masculo
1557 1290 1664 1330 non
1710 1291 1860 1332 com-
1961 1282 2136 1329 morte
2174 1273 2456 1328 moriatur.
2489 1272 2593 1341 Qui
2623 1273 2807 1344 patri,
2848 1263 3117 1342 matrique
3161 1268 3535 1333 maledixerit,

290 1363 607 1420 misceberis
633 1365 777 1422 coitu
810 1365 1064 1432 femineo,
1092 1368 1220 1438 quia
1250 1368 1581 1424 abominatio
1599 1377 1701 1424 est.
1725 1367 1859 1424 Cum
1962 1364 2182 1435 sanguis
2209 1364 2324 1434 ejus
2348 1363 2418 1418 sit
2445 1378 2608 1434 super
2633 1377 2779 1418 eum.
2811 1360 2870 1417 Si
2909 1362 3209 1418 mmehatus
3229 1359 3352 1430 quis
3372 1357 3538 1413 fuerit

288 1454 435 1510 omni
470 1470 665 1526 pecore
695 1471 801 1512 non
845 1458 1050 1524 coibis,
1090 1474 1194 1514 nec
1218 1459 1575 1515 maculaberis
1601 1474 1725 1515 cum
1773 1474 1856 1516 eo.
1959 1470 2082 1510 cum
2130 1469 2298 1510 uxore
2334 1453 2556 1509 alterius
2583 1495 2598 1520 ,
2659 1464 2714 1510 et
2757 1453 3076 1509 adulterium
3138 1449 3537 1523 perpetraverit

288 1543 480 1599 Mulier
509 1559 617 1600 non
658 1548 976 1603 succumbet
995 1546 1272 1616 jumento,
1299 1564 1402 1605 nec
1430 1537 1745 1605 miscebitur
1771 1550 1858 1616 ei,
1960 1561 2082 1602 cum
2107 1545 2332 1617 conjuge
2360 1545 2591 1616 proximi
2630 1544 2714 1601 sui
2738 1587 2753 1609 ,
2779 1552 2954 1600 morte
2994 1542 3296 1598 moriantur
3320 1549 3376 1596 et
3402 1554 3537 1596 mmo

290 1634 417 1705 quia
453 1635 630 1691 scelus
653 1645 757 1692 est.
787 1636 896 1694 Nec
919 1639 1231 1708 polluamini
1262 1640 1315 1695 in
1337 1641 1588 1696 omnibus
1615 1641 1718 1706 his,
1742 1641 1862 1711 qui-
1960 1637 2096 1692 chus
2109 1646 2162 1692 et
2185 1636 2444 1692 adultera.
2462 1635 2652 1707 (Ibid.,
2668 1653 2717 1690 υ.
2742 1633 2945 1704 15)ουἰ
2972 1631 3258 1688 dormierit
3279 1645 3402 1686 cum
3423 1644 3537 1684 ma-

288 1725 390 1780 bus
418 1727 800 1783 contaminatas
847 1738 972 1783 sunt
1017 1731 1282 1786 universae
1333 1740 1539 1802 gentes.
1584 1730 1857 1787 Custodite

1967 1727 2110 1783 scqu
2130 1727 2273 1782 coitu
2293 1726 2548 1792 femineo,
2562 1734 2787 1797 uterque
2807 1731 3060 1794 cperatus
3074 1731 3158 1778 est
3176 1721 3348 1786 nefas,
3364 1728 3536 1775 morte

285 1815 520 1888 legitima
551 1833 671 1873 mea
699 1827 756 1875 et
785 1819 1010 1889 judicia,
1038 1831 1093 1877 et
1121 1837 1226 1877 non
1271 1821 1484 1878 faciatis
1511 1839 1575 1878 ex
1611 1825 1861 1880 omnibus
1961 1821 2302 1876 moriantur:
2335 1820 2406 1875 sit
2429 1819 2650 1889 sanguis
2676 1833 2864 1874 eorum
2912 1831 3074 1887 super
3119 1831 3232 1870 eos.
3265 1813 3368 1882 Qui
3413 1827 3534 1867 cum

286 1908 777 1966 abominationibus
804 1912 944 1968 istis.
968 1911 1151 1985 (Leuit.
1177 1930 1393 1980 xvrn,v.
1417 1915 1508 1988 29)
1526 1915 1714 1972 Omnis
1743 1917 1860 1972 ani-
1897 1986 1925 1988 _
1955 1908 2227 1980 jumeMO,
2269 1918 2326 1964 el
2373 1924 2570 1980 pecore
2613 1907 2804 1964 COiCI'il
2830 1916 3004 1962 mOI‘le
3043 1905 3324 1969 morimur.
3372 1916 3538 1972 Dec"s

287 2013 374 2053 ma
411 2015 532 2069 quae
547 2000 735 2057 fecerit
754 2003 823 2059 de
843 2005 1333 2064 abominationibus
1352 2009 1436 2064 his
1455 1986 1750 2081 quidpiam,
1775 2027 1862 2082 pc.
1890 1986 1940 2047 Β
1966 2015 2180 2073 quoque
2209 2001 2468 2066 occidite;
2520 1999 2733 2066 mulier,
2781 2013 2901 2070 quae
2935 1996 3281 2054 succubuerit
3316 1993 3538 2050 cuilibet

285 2089 987 2164 ribitdemediopopulisui.
1009 2095 1196 2168 (Levit.
1214 2100 1460 2171 xtx,v.5)
1483 2099 1862 2174 Unusquisque
1960 2094 2227 2165 ἱιιῐῐιεηῑο,
2260 2092 2421 2149 Simul
2450 2090 2803 2146 ίηῐθΐίῖθίθῑυτ
2824 2104 2948 2144 cum
2972 2102 3038 2143 θο
3068 2105 3081 2141 ⁵
3108 2085 3326 2157 εαηευίε
3345 2096 3537 2174 “lium

284 2188 496 2250 patrem
516 2198 692 2251 suum,
709 2193 764 2240 et
776 2194 1001 2241 matrem
1019 2189 1391 2245 suamtimeat.
1412 2189 1575 2262 (Ibid.
1592 2171 1859 2262 v.79)Cum
1964 2185 2036 2239 sit
2062 2199 2224 2254 super
2253 2198 2365 2239 eos.
2383 2181 2635 2253 (Ibid.,v.
2652 2180 2744 2250 27)
2760 2178 2875 2244 Vir,
2891 2178 3005 2232 sive
3029 2175 3244 2240 mulier,
3267 2174 3320 2228 in
3341 2171 3538 2243 quibus

284 2276 576 2332 messueris
601 2285 813 2350 segetes
847 2288 1003 2335 terra:
1031 2288 1156 2347 tuas,
1186 2295 1292 2337 non
1322 2282 1570 2338 tondebis
1596 2298 1768 2354 usque
1793 2286 1859 2340 ad
1960 2276 2306 2349 pythonicus,
2338 2274 2422 2329 vel
2473 2271 2820 2329 divinationis
2857 2269 3022 2325 fuerit
3062 2267 3309 2339 spiritus,
3363 2271 3538 2320 morte

283 2365 456 2422 solum
478 2407 494 2433 ,
539 2383 644 2425 nec
688 2380 1030 2427 remanentes
1077 2373 1255 2443 spicas
1302 2373 1522 2446 colliges
1552 2393 1565 2429 :
1591 2391 1769 2444 neque
1805 2378 1859 2432 in
1963 2369 2306 2425 moriantur:
2335 2366 2602 2437 lapidibus
2637 2365 2868 2420 obruent
2913 2377 3006 2418 eos
3040 2379 3053 2416 :
3087 2359 3307 2432 sanguis
3347 2371 3536 2414 eorum

282 2456 439 2513 vinea
471 2466 564 2513 tua
591 2475 838 2516 racemos
861 2470 916 2518 et
957 2477 1124 2532 grana
1147 2462 1449 2518 decidentia
1480 2467 1859 2535 eongregabis,
1963 2463 2036 2516 sit
2085 2475 2246 2530 super
2275 2459 2414 2515 illos.
2445 2457 2633 2528 (Lavit.
2670 2471 2818 2519 XXIV,
2844 2454 2932 2524 15)
2967 2451 3138 2508 Homo
3164 2491 3180 2517 ,
3228 2448 3322 2520 qui
3372 2447 3540 2504 male-

283 2550 379 2603 sed
429 2551 757 2620 pauperibus
804 2559 860 2606 et
901 2553 1203 2624 peregrinis
1268 2555 1538 2623 carpenda
1590 2555 1853 2612 dimittes.
1963 2552 2160 2607 dixerit
2190 2552 2300 2605 Deo
2344 2563 2464 2615 suo,
2515 2547 2752 2618 portabit
2796 2553 3076 2614 peccatum
3106 2555 3261 2596 suum
3286 2579 3301 2606 ,
3345 2547 3401 2594 et
3443 2537 3536 2608 qui

283 2635 401 2692 Non
448 2635 663 2696 facietis
702 2639 928 2696 furtum.
966 2641 1082 2697 Non
1116 2642 1472 2710 mentiemini,
1503 2659 1603 2701 nec
1631 2645 1865 2717 decipiat
1964 2641 2419 2714 blasphemaverit
2463 2654 2659 2696 nomen
2733 2638 2981 2702 Domini,
3031 2643 3206 2691 morte
3248 2632 3534 2688 moriatur.

283 2730 656 2801 unusquisque
701 2735 1006 2804 proximum
1054 2749 1230 2790 suum.
1287 2734 1403 2792 Non
1456 2735 1759 2806 perjurabis
1807 2739 1861 2793 in
1963 2737 2065 2804 Qui
2096 2735 2446 2808 percusserit,
2482 2741 2538 2788 et
2577 2731 2838 2788 occiderit
2876 2729 3147 2785 hominem
3173 2767 3188 2794 ,
3217 2733 3392 2781 morte
3421 2738 3539 2780 mo-

284 2820 506 2876 nomine
557 2836 702 2889 meo,
733 2838 833 2879 nec
859 2823 1066 2894 pollues
1098 2840 1293 2880 nomen
1337 2827 1431 2881 Dei
1474 2827 1570 2882 tui.
1617 2827 1730 2900 Ego
1756 2827 1863 2884 Do-
1961 2829 2155 2884 riatur.
2191 2827 2377 2900 (Ibid.,
2411 2843 2460 2881 υ.
2486 2823 2838 2897 22)1Equum
2871 2822 3134 2892 judicium
3157 2820 3227 2875 sit
3255 2819 3394 2874 inter
3417 2832 3536 2883 vos,

283 2912 484 2970 minus.
534 2912 655 2970 Non
703 2915 872 2972 facies
915 2915 1242 2972 calumniam
1266 2919 1512 2990 proximo
1541 2928 1652 2986 tuo,
1682 2935 1783 2976 nec
1805 2921 1860 2975 vi
1963 2921 2080 2978 sive
2099 2919 2439 2993 peregrinus,
2469 2918 2583 2974 sive
2611 2917 2748 2973 civis
2768 2915 3095 2988 peccaverit,
3133 2913 3258 2985 quia
3285 2927 3387 2984 ego
3415 2926 3534 2967 sum

286 3005 561 3075 opprimes
593 3021 739 3062 eum.
771 3006 891 3063 Non
917 3009 1222 3064 morabitur
1252 3026 1389 3082 opus
1419 3011 1742 3068 mercenarii
1780 3012 1860 3067 tui
1963 3011 2225 3068 Dominus
2256 3009 2396 3065 Deus
2423 3017 2622 3064 vester.
2647 3006 2832 3080 (Leuit.
2865 3021 2992 3072 xxv,
3043 3004 3136 3076 35)
3189 3003 3244 3059 Si
3294 3010 3538 3058 attenua-

287 3096 428 3166 apud
453 3104 504 3152 te
528 3111 700 3166 usque
727 3113 907 3154 mane.
936 3097 1054 3154 Non
1086 3099 1378 3156 maledices
1403 3102 1609 3158 surdo:
1639 3116 1740 3158 nec
1763 3116 1858 3158 co-
1963 3113 2050 3158 tus
2097 3100 2262 3158 fuerit
2301 3099 2472 3155 frater
2509 3107 2634 3154 tuus
2653 3139 2669 3164 ,
2711 3107 2768 3154 et
2795 3098 3045 3154 inﬁrmus
3067 3112 3252 3164 manu,
3276 3103 3332 3151 et
3355 3108 3537 3151 susce-

289 3199 405 3240 ram
431 3200 574 3242 caeco
591 3200 760 3256 pones
780 3186 1158 3245 oﬁ‘endiculum
1180 3207 1194 3256 ;
1220 3191 1314 3246 sed
1338 3191 1550 3247 timebis
1575 3192 1860 3248 Dominum
1961 3194 2108 3266 peris
2137 3208 2261 3249 eum
2289 3193 2446 3264 quasi
2473 3191 2757 3257 advenam,
2789 3199 2845 3246 et
2859 3190 3232 3264 peregrinum,
3260 3195 3316 3244 et
3338 3187 3538 3242 vixerit

288 3271 458 3332 Deum
511 3284 686 3342 tuum,
728 3277 856 3347 quia
907 3293 1006 3350 ego
1055 3294 1175 3334 sum
1228 3280 1505 3337 Dominus.
1537 3281 1654 3336 Non
1695 3282 1861 3340 facies
1891 3340 1932 3354 Α
1965 3293 2168 3350 tecum,
2188 3299 2257 3339 ne
2281 3283 2515 3354 accipias
2542 3298 2738 3339 usuras
2762 3283 2832 3338 ab
2864 3297 2952 3348 eo,
2979 3296 3080 3336 nec
3117 3278 3348 3350 amplius
3377 3291 3539 3349 quam

287 3367 430 3438 quod
460 3367 701 3438 iniquum
733 3376 847 3435 est,
880 3340 981 3425 nec
1020 3370 1221 3441 injuste
1245 3370 1531 3440 iudicabis.
1580 3372 1697 3429 Non
1724 3388 1856 3430 con-
1885 3340 1932 3404 C
1965 3340 2180 3433 dedisti.
2219 3376 2372 3432 Time
2399 3340 2569 3431 Deum
2604 3385 2785 3440 tuum,
2832 3384 2894 3430 ut
2927 3345 3111 3429 vivere
3152 3374 3322 3444 possit
3368 3371 3539 3428 frater

286 3461 494 3518 sideres
547 3476 832 3532 personam
877 3465 1162 3536 pauperis,
1213 3480 1314 3522 nec
1369 3468 1602 3522 honores
1652 3467 1859 3523 vultum
1965 3477 2088 3524 tuus
2116 3467 2254 3538 apud
2281 3475 2354 3523 te.
2385 3467 2676 3523 Pecuniam
2705 3475 2855 3522 tuam
2885 3481 2991 3522 non
3021 3465 3175 3521 dabis
3199 3465 3249 3520 ei
3293 3465 3362 3518 ad
3405 3478 3535 3518 usu-

284 3553 538 3623 potentis.
573 3552 928 3623 Justejudica
963 3558 1211 3626 proximo
1256 3566 1364 3613 tuo.
1397 3558 1514 3614 Non
1542 3559 1651 3614 eris
1672 3559 1857 3614 crimi-
1963 3574 2100 3624 ram,
2171 3567 2227 3613 et
2277 3557 2491 3626 frugum
2549 3555 3098 3627 superabundantiam
3151 3569 3259 3608 non
3328 3553 3534 3624 exiges.

285 3656 445 3702 nator
473 3688 488 3715 ,
535 3663 636 3704 nec
683 3665 905 3706 susurro
936 3651 987 3705 in
1018 3651 1248 3722 populis.
1289 3650 1404 3707 Non
1453 3652 1627 3708 stabis.
1667 3661 1857 3708 contra
1965 3660 1986 3688 ε
2019 3647 2234 3703 Animal
2277 3657 2481 3712 autem,
2509 3647 2652 3716 quod
2679 3643 2947 3700 immolari
2981 3651 3160 3714 potest
3192 3642 3452 3709 Domino,
3489 3643 3537 3706 si

285 3738 600 3809 sanguinem
632 3740 865 3810 proximi
908 3741 1002 3796 tui.
1050 3728 1163 3814 Ego
1202 3742 1480 3799 Dominus.
1523 3742 1631 3798 Nec
1678 3743 1859 3799 oderis
1961 3740 2083 3810 quis
2109 3738 2320 3793 voverit
2346 3777 2362 3804 ,
2396 3746 2645 3793 sanctum
2670 3737 2776 3792 erit
2817 3743 2874 3792 et
2901 3735 3097 3790 mutari
3152 3751 3259 3791 non
3292 3736 3533 3808 poterit,

286 3823 508 3882 fratrem
543 3829 693 3884 t'uum
720 3830 775 3885 in
806 3831 967 3886 corde
995 3839 1109 3897 tuo,
1141 3833 1234 3888 sed
1276 3833 1489 3902 publice
1517 3845 1683 3901 argue
1711 3845 1855 3896 eum,
1962 3828 2016 3882 id
2054 3835 2154 3891 est,
2197 3842 2297 3882 nec
2323 3826 2518 3882 melius
2545 3825 2688 3881 malo
2728 3840 2829 3882 nec
2870 3825 3026 3896 pejus
3079 3826 3240 3880 bono.
3287 3825 3442 3892 Quod
3487 3825 3535 3880 si

285 3931 355 3972 ne
408 3917 610 3974 habeas
639 3936 802 3990 super
836 3920 926 3975 illo
958 3928 1261 3990 peccatum.
1293 3919 1410 3973 Non
1437 3933 1648 3989 quaeras
1694 3917 1857 3974 nltio-
1960 3920 2273 3984 mutaverit,
2295 3929 2349 3974 et
2370 3919 2544 3989 ipsum
2569 3918 2711 3988 quod
2737 3927 3000 3972 mutatum
3033 3927 3151 3984 est,
3179 3926 3234 3972 et
3273 3917 3400 3972 illud
3436 3931 3535 3988 pro

285 4021 442 4072 nem;
495 4021 598 4061 nec
631 4009 952 4063 memoreris
987 4007 1196 4076 injuria:
1232 4007 1430 4062 civium
1480 4015 1713 4062 tuorum.
1761 4008 1857 4063 Di-
1959 4025 2067 4080 quo
2093 4018 2356 4064 mutatum
2378 4018 2483 4074 est,
2502 4018 2874 4066 consecratum
2900 4010 3003 4064 erit
3018 4009 3261 4064 Domino.
3280 4008 3536 4081 (Ibid.,v.

285 4097 419 4169 liges
446 4099 680 4154 amicum
720 4107 869 4154 tuum
921 4101 1063 4156 sicut
1115 4099 1365 4171 teipsum.
1413 4101 1525 4172 Ego
1579 4100 1853 4158 Dominus.
1960 4102 2049 4172 28)
2093 4101 2296 4167 Omne,
2323 4103 2468 4172 quod
2498 4101 2725 4157 Domino
2763 4111 3146 4166 consecratur,
3189 4117 3296 4156 non
3331 4101 3533 4156 vende-

283 4189 456 4261 Leges
507 4206 656 4246 meas
701 4191 985 4247 custodite.
1019 4192 1131 4264 Ego
1177 4193 1436 4249 Dominus
1470 4193 1612 4248 Deus
1652 4202 1854 4249 vester.
1960 4201 2068 4258 tur,
2095 4207 2196 4248 nec
2230 4191 2419 4248 redimi
2457 4193 2671 4264 poterit.
2715 4191 2982 4262 Quidquid
3019 4191 3186 4248 semel
3213 4192 3376 4248 fuerit
3401 4209 3534 4248 con-

285 4280 474 4354 (Ibid.,
505 4301 556 4338 υ.
587 4285 680 4356 26)
725 4284 841 4340 Non
888 4287 1180 4342 comedetis
1230 4302 1354 4343 cum
1403 4288 1678 4359 sanguine.
1737 4287 1858 4344 Non
1959 4295 2261 4350 secratum,
2295 4285 2550 4341 Sanctum
2587 4296 2896 4342 sanctorum
2923 4286 3029 4341 erit
3059 4285 3307 4344 Domino.
3335 4285 3535 4343 Omnes

282 4375 701 4445 augurabimini,
731 4391 830 4432 nec
857 4378 1215 4434 observabitis
1234 4379 1438 4434 somnia
1466 4379 1652 4451 (Ibid.,
1671 4398 1717 4434 υ.
1741 4381 1857 4450 29).
1958 4380 2181 4435 decima:
2205 4389 2382 4446 terrae,
2407 4379 2520 4434 sive
2552 4380 2619 4434 de
2643 4379 2902 4449 frugibus,
2940 4379 3052 4434 sive
3078 4380 3144 4434 de
3173 4381 3349 4450 pomis
3375 4380 3536 4435 arbo-

283 4462 400 4519 Non
429 4467 724 4536 prostituas
751 4467 917 4523 ﬁliam
947 4478 1117 4535 tuam,
1150 4485 1218 4525 ne
1243 4471 1640 4526 contaminetur
1687 4479 1852 4534 terra,
1960 4487 2078 4526 rum
2106 4471 2319 4527 Domini
2342 4479 2498 4536 sunt,
2522 4479 2577 4526 et
2601 4471 2677 4525 illi
2702 4470 3127 4526 sanctificantur.
3159 4469 3410 4526 Omnium
3444 4471 3540 4526 de-

283 4565 338 4612 et
389 4557 675 4628 impleatur
727 4561 959 4632 piaculo.
1012 4563 1245 4618 Sabbata
1291 4579 1410 4619 mea
1455 4564 1752 4629 custodite,
1801 4572 1856 4619 et
1959 4564 2221 4619 cimarum
2261 4564 2433 4629 bovis,
2468 4572 2524 4619 et
2561 4564 2697 4630 ovis,
2723 4573 2778 4619 et
2799 4579 2996 4634 caprae,
3021 4579 3142 4634 qua:
3171 4564 3273 4618 sub
3298 4561 3536 4632 pastoris

282 4655 647 4709 sanctuarium
703 4670 880 4710 meum
934 4657 1173 4711 metuite.
1239 4656 1347 4727 Ego
1402 4656 1679 4712 Dominus.
1737 4656 1855 4714 Non
1882 4653 2084 4758 l)juga
2125 4653 2318 4725 (virga)
2361 4663 2670 4719 transeunt,
2708 4655 2968 4725 quidquid
3016 4653 3284 4708 decimum
3324 4653 3538 4708 venerit

283 4742 565 4801 declinetis
590 4746 658 4802 ad
693 4763 881 4819 magos
904 4789 920 4813 ,
967 4763 1067 4804 nec
1097 4750 1166 4803 ab
1193 4749 1381 4804 ariolis
1422 4749 1622 4818 aliquid
1670 4750 1855 4806 scisci-
1882 4742 1932 4758 υ
1961 4747 2383 4802 sanctiﬁeabitnr
2420 4748 2662 4802 Domino.
2705 4749 2823 4803 Non
2865 4746 3138 4819 (eligetur)
3185 4745 3392 4817 legetur
3430 4759 3533 4801 nec

281 4836 492 4902 temini,
521 4845 583 4892 ut
621 4837 934 4909 polluamini
969 4856 1067 4911 per
1106 4855 1219 4895 eos.
1259 4840 1370 4910 Ego
1413 4839 1674 4897 Dominus
1713 4841 1854 4898 Deus
1958 4839 2179 4903 bonum,
2211 4851 2312 4892 nec
2352 4837 2573 4904 malum,
2611 4854 2712 4895 nec
2760 4839 2932 4894 altero
2977 4836 3414 4892 commutabitur.
3472 4835 3532 4892 Si

280 4935 477 4982 vester.
510 4925 704 4984 Coram
735 4945 871 4986 cano
900 4933 1075 5002 capite
1103 4946 1368 5003 consurge
1387 4973 1401 4997 ,
1433 4932 1639 4988 honora
1666 4946 1854 5003 perso-
1956 4929 2078 5006 quis
2114 4930 2405 4985 mutaverit
2435 4948 2448 4983 :
2480 4939 2535 4984 et
2579 4931 2723 5002 quod
2749 4937 3014 4984 mutatum
3039 4937 3124 4984 est
3145 4968 3160 4994 ,
3201 4938 3256 4983 et
3299 4943 3397 5000 pro
3425 4943 3534 4999 quo

279 5031 406 5072 nam
429 5019 592 5086 senis,
620 5029 676 5076 et
703 5022 832 5078 time
864 5021 1147 5078 Dominum
1183 5023 1350 5079 Deum
1397 5032 1564 5079 tuum.
1609 5007 1722 5094 Ego
1752 5024 1854 5081 Do-
1956 5028 2219 5076 mutatum
2249 5029 2352 5088 est,
2380 5022 2763 5078 sanctiﬁcatur.

279 5107 479 5163 minus.
521 5108 578 5179 Si
611 5111 936 5168 habitaverit
968 5113 1174 5168 advena
1229 5114 1284 5168 in
1330 5123 1488 5168 terra'
1527 5121 1708 5169 vestra
1738 5153 1754 5179 ,
1800 5121 1854 5169 et
2025 5113 2085 5168 In
2115 5113 2252 5169 libro
2278 5113 2510 5170 Nouem.
2541 5113 2731 5185 (Num.
2783 5125 2865 5176 ιιι,
2919 5109 3007 5178 10,
3056 5109 3186 5180 etc.)
3235 5109 3380 5164 Dixit
3422 5108 3530 5163 Do-

278 5208 521 5254 moratus
565 5197 727 5257 fuerit
750 5203 892 5259 inter
915 5218 1035 5269 vos,
1061 5219 1129 5260 ne
1150 5204 1492 5273 exprobretis
1531 5204 1603 5270 ei,
1648 5205 1743 5260 sed
1782 5204 1855 5259 sit
1957 5206 2136 5261 minus
2155 5206 2223 5261 ad
2250 5205 2502 5277 Moysen:
2526 5205 2707 5260 Aaron
2737 5211 2920 5258 autem
2943 5211 3001 5258 et
3024 5201 3162 5258 ﬁlios
3189 5199 3307 5269 ejus
3330 5200 3532 5256 consti-

277 5288 423 5345 lnter
449 5305 545 5347 vos
570 5293 723 5362 quasi
748 5293 1018 5364 indigena,
1059 5303 1114 5349 et
1135 5294 1517 5365 diligetiseum
1547 5296 1701 5367 quasi
1732 5311 1854 5351 vos-
1959 5306 2076 5352 tues
2130 5312 2292 5368 super
2345 5297 2547 5352 cultum
2599 5295 2916 5350 Sacerdotii.
2969 5293 3272 5358 Externus,
3326 5292 3417 5363 qui
3463 5292 3530 5346 ad

279 5383 558 5455 metipsos.
608 5383 782 5442 Nolite
825 5387 1006 5444 facere
1040 5387 1281 5458 iniquum
1313 5387 1515 5458 aliquid
1537 5389 1590 5444 in
1609 5389 1812 5461 judicio
1834 5431 1850 5457 ,
1958 5387 2369 5444 ministrandum
2400 5387 2713 5452 accesserit,
2738 5387 3020 5441 morietur.
3045 5385 3072 5425 ἀ
3119 5386 3224 5441 Alii
3251 5385 3398 5440 nulla
3431 5399 3528 5438 cn-

279 5472 335 5528 in
361 5475 565 5547 regula,
601 5476 654 5532 in
693 5477 954 5548 pondere,
977 5479 1032 5533 in
1062 5493 1332 5534 mensura.
1361 5477 1573 5534 Statera
1604 5480 1770 5551 justa,
1799 5489 1853 5537 et
1955 5481 2199 5536 riositate
2218 5481 2440 5534 videant
2462 5494 2583 5549 qua:
2606 5489 2732 5534 sunt
2763 5480 2816 5534 in
2857 5478 3177 5535 Sanctuario
3213 5478 3527 5549 priusquam

351 5599 378 5627 ι
411 5587 568 5644 Deest
607 5589 790 5662 itaque
813 5600 862 5646 et
882 5591 1050 5662 ﬁliam
1072 5590 1200 5661 ﬁlice
1220 5591 1364 5647 illius
1384 5605 1482 5662 per
1505 5594 1852 5649 amanuensis
2027 5603 2074 5662 c7
2106 5589 2280 5662 Levit.
2317 5605 2485 5662 xxvii,
2522 5590 2577 5645 9.
2610 5590 2791 5662 Anad
2829 5605 3023 5661 pecora
3080 5590 3302 5660 respicit
3346 5588 3526 5645 oblata

279 5668 521 5732 errorem
553 5660 760 5732 utique.
1018 5731 1021 5732 7
1075 5660 1078 5661 ⁷
1387 5660 1402 5662 “
1491 5731 1502 5732 7
1736 5731 1745 5732 7
1955 5661 2248 5732 Ecclesiae?
2273 5675 2340 5715 an
2369 5661 2547 5731 potius
2575 5661 2642 5732 ad
2670 5660 2842 5732 ﬁlios,
2871 5662 3155 5732 qui7_more
3184 5675 3369 5715 eorum
3380 5669 3525 5732 ten»

351 5727 381 5768 δ
411 5728 574 5805 Deest
625 5727 938 5805 a’dlrueilla
974 5731 1193 5805 uiuente,
1228 5733 1367 5805 quia
1408 5731 1616 5805 scilicet
1647 5731 1854 5805 inlege
1955 5747 2144 5805 porum
2187 5727 2633 5805 adhuc'parvuli,
2666 5727 2905 5788 Domino'
2929 5729 3337 5788 offerebantur?
3372 5730 3521 5786 Judi-

280 5799 469 5873 veteri,
500 5801 545 5854 si
571 5816 638 5873 ex
665 5802 832 5873 priori
858 5802 1052 5873 marito
1081 5818 1187 5858 non
1227 5799 1490 5858 habuerat
1540 5799 1815 5859 hatredeni
1835 5844 1851 5870 ,
1955 5799 2159 5873 caverit
2184 5799 2418 5858 Lectorﬁ
2481 5805 2486 5810 ’

277 5865 449 5925 frater
473 5872 652 5945 mariti
667 5865 1031 5945 'compelletur
1051 5887 1170 5928 eam
1198 5874 1462 5945 accipere,
1485 5882 1547 5931 ut
1566 5865 1855 5930 suscitaret
1953 5942 1990 5945 _
2024 5870 2244 5945 d7Num.
2269 5889 2345 5941 1v,
2367 5874 2457 5930 20.
2501 5875 2743 5932 lndicare
2766 5875 2982 5931 videtur
3002 5889 3210 5931 morem
3236 5874 3526 5945 multarum

277 5950 466 5997 "men
491 5940 674 5998 fratris
693 5940 820 6000 sui.'
1316 5940 1332 5945 ’
1449 5940 1452 5941 ⁷
1951 5942 2310 6012 Ecclesiarum
2333 5940 2468 6018 '[per
2493 5963 2554 6002 ea
2587 5948 2880 6019 praascrtim
2915 5945 3176 6019 tempora]
3210 5961 3328 6015 qua
3358 5943 3527 5998 laicos
