3974 6344
559 534 693 596 1417

1722 528 1778 585 S.
1819 528 2193 585 PRUDENTII
2230 528 2607 586 TRECENSIS
2644 529 2949 588 EPISCOPI

3620 545 3715 606 llis

552 646 918 717 involvantur,
970 641 1205 713 alioquin
1276 639 1593 695 morientur.
1655 640 1843 713 (Num.
1900 657 1990 709 xv,
2040 640 2130 715 50)
2165 648 2207 705 Α
2306 640 2514 715 Moyses
2549 640 2687 699 dixit
2731 645 2797 699 ad
2832 643 2972 703 filios
3020 643 3200 703 Israel.
3246 645 3413 717 (Deut.
3443 654 3587 721 x,17)
3620 656 3716 716 Dens

554 741 746 797 An'ima
775 779 791 806 ,
838 752 957 810 qua-
1010 750 1105 807 per
1164 732 1469 805 superbiam
1508 733 1708 805 aliquid
1763 734 2134 811 commiserit,

554 831 807 903 quoniam
850 828 1107 883 adversus
1163 824 1452 881 Dominum
1504 825 1718 883 rebellis
1776 826 1893 893 fuit,
1942 827 2141 899 peribit

554 924 622 980 de
644 920 841 997 populo
869 934 966 975 suo
994 936 1006 973 :
1046 918 1269 975 verbum
1296 917 1440 973 enim
1469 915 1683 973 Domini
1713 919 2055 989 contempsit,
2084 926 2139 975 et

554 1008 881 1087 praeceptum
909 1008 1050 1064 illius
1078 1007 1208 1064 fecit
1238 1008 1454 1064 irritum
1479 1010 1500 1062 ':
1534 1009 1736 1066 idcirco
1772 1008 2060 1077 delebitur,
2085 1018 2140 1066 et

552 1104 789 1181 portabit
840 1102 1181 1175 iniquitatem
1228 1115 1402 1157 suam.
1443 1099 1636 1172 (Num.
1667 1117 1858 1169 xxvtn,
1888 1102 1943 1173 2)
1977 1101 2138 1159 Obla-

552 1200 753 1255 tionem
783 1213 956 1253 meam
986 1237 1003 1262 ,
1053 1205 1108 1253 et
1153 1210 1322 1268 panes
1347 1238 1361 1261 ,
1403 1205 1465 1263 et
1495 1196 1775 1253 incensum
1805 1196 1988 1255 odoris
2017 1213 2140 1255 sua-

552 1290 760 1346 vissimi
807 1288 998 1345 offerte
1025 1302 1122 1360 per
1150 1295 1388 1361 tempora
1428 1302 1547 1343 sua.
1588 1287 1779 1360 (Num.
1822 1304 1951 1355 xxx,
1982 1287 2036 1362 5)
2080 1284 2137 1344 Si

552 1383 674 1457 quis
701 1384 937 1438 virorum
983 1390 1166 1437 votum
1218 1380 1448 1436 Domino
1496 1380 1727 1445 voverit,
1778 1386 1869 1434 aut
1916 1395 1976 1435 se
2011 1395 2140 1436 con-

553 1476 827 1533 strinxerit
855 1475 1164 1548 juramento
1195 1515 1210 1540 ,
1263 1489 1371 1529 non
1435 1471 1597 1528 faciet
1648 1472 1861 1527 irritum
1914 1474 2139 1529 verbum

554 1568 844 1634 suum,.sed
866 1565 1193 1639 omne.quod
1220 1565 1469 1636 promisit
1496 1563 1757 1635 implebit.
1775 1561 1959 1636 (Ibid.,
1976 1582 2025 1619 υ.
2052 1564 2138 1634 10)

553 1660 724 1716 Vidua
779 1667 833 1714 et
881 1657 1160 1729 repudiata
1212 1656 1469 1731 quidquid
1546 1655 1795 1711 voverint
1829 1697 1843 1722 ,
1892 1656 2136 1712 reddent.

554 1752 743 1826 (Num.
778 1767 940 1817 xxxv,
970 1750 1060 1819 50)
1098 1748 1377 1806 Homicida
1414 1749 1515 1805 sub
1568 1746 1799 1804 testibus
1836 1748 2091 1819 punietur
2121 1765 2135 1804 :

553 1845 620 1899 ad
669 1844 828 1898 unius
868 1840 1233 1898 testimonium
1272 1839 1450 1896 nullus
1503 1838 1968 1895 condemnabitur.
2023 1839 2138 1895 Non

555 1936 835 2017 accipietis
865 1934 1099 2007 pretium
1128 1934 1196 1989 ab
1222 1948 1310 2000 eo,
1345 1932 1437 2004 qui
1465 1948 1591 1989 reus
1618 1940 1703 1988 est
1730 1930 2028 2001 sanguinis.

2242 750 2487 805 magnus,
2536 743 2847 809 et,potens,
2875 745 2932 792 et
2956 736 3246 804 terribilis,
3271 739 3358 808 qui
3384 755 3621 811 personam
3643 763 3715 805 non

2240 824 2454 899 accipit,
2487 842 2587 882 nec
2616 843 2863 895 munera,
2908 835 2963 885 et
2999 827 3127 885 facit
3154 827 3407 898 judicium
3427 834 3717 905 pupilloetvi-

2239 917 2570 973 duzezamat
2606 919 2953 991 peregrinum
3027 926 3085 974 et
3128 917 3221 975 dat
3265 919 3313 974 ei
3358 921 3565 990 victum,
3605 935 3716 998 atque

2242 1011 2516 1066 vestitum.
2552 1010 2621 1067 Et
2659 1026 2755 1067 vos
2792 1026 2922 1083 ergo
2964 1018 3144 1067 amate
3188 1013 3496 1085 peregrinos.
3511 1016 3715 1089 (Datur,

2241 1105 2293 1180 1)
2343 1106 2479 1160 Ama
2503 1105 2790 1161 Dominum
2818 1105 2987 1162 Deum
3007 1116 3193 1173 tuum,
3218 1114 3273 1162 et
3299 1108 3502 1165 observa
3525 1122 3717 1183 pmcepu

2239 1196 2375 1269 ejus,
2400 1206 2454 1251 et
2480 1197 2855 1263 caeremonias,
2895 1197 3134 1269 judicia,
3169 1204 3331 1267 atque
3372 1199 3586 1255 mandata
3617 1202 3717 1259 omni

2241 1297 2502 1369 tempore.
2528 1287 2581 1363 (1
2586 1289 2718 1355 bid.,
2736 1307 2786 1344 υ.
2805 1289 2893 1361 18)
2911 1288 3101 1346 Ponite
3126 1290 3243 1349 haec
3263 1290 3415 1349 verba
3431 1293 3587 1353 meain
3598 1294 3717 1349 conli-

2239 1382 2363 1448 bns,
2386 1390 2442 1437 et
2466 1381 2520 1437 in
2553 1381 2749 1438 animis
2775 1381 2976 1437 vestris
2992 1423 3006 1447 ,
3034 1389 3090 1438 et
3113 1381 3418 1453 suspendite
3437 1396 3493 1436 ea
3514 1398 3594 1453 pro
3613 1385 3717 1457 signo

2241 1475 2294 1531 in
2320 1474 2594 1541 manibus,
2616 1483 2671 1531 et
2693 1475 2837 1531 inter
2855 1483 3073 1531 vestros
3090 1474 3281 1531 oculos
3313 1473 3559 1531 collocate.
3584 1473 3717 1531 Donate

2241 1565 2383 1622 filios
2412 1575 2645 1633 vestros,
2674 1574 2736 1622 ut
2759 1565 2848 1623 illa
2878 1566 3230 1621 meditantur.
3264 1564 3473 1631 Quando
3497 1564 3655 1623 sederis
3684 1566 3718 1621 in

2243 1658 2405 1714 domo
2436 1665 2548 1725 tua,
2578 1666 2632 1713 et
2662 1657 3045 1723 ambulaveris,
3071 1666 3236 1728 atque
3263 1656 3561 1721 surrexeris,
3581 1656 3717 1711 scribes

2243 1763 2304 1804 ea
2326 1763 2493 1819 super
2512 1756 2715 1819 postes,
2740 1756 2792 1803 et
2807 1745 3006 1818 januas
3028 1747 3221 1803 domus
3242 1754 3367 1812 tute,
3384 1755 3441 1801 ut
3458 1745 3719 1817 multiplicet-

2244 1849 2331 1896 tur
2359 1842 2475 1897 dies
2510 1841 2608 1907 tui,
2642 1850 2698 1897 et
2744 1839 2976 1896 filiorum
3021 1847 3256 1895 tuorum.
3289 1838 3456 1911 (Deut.
3480 1854 3576 1907 xu,
3604 1839 3644 1909 5)
3671 1840 3721 1895 At

2243 1931 2444 1995 locum,
2472 1947 2634 2004 quem
2657 1930 2879 2003 elegerit
2897 1929 3160 1986 Dominus
3180 1928 3330 1986 Deus
3350 1940 3529 1996 vester,
3568 1929 3720 1986 venietis

622 2014 685 2086 ln-
714 2028 1162 2085 DEUTEBONOIIO.
1223 2025 1403 2097 (Deut.
1460 2041 1515 2081 iv
1545 2066 1561 2094 ,
1606 2024 1662 2099 9)
1701 2024 1919 2082 Custodi
1979 2025 2140 2098 igitur
2167 2014 2214 2075 Β
2241 2037 2296 2083 et
2325 2025 2564 2084 oil‘eretis
2601 2025 2656 2085 in
2686 2024 2776 2080 illo
2814 2024 2934 2081 loco
2981 2021 3320 2087 holocausta,
3345 2031 3402 2076 et
3438 2020 3639 2077 victimas
3665 2035 3722 2077 vt-

559 2121 924 2191 temetipsum,
954 2128 1010 2176 et
1031 2119 1267 2175 animam
1284 2126 1430 2175 tuam
1451 2118 1682 2174 sollicite
1712 2132 1727 2172 :
1761 2133 1828 2173 ne
1854 2117 2138 2174 oblivisca-

556 2212 635 2268 ris
662 2211 971 2274 verborum,
1001 2226 1120 2281 qua:
1149 2210 1399 2265 viderunt
1425 2207 1565 2266 oculi
1598 2208 1698 2275 tui,
1723 2217 1779 2265 et
1799 2223 1867 2264 ne
1888 2209 2142 2265 excidant

555 2306 624 2363 de
647 2292 811 2365 corde
842 2312 935 2361 tuo
960 2302 1172 2360 cunctis
1209 2302 1399 2359 diebus
1447 2302 1577 2356 vita:
1622 2310 1747 2359 tute.
1798 2299 2028 2357 Docebis
2075 2315 2139 2356 ea

558 2397 718 2463 filios,
751 2411 815 2453 ac
854 2402 1081 2466 nepotes
1128 2400 1270 2448 tuos.
1308 2391 1489 2464 (Deut.
1512 2404 1601 2457 v1,
1633 2389 1691 2463 4)
1735 2390 1874 2445 Audi
1935 2390 2097 2446 Israel
2122 2431 2137 2458 ,

555 2489 818 2547 Dominus
847 2487 991 2543 Deus
1020 2493 1204 2541 noster
1248 2482 1393 2540 Deus
1426 2499 1567 2540 unus
1590 2490 1694 2538 est.
1723 2481 1923 2554 Diliges
1953 2482 2138 2538 Domi-

556 2598 685 2640 num
708 2581 877 2639 Deum
902 2589 1054 2637 tuum
1085 2595 1153 2635 ex
1183 2586 1296 2634 toto
1315 2577 1479 2634 corde
1513 2585 1626 2645 tuo,
1649 2585 1707 2633 et
1730 2591 1797 2631 ex
1826 2583 1935 2630 tota
1959 2575 2139 2630 anima

558 2682 671 2740 tua,
698 2681 753 2729 et
772 2686 839 2728 ex
871 2656 981 2727 tota
1010 2669 1329 2727 fortitudine
1359 2675 1448 2726 tua
1482 2686 1496 2722 :
1526 2675 1793 2737 eruntque
1817 2665 1979 2721 verba
2002 2664 2138 2732 haec,

557 2781 676 2839 qua!
699 2779 796 2837 ego
816 2762 1071 2835 praecipio
1094 2760 1189 2817 tibi
1212 2758 1393 2827 hodie,
1419 2759 1471 2815 in
1492 2759 1655 2815 corde
1674 2766 1784 2825 tuo,
1818 2764 1872 2814 et
1892 2755 2142 2812 narrabis

557 2874 621 2915 ea
653 2857 779 2913 ﬁliis
805 2857 930 2917 tuis,
969 2864 1026 2911 et
1054 2852 1405 2910 meditaberis
1430 2852 1510 2908 eis
1538 2851 1734 2907 sedens
1762 2850 1814 2905 in
1843 2850 2006 2906 domo
2027 2857 2141 2917 tua,

558 2958 614 3006 et
642 2947 925 3005 ambulans
956 2946 1236 3027 injtinere
1257 2944 1555 3011 dormiens,
1584 2951 1747 3014 atque
1769 2956 2138 3015 consurgens:

559 3052 615 3100 et
639 3040 834 3119 ligabis
859 3056 922 3096 ea
951 3038 1107 3113 quasi
1137 3038 1350 3110 signum
1386 3036 1439 3091 in
1478 3051 1640 3090 manu
1672 3043 1761 3089 tua
1786 3076 1800 3100 ,
1832 3042 2101 3106 eruntque
2125 3073 2140 3100 ,

560 3144 616 3192 et
651 3133 1009 3191 movebuntur
1040 3131 1183 3184 inter
1210 3126 1395 3185 oculos
1426 3134 1565 3194 tuos,
1602 3125 1954 3197 scribensque
1993 3139 2055 3179 ea
2088 3123 2142 3179 in

562 3229 747 3285 limine
779 3235 835 3283 et
855 3226 1009 3285 ostiis
1026 3224 1218 3280 domus
1241 3233 1367 3279 tute.
1393 3221 1443 3297 (1
1450 3222 1586 3287 bid.,
1602 3239 1651 3277 υ.
1670 3220 1757 3293 16)
1772 3219 1886 3276 Νοη
1910 3219 2144 3275 tentabis

564 3317 851 3376 Dominum
882 3314 1053 3370 Deum
1080 3322 1261 3379 tuum,
1289 3312 1431 3368 sicut
1459 3312 1679 3368 tentasti
1716 3312 1768 3366 in
1803 3310 1922 3368 loco
1964 3318 2142 3366 tenta-

2241 2131 2403 2188 stras,
2430 2121 2690 2185 decimas,
2719 2126 2773 2174 et
2795 2117 3070 2191 primitias
3101 2130 3358 2173 manuum
3382 2121 3660 2181 vestrarum,
3687 2122 3721 2171 α

2200 2266 2211 2273 ,
2240 2220 2363 2268 vota
2391 2221 2555 2283 atque
2597 2208 2849 2266 donaria.
2880 2206 3066 2282 (Ibid.,
3096 2224 3145 2263 υ.
3177 2205 3272 2278 11)
3303 2205 3430 2261 Illuc
3450 2206 3617 2271 omnia,
3644 2219 3721 2275 qu

2239 2303 2513 2375 praecipio,
2548 2301 2861 2367 conferetis,
2893 2299 3234 2363 holocausta,
3264 2306 3320 2354 et
3345 2296 3552 2375 hostias,
3590 2311 3637 2353 at
3659 2295 3717 2353 tle-

2239 2374 2434 2460 cimas,
2460 2402 2514 2450 et
2539 2391 2808 2465 primitias
2832 2405 3088 2447 manuum
3115 2374 3437 2457 vestrarum,
3462 2396 3511 2447 et
3535 2386 3719 2459 quidquid

2241 2487 2569 2560 praecipuum
2606 2492 2687 2541 est
2727 2485 2782 2541 in
2824 2483 3164 2549 muneribus,
3205 2497 3330 2553 qua:
3360 2482 3387 2522 ιι
3432 2480 3619 2537 vovistis
3653 2479 3717 2535 Do-

2242 2580 2408 2636 mino.
2441 2589 2463 2617 ο
2497 2577 2637 2633 Cave
2658 2592 2728 2637 ne
2750 2575 2948 2633 oderas
2978 2576 3295 2631 hotocausta
3319 2584 3405 2631 tua
3431 2573 3482 2631 in
3499 2570 3616 2627 omni
3634 2569 3725 2635 locu.

2241 2687 2402 2745 quem
2431 2670 2661 2735 videris,
2708 2668 2803 2725 sed
2850 2668 2904 2723 in
2953 2683 3038 2734 eo,
3091 2681 3256 2737 quem
3294 2664 3505 2737 elegerit
3525 2661 3723 2723 Donatius.

2243 2762 2432 2837 (Ibid.,
2461 2778 2510 2815 υ.
2542 2759 2630 2829 19)
2661 2758 2804 2816 Cave
2849 2772 2917 2813 ne
2944 2755 3292 2831 derelinquas
3319 2755 3542 2811 Levitetn
3565 2754 3608 2809 in
3628 2750 3723 2806 omni

2243 2863 2503 2925 tempore,
2517 2867 2627 2924 quo
2647 2851 2882 2908 versaris
2902 2851 2957 2907 in
2983 2859 3148 2909 terra.
3191 2848 3390 2922 (lbid.,
3408 2843 3727 2913 15.25.24)“:

2245 2961 2311 3005 ne
2352 2946 2671 3019 sanguinem
2725 2944 3022 3010 comedas,
3065 2943 3161 3001 sed
3203 2957 3370 3015 super
3398 2950 3577 2999 terram
3605 2936 3725 3000 funde,

2244 3040 2397 3115 quasi
2421 3055 2617 3112 aquam
2643 3080 2657 3106 ,
2691 3046 2750 3095 ut
2776 3038 2848 3095 sit
2874 3037 2973 3097 tibi
2998 3037 3158 3105 bene,
3204 3045 3267 3093 et
3299 3035 3423 3092 ﬁliis
3448 3034 3543 3093 tuis
3564 3038 3656 3104 post
3680 3038 3724 3093 te

2243 3148 2365 3189 cum
2388 3131 2583 3189 feceris
2604 3128 2745 3201 quod
2762 3129 2942 3199 placet
2971 3128 3024 3183 in
3044 3134 3339 3199 conspectu
3378 3124 3583 3185 Domini.
3607 3119 3725 3193 (Deut.

2242 3239 2362 3289 xm,
2422 3222 2497 3292 4)
2545 3221 2831 3277 Dominum
2888 3218 3055 3274 Deum
3106 3226 3350 3275 vestrum
3400 3209 3726 3285 saruiminimt

2246 3314 2419 3387 ipsum
2452 3313 2639 3370 timete
2664 3352 2681 3378 ,
2728 3310 2984 3366 mandata
3016 3308 3161 3366 illius
3189 3307 3459 3365 custodite
3484 3346 3499 3374 ,
3531 3313 3577 3363 et
3612 3299 3731 3358 audite

566 3410 747 3466 tionis.
770 3406 881 3463 Fac
904 3405 1050 3483 quod
1078 3404 1336 3483 placitum
1361 3411 1466 3469 est,
1508 3412 1563 3458 et
1606 3402 1807 3458 bonum
1836 3401 1888 3456 in
1918 3415 2144 3473 conspe-
2171 3392 2217 3456 C
2248 3421 2435 3462 vocem
2457 3405 2595 3477 ejus,
2626 3403 2726 3475 ipsi
2758 3401 3030 3466 servietis,
3048 3408 3105 3456 et
3126 3399 3230 3471 ipsi
3254 3397 3589 3457 adhaerebitis.
3613 3392 3730 3465 (0d-

563 3511 653 3557 ctu
685 3498 918 3563 Domini,
951 3504 1011 3552 ut
1031 3496 1169 3552 bene
1196 3494 1268 3550 sit
1297 3494 1418 3549 tibi.
1452 3492 1627 3566 (Deut.
1664 3508 1762 3560 vn,
1790 3491 1878 3564 12)
1910 3490 1967 3548 Si
1998 3500 2145 3564 post-

565 3608 726 3666 quam
753 3590 987 3648 audieris
1018 3590 1134 3647 haec
1153 3587 1715 3661 judicia,custodieris
1729 3602 1815 3653 ea,
1839 3594 1893 3641 et
1923 3584 2142 3653 feceris,

565 3681 836 3739 custodiet
863 3679 1122 3737 Dominus
1150 3678 1292 3734 Deus
1320 3687 1444 3734 tuus
1472 3677 1569 3733 tibi
1598 3685 1815 3750 pactum
1843 3717 1857 3743 ,
1886 3684 1940 3731 et
1983 3676 2146 3733 mise-

567 3772 879 3837 ricordiam,
905 3786 1067 3842 quam
1091 3768 1296 3843 juravit
1318 3769 1562 3841 patribus
1592 3768 1718 3833 tuis,
1753 3776 1810 3823 et
1852 3766 2035 3838 diliget
2068 3776 2142 3833 te,

569 3881 633 3920 ac
666 3862 1067 3933 multiplicabit,
1099 3859 1487 3930 benedicetque
1504 3858 1703 3913 fructui
1734 3857 1943 3913 ventris
1979 3857 2146 3919 tui,et

569 3954 767 4010 fructui
817 3962 976 4009 terra:
1005 3961 1111 4008 tuae.
1138 3993 1153 4018 ,
1206 3950 1477 4007 frumento
1507 3959 1620 4017 tuo,
1650 3958 1813 4020 atque
1841 3949 2144 4015 vindemiae,

568 4049 711 4115 oleo,
741 4054 796 4103 et
839 4044 1134 4111 armentis,
1186 4044 1439 4116 gregibus
1487 4043 1667 4099 ovium
1716 4050 1929 4096 tuarum
1989 4053 2148 4112 super

569 4148 772 4194 terram
798 4150 814 4191 :
838 4134 1152 4192 benedictus
1180 4136 1290 4190 eris
1338 4134 1478 4190 inter
1516 4148 1708 4189 omnes
1744 4130 1971 4204 populos
2001 4149 2013 4185 :
2043 4144 2148 4186 non

570 4228 675 4282 erit
703 4225 842 4297 apud
874 4232 927 4279 te
960 4223 1164 4279 sterilis
1191 4222 1474 4293 utriusque
1502 4235 1694 4289 sexus,
1722 4229 1834 4276 tam
1880 4220 1936 4275 in
1976 4218 2151 4276 homi-

572 4316 730 4372 nibus
774 4330 935 4386 quam
968 4327 994 4355 ι
1051 4315 1105 4369 in
1156 4313 1435 4385 jumentis.
1467 4311 1689 4367 Auferet
1731 4310 1995 4366 Dominus
2033 4324 2063 4363 a
2095 4317 2150 4365 te

573 4423 789 4464 omnem
844 4406 1154 4477 languorem
1194 4414 1251 4461 et
1293 4402 1658 4460 infirmitates.
1718 4401 1897 4473 (Deut.
1946 4416 2066 4466 vm,
2096 4399 2150 4472 1)

573 4501 747 4559 Omne
802 4498 1137 4563 mandatum,
1193 4497 1336 4568 quod
1375 4511 1475 4568 ego
1521 4493 1775 4566 praecipio
1828 4492 1922 4547 tibi
1968 4492 2148 4559 hodie,

572 4609 707 4650 cave
741 4593 1025 4664 diligenter
1052 4600 1110 4646 ut
1137 4589 1306 4645 facias
1327 4629 1341 4654 ,
1370 4597 1430 4644 ut
1453 4587 1673 4659 possitis
1699 4586 1904 4653 vivere,
1930 4594 1987 4642 et
2014 4586 2153 4641 mul-

575 4681 913 4755 tiplicemiui.
946 4679 1134 4752 (Ibid.,
1160 4696 1206 4735 υ.
1232 4679 1322 4749 11)
1345 4676 1604 4741 Observa,
1635 4684 1689 4732 et
1710 4691 1842 4732 cave
1866 4676 2153 4747 nequando

2250 3517 2361 3566 xuv,
2398 3500 2449 3568 1)
2484 3497 2610 3553 Filii
2658 3503 2831 3553 estote
2855 3494 3070 3553 Domini
3102 3493 3195 3549 Dei
3228 3491 3417 3553 vestri.
3458 3489 3561 3547 Non
3587 3499 3660 3541 vos
3684 3483 3734 3539 il-

2249 3590 2458 3655 cidetis,
2476 3603 2583 3645 non
2604 3586 2815 3643 facietis
2838 3583 3116 3641 calvitium
3139 3599 3307 3657 super
3328 3575 3730 3647 mortuo,quonian

2250 3668 2476 3757 populus
2489 3689 2712 3735 sanctus
2726 3694 2785 3734 es
2798 3677 3028 3733 Domino
3039 3676 3149 3731 Deo
3165 3684 3279 3730 tuo.
3297 3673 3477 3747 (Ibid.,
3490 3688 3533 3727 υ.
3548 3662 3732 3757 SHW

2251 3755 2379 3841 quid
2419 3768 2762 3826 morticinum
2811 3775 2895 3823 est
2949 3782 3053 3822 nou
3083 3765 3381 3822 vescemini
3408 3778 3473 3820 ex
3501 3776 3574 3821 eo.
3614 3755 3730 3829 (Dal-

2252 3879 2342 3928 xv,
2367 3861 2423 3927 4)
2469 3859 2704 3918 Omnino
2730 3859 3001 3931 indigens,
3030 3867 3085 3914 et
3107 3858 3390 3915 mendicus
3417 3869 3515 3911 non
3541 3849 3628 3911 erit
3644 3846 3733 3902 inter

2252 3968 2369 4018 vos,
2399 3961 2459 4007 ut
2483 3950 2772 4008 benedicat
2799 3950 2895 4009 tibi
2932 3949 3217 4007 Dominus.
3262 3946 3322 4007 Si
3369 3957 3534 4005 tamen
3575 3933 3734 3996 animi!

2251 4059 2440 4103 vocem
2486 4043 2718 4108 Domini,
2756 4051 2812 4099 et
2847 4041 3166 4099 custodieris
3192 4041 3479 4109 universa,
3504 4024 3734 4108 quaejussit.

2254 4145 2308 4192 et
2336 4152 2456 4208 quae
2500 4151 2604 4206 ego
2630 4134 2887 4206 praccipio
2922 4134 3020 4189 tibi
3047 4173 3063 4199 ,
3093 4133 3380 4197 benedicet
3413 4130 3541 4195 tibi,
3575 4117 3736 4193 inpelli

2254 4230 2396 4285 citus
2419 4236 2523 4283 est.
2543 4227 2595 4301 (1
2601 4227 2688 4309 bid
2696 4268 2733 4293 .,
2750 4244 2797 4281 υ.
2819 4226 2874 4299 6)
2889 4226 3268 4285 Dominaberis
3287 4226 3526 4283 nationes
3540 4216 3736 4309 [durius

2255 4331 2309 4377 et
2340 4321 2415 4376 tui
2443 4335 2606 4375 nemo
2633 4302 3019 4374 dominabitur.
3053 4317 3112 4375 Si
3142 4332 3287 4373 unus
3328 4317 3395 4372 de
3434 4310 3651 4370 fratribus
3668 4301 3736 4357 ιιιὶι

2256 4412 2322 4467 ad
2374 4416 2751 4483 paupertatem
2789 4408 3020 4473 venerit,
3052 4422 3158 4464 non
3194 4404 3485 4463 obdurabis
3528 4413 3606 4457 cor
3628 4403 3736 4449 titul.

2257 4518 2355 4559 nec
2385 4501 2677 4557 contrahes
2704 4515 2922 4557 manum
2954 4540 2969 4565 ,
3000 4498 3095 4554 sed
3120 4498 3336 4569 aperies
3366 4510 3481 4552 eam
3502 4483 3741 4565 pauperntl

2256 4595 2410 4652 dabis
2466 4602 2735 4659 mutuum,
2797 4605 2905 4662 quo
2926 4604 3047 4646 eum
3092 4589 3332 4661 indigere
3360 4577 3669 4661 perspexeris.
3688 4569 3738 4662 Nt

2258 4695 2471 4747 avertas
2495 4684 2682 4740 oculos
2715 4658 2745 4737 a
2771 4658 3005 4753 paupere
3028 4680 3192 4735 fratre
3212 4658 3326 4744 tuo,
3356 4658 3532 4732 nolens
3564 4671 3605 4726 ei
3644 4658 3739 4737 quod

573 4749 914 4833 obliviscaris
958 4749 1173 4829 Domini
1222 4770 1317 4826 Dei
1347 4770 1462 4834 tui,
1497 4777 1551 4824 et
1580 4767 1843 4841 negligas
1898 4768 2152 4823 mandata
2180 4749 2231 4810 Ῐ)
2256 4777 2491 4851 ροειυιαι
2520 4749 3162 4836 ωυιυιιηίςοιὶιιηοάεη-θ,
3206 4784 3275 4825 ηε
3319 4769 3505 4824 clamet
3550 4760 3742 4817 contratt

573 4868 711 4941 ejus,
742 4874 901 4938 atque
926 4863 1131 4936 judicia
1162 4881 1175 4917 :
1204 4878 1271 4918 ne
1292 4871 1579 4934 postquam
1619 4861 1941 4927 comederis,
1967 4867 2021 4915 et
2064 4875 2156 4915 sa-

575 4959 740 5014 tiatus
766 4954 955 5021 fueris,
1002 4955 1191 5010 domos
1213 4951 1470 5023 pulchras
1497 4949 1851 5007 aedificaveris
1871 4991 1884 5015 ,
1918 4961 1974 5004 et
2004 4948 2153 5005 habi-

577 5049 781 5105 taberis
809 5049 864 5104 in
885 5048 985 5110 eis,
1002 5044 1363 5114 habuerisque
1377 5050 1642 5107 armenta,
1660 5049 1715 5097 et
1733 5042 1914 5096 ovium
1944 5054 2155 5113 greges,

579 5139 812 5212 argenti,
840 5145 895 5192 et
931 5135 1073 5201 auri,
1101 5141 1523 5204 cunctarumque
1554 5147 1737 5188 rerum
1775 5133 2022 5202 copiam;
2052 5130 2160 5187 ele-

578 5241 736 5288 vetur
763 5246 857 5288 cor
896 5216 1086 5294 tuum,
1126 5237 1182 5283 et
1229 5243 1334 5282 non
1389 5224 1755 5281 reminiscaris
1802 5224 2009 5278 Domini
2062 5223 2155 5278 Dei

579 5327 675 5382 tui.
717 5323 908 5397 (Ibid.,
934 5341 981 5378 υ.
1018 5322 1105 5395 17)
1136 5320 1247 5377 Nec
1267 5320 1415 5379 dices
1444 5319 1499 5374 in
1521 5318 1685 5374 corde
1716 5325 1810 5372 tuo
1835 5334 1849 5371 :
1874 5314 2158 5372 Fortitudo

580 5434 722 5486 mea,
746 5427 803 5475 et
825 5417 990 5473 robur
1023 5431 1214 5471 manus
1252 5428 1407 5479 meae,
1440 5413 1557 5469 haec
1585 5413 1718 5469 mihi
1744 5412 1924 5469 omnia
1951 5413 2162 5483 praesti-

581 5519 785 5577 terunt,
806 5510 903 5566 sed
934 5507 1239 5565 recorderis
1262 5505 1473 5562 Domini
1495 5504 1588 5560 Dei
1610 5504 1687 5560 tui
1711 5545 1726 5571 ,
1753 5504 1898 5576 quod
1918 5504 2032 5575 ipse
2061 5505 2155 5560 tibi

578 5602 725 5658 vires
748 5598 1033 5672 praebuerit

584 5715 652 5768 ab
673 5711 829 5766 altari
853 5711 1099 5768 nonnihil
1124 5719 1364 5766 remotos
1389 5722 1515 5765 esse
1528 5705 1812 5776 iubebant,
1838 5707 1966 5764 dum
1994 5708 2162 5764 sacri-

586 5782 768 5849 ficium
792 5782 1167 5849 peragebatur.
1344 5789 1353 5795 '

662 5862 689 5918 ει
713 5848 968 5918 Yulgata,
1011 5849 1254 5918 gregibus
1277 5850 1401 5902 tuis.

662 5865 689 5890 ι
722 5865 968 5918 vulgata,
1011 5865 1242 5969 στεῖραι

659 5916 691 5958 δ
712 5915 961 5986 Yulgata,
984 5933 1104 5986 υρυο
1137 5926 1242 5970 ms.

665 5995 688 6025 ο
723 5983 873 6038 Ver's.
892 5984 977 6037 13.
1006 5983 1383 6039 Conventicula
1408 5986 1461 6040 in
1488 5986 1888 6057 domibus,qute
1909 5988 2162 6045 schisma-

2260 4845 2327 4927 ad
2378 4869 2688 4933 Dominum,
2741 4874 2798 4923 et
2846 4864 2939 4920 fiat
2969 4863 3062 4919 tibi
3096 4863 3148 4918 in
3181 4870 3489 4933 peccatum,
3530 4854 3606 4911 sed
3644 4845 3743 4905 ωδε

2260 4962 2309 5017 ei
2348 4978 2362 5014 :
2393 4960 2422 5001 (ι
2460 4975 2567 5017 non
2596 4973 2760 5032 neges
2786 4956 3062 5029 quidpiam
3092 4953 3283 5009 callide
3311 4952 3364 5008 in
3398 4949 3506 5023 ejus
3530 4938 3742 5001 necede

2263 5048 2799 5109 tibus‘sublevandis.
2842 5046 2960 5103 Non
3004 5046 3233 5101 deerunt
3281 5053 3532 5115 pauperes
3570 5035 3612 5090 in
3650 5038 3742 5083 tem

2262 5147 2613 5205 habitationis
2630 5156 2759 5211 tute,
2778 5144 2982 5201 idcirco
3007 5157 3108 5215 ego
3134 5140 3389 5217 praecipio
3410 5136 3517 5199 tibi,
3533 5122 3743 5197 manetis

2262 5253 2486 5296 manum
2542 5237 2695 5293 fratri
2739 5244 2832 5292 tuo
2882 5250 3090 5308 egeno,
3140 5242 3197 5290 et
3238 5229 3487 5303 pauperi,
3523 5221 3599 5295 qui
3624 5224 3743 5308 ωαξ-

2264 5339 2513 5386 versatur
2563 5328 2619 5384 in
2667 5336 2835 5387 terra.
2883 5303 3058 5401 (Deut.
3110 5340 3234 5393 xvr,
3267 5320 3355 5395 l6)
3400 5317 3507 5374 Non
3542 5303 3746 5383 apparthi

2263 5433 2388 5481 ante
2420 5422 2709 5479 Dominum
2735 5434 2958 5484 vacuus,
3011 5417 3105 5474 sed
3136 5414 3323 5471 offeret
3347 5405 3666 5495 unusquisque
3692 5404 3747 5495 sf

2263 5516 2496 5573 cundum
2522 5514 2667 5585 quod
2694 5510 2961 5575 habuerit,
2978 5507 3132 5579 juxta
3169 5501 3570 5587 benedictionem
3601 5492 3745 5587 Dotnfnt

2264 5606 2361 5664 Dei
2388 5605 2496 5671 sui,
2517 5584 2678 5674 quam
2711 5600 2919 5658 dederit
2947 5599 3019 5654 ei.
3050 5596 3239 5668 (κήδη
3264 5611 3313 5648 υ.
3344 5591 3440 5673 ,19)
3462 5585 3563 5643 Non
3584 5584 3748 5644 3W

2269 5718 2358 5776 tici
2374 5726 2430 5775 et
2467 5715 2707 5772 haeretici
2727 5714 2795 5770 ad
2815 5711 3095 5769 evitandas
3114 5694 3745 5776 Ecclesia:

2581 5757 3479 5849 extinxitsvassanno,
3518 5771 3642 5841 ρυιιι
3664 5757 3748 5832 [nisi

2267 5861 2427 5930 plane
2454 5857 2630 5930 fallor]
2657 5864 2841 5912 noster
2864 5854 3111 5925 scriptor.

2345 5933 2371 5971 ά
2404 5929 2461 5985 1η
2486 5927 2722 6000 vulgata,
2776 5942 2867 5981 nec
2896 5940 3037 5999 ages.
