3974 6344
250 518 264 567 l
277 512 380 568 ιεθ

249 639 557 690 oersonam,
599 637 698 676 nec
746 635 968 675 munera
1023 638 1034 673 :

239 715 426 772 oculos
472 712 816 783 sapientium,
852 719 906 766 et
935 721 1141 766 mutant
1171 713 1329 766 verba
1353 714 1641 784 justorum.
1666 713 1817 770 Juste

240 806 382 879 quod
403 804 607 874 justum
634 812 716 858 est
743 803 1101 874 persequeris,
1145 815 1200 858 ut
1245 804 1392 858 vivas
1439 814 1494 858 et
1542 805 1817 874 possideas

241 905 474 962 terram,
505 911 665 966 quam
705 893 962 950 Dominus
989 894 1129 949 Deus
1159 903 1282 949 tuus
1312 894 1455 949 dedit
1485 895 1599 951 tibi.
1636 894 1814 967 (Deut.

239 1004 373 1053 xvn,
409 989 465 1060 8)
497 987 553 1043 Si
577 986 820 1058 judicum
849 985 1047 1041 videris
1096 987 1258 1041 verba
1296 987 1526 1052 variari,
1558 1003 1717 1059 surge
1763 997 1818 1042 et

237 1079 466 1156 ascende
520 1080 586 1134 ad
632 1079 843 1146 locum,
889 1095 1048 1149 quem
1091 1079 1317 1150 elegerit
1364 1080 1623 1136 Dominus
1679 1081 1818 1136 Deus

238 1181 383 1235 tuus,
419 1173 709 1243 veniesque
738 1172 806 1227 ad
837 1170 1158 1228 Sacerdotes
1183 1214 1197 1238 ,
1249 1182 1303 1226 et
1331 1173 1398 1227 ad
1417 1171 1677 1242 judicem,
1725 1173 1816 1243 qui

236 1264 400 1320 fuerit
424 1263 480 1318 in
505 1264 596 1319 illo
629 1273 892 1336 tempore,
933 1278 1248 1336 quaeresque
1270 1265 1338 1318 ab
1362 1265 1462 1330 eis,
1489 1264 1579 1335 qui
1609 1264 1814 1320 indica-

236 1352 372 1408 bunt
401 1353 496 1408 tibi
541 1343 731 1422 judicii
779 1353 1100 1418 veritatem,
1153 1362 1206 1407 et
1249 1352 1417 1408 facies
1459 1353 1816 1423 quodcunque

238 1442 473 1499 dixerint
513 1443 605 1515 qui
646 1453 888 1514 praesunt
912 1443 1053 1510 loco,
1084 1460 1243 1515 quem
1284 1444 1510 1517 elegerit
1536 1445 1814 1514 Dominus,

239 1539 291 1586 et
321 1531 602 1587 docuerint
643 1539 693 1586 te
723 1531 877 1601 juxta
913 1532 1084 1603 legem
1115 1535 1267 1605 ejus:
1301 1536 1648 1606 sequerisque
1688 1552 1812 1592 sen-

239 1622 460 1676 tentiam
491 1637 700 1689 eorum,
731 1637 830 1678 nec
874 1623 1168 1679 declinabis
1196 1624 1262 1678 ad
1293 1625 1590 1691 dexteram,
1635 1625 1718 1680 vel
1748 1627 1814 1682 ad

237 1712 546 1778 sinistram;
604 1713 694 1784 qui
744 1722 924 1769 autem
958 1715 1310 1786 superbierit,
1364 1716 1552 1772 nolens
1598 1716 1816 1774 obedire

237 1803 535 1860 sacerdotis
573 1804 828 1876 imperio,
867 1806 955 1875 qui
1005 1821 1069 1861 eo
1107 1814 1345 1877 tempore
1382 1807 1655 1863 ministrat
1705 1808 1814 1865 Do-

237 1895 383 1949 mino
428 1895 539 1952 Deo
585 1905 694 1964 tuo,
743 1906 798 1952 et
822 1897 1042 1954 decreto
1077 1897 1313 1966 judicis,
1362 1901 1625 1956 morietur
1653 1902 1815 1957 homo

1219 509 1681 566 FLORILELIUM
1723 512 1810 565 EX
1849 512 2070 566 SACllA
2112 508 2517 566 SCRIPTUM.

1096 623 1218 691 quia
1278 638 1498 676 uulnera
1537 633 1810 680 excmcant
1839 630 1888 686 Α
1918 634 2036 679 tuus
2074 645 2084 679 :
2116 635 2168 679 et
2198 625 2242 680 si
2277 633 2516 681 moratus
2544 623 2711 681 fueris
2740 626 3076 698 reputabitur
3116 626 3208 684 tibi
3258 629 3310 683 in
3360 647 3488 701 pec-

3355 510 3494 569 M50

1920 726 2118 772 catum.
2155 715 2307 784 Quod
2358 726 2538 773 autem
2591 717 2758 774 semel
2813 733 3086 789 egressum
3118 728 3201 774 est
3231 719 3297 775 de
3337 721 3497 781 labiis

1920 809 2045 875 tuis,
2079 808 2411 876 observabis,
2453 817 2507 864 et
2547 808 2714 864 facies
2762 811 2902 865 sicut
2941 811 3237 881 promisisti
3268 809 3496 867 Domino

1921 901 2028 955 Deo
2059 913 2170 966 tuo,
2216 909 2270 954 et
2315 901 2527 972 propria
2575 901 2869 968 voluntate,
2902 909 2957 956 et
2997 916 3091 956 ore
3141 909 3232 956 tuo
3285 901 3495 956 locutus

1918 1009 1996 1048 es.
2050 991 2238 1063 (Deut.
2295 1009 2444 1060 xxiv,
2489 992 2578 1064 10)
2617 992 2751 1049 Cum
2787 1001 2998 1064 repetes
3041 1010 3071 1048 a
3110 993 3356 1064 proximo
3405 1002 3495 1049 tuo

1919 1101 2030 1140 rem
2057 1085 2288 1156 aliquam
2307 1126 2323 1151 ,
2353 1101 2515 1156 quam
2546 1084 2707 1141 debet
2736 1085 2864 1151 tibi,
2909 1101 3015 1140 non
3047 1084 3367 1156 ingredieris
3398 1085 3494 1139 do-

1919 1193 2063 1231 mum
2095 1179 2234 1248 cjus,
2262 1186 2320 1232 ut
2344 1178 2538 1248 pignus
2564 1176 2803 1244 auferas,
2835 1177 2928 1232 sed
2955 1177 3122 1232 stabis
3148 1175 3302 1242 foris,
3329 1184 3385 1231 et
3411 1175 3497 1232 ille

1920 1267 2014 1322 tibi
2038 1267 2276 1338 proferet
2299 1268 2443 1337 quod
2469 1267 2736 1322 habuerit.
2784 1264 2880 1322 Sin
2919 1276 3098 1322 autem
3145 1281 3349 1336 pauper
3375 1275 3491 1330 est,

1918 1373 2022 1412 non
2071 1359 2411 1428 pernoctabit
2457 1359 2598 1428 apud
2637 1359 2932 1429 tepignus,
2975 1359 3067 1414 sed
3096 1357 3277 1413 statim
3306 1356 3499 1413 reddes

1917 1449 1966 1503 ei
1989 1460 2114 1504 ante
2139 1449 2268 1504 solis
2290 1463 2564 1516 occasum,
2582 1458 2641 1504 ut
2668 1450 2946 1506 dormiens
2973 1449 3027 1504 in
3053 1449 3376 1504 vestimento
3399 1462 3498 1504 suo

1917 1541 2201 1596 benedicat
2246 1541 2362 1607 tibi,
2400 1551 2457 1596 et
2499 1542 2701 1597 habeas
2733 1541 3000 1614 justitiam
3036 1539 3219 1596 eoram
3268 1539 3498 1597 Domino

1919 1635 2028 1688 Deo
2053 1642 2166 1688 tuo.
2201 1633 2317 1690 Non
2343 1635 2566 1706 negabis
2590 1635 2895 1691 mercedem
2935 1634 3246 1706 indigentis,
3279 1643 3332 1689 et
3364 1649 3498 1705 pau-

1917 1726 2061 1797 peris
2088 1728 2274 1783 fratris
2301 1727 2400 1793 tui,
2429 1728 2542 1784 sive
2567 1729 2806 1795 advenae,
2833 1727 2927 1799 qui
2955 1737 3134 1783 tecum
3163 1737 3410 1783 moratur
3439 1726 3494 1782 in

1917 1829 2082 1890 terra,
2114 1823 2208 1879 sed
2250 1823 2439 1880 eadem
2469 1825 2554 1880 die
2582 1825 2776 1880 reddes
2813 1825 2862 1880 ei
2907 1826 3138 1896 pretium
3171 1823 3371 1880 laboris
3414 1823 3496 1880 sui

1919 1922 2042 1968 ante
2056 1913 2184 1969 solis
2195 1929 2470 1970 occasum.
2491 1914 2732 1986 (Ibid.,n.
2753 1914 2842 1987 16)
2857 1914 2969 1972 Non
2987 1916 3301 1971 occidentur
3314 1924 3497 1986 patres

237 1986 344 2052 ille,
377 1995 432 2042 et
459 1987 673 2044 auferes
701 1989 900 2044 malum
929 1991 996 2046 de
1022 1990 1208 2057 lsrael,
1231 2001 1564 2064 cunctusque
1591 1993 1816 2066 populus
1845 1983 1892 2045 Β
1918 2019 2016 2076 pro
2045 2003 2188 2071 filiis,
2215 2020 2313 2060 nec
2347 2005 2441 2060 lilii
2468 1983 2566 2076 pro
2593 1983 2856 2076 patribus,
2883 2006 2980 2062 sed
3007 1983 3377 2077 unusquisque
3396 2019 3497 2076 pro

235 2077 460 2134 audiens
487 2078 714 2145 timebit,
759 2089 818 2136 ut
853 2081 1030 2137 nullus
1059 2083 1315 2154 deinceps
1362 2085 1688 2143 intumescat
1719 2102 1809 2143 su-

234 2169 418 2239 perbia
456 2169 634 2242 (Deut.
666 2187 820 2237 xvm,
870 2172 978 2246 10).
1023 2172 1132 2229 Nec
1166 2174 1477 2230 inveniatur
1521 2175 1573 2230 in
1629 2187 1681 2232 te
1719 2178 1810 2247 qui

238 2261 427 2318 lustret
454 2261 620 2318 filium
649 2279 828 2330 suum,
877 2273 969 2318 aut
1003 2265 1188 2330 filiam,
1242 2273 1334 2321 aut
1363 2266 1455 2337 qui
1486 2267 1687 2323 ariolos
1709 2268 1813 2324 sci-

236 2349 482 2420 scitetur,
509 2362 562 2410 et
587 2355 839 2411 observet
866 2357 1096 2424 somnia,
1122 2367 1284 2428 atque
1307 2359 1532 2429 auguria
1554 2401 1569 2426 ,
1617 2375 1716 2415 nec
1743 2360 1811 2415 sit

237 2443 532 2513 maleﬁcus,
565 2461 664 2502 nec
700 2447 1004 2503 incantator
1027 2489 1040 2512 ,
1090 2465 1190 2504 nec
1233 2450 1497 2520 pythones
1543 2451 1810 2517 consulat,

235 2552 335 2592 nec
385 2537 613 2605 divinos,
675 2552 700 2580 θ
759 2555 858 2595 nec
903 2548 1107 2610 quaerat
1145 2556 1175 2596 a
1230 2541 1462 2596 mortuis
1506 2541 1809 2596 veritatem.

238 2629 413 2700 (Deut.
445 2645 558 2696 χιχ,
588 2629 677 2703 14)
725 2629 841 2687 Νοιι
889 2647 1164 2700 assumes,
1209 2642 1262 2688 et
1305 2632 1598 2689 transferes
1629 2632 1813 2688 termi-

237 2737 334 2778 nos
356 2722 585 2793 proximi
615 2723 713 2790 tui,
738 2739 872 2796 quos
895 2725 1127 2781 fixerunt
1153 2725 1362 2798 priores
1386 2724 1438 2780 in
1466 2725 1811 2796 possessione

238 2824 346 2880 tua,
379 2830 539 2886 quam
569 2818 828 2874 Dominus
856 2819 997 2875 Deus
1026 2828 1150 2876 tuus
1190 2821 1339 2876 dabit
1389 2821 1483 2876 tibi
1521 2821 1574 2876 in
1625 2831 1768 2877 terra
1794 2863 1810 2888 ,

237 2921 398 2976 quam
425 2908 702 2978 acceperis
723 2911 1124 2980 possidendam.
1159 2910 1272 2966 Non
1299 2911 1467 2968 stabit
1493 2912 1644 2968 testis
1673 2928 1812 2968 unus

238 3007 427 3053 contra
455 2999 686 3071 aliquem
715 3020 728 3056 :
756 3002 1014 3074 quidquid
1042 3002 1172 3057 illud
1199 3004 1406 3074 peccati
1431 3045 1445 3070 ,
1476 3013 1531 3058 et
1561 3003 1814 3060 facinoris

241 3090 423 3158 fuerit,
457 3093 551 3148 sed
581 3094 635 3148 in
659 3109 753 3150 ore
796 3096 1063 3162 duorum,
1091 3105 1182 3151 aut
1207 3098 1366 3152 trium
1395 3099 1612 3153 testium
1649 3097 1816 3154 stabit

239 3199 397 3238 omne
424 3185 678 3252 verbum;
703 3187 748 3242 si
766 3185 924 3242 fuerit
946 3188 1097 3244 testis
1124 3191 1352 3245 mendax
1373 3199 1559 3245 contra
1582 3190 1810 3261 aliquem

239 3289 498 3330 accusans
521 3291 668 3332 eum.
693 3277 722 3318 ι’
744 3278 984 3349 Cumque
1018 3279 1320 3336 invenerint
1380 3281 1571 3337 falsum
1621 3290 1812 3339 testem

239 3454 378 3510 sicut
425 3456 578 3512 fratri
627 3474 726 3514 suo
785 3459 964 3516 facere
1011 3463 1288 3534 cogitavit.
1346 3463 1522 3538 (Deut.
1571 3483 1704 3532 χχιι,
1757 3467 1810 3539 5)

238 3541 351 3598 Non
384 3545 632 3602 induetur
662 3547 854 3604 mulier
880 3558 1028 3606 veste
1052 3551 1216 3619 virili,
1241 3568 1342 3610 nec
1365 3554 1447 3609 vir
1465 3563 1647 3612 utetur
1668 3566 1814 3614 veste

239 3634 466 3693 feminea
512 3658 524 3692 :
585 3641 962 3698 ahominabilis
1011 3645 1153 3700 enim
1197 3649 1334 3717 apud
1383 3646 1549 3703 Deum
1605 3657 1688 3708 est
1721 3651 1812 3720 qui

240 3726 368 3782 facit
394 3729 528 3784 haec.
560 3730 746 3802 (Ibid.,
779 3751 826 3788 υ.
855 3733 945 3806 22)
980 3733 1034 3790 Si
1069 3737 1346 3793 dormierit
1373 3739 1455 3794 vir
1491 3756 1613 3795 cum
1642 3756 1811 3797 uxore

238 3816 477 3884 alterius,
499 3828 724 3892 uterque
746 3825 1024 3892 morietur,
1043 3827 1095 3882 id
1117 3837 1201 3884 est
1224 3827 1431 3885 adulter
1467 3840 1520 3885 et
1539 3831 1806 3886 adultera.

238 3906 292 3964 Si
346 3911 575 3980 puellam
609 3913 868 3986 virginem
911 3918 1257 3990 desponderit
1283 3919 1365 3974 vir
1388 3960 1402 3986 ,
1446 3928 1499 3976 et
1533 3922 1815 3992 invenerit

234 4013 354 4053 eam
380 4000 574 4069 aliquis
606 4003 657 4055 in
686 4003 925 4068 civitate,
956 4013 1010 4058 et
1033 4007 1380 4062 concubuerit
1405 4025 1524 4064 cum
1551 4009 1661 4078 illa,
1685 4013 1813 4069 edu-

235 4105 327 4145 ces
350 4100 638 4164 utrumque
663 4095 728 4149 ad
755 4103 963 4164 portam
1006 4097 1239 4153 civitatis
1278 4099 1439 4167 illius,
1467 4111 1521 4157 et
1547 4103 1812 4174 lapidibus

231 4182 564 4251 obruentur;
591 4185 786 4256 puella,
817 4187 941 4258 quia
973 4205 1077 4244 non
1111 4190 1382 4260 clamavit,
1424 4209 1544 4250 cum
1572 4206 1714 4252 esset
1757 4198 1811 4253 in

233 4275 482 4342 civitate;
526 4277 627 4343 vir,
668 4280 792 4350 quia
846 4281 1148 4338 bumiliavit
1176 4300 1398 4342 uxorem
1435 4290 1664 4358 proximi
1704 4294 1806 4348 sui.

234 4364 410 4434 (Deut.
433 4383 590 4432 χχιιι,
606 4367 660 4441 9)
685 4367 908 4436 Quando
921 4386 1169 4443 egressus
1185 4373 1348 4432 fueris
1361 4378 1616 4436 adversus
1630 4383 1812 4439 hostes

235 4463 356 4511 tuos
386 4457 439 4511 in
475 4474 728 4530 pugnam,
771 4463 1044 4518 custodies
1075 4467 1231 4538 te_ab
1259 4469 1406 4523 omni
1455 4485 1512 4524 re
1539 4470 1700 4526 mala.
1754 4473 1810 4528 Si

232 4545 396 4604 fuerit
426 4549 565 4604 inter
585 4567 680 4605 vos
700 4552 881 4618 homo,
905 4555 993 4623 qui
1023 4566 1286 4613 nocturno
1306 4559 1540 4630 pollutus
1567 4564 1640 4616 sit
1661 4577 1810 4619 som-

233 4639 356 4706 nio,
415 4642 720 4712 egredietur
767 4653 920 4699 extra
977 4655 1186 4711 castra,
1239 4657 1293 4702 et
1329 4665 1433 4704 non
1489 4662 1807 4719 revertetur,

231 4731 542 4802 priusquam
569 4733 635 4792 ad
679 4749 962 4804 vesperam
986 4735 1198 4792 lavetur
1226 4753 1388 4808 aqua.
1415 4739 1607 4812 (lbid.,
1639 4760 1684 4796 υ.
1721 4716 1808 4815 15)
1839 4716 1890 4776 D

233 4821 348 4877 Non
373 4823 551 4880 trades
577 4838 794 4879 servum
817 4825 1044 4882 Domino
1067 4843 1186 4896 suo,
1213 4830 1301 4898 qui
1325 4829 1390 4885 ad
1413 4839 1462 4885 te
1484 4833 1808 4903 confugerit,

233 4915 325 4968 sed
359 4912 621 4970 habitabit
651 4923 825 4971 tecum
857 4917 910 4970 in
957 4917 1097 4983 loco,
1144 4920 1230 4988 qui
1288 4921 1336 4976 ei
1376 4921 1658 4992 placuerit,
1710 4938 1811 4980 nec

233 5005 522 5062 contristes
550 5022 694 5062 eum.
721 5007 834 5062 Non
860 5009 963 5064 erit
991 5011 1243 5064 meretrix
1277 5013 1341 5067 de
1386 5012 1596 5069 filiabus
1626 5013 1811 5080 Israel,

237 5111 412 5168 neque
472 5107 760 5155 scortator.
825 5100 940 5156 Non
985 5102 1253 5159 fenerabis
1283 5104 1440 5160 fratri
1469 5115 1558 5162 tuo
1587 5109 1654 5163 ad
1685 5124 1811 5164 usu-

231 5205 348 5243 ram
371 5190 677 5260 pecuniam,
703 5205 802 5246 nec
826 5191 1028 5260 fruges,
1046 5208 1146 5249 nec
1164 5195 1460 5264 quamlibet
1489 5196 1647 5250 aliam
1675 5212 1810 5252 rem.

231 5283 408 5339 Fratri
437 5293 529 5339 tuo
555 5283 752 5356 absque
781 5301 964 5353 usura,
1009 5287 1059 5342 id
1089 5287 1233 5358 quod
1283 5287 1527 5360 indiget,
1572 5306 1811 5346 commo-

233 5375 404 5440 dabis,
446 5383 506 5430 ut
537 5376 819 5432 benedicat
846 5377 942 5431 tibi
974 5376 1231 5431 Dominus
1259 5377 1399 5432 Deus
1428 5387 1551 5434 tuus
1580 5379 1632 5434 in
1664 5381 1809 5435 omni

232 5481 394 5536 opere
422 5475 534 5523 tuo.
566 5467 699 5522 Cum
725 5476 906 5522 votum
932 5467 1142 5523 voveris
1165 5466 1394 5523 Domino
1420 5469 1526 5524 Deo
1559 5479 1672 5537 tuo,
1701 5487 1808 5526 non

236 5559 470 5616 tardabis
501 5561 748 5627 reddere,
787 5561 911 5631 quia
939 5561 1177 5631 requiret
1207 5559 1334 5616 illud
1379 5559 1634 5617 Dominus
1669 5562 1811 5619 Deus

303 5743 329 5810 ξι
356 5732 486 5810 god.
518 5743 590 5788 set
615 5744 826 5810 quaerat
857 5733 1242 5810 [pererrorem
1273 5736 1504 5810 utique.]

149 5862 170 5886 ε
302 5801 457 5886 {Hic
480 5820 577 5874 per
602 5801 962 5886 Krnanuensis
985 5801 1399 5886 imprudentiam
1432 5801 1626 5886 desunt
1676 5826 1810 5866 non-

235 5873 396 5938 nulla,
429 5873 547 5944 qua:
574 5891 640 5950 ex
671 5875 957 5950 Scriptura
1004 5873 1167 5950 ipsaL
1181 5876 1374 5950 Lector
1410 5880 1675 5950 suppleat,
1708 5897 1805 5938 ne-

231 5959 383 6016 cesse
429 5956 529 6001 est.
574 5947 709 6002 Sunt
756 5962 918 6016 porro
947 5949 1047 6004 ista
1087 5967 1098 6002 :
1130 5947 1358 6010 Stabunt
1382 5947 1554 6017 ambo,
1581 5969 1802 6021 quorum

1914 2112 2012 2152 suo
2059 2106 2280 2167 peccato
2318 2097 2598 2153 morietur.
2646 2096 2764 2152 Non
2801 2108 3080 2169 pervertes
3111 2097 3373 2166 judicium
3404 2097 3498 2152 ad-

1913 2203 2066 2244 venae
2096 2229 2111 2254 ,
2158 2197 2212 2243 et
2265 2189 2486 2260 pupilli;
2533 2204 2633 2243 nec
2667 2187 2882 2243 auferes
2908 2188 3149 2258 pignoris
3179 2189 3296 2243 loco
3322 2186 3497 2242 viduae

1912 2279 2319 2335 vestimentum.
2375 2275 2600 2347 Quando
2651 2277 2946 2335 messueris
2993 2286 3234 2349 segetem
3280 2278 3333 2332 in
3369 2292 3497 2349 agro

1917 2382 2027 2438 tuo,
2059 2380 2109 2427 et
2140 2371 2342 2428 oblitus
2373 2371 2707 2443 manipulum
2743 2371 3048 2442 reliqueris,
3080 2387 3184 2426 non
3211 2369 3499 2426 reverteris

1914 2471 1974 2518 ut
1994 2463 2151 2518 tollas
2176 2478 2322 2530 eum,
2355 2464 2448 2518 sed
2477 2464 2765 2529 advenam,
2795 2473 2850 2519 et
2872 2463 3155 2534 pupillum,
3181 2471 3235 2516 et
3278 2463 3493 2518 viduam

1913 2552 2139 2623 patieris
2182 2550 2414 2608 auferre.
2465 2552 2522 2608 Si
2566 2553 2994 2610 vendemiaveris
3047 2554 3261 2609 vineam
3305 2562 3488 2618 tuam;

1917 2657 2025 2698 non
2081 2642 2302 2716 colliges
2335 2655 2679 2701 remanentes
2717 2660 2962 2701 racemos
2989 2687 3004 2712 ,
3058 2646 3151 2700 sed
3202 2647 3396 2702 cedent
3439 2645 3496 2702 in

1916 2749 2048 2790 usus
2075 2735 2317 2802 advenae,
2352 2735 2535 2808 pupilli
2585 2752 2648 2792 ac
2697 2737 2890 2792 viduae.
2931 2735 3112 2809 (Deut.
3164 2753 3300 2802 xxv,
3337 2737 3388 2809 1)
3436 2735 3496 2793 Si

1916 2825 2080 2884 fuerit
2103 2843 2263 2884 causa
2288 2829 2428 2884 inter
2448 2829 2682 2900 aliquos,
2698 2837 2753 2885 et
2770 2829 3235 2900 interpellaverint
3257 2828 3496 2895 Judices,

1916 2935 2076 2991 quem
2100 2918 2307 2991 justum
2338 2935 2456 2976 esse
2488 2921 2882 2992 perspexerint,
2905 2921 2979 2976 illi
3005 2920 3228 2990 justitiae
3258 2922 3494 2992 palmam

1917 3013 2158 3080 dabunt;
2189 3029 2348 3085 quem
2391 3013 2641 3086 impium,
2675 3015 3114 3072 condemnabunt
3156 3017 3448 3087 impietatis
3477 3033 3492 3084 ;

1915 3104 1998 3160 sin
2021 3112 2200 3160 autem
2230 3120 2356 3160 eum
2381 3105 2472 3178 qui
2502 3107 2764 3177 peccavit,
2805 3107 3024 3180 dignum
3055 3107 3293 3164 viderint
3323 3107 3498 3180 plagis

1916 3206 2264 3267 prosternent
2291 3239 2306 3264 ,
2352 3187 2408 3254 et
2463 3213 2642 3254 coram
2678 3215 2744 3254 se
2771 3198 2972 3256 facient
3018 3200 3292 3256 verberari
3338 3218 3351 3254 :
3399 3213 3500 3270 pro

1850 3338 1884 3364 Ἀ
1920 3305 2172 3345 mensura
2197 3291 2404 3362 peccati
2431 3292 2555 3358 erit,
2579 3301 2633 3346 et
2660 3292 2939 3364 plagarum
2985 3294 3200 3360 modus,
3236 3293 3309 3348 ita
3357 3293 3496 3349 dun-

240 3363 435 3420 dixisse
458 3375 643 3422 contra
674 3367 894 3424 fratrem
926 3387 1080 3426 suum
1110 3373 1446 3428 mendacium
1465 3415 1478 3438 ,
1513 3373 1737 3429 reddent
1763 3375 1812 3430 ei
1841 3348 1886 3412 Ο

1919 3392 2092 3447 taxat,
2137 3393 2196 3438 ut
2221 3384 2711 3456 quadragenarium
2735 3402 3018 3441 numerum
3066 3401 3173 3441 non
3215 3386 3496 3441 excedant.

1918 3476 2096 3547 (Deut.
2132 3493 2240 3531 xxv
2269 3476 2379 3547 15).
2413 3475 2529 3532 Non
2561 3477 2784 3534 habebis
2805 3478 2858 3533 in
2886 3478 3102 3534 sacculo
3130 3479 3339 3533 diversa
3367 3491 3499 3548 pon-

1916 3571 2066 3638 dera,
2100 3569 2274 3640 majus
2300 3579 2356 3626 et
2378 3570 2578 3636 minus,
2603 3586 2703 3626 nec
2729 3571 2832 3625 erit
2871 3571 2925 3624 in
2962 3570 3121 3625 domo
3156 3579 3246 3625 tua
3285 3570 3500 3625 modius

1915 3661 2108 3732 major,
2134 3670 2189 3716 et
2223 3661 2400 3715 minor
2431 3679 2442 3713 :
2474 3661 2685 3731 pondus
2715 3659 2938 3716 habebis
2961 3659 3163 3732 justum
3189 3671 3244 3716 et
3287 3675 3495 3716 verum.

1915 3751 2275 3806 Abominatur
2303 3751 2448 3806 enim
2479 3750 2739 3807 Dominus
2777 3766 2898 3806 eum
2942 3753 3035 3823 qui
3103 3751 3236 3809 facit
3265 3755 3403 3819 haec,
3441 3763 3494 3808 et

1918 3850 2200 3896 aversatur
2232 3856 2448 3898 omnem
2482 3839 2820 3910 iniustitiam.

1986 3933 2064 3988 De
2081 3931 2220 3989 libro
2239 3931 2422 3990 Josus.
2455 3945 2476 3972 ο
2509 3934 2752 3989 Bennun.
2786 3933 2970 4006 (Iosue
3000 3953 3148 4002 χχιν,
3175 3936 3321 4003 1-14,
3360 3936 3494 4009 etc.)

1916 4025 2064 4082 Dixit
2087 4024 2251 4082 Josue
2282 4026 2407 4082 filiis
2434 4026 2597 4082 Israel
2627 4045 2640 4082 :
2675 4027 2882 4083 Timete
2900 4028 3204 4092 Dominum,
3222 4037 3278 4085 et
3299 4029 3499 4086 servitu

1914 4121 1962 4176 ei
1992 4119 2234 4190 perfecto
2264 4119 2445 4186 corde,
2477 4128 2640 4189 atque
2685 4119 2986 4188 verissimo,
3019 4129 3071 4174 et
3100 4120 3308 4177 auferte
3348 4121 3498 4187 deos,

1916 4214 2112 4284 quibus
2158 4213 2468 4268 servierunt
2503 4221 2687 4284 patres
2721 4213 2910 4268 vestri.
2944 4212 3134 4286 (Ibid.,
3173 4233 3218 4268 ι’.
3268 4213 3359 4286 25)
3383 4215 3496 4269 Au-

1916 4305 2053 4361 ferte
2081 4304 2212 4360 deos
2237 4303 2441 4358 alienos
2463 4305 2528 4360 de
2559 4303 2735 4359 medio
2762 4306 2947 4372 vestri,
2977 4314 3033 4360 et
3060 4304 3313 4361 inclinate
3333 4306 3500 4363 corda

1917 4405 2097 4452 vestra
2125 4397 2194 4451 ad
2220 4396 2504 4466 Dominum
2536 4397 2702 4452 Deum
2736 4397 2920 4452 Israel.

1985 4485 2061 4540 De
2087 4485 2251 4540 Libro
2279 4483 2492 4542 Rasum.
2528 4486 2672 4541 Dixit
2699 4486 2920 4544 Samuel
2951 4489 3237 4560 propheta.
3278 4489 3331 4562 (I
3366 4489 3497 4562 Reg.

1915 4594 2003 4642 xv,
2032 4577 2122 4648 22)
2158 4577 2347 4633 Melior
2374 4591 2457 4634 est
2485 4579 2629 4634 enim
2671 4580 3001 4648 obedientia,
3029 4597 3191 4652 quam
3239 4582 3494 4649 victimae,

1914 4680 1970 4726 et
2003 4672 2311 4727 auscultare
2342 4673 2514 4744 magis
2545 4689 2706 4743 quam
2741 4673 2937 4730 offerre
2968 4675 3180 4745 adipem
3221 4675 3450 4730 arietum
3481 4693 3496 4742 ;

1916 4763 2172 4830 quoniam
2205 4762 2359 4833 quasi
2387 4772 2666 4831 peccatum
2697 4765 2960 4822 ariolandi
3011 4773 3114 4830 est,
3158 4779 3458 4835 repugnare
3485 4807 3499 4830 ,

1915 4865 1970 4907 et
1996 4855 2150 4922 quasi
2181 4854 2358 4910 scelus
2383 4855 2720 4922 idololatriae,
2750 4857 2892 4911 nolle
2919 4856 3286 4927 acquiescere.

1988 4944 2063 4999 De
2103 4944 2429 5001 PBOPIIETIS.
2467 4945 2602 5016 (Isa.
2633 4962 2686 5012 v,
2718 4946 2812 5016 22)
2845 4945 2938 5000 Vw
2968 4947 3058 5016 qui
3097 4956 3345 5017 potentes
3370 4949 3502 5006 estis

1919 5033 1985 5088 ad
2011 5033 2303 5089 bibendum
2355 5035 2539 5090 vinum
2571 5077 2586 5102 ,
2620 5044 2676 5090 et
2713 5035 2814 5090 viri
2844 5036 3014 5093 fortes
3063 5039 3130 5092 ad
3167 5039 3499 5097 miscendam

1919 5125 2258 5182 ebrietatem.

1993 5215 2298 5272 Secundum
2333 5217 2677 5273 Maxumum.
2731 5215 2948 5287 (Matth.
3003 5227 3086 5286 ιιι,
3125 5220 3182 5293 2)
3219 5201 3498 5278 Paeniten-

1921 5308 2048 5362 tiam
2079 5309 2222 5380 agite
2257 5329 2268 5362 :
2311 5308 2759 5380 appropinquabit
2787 5311 2932 5365 enim
2963 5327 3186 5384 regnum
3215 5311 3498 5368 caelorum.

1919 5399 2082 5465 (Ibid.
2124 5417 2171 5454 v.
2205 5399 2258 5471 8)
2308 5399 2493 5454 Facite
2531 5414 2662 5470 ergo
2711 5401 2947 5456 fructum
2989 5403 3208 5473 dignum
3239 5403 3504 5474 poeniten-

1918 5493 2022 5547 tiae.
2058 5493 2272 5564 (Matth.
2307 5508 2360 5556 v,
2392 5490 2479 5564 i5)
2513 5489 2617 5547 Vos
2659 5493 2792 5548 estis
2818 5493 2901 5549 sal
2933 5502 3108 5550 terrae.
3141 5493 3296 5563 Quod
3346 5495 3392 5550 si
3423 5494 3500 5550 sal

1919 5585 2196 5639 evanuerit
2233 5583 2286 5637 in
2327 5599 2434 5652 quo
2476 5582 2734 5639 salietur?
2765 5583 2957 5657 (Ibid.,
2988 5603 3033 5640 υ.
3073 5585 3156 5654 16)
3191 5584 3282 5641 Sic
3324 5585 3502 5642 luceat

1917 5757 2076 5796 causa
2102 5749 2198 5805 est,
2228 5749 2348 5812 ante
2372 5739 2656 5812 Dominum
2688 5743 2742 5795 in
2769 5750 3043 5812 conspectu
3072 5741 3402 5796 sacerdotum
3444 5750 3498 5796 et

1905 5812 2172 5882 judicum,
2200 5811 2289 5881 qui
2316 5810 2512 5882 fuerint
2537 5813 2589 5865 in
2616 5812 2796 5866 diebus
2822 5810 2950 5866 illis.

1988 5893 2008 5918 (α
2037 5881 2155 5948 Quo
2176 5891 2381 5951 spectet
2407 5897 2506 5936 vox
2538 5883 2650 5938 haec
2681 5883 2898 5938 Bennun
2927 5923 2938 5944 ,
2984 5884 3235 5956 ignorare
3277 5899 3361 5938 me
3421 5882 3500 5936 fa-

1915 5961 2000 6006 ιθο
2007 5969 2045 6005 Γ.
