3974 6344
598 401 730 458 1451

1612 396 1668 453 S.
1707 395 2080 454 PRUDENTII
2114 395 2494 455 TRECENSIS
2533 395 2836 454 EPISCOPI

3651 413 3748 470 1431

591 515 684 571 lux
716 493 896 572 vestra
921 529 1104 572 coram
1132 515 1460 581 hominibus,
1489 526 1550 572 ut
1573 517 1792 573 videant
1820 526 2002 574 vestra
2027 517 2168 573 bona
2195 519 2247 580 A
2270 514 2464 571 Omnia
2505 530 2636 587 ergo
2665 527 3004 587 quaecunque
3030 514 3192 574 vultis
3216 525 3277 574 ut
3299 519 3480 579 faciant
3517 525 3643 584 vobis
3676 531 3746 587 ho.

593 623 782 679 opera,
807 615 862 664 et
889 607 1192 679 glorificent
1217 607 1434 664 Patrem
1459 615 1724 665 vestrum.
1752 607 1940 681 (Ibid.,
1983 625 2032 664 υ.
2076 607 2168 680 19)

592 702 698 771 Qui
718 703 863 759 enim
886 703 1106 760 solverit
1121 719 1290 758 unum
1311 705 1378 758 de
1396 703 1667 759 mandatis
1691 704 1808 760 istis
1831 703 2088 770 minimis,
2116 713 2172 759 et

593 795 841 852 docuerit
874 795 955 850 sic
998 796 1269 862 homines,
1299 795 1557 852 minimus
1593 795 1880 852 vocabitur
1920 796 1974 850 in
2003 794 2172 867 regno

593 886 854 943 caelorum
875 903 890 954 ;
914 887 1005 957 qui
1025 895 1205 942 autem
1239 886 1430 943 fecerit
1457 896 1512 941 et
1546 886 1811 953 docuerit,
1829 887 1916 942 hic
1941 902 2171 958 magnus

590 979 874 1035 vocabitur
897 978 952 1033 in
979 993 1146 1049 regno
1177 977 1456 1034 caelorum.
1494 977 1610 1034 Nisi
1640 979 1993 1034 abundaverit
2007 979 2170 1050 justi-

593 1073 666 1128 tia
697 1079 879 1127 vestra
927 1071 1048 1141 plus
1073 1086 1233 1142 quam
1270 1070 1585 1128 Scribarum
1638 1078 1690 1127 et
1729 1070 2126 1126 Pharisaeorum
2149 1112 2166 1137 ,

589 1177 697 1217 non
730 1161 1000 1218 intrabitis
1025 1163 1080 1218 in
1105 1177 1331 1234 regnum
1369 1161 1652 1217 caelorum.
1678 1161 1890 1217 Dictum
1918 1171 2002 1218 est
2029 1161 2169 1217 anti-

590 1254 750 1325 quis:
784 1253 900 1309 Non
944 1253 1194 1320 occides;
1227 1253 1320 1325 qui
1370 1261 1550 1330 autem
1597 1251 1877 1316 occiderit,
1909 1267 2035 1308 reus
2064 1253 2170 1308 erit

581 1334 806 1418 judicio.
837 1359 864 1388 ι
911 1345 971 1403 Si
1025 1361 1156 1418 ergo
1213 1345 1411 1419 (Ibid.,
1460 1363 1509 1400 υ.
1565 1344 1636 1400 25
1685 1353 1734 1399 et
1787 1345 1919 1416 seq.)
1973 1343 2167 1401 offeres

586 1455 784 1515 munus
819 1447 970 1494 tuum
999 1440 1067 1495 ad
1096 1439 1289 1505 altare,
1319 1447 1376 1494 et
1408 1437 1479 1493 ibi
1501 1437 1818 1492 recordatus
1837 1436 2004 1493 fueris
2023 1437 2166 1509 quod

586 1529 759 1586 frater
787 1541 912 1586 tuus
936 1530 1101 1586 habet
1145 1530 1347 1601 aliquid
1372 1531 1660 1586 adversum
1691 1538 1743 1584 te
1766 1570 1780 1594 ,
1819 1529 2063 1602 relinque
2091 1531 2166 1587 ibi

585 1639 785 1680 munus
812 1632 962 1679 tuum
1005 1632 1130 1679 ante
1159 1623 1348 1691 altare,
1388 1631 1443 1678 et
1477 1621 1612 1677 vade
1643 1621 1792 1691 prius
1821 1621 2166 1678 reconciliari

584 1716 739 1771 fratri
795 1724 909 1784 tuo,
961 1726 1018 1772 et
1058 1724 1188 1772 tunc
1236 1715 1463 1772 veniens
1509 1713 1704 1771 offeres
1747 1728 1945 1770 munus
1991 1723 2161 1770 tuum.

584 1807 715 1864 Esto
738 1809 1083 1864 consentiens
1123 1808 1432 1863 adversario
1458 1813 1550 1862 tuo
1596 1807 1705 1862 cito
1742 1806 1960 1861 dum'es
1992 1805 2048 1861 in
2077 1807 2162 1861 via

584 1916 707 1956 cum
731 1916 816 1957 eo.
851 1899 1040 1972 (Ibid.,
1068 1918 1114 1955 υ.
1141 1899 1233 1970 28)
1267 1897 1487 1963 Omnis,
1518 1896 1610 1968 qui
1641 1896 1839 1952 viderit
1879 1895 2163 1952 mulierem

579 1991 648 2048 ad
677 1992 1164 2064 concupiscendum
1201 2005 1318 2046 eam
1341 2031 1356 2057 ,
1376 1989 1490 2062 jam
1517 1977 1818 2048 maechatus
1842 1995 1928 2044 est
1957 2002 2079 2044 eam
2108 1989 2164 2045 in

582 2082 748 2139 corde
777 2097 894 2137 suo.

652 2173 840 2246 (Ibid.,
864 2192 912 2230 υ.
935 2174 1026 2245 52)
1053 2174 1154 2242 Qui
1176 2173 1446 2230 dimiserit
1469 2188 1697 2230 uxorem
1736 2187 1912 2242 suam,
1936 2183 2162 2246 excepta

580 2268 954 2325 fornicationis
994 2281 1180 2333 causa,
1212 2267 1342 2323 facit
1385 2282 1506 2322 eam
1553 2265 1838 2334 moechari,
1867 2274 1924 2322 et
1949 2267 2040 2336 qui
2077 2266 2160 2321 di-

579 2361 804 2418 missam
830 2359 1047 2416 duxerit
1067 2359 1350 2414 adulterat.
1385 2357 1599 2414 Dictum
1625 2366 1711 2413 est
1738 2358 1976 2429 antiquis
2003 2377 2014 2412 :
2047 2355 2162 2412 Non

579 2449 1144 2524 perjurabis;reddes
1181 2457 1362 2504 autem
1410 2443 1640 2502 Domino
1683 2447 1994 2517 iuramenta
2047 2457 2159 2501 tua.

578 2545 698 2603 Non
717 2544 904 2615 jurare
930 2543 1172 2609 omnino,
1208 2555 1385 2612 neque
1408 2555 1504 2613 per
1531 2539 1750 2605 coelum,
1783 2538 1910 2608 quia
1935 2539 2162 2593 thronus

579 2638 678 2696 Dei
706 2646 821 2706 est;
861 2651 1039 2708 neque
1066 2651 1164 2706 per
1191 2643 1394 2691 terram
1415 2675 1430 2700 ,
1472 2633 1598 2704 quia
1637 2631 1932 2687 scabellum
1964 2631 2158 2700 pedum

577 2729 696 2801 ejus
717 2737 842 2797 est;
875 2743 1051 2799 neque
1084 2741 1182 2799 per
1223 2733 1387 2796 caput
1413 2732 1564 2779 tuum
1584 2720 1834 2793 jurahis;
1868 2721 1939 2775 sit
1977 2728 2159 2775 autem

577 2837 760 2879 sermo
787 2828 991 2885 vester,
1041 2825 1125 2874 est
1145 2857 1160 2884 ,
1207 2827 1292 2873 est
1320 2833 1334 2871 :
1367 2830 1495 2881 non,
1536 2827 1674 2879 non;
1699 2811 1844 2882 quod
1871 2817 2052 2890 autem
2074 2810 2159 2865 his

577 2912 942 2967 abundantius
955 2918 1061 2976 est,
1073 2926 1103 2964 a
1115 2907 1375 2972 maloest.
1392 2906 1440 2978 (1
1448 2906 1554 2960 bid.
1567 2947 1581 2972 ,
1593 2922 1644 2960 υ.
1669 2904 1759 2975 39)
1773 2902 1890 2959 Non
1905 2903 2160 2959 resistere

577 3003 722 3060 malo
747 3020 760 3056 ε
785 3002 832 3060 si
860 3001 982 3073 quis
1008 2991 1061 3057 te
1087 2997 1416 3071 percusserit
1461 2998 1516 3053 in
1557 2997 1832 3052 dexteram
1857 2993 2156 3060 maxillam,

577 3099 757 3172 praebe
780 3096 861 3152 illi
887 3104 943 3153 et
972 3095 1216 3151 alteram.
1243 3091 1310 3148 Et
1336 3092 1409 3158 ei,
1451 3091 1544 3161 qui
1589 3089 1704 3144 vult
1737 3098 1915 3144 tecum
1949 3087 2156 3159 judicio

576 3190 926 3254 contendere,
961 3197 1017 3245 et
1043 3188 1281 3243 tunicam
1313 3193 1463 3240 tuam
1508 3182 1734 3249 tollere,
1761 3181 1975 3237 dimitte
2020 3180 2069 3236 ei
2100 3186 2156 3234 et

575 3283 831 3356 pallium;
869 3253 926 3336 et
967 3280 1059 3349 qui
1097 3287 1150 3334 te
1179 3276 1542 3348 angariaverit
1570 3273 1715 3330 mille
1757 3286 1970 3344 passus,
2016 3269 2154 3326 vade
2182 3253 2230 3320 C

575 3389 702 3429 cum
731 3372 820 3428 illo
849 3378 904 3427 et
925 3369 1030 3425 alia
1068 3369 1192 3425 duo.
1225 3367 1329 3435 Qui
1365 3366 1502 3439 petit
1528 3381 1559 3420 a
1589 3371 1660 3429 te,
1687 3365 1754 3420 da
1776 3364 1850 3429 ei,
1877 3371 1932 3418 et
1951 3361 2158 3417 volenti

575 3465 813 3525 mutuari
829 3471 948 3529 ate,
964 3477 1031 3518 ne
1043 3461 1326 3518 avertaris.
1345 3459 1621 3533 (Matth.v,
1634 3457 1725 3528 44)
1741 3456 1954 3528 Diligite
1975 3455 2156 3510 inimi-

575 3573 670 3616 cos
688 3566 919 3622 vestros,
945 3552 1249 3611 benefacite
1275 3551 1360 3608 his
1382 3552 1474 3622 qui
1500 3549 1734 3605 oderunt
1755 3562 1853 3603 vos
1878 3565 1891 3601 :
1919 3555 1975 3602 et
2003 3553 2156 3602 orate

577 3666 678 3726 pro
705 3648 1179 3721 persequentibus,
1203 3652 1259 3700 et
1276 3641 1732 3699 calumniantibus
1751 3653 1850 3695 vos
1873 3637 2068 3710 (Ibid.,
2103 3653 2150 3691 υ.

573 3743 688 3816 48).
703 3742 887 3798 Estote
906 3755 1035 3811 ergo
1055 3753 1154 3794 vos
1172 3734 1415 3808 perfecti,
1433 3735 1576 3791 sicut
1593 3742 1650 3790 et
1667 3740 1824 3804 pater
1836 3739 2020 3787 vester
2039 3741 2156 3786 cte-

575 3835 729 3894 lestis
755 3831 1026 3906 perfectus
1071 3839 1156 3885 est
1185 3827 1402 3900 (Matth.
1433 3843 1488 3882 vi
1509 3867 1524 3892 ,
1564 3826 1591 3880 1
1627 3833 1674 3879 et
1695 3825 1853 3893 δρψ).
1881 3820 2158 3876 Attendite

575 3945 645 3986 ne
682 3925 952 3998 justitiam
985 3930 1224 3977 vestram
1270 3917 1484 3974 faciatis
1519 3931 1704 3972 coram
1731 3913 2067 3978 hominibus,
2095 3919 2160 3966 ut

575 4017 867 4077 videamini
907 4015 976 4071 ab
1009 4013 1087 4069 eis
1117 4031 1131 4067 :
1160 4009 1396 4081 alioquin
1429 4008 1731 4064 mercedem
1757 4020 1864 4060 non
1886 4002 2156 4060 habebitis

575 4110 715 4183 apud
741 4117 952 4180 patrem
978 4111 1243 4160 vestrum.
1266 4100 1400 4155 Cum
1427 4113 1554 4170 ergo
1579 4097 1714 4153 facis
1731 4096 2151 4166 eleemosynam,

576 4201 685 4257 noli
713 4200 839 4254 tuba
861 4211 1056 4254 canere
1086 4201 1212 4249 ante
1234 4201 1308 4257 te,
1330 4191 1474 4246 sicut
1501 4187 1796 4260 hypocrita:
1823 4185 2048 4242 faciunt.
2074 4183 2153 4241 Te

578 4303 761 4349 autem
793 4291 1023 4346 faciente
1049 4287 1447 4357 eleemosynam
1475 4323 1491 4349 ,
1537 4283 1744 4338 nesciat
1791 4280 2014 4337 sinistra
2059 4289 2154 4335 tua

576 4385 719 4457 quod
746 4382 913 4437 faciat
939 4380 1164 4435 dextera
1195 4386 1305 4432 tua.
1334 4375 1548 4431 Etcum
1588 4373 1758 4429 oratis
1782 4411 1799 4438 ,
1844 4385 1953 4425 non
1998 4369 2154 4425 eritis

574 4479 715 4536 sicut
740 4472 1068 4546 hypocrita;
1098 4478 1316 4526 orantes
1336 4477 1516 4522 autem
1546 4466 1713 4522 nolite
1734 4462 1961 4518 multum
1981 4460 2147 4531 loqui.

576 4569 669 4629 Sic
695 4583 826 4639 ergo
858 4563 1084 4622 orabitis
1109 4581 1122 4617 :
1147 4561 1306 4616 Pater
1328 4570 1532 4624 noster,
1559 4557 1662 4628 qui
1683 4571 1742 4612 es
1765 4557 1822 4612 in
1845 4555 2017 4622 ctelis,
2038 4563 2147 4611 etc.

571 4661 760 4735 (lbid.,
786 4676 832 4714 v.
860 4658 949 4728 14)
974 4655 1032 4710 Si
1059 4654 1202 4710 enim
1252 4651 1569 4707 dimiseritis
1592 4648 1901 4704 hominibus
1929 4654 2149 4716 peccata

573 4767 762 4808 eorum
791 4767 805 4804 :
848 4757 907 4805 et
929 4747 1093 4802 Pater
1110 4751 1294 4799 vester
1321 4741 1559 4796 caelestis
1582 4739 1818 4794 dimittet
1842 4737 1994 4792 vobis
2028 4749 2152 4805 pec-

575 4850 696 4899 cata
737 4849 936 4896 vestra.
967 4836 1156 4910 (Ibid.,
1188 4850 1239 4887 υ.
1276 4832 1362 4902 19)
1386 4830 1560 4886 Nolite
1599 4829 1969 4884 thesaurizare
1999 4826 2152 4882 vobis

574 4935 861 4991 thesauros
875 4933 930 4985 in
947 4938 1117 4984 terra.
1137 4924 1298 4996 (Ibid.
1311 4965 1326 4990 ,
1340 4940 1386 4977 υ.
1411 4921 1500 4992 54)
1519 4920 1692 4976 Nolite
1708 4935 1838 4992 ergo
1857 4933 1980 4974 esse
2003 4916 2152 4972 solli-

575 5030 668 5085 citi
711 5028 764 5083 in
805 5025 1122 5082 crastinum.
1166 5021 1381 5094 (Matth.
1413 5033 1510 5083 vit,
1553 5018 1656 5072 let
1705 5017 1934 5089 subseq.)
1975 5014 2151 5071 Nolite

567 5123 834 5193 judicare,
851 5127 912 5174 ut
925 5132 1031 5172 non
1049 5113 1368 5189 judicemini
1391 5131 1404 5168 :
1431 5113 1484 5168 in
1499 5126 1609 5183 quo
1628 5111 1770 5166 enim
1785 5109 1990 5180 judicio
2004 5108 2153 5181 judi-

572 5214 851 5279 caveritis,
885 5208 1294 5283 judicabimini,
1324 5213 1379 5262 et
1419 5206 1472 5260 in
1515 5219 1622 5276 qua
1671 5217 1928 5258 mensura
1980 5201 2153 5257 mensi

551 5295 811 5374 fueritis,
851 5304 1166 5362 remetietur
1189 5299 1363 5356 vobis.
1409 5298 1598 5372 (Ibid.,
1631 5314 1679 5353 υ.
1715 5295 1769 5367 6)
1806 5293 1982 5350 Nolite
2021 5295 2153 5349 dare

572 5415 821 5463 sanctum
840 5399 1064 5456 canibus
1095 5415 1109 5452 :
1143 5409 1320 5465 neque
1343 5392 1569 5447 mittatis
1591 5388 1913 5462 margaritas
1940 5394 2152 5441 vestras

575 5506 700 5554 ante
738 5507 952 5567 porcos.
991 5490 1168 5547 Petite
1208 5496 1266 5544 et
1299 5487 1518 5543 dabitur
1557 5485 1751 5553 vobis;
1803 5481 2047 5556 quaerite,
2096 5491 2153 5536 et

576 5587 894 5652 invenietis;
922 5585 1150 5656 pulsate,
1180 5590 1238 5638 et
1269 5579 1542 5650 aperietur
1566 5579 1739 5635 vobis.
1766 5575 1952 5650 (Ibid.,
1981 5593 2028 5630 v.
2058 5572 2146 5644 12)

649 5733 675 5762 ιι
703 5721 924 5775 Videtur
954 5719 1209 5775 nonnulla
1245 5717 1461 5779 deesse,
1501 5729 1620 5784 qua:
1658 5729 1727 5784 ex
1757 5710 2006 5784 Matthaeo
2035 5707 2148 5784 ipsa

581 5789 874 5859 supplenda
907 5790 1032 5842 sint.
1071 5789 1197 5844 llaec
1240 5801 1410 5859 porro
1451 5783 1612 5859 habet
1663 5783 1942 5859 Matthzeus
1991 5798 2008 5859 ξ
2040 5783 2149 5848 1;9ο

585 5851 758 5915 att-tem
784 5858 899 5908 diro
918 5859 1079 5919 vobis,
1106 5851 1439 5926 quia-omnis
1463 5853 1550 5922 qui
1580 5853 1826 5906 irascitur
1856 5851 2008 5920 fratri
2031 5865 2147 5912 suo,

2273 608 2466 674 mines,
2494 617 2551 662 et
2575 621 2673 663 vos
2699 606 2866 664 facite
2892 607 3018 664 illis.
3045 608 3244 666 Intrate
3265 626 3359 682 per
3381 625 3624 687 angustam
3657 636 3746 692 por.

2272 710 2406 768 tam,
2447 715 2568 774 quae
2598 702 2746 758 ducit
2772 702 2840 757 ad
2863 703 3053 758 vitam.
3097 703 3310 775 (Matth.
3344 723 3394 772 x,
3422 708 3748 790 9)‘Nolilepus-

2270 795 2686 876 sidere’aurum,
2720 811 2897 868 neque
2930 806 3234 870 argentum,
3270 815 3436 872 neque
3457 808 3687 874 pecuniam
3709 811 3747 867 in

2271 889 2423 945 zonis
2452 890 2684 956 vestris;
2717 905 2826 946 non
2865 905 3058 964 peram
3105 892 3159 947 in
3186 892 3297 958 via,
3338 909 3498 966 neque
3517 897 3627 954 duas
3648 902 3747 956 tuui-

2271 996 2384 1046 cas,
2416 996 2591 1052 neque
2624 981 3013 1046 calceamenta,
3060 999 3235 1055 neque
3272 985 3495 1056 virgam;
3519 988 3674 1060 dignus
3691 1001 3748 1048 est

2270 1070 2412 1126 enim
2437 1071 2718 1142 operarius
2735 1071 2856 1128 cibo
2885 1088 3004 1128 suo.
3031 1072 3224 1145 (Ibid.,
3252 1092 3299 1130 υ.
3321 1075 3409 1146 28)
3436 1075 3586 1133 Nolite
3609 1079 3748 1139 timere

2269 1179 2384 1227 eos,
2408 1163 2499 1234 qui
2527 1159 2782 1221 occidunt
2823 1181 3041 1236 corpus,
3085 1167 3322 1222 animam
3362 1179 3524 1226 autem
3547 1187 3635 1227 non
3664 1189 3746 1244 pos-

2269 1264 2395 1312 sunt
2421 1257 2670 1312 occidere
2718 1270 2734 1311 :
2778 1256 2871 1311 sed
2909 1257 3091 1328 potius
3134 1272 3257 1312 eum
3299 1258 3504 1325 timete,
3529 1261 3748 1332 quipoteit

2268 1347 2502 1402 animam
2525 1357 2582 1404 et
2604 1362 2802 1418 corpus
2813 1350 3043 1419 perdere
3068 1349 3122 1404 in
3143 1348 3456 1421 gehennam.
3473 1351 3626 1423 (Ibid.,
3642 1353 3744 1425 v.37)

2267 1437 2370 1506 Qui
2401 1447 2546 1494 amat
2572 1448 2808 1510 patrem,
2850 1447 2943 1495 aut
2984 1449 3215 1497 matrem
3252 1441 3370 1512 plus
3397 1458 3540 1514 quam
3569 1459 3653 1509 me,
3675 1460 3744 1500 non

2266 1539 2351 1587 est
2378 1546 2467 1588 me
2495 1531 2709 1604 dignus,
2754 1540 2813 1588 et
2838 1532 2931 1602 qui
2960 1541 3106 1588 amat
3127 1532 3319 1600 ﬁlium,
3364 1542 3450 1589 aut
3473 1532 3609 1589 ﬁliam
3638 1549 3746 1605 super

2266 1640 2374 1691 me,
2399 1641 2506 1680 non
2529 1633 2614 1681 est
2641 1639 2730 1680 me
2753 1625 2965 1698 dignus.
2996 1624 3188 1699 (Ibid.,
3212 1643 3260 1681 υ.
3283 1625 3372 1700 40)
3394 1626 3484 1694 Qui
3505 1627 3742 1698 recipitros.

2267 1732 2356 1772 me
2378 1716 2588 1787 recipit.
2619 1715 2935 1787 Quicunque
2959 1725 3148 1788 potum
3175 1717 3378 1772 dederit
3396 1716 3480 1772 uni
3500 1732 3558 1772 ex
3576 1717 3742 1772 minimis

2269 1807 2389 1863 istis
2418 1807 2642 1864 calicem
2688 1822 2841 1879 aqua
2891 1807 3118 1879 frigidae,
3172 1823 3330 1862 amen
3373 1799 3485 1864 dico
3524 1807 3646 1863 vobis
3675 1821 3740 1861 non

2263 1897 2458 1969 perdet
2483 1897 2790 1953 mercedem
2815 1912 2988 1954 suam.
3021 1896 3238 1968 (Matth.
3259 1895 3604 1969 xi,29)'l'ollite
3616 1895 3740 1967 iugum

2265 2003 2448 2046 meum
2503 1994 2669 2061 Super
2699 2005 2817 2056 vos,
2843 1997 2902 2046 et
2932 1988 3126 2044 discite
3173 2003 3205 2042 a
3227 1997 3331 2048 ;me
3370 1987 3488 2058 quia
3516 1988 3633 2042 mitis
3667 2002 3740 2040 sum

2169 2092 2173 2096 ‘
2265 2090 2320 2138 et
2345 2079 2567 2138 humilis
2593 2080 2791 2148 corde,
2842 2088 2898 2136 et
2949 2079 3238 2136 invenietis
3282 2079 3508 2148 requiem
3545 2077 3741 2132 animabus

2264 2175 2480 2231 vestris.
2510 2172 2728 2247 (Matth.
2766 2188 2845 2240 ix,
2871 2173 2964 2244 15)
3003 2171 3424 2227 Misericordiam
3453 2169 3559 2226 volo
3577 2211 3590 2236 ,
3611 2179 3651 2222 et
3675 2183 3739 2221 non

2264 2264 2616 2320 sacrificium.
2648 2261 2866 2336 (Matth.
2893 2279 2994 2328 xit,
3019 2260 3109 2332 36)
3135 2259 3312 2318 Omne
3347 2259 3548 2315 verbum
3567 2260 3737 2319 otiosum,

2263 2356 2408 2428 quod
2455 2355 2622 2412 locuti
2669 2355 2873 2410 fuerint
2912 2354 3164 2409 homines
3185 2392 3204 2421 ,
3231 2352 3452 2408 reddent
3476 2351 3681 2406 rationem
3702 2350 3739 2401 cl:

2263 2464 2329 2506 eo
2353 2451 2408 2504 in
2440 2449 2526 2505 die
2548 2447 2760 2518 judicii.
2795 2447 2875 2502 Ex
2900 2447 3080 2502 verbis
3100 2446 3248 2502 enim
3290 2445 3394 2500 tuis
3416 2441 3738 2516 justiﬁeaberis,

2261 2551 2318 2599 et
2342 2557 2409 2598 ex
2443 2541 2624 2597 verbis
2647 2541 2754 2597 tuis
2780 2538 3251 2596 condemnaberis.
3285 2535 3491 2610 (Matth.
3516 2549 3590 2600 xv,
3616 2529 3740 2600 lilio-

2263 2650 2394 2692 nora
2422 2643 2633 2706 patrem
2681 2641 2738 2690 et
2786 2640 3041 2697 matrem,
3081 2643 3138 2687 et
3189 2630 3284 2702 qui
3332 2626 3624 2684 maledixerit
3650 2622 3736 2693 patri

2261 2727 2347 2782 vel
2378 2727 2540 2782 matri
2567 2766 2582 2792 ,
2633 2733 2810 2782 morte
2840 2723 3126 2780 moriatur.
3158 2721 3472 2792 Quicunque
3496 2715 3650 2774 dixerit
3680 2728 3739 2782 p1-

2260 2821 2332 2876 tri
2370 2819 2454 2876 vel
2497 2819 2659 2876 matri
2687 2837 2701 2875 :
2735 2817 2928 2874 Munus
2961 2817 3330 2888 quodcunque
3361 2821 3440 2871 est
3482 2827 3541 2868 ex
3565 2824 3652 2874 me,
3679 2806 3735 2859 tibi

2259 2912 2521 2985 proderit,
2547 2920 2602 2968 et
2625 2926 2734 2967 non
2755 2909 3141 2968 honorificabit
3168 2916 3384 2980 patrem
3429 2920 3566 2962 suum
3584 2909 3651 2956 aut
3668 2913 3736 2952 ma-

2261 3013 2402 3061 trem
2426 3019 2579 3060 suam
2599 3011 2684 3059 :et
2702 3003 2919 3059 irritum
2941 3000 3148 3057 fecistis
3175 3000 3486 3056 mandatum
3503 2996 3581 3051 Dei
3595 2998 3736 3062 propter

2258 3094 2608 3150 traditionem
2646 3101 2909 3150 vestram.
2947 3091 3164 3164 (Matth.
3195 3107 3318 3156 xw,
3348 3087 3437 3162 24)
3481 3085 3532 3141 Si
3565 3083 3656 3154 quis
3672 3077 3736 3130 vult

2259 3194 2384 3258 post
2426 3202 2514 3242 me
2555 3185 2780 3251 venire,
2809 3184 3037 3254 abneget
3062 3182 3512 3252 semetipsum,et
3527 3174 3643 3230 tollat
3659 3184 3734 3224 cru-

2261 3294 2380 3336 cem
2403 3293 2600 3345 ,suam,
2643 3284 2701 3332 et
2745 3283 3000 3346 sequatur
3026 3289 3132 3330 me.
3159 3273 3268 3342 Qui
3295 3273 3436 3329 enim
3460 3265 3647 3326 voluerit
3667 3261 3737 3315 ani-

2260 3389 2404 3430 mam
2435 3387 2589 3428 suam
2617 3371 2820 3427 salvam
2851 3370 3031 3426 facere
3060 3409 3075 3436 ,
3117 3368 3314 3439 perdet
3353 3380 3467 3422 eam
3494 3382 3506 3416 :
3531 3361 3604 3432 qui
3622 3364 3735 3411 autem

2259 3464 2557 3538 perdiderit
2580 3462 2815 3519 animam
2850 3475 3005 3517 suam
3031 3467 3259 3531 propter
3287 3473 3404 3525 me,
3431 3451 3629 3511 inveniet
3647 3458 3731 3500 eam.

2259 3555 2398 3625 Quid
2425 3555 2570 3610 enim
2612 3552 2837 3624 prodest
2861 3549 3088 3616 homini,
3137 3549 3184 3605 si
3230 3547 3482 3604 mundum
3519 3541 3734 3597 universum

2258 3648 2498 3703 lucretur
2520 3686 2534 3712 ,
2593 3646 2787 3701 anima:
2814 3659 2944 3700 vero
2990 3657 3100 3700 suae
3137 3641 3515 3698 detrimentum
3551 3625 3734 3706 patiatur?

2259 3739 2476 3812 (Matth.
2524 3751 2682 3804 xvm,
2725 3737 2782 3806 3)
2826 3736 2998 3792 Amen
3047 3735 3169 3790 dico
3225 3734 3402 3797 vobis,
3443 3729 3733 3812 nisicontetsi

2259 3807 2492 3896 fueritis,
2537 3837 2592 3884 et
2640 3826 2947 3885 elliciamini
2987 3825 3132 3881 sicut
3163 3822 3404 3895 parvuli,
3433 3834 3530 3876 non
3554 3807 3733 3872 innabilis

2261 3922 2316 3978 in
2346 3935 2575 3994 regnum
2597 3919 2876 3976 ctelorum.
2913 3914 3101 3988 (Ibid.,
3123 3931 3172 3970 υ.
3205 3913 3243 3970 6
3290 3922 3339 3968 et
3364 3913 3488 3982 seq.)
3520 3906 3603 3974 Qui
3623 3910 3733 3956 autem

2260 4010 2716 4070 scandalizaverit
2743 4023 2909 4065 unum
2941 4007 3008 4063 de
3030 4003 3244 4079 pusillis
3272 4003 3411 4068 istis,
3433 4000 3516 4070 qui
3535 3999 3578 4052 in
3595 4000 3732 4086 metri

2259 4108 2416 4173 dunt,
2466 4104 2685 4176 expedit
2711 4101 2763 4158 ei
2809 4109 2868 4154 ut
2909 4096 3273 4170 suspendatur
3318 4093 3454 4149 mola
3497 4082 3733 4176 asinaria”in

2259 4165 2564 4267 collo'ejus,
2596 4202 2652 4250 et
2678 4165 3025 4262 demergatur
3069 4188 3126 4242 in
3173 4184 3490 4256 profundum
3518 4165 3734 4268 marinis

2260 4265 2469 4343 mundo
2492 4301 2523 4340 a
2554 4281 2845 4340 scandalis.
2878 4278 3112 4334 Necesse
3164 4284 3252 4331 est
3305 4274 3467 4336 enim,
3505 4277 3557 4322 ut
3593 4265 3736 4317 veniant

2209 4409 2212 4412 ~
2259 4377 2518 4436 scandala
2549 4394 2562 4432 :
2593 4381 2971 4431 verumtamen
3003 4382 3085 4423 vae
3113 4365 3326 4424 homini
3371 4362 3486 4426 illi,
3527 4369 3606 4428 per
3632 4357 3734 4419 quem

2261 4468 2575 4527 scandalum
2595 4465 2766 4522 venit.
2798 4462 2858 4518 Si
2886 4469 3069 4517 autem
3110 4473 3307 4514 manus
3343 4465 3450 4519 tua,
3479 4449 3550 4505 vel
3569 4459 3642 4519 pes
3662 4449 3737 4493 ’ρηυε

2257 4561 2588 4620 scandalizat
2615 4567 2670 4615 te
2693 4598 2708 4625 ,
2737 4571 2867 4613 erue
2900 4569 3044 4619 cum,
3091 4559 3149 4608 et
3172 4549 3379 4622 projice
3405 4545 3495 4600 abs
3532 4552 3590 4594 te.
3615 4532 3737 4589 Videte

2257 4670 2325 4711 ne
2361 4649 2722 4710 contemnatis
2751 4661 2916 4718 unum
2959 4659 3028 4701 ex
3060 4641 3275 4715 pusillis
3323 4637 3460 4703 istis,
3499 4630 3577 4704 qui
3613 4627 3654 4680 in
3687 4630 3736 4716 mf

2258 4745 2490 4801 credunt
2517 4739 2707 4814 (Ibid.,
2735 4717 2789 4793 υς
2817 4736 2884 4792 15
2907 4745 2956 4791 et
2996 4733 3152 4806 δρψ).
3195 4731 3256 4787 Si
3310 4738 3483 4785 autem
3519 4717 3738 4814 preme“)

2255 4835 2312 4890 in
2339 4841 2394 4888 te
2430 4808 2600 4886 frater
2625 4839 2771 4892 tuus,
2808 4827 2965 4891 vade,
3005 4834 3060 4880 et
3087 4823 3302 4892 corripe
3336 4834 3455 4877 eum
3489 4816 3608 4871 inter
3633 4815 3685 4867 ιιι
3707 4808 3737 4852 εί

2254 4926 2431 4997 ipsum
2476 4921 2652 4977 solum
2688 4938 2701 4974 :
2732 4918 2776 4974 si
2816 4924 2870 4972 te
2900 4915 3154 4980 audierit,
3175 4912 3417 4972 lucratus
3454 4907 3551 4963 eris
3587 4899 3734 4997 frlll'ffil

2256 4993 2430 5069 tuum.
2453 5008 2513 5066 Si
2538 5018 2722 5064 autem
2745 5017 2928 5062 te.non
2949 5003 3201 5068 audierit,
3223 5000 3424 5057 adhibe
3443 5005 3596 5052 tecum
3611 4993 3734 5042 unum»

2257 5103 2344 5160 vel
2372 5103 2506 5158 duos
2525 5141 2540 5166 ,
2595 5107 2655 5154 ut
2684 5098 2738 5154 in
2767 5111 2863 5152 ore
2890 5096 3120 5152 duorum
3145 5133 3160 5159 ,
3187 5091 3274 5146 vel
3298 5091 3458 5144 trium
3480 5081 3654 5166 testing!
3673 5072 3736 5166 εξεί

2255 5154 2673 5251 διιιιιξξγξιίὶιιιιιι
2700 5205 2714 5242 :
2743 5185 2888 5257 quod
2911 5186 2958 5240 si
2995 5200 3104 5241 non
3138 5154 3374 5236 audierit
3396 5188 3502 5239 eos,
3528 5169 3600 5224 dic
3617 5154 3737 5218 Fecit-

2253 5288 2368 5344 siae.
2395 5283 2539 5359 (Ibid
2547 5323 2586 5348 .,
2605 5299 2653 5337 u.
2679 5279 2770 5354 2i)
2795 5279 2988 5335 Petrus
3009 5277 3142 5334 dixit
3158 5291 3172 5330 :
3188 5273 3439 5335 Domine,
3464 5262 3638 5359 ειυοξίξε

2255 5352 2417 5439 οθὶιίί
2449 5379 2504 5434 in
2556 5392 2644 5434 me
2695 5352 2864 5431 frater
2914 5386 3088 5438 meus,
3136 5376 3189 5424 et
3240 5365 3505 5422 dimittam
3531 5352 3736 5446 silitng

2254 5473 2496 5548 septies?
2521 5469 2670 5526 Dixit
2693 5469 2742 5524 ei
2761 5466 2921 5524 Iesus
2951 5483 2966 5520 :
3000 5479 3109 5519 non
3136 5462 3267 5552 dico
3279 5459 3379 5552 tibi
3407 5464 3562 5523 usque

2253 5527 2887 5637 sed‘u'sque‘septuagies
2942 5556 3159 5628 septies.
3187 5551 3404 5624 (Matth.
3454 5559 3555 5604 xix,
3592 5535 3635 5605 5)
3667 5527 3736 5580 Ac‘

2255 5721 2374 5760 reus
2405 5703 2502 5758 erit
2526 5699 2732 5771 judicio
2765 5711 2784 5748 :
2817 5697 2909 5771 qui
2937 5702 3110 5749 autem
3143 5691 3340 5771 άᾷξεενίξ
3359 5676 3735 5771 [νέιίῇ-ηξζξῇ

2258 5721 2374 5760 reus
2405 5713 2502 5758 erit
2526 5713 2732 5771 Juatcro
2765 5713 2784 5748 .'
2852 5713 2906 5751 tu
2937 5713 3110 5749 autem
3143 5713 3332 5746 arum
3359 5713 3616 5757 ιηιιιιο-υν
3641 5713 3650 5722 -

2258 5791 2377 5830 reus
2407 5773 2503 5827 erit
2534 5768 2776 5825 concilio.
2805 5713 2910 5832 δαὶ
2937 5775 3111 5819 autem
3150 5761 3364 5823 dixerit,
3395 5757 3545 5826 fatue,
3564 5756 3656 5801 mu

2256 5847 2499 5916 gehemue
2518 5841 2673 5910 ignis.
