3974 6344
217 443 355 504 1435

1205 423 1675 486 FLORILEGIUM
1716 422 1808 480 EX
1844 420 2067 478 SACRA
2108 415 2518 475 SCRIPTURA.

3336 412 3474 472 1454

217 559 496 616 cesserunt
528 547 787 608 Pharisaei
811 546 1052 604 dicentes
1083 559 1099 600 :
1133 559 1180 600 Si
1211 544 1338 600 licet
1365 540 1574 598 homini
1600 537 1784 594 dimit-
1813 543 1862 601 Α
1891 536 2044 590 tiam.
2092 533 2110 605 (
2139 531 2290 587 Rom.
2343 546 2441 598 vn,
2491 529 2572 602 2)
2611 526 2743 599 Quae
2779 531 2878 586 sub
2926 529 3046 585 viro
3091 539 3176 584 est
3233 527 3430 583 mulier
3457 570 3473 596 ,

218 657 333 704 tere
353 657 575 702 uxorem
599 653 752 696 suam
777 651 1096 709 quacunque
1121 651 1189 692 ex
1213 647 1376 691 causa
1394 632 1418 686 ?
1435 631 1662 702 Propter
1688 630 1793 684 hoc

215 739 484 809 relinquet
505 735 667 790 homo
697 739 906 804 patrem
929 769 944 797 ,
981 736 1038 784 et
1088 736 1318 784 matrem
1344 767 1359 794 ,
1401 732 1456 782 et
1497 721 1794 779 adhaerebit

215 829 374 888 uxori
413 841 556 891 sum,
583 833 638 881 et
671 832 830 879 erunt
859 822 966 878 duo
1003 821 1059 876 in
1087 833 1250 875 carne
1275 833 1401 873 una.
1433 815 1623 890 (Ibid.,
1651 832 1699 870 υ.
1736 811 1792 886 6)

215 922 316 991 Qui
361 919 692 992 respondens
720 916 832 971 ait:
861 914 998 982 Quia
1027 913 1335 984 quicunque
1364 907 1632 966 dimiserit
1663 921 1794 962 uxo-

213 1027 332 1069 rem
354 1008 661 1077 suam,'nisi
688 1010 758 1064 ob
793 1005 1229 1072 fornicationem,
1253 1012 1310 1059 et
1335 1001 1496 1057 aliam
1532 999 1748 1056 duxerit
1774 1039 1790 1064 ,

215 1105 543 1168 mmchatur,
555 1111 611 1157 et
623 1101 714 1172 qui
727 1099 1006 1157 dimissam
1017 1097 1250 1161 duxerit,
1266 1092 1790 1166 mmchatur.(lbid.,

215 1213 266 1250 υ.
299 1194 366 1250 17
416 1205 465 1248 et
496 1191 629 1264 seq.)
678 1190 736 1246 Si
767 1200 946 1246 autem
971 1189 1055 1245 vis
1084 1189 1153 1244 ad
1179 1188 1346 1242 vitam
1372 1185 1603 1257 ingredi,
1634 1199 1792 1240 serva

216 1284 496 1342 mandata.
525 1283 641 1338 Non
671 1281 1022 1338 homicidium
1063 1279 1255 1346 facies,
1295 1293 1402 1334 non
1441 1277 1789 1343 adulterabis,

213 1395 321 1435 non
369 1378 536 1434 iacies
583 1375 808 1442 furtum,
845 1390 952 1430 non
987 1373 1184 1430 falsum
1227 1371 1597 1428 testimonium
1623 1369 1788 1426 dices.

215 1471 433 1526 Honora
471 1477 701 1541 patrem,
747 1474 802 1523 et
843 1475 1112 1531 matrem,
1151 1471 1206 1518 et
1251 1462 1442 1535 diliges
1485 1461 1792 1531 proximum

216 1573 364 1621 tuum
409 1563 549 1620 sicut
601 1563 850 1633 teipsum.
912 1559 1106 1616 Omnia
1159 1559 1276 1613 haec
1323 1555 1588 1612 custodivi
1619 1573 1630 1609 :
1663 1551 1826 1626 quid

215 1657 392 1711 adhuc
435 1654 584 1712 mihi,
611 1652 808 1708 deest?
853 1651 944 1706 Ait
994 1650 1074 1706 illi
1105 1647 1300 1704 Iesus:
1333 1649 1378 1704 si
1407 1649 1490 1703 vis
1518 1645 1792 1717 perfectus

215 1763 353 1814 esse,
383 1747 542 1813 vade,
567 1746 739 1802 vende
765 1745 968 1809 omnia,
1001 1758 1120 1813 qua:
1147 1742 1346 1807 habes,
1389 1749 1445 1797 et
1484 1740 1552 1795 da
1594 1754 1794 1811 paupe-

214 1839 387 1905 ribus,
409 1845 466 1894 et
482 1838 627 1902 veni,
655 1850 884 1907 sequere
910 1849 1022 1901 me,
1049 1842 1105 1889 et
1131 1833 1358 1889 habebis
1386 1832 1704 1887 thesaurum
1737 1831 1790 1885 in

1896 627 2110 682 vivente
2144 625 2284 690 viro,
2337 623 2554 694 alligata
2585 630 2668 677 est
2703 621 2807 694 legi
2849 641 2862 676 :
2914 621 2963 677 si
3002 629 3180 676 autem
3230 611 3510 678 mortuus'

1894 717 2059 775 fuerit
2092 718 2180 773 vir
2205 715 2324 787 ejus
2347 756 2362 783 ,
2407 716 2637 772 liberata
2668 724 2753 771 est
2783 731 2814 770 a
2844 715 2963 788 lege
2989 714 3095 770 viri
3125 733 3137 770 :
3165 714 3349 786 igitur,
3397 716 3478 770 vi-

1893 821 2055 869 vente
2103 812 2221 868 viro
2247 852 2262 877 ,
2316 809 2599 866 vocabitur
2643 809 2888 865 adultera
2924 810 2973 878 si
3004 795 3168 867 fuerit
3206 825 3329 866 cum
3368 809 3478 866 alio

1894 903 2031 960 viro.
2066 901 2244 974 (Rom.
2279 917 2381 968 xu,
2415 903 2438 956 1
2471 911 2518 956 et
2545 900 2676 973 seq.)
2722 900 2960 958 Obsecro
2985 901 3169 972 itaque
3206 915 3323 968 vos,
3363 900 3476 956 fra-

1897 1002 2026 1062 tres,
2055 1009 2154 1065 per
2182 992 2616 1049 misericordiam
2659 991 2780 1054 Dei,
2826 1001 2886 1046 ut
2913 991 3217 1048 exhibeatis
3252 1005 3478 1064 corpora

1894 1095 2078 1142 vestra
2110 1085 2344 1140 hostiam
2385 1085 2678 1150 viventem,
2708 1092 2975 1150 sanctam,
3009 1085 3119 1139 Deo
3144 1083 3475 1154 placentem,

1897 1179 2214 1236 rationabile
2236 1179 2556 1251 obsequium
2583 1170 2843 1234 vestrum.
2864 1177 3041 1250 (Rom.
3059 1194 3183 1245 xm,
3213 1179 3266 1247 1)
3290 1177 3478 1234 Omnis

1896 1273 2076 1328 anima
2122 1272 2479 1343 potestatibus
2532 1271 2938 1328 sublimioribus
2976 1271 3193 1327 subdita
3235 1271 3336 1338 sit;
3370 1287 3477 1327 non

1894 1372 1978 1421 est
2002 1365 2147 1419 enim
2171 1371 2410 1436 potestas
2434 1364 2538 1420 nisi
2567 1379 2596 1418 a
2630 1364 2740 1419 Deo
2772 1382 2786 1418 :
2813 1378 2932 1434 quae
2953 1371 3134 1419 autem
3157 1372 3287 1418 sunt
3311 1379 3342 1418 a
3368 1363 3480 1420 Deo

1894 1459 2159 1516 ordinatae
2188 1443 2335 1515 sunt.
2367 1458 2556 1529 Itaque
2592 1459 2685 1530 qui
2712 1459 2918 1515 resistit
2954 1457 3230 1529 potestati,
3264 1456 3359 1513 Dei
3391 1472 3482 1512 or-

1895 1551 2158 1608 dinationi
2210 1550 2438 1607 resistit.
2485 1551 2588 1620 Qui
2621 1560 2802 1607 autem
2858 1551 3163 1616 resistunt,
3216 1550 3316 1620 ipsi
3373 1549 3479 1606 sibi

1895 1645 2297 1700 damnationem
2329 1645 2643 1714 acquirunt.
2685 1643 2872 1716 (Ibid.,
2900 1660 2949 1698 υ.
2977 1643 3031 1716 7)
3063 1642 3289 1698 Reddite
3307 1641 3480 1698 omni-

1893 1735 1997 1793 bus
2019 1737 2197 1792 debita
2223 1753 2236 1790 :
2258 1736 2343 1792 cui
2370 1737 2651 1803 tributum,
2671 1737 2965 1802 tributum;
2991 1735 3078 1791 cui
3107 1734 3355 1805 vectigal,
3374 1748 3466 1788 ve-

1895 1827 2058 1898 ctigal
2081 1845 2106 1894 ;-
2134 1827 2222 1883 cui
2253 1829 2533 1892 honorem,
2563 1827 2858 1894 honorem;
2902 1827 2988 1882 cui
3017 1827 3286 1890 timorem,
3319 1824 3478 1880 timo-

214 1928 372 1986 caelo.
403 1929 577 1983 Amen
605 1926 906 2004 dico’vobis
926 1966 942 1992 ,
975 1925 1102 1995 quia
1127 1923 1280 1980 dives
1310 1921 1524 1978 difﬁcile
1571 1922 1794 1977 intrabit
1819 1916 1868 1977 B
1897 1934 2031 1974 rem.
2084 1917 2296 1975 Nemini
2329 1919 2625 1990 quidquam
2674 1918 2938 1985 debeatis,
2987 1917 3091 1973 nisi
3136 1925 3195 1972 ut
3251 1916 3482 1972 invicem

212 2023 268 2078 in
318 2035 546 2093 regnum
585 2018 865 2076 cmlorum.
901 2017 970 2074 Et
998 2017 1194 2072 iterum
1222 2031 1238 2070 :
1266 2015 1477 2071 facilius
1505 2023 1589 2070 est
1611 2029 1792 2072 came-

213 2113 323 2169 lum
353 2128 452 2184 per
479 2111 720 2168 foramen
747 2126 878 2167 acus
905 2109 1142 2165 transire
1171 2149 1188 2175 ,
1236 2123 1399 2179 quam
1444 2107 1668 2162 divitem
1705 2107 1790 2161 in-

216 2217 361 2262 trare
386 2206 442 2260 in
464 2219 689 2276 regnum
715 2203 832 2259 Dei.
878 2202 1032 2274 Apud
1058 2201 1308 2258 homines
1332 2201 1436 2256 hoc
1464 2199 1792 2270 impossibile

211 2309 296 2354 est
317 2313 332 2353 :
355 2297 498 2368 apud
521 2296 690 2351 Deum
715 2304 900 2351 autem
920 2294 1103 2350 omnia
1127 2293 1404 2365 possibilia
1431 2301 1576 2348 sunt.
1599 2291 1793 2347 Petrus

189 2388 352 2444 dixit
380 2405 394 2441 :
418 2401 547 2442 ecce
569 2401 672 2442 nos
697 2385 1014 2456 reliquimus
1040 2383 1222 2439 omnia
1247 2423 1262 2448 ,
1306 2392 1362 2437 et
1389 2382 1562 2437 secuti
1604 2396 1794 2437 sumus

216 2488 287 2545 te,
317 2477 447 2549 quid
468 2491 598 2548 ergo
621 2476 726 2532 erit
755 2475 942 2530 nobis?
974 2475 1123 2530 Dixit
1164 2475 1214 2528 ei
1245 2471 1404 2526 Jesus
1429 2490 1440 2525 :
1473 2472 1644 2526 Amen
1672 2474 1794 2527 dico

212 2569 388 2634 vobis,
416 2583 539 2623 cum
567 2567 772 2623 sederit
793 2564 938 2622 filius
978 2563 1218 2620 hominis
1251 2564 1308 2618 in
1342 2563 1470 2618 sede
1493 2561 1794 2632 maiestatis

214 2673 324 2715 suae
346 2699 362 2726 ,
406 2658 662 2714 sedebitis
697 2665 752 2713 et
790 2671 889 2713 vos
923 2670 1086 2727 super
1109 2655 1265 2711 sedes
1293 2654 1578 2710 duodecim
1601 2695 1617 2721 ,
1644 2653 1792 2724 judi-

215 2761 404 2810 cantes
425 2751 705 2808 duodecim
726 2751 900 2806 tribus
912 2748 1108 2816 Israel;
1129 2755 1185 2804 et
1206 2748 1383 2804 omnis
1401 2747 1495 2818 qui
1519 2745 1797 2818 reliquerit

215 2844 452 2909 domum,
487 2842 573 2898 vel
621 2841 841 2908 fratres,
870 2848 963 2896 aut
989 2853 1225 2904 sorores,
1263 2847 1357 2894 aut
1391 2846 1603 2910 patrem
1625 2877 1641 2905 ,
1701 2845 1797 2894 aut

216 2944 466 3001 matrem,
502 2943 596 2990 aut
621 2948 868 3000 uxorem,
901 2939 996 2987 aut
1021 2930 1198 2997 ﬁlios,
1235 2938 1329 2986 aut
1373 2944 1533 3002 agros
1577 2939 1797 3000 propter

217 3040 409 3082 nomen
435 3039 636 3092 meum,
659 3022 970 3094 centuplum
998 3022 1249 3093 accipiet,
1271 3028 1328 3076 et
1345 3020 1513 3074 vitam
1533 3027 1796 3075 aeternam

217 3119 535 3191 possidebit.
567 3116 784 3191 (Matth.
833 3131 991 3182 χχιιι,
1034 3114 1121 3186 12)
1160 3114 1262 3182 Qui
1288 3121 1468 3170 autem
1497 3127 1556 3169 se
1586 3112 1794 3169 exalta-

218 3212 355 3267 verit
389 3210 781 3266 humiliabitur.
811 3207 1004 3281 (Ibid.,
1047 3225 1096 3262 υ.
1121 3206 1212 3277 21)
1245 3205 1349 3274 Qui
1380 3204 1532 3276 jurat
1567 3205 1622 3261 in
1657 3212 1795 3261 tem-

1896 2010 2150 2082 diligatis.
2185 2009 2348 2083 (Ibid.
2381 2027 2456 2077 v.,
2488 2010 2578 2083 l3)
2609 2009 2726 2066 Non
2780 2010 2836 2065 in
2878 2009 3364 2083 comessationibus
3423 2015 3480 2064 et

1893 2101 2269 2168 ebrietatibus,
2317 2117 2426 2157 non
2470 2103 2525 2157 in
2565 2101 2832 2158 cubilibus
2883 2111 2938 2157 et
2965 2101 3336 2172 impudicitiis,
3368 2114 3475 2156 non

1894 2194 1949 2248 in
1975 2195 2320 2250 contentione
2349 2204 2403 2249 et
2449 2193 2827 2260 aemulatione;
2860 2195 2954 2250 sed
2980 2192 3269 2248 induimini
3296 2191 3482 2247 Domi-

1893 2300 2021 2340 num
2057 2281 2241 2340 Iesum
2279 2283 2586 2352 Christum,
2618 2292 2674 2340 et
2704 2283 2886 2340 carnis
2928 2297 3116 2339 curam
3147 2296 3215 2337 ne
3243 2281 3482 2337 feceritis

1893 2377 1950 2432 in
1995 2375 2298 2432 desideriis.
2329 2375 2511 2448 (Rom.
2546 2392 2658 2443 xxv,
2693 2374 2750 2446 '5)
2793 2374 2843 2432 ls
2872 2375 2965 2446 qui
3012 2374 3330 2440 manducat,
3373 2388 3481 2430 non

1893 2467 2308 2522 manducantem
2338 2481 2444 2521 non
2475 2474 2730 2538 spernat,
2767 2476 2824 2523 et
2881 2466 2974 2538 qui
3030 2481 3137 2521 non
3187 2465 3480 2522 manducat

1894 2561 2308 2616 manducantem
2334 2573 2440 2614 non
2463 2558 2669 2628 judicet
2701 2578 2714 2614 :
2741 2559 2885 2616 Deus
2905 2559 3050 2615 enim
3084 2557 3233 2614 illum
3267 2573 3483 2614 assum-

1894 2651 2022 2722 psit.
2055 2651 2134 2706 Tu
2163 2651 2283 2722 quis
2321 2665 2380 2706 es
2407 2691 2424 2716 ,
2469 2651 2562 2721 qui
2584 2650 2798 2722 judices
2822 2651 3059 2707 alienum
3087 2651 3353 2708 servum?
3381 2665 3484 2706 suo

1895 2741 2124 2799 Domino
2155 2750 2288 2808 stat,
2317 2751 2412 2797 aut
2447 2743 2614 2799 cadit.
2667 2742 2846 2816 (Rom.
2889 2759 3016 2812 xvi,
3059 2745 3146 2818 17)
3184 2744 3336 2817 Rogo
3363 2759 3484 2812 vos,

1897 2832 2092 2890 fratres
2115 2875 2130 2901 ,
2156 2842 2216 2890 ut
2243 2835 2542 2892 observetis
2581 2851 2699 2904 eos,
2749 2838 2842 2909 qui
2875 2838 3242 2896 dissensiones
3265 2879 3281 2906 ,
3322 2846 3378 2894 et
3404 2835 3488 2893 of-

1898 2927 2167 2984 fendicula
2193 2938 2415 3001 propter
2447 2930 2750 2986 doctrinam
2783 2972 2799 2999 ,
2853 2947 3016 3003 quam
3046 2947 3143 2989 vos
3180 2932 3444 2990 didicistis
3465 2973 3483 2999 ,

1898 3022 2124 3091 faciunt,
2149 3032 2206 3080 et
2235 3023 2499 3081 declinate
2525 3025 2594 3080 ab
2623 3025 2749 3081 illis.
2780 3007 2972 3096 (ibid.,
3013 3024 3182 3097 v.19)
3226 3025 3365 3083 Volo
3389 3039 3487 3082 vos

1899 3116 2173 3188 sapientes
2199 3129 2321 3172 esse
2345 3117 2397 3171 in
2422 3117 2586 3184 bono,
2616 3125 2671 3174 et
2699 3117 2973 3189 simplices
2998 3119 3054 3174 in
3079 3119 3241 3176 malo.

1968 3209 2048 3266 Ex
2100 3210 2370 3266 Errs'rou
2425 3210 2445 3265 Ι
2493 3227 2562 3266 an
2614 3209 2968 3268 Conm'rmos.
3023 3210 3089 3284 (Ι
3139 3211 3262 3268 Cor.
3309 3228 3350 3279 ι,
3394 3212 3486 3282 10)

217 3304 326 3374 Pio,
357 3303 505 3375 iurat
531 3303 588 3358 in
639 3301 730 3357 illo
758 3301 850 3372 qui
874 3300 1082 3356 habitat
1103 3299 1158 3354 in
1189 3299 1305 3370 ipso
1337 3317 1350 3353 :
1379 3308 1434 3355 et
1459 3297 1551 3370 qui
1568 3297 1720 3368 jurat
1741 3299 1795 3353 in
1823 3282 1872 3348 Ο
1901 3300 2139 3358 Obsecro
2167 3311 2350 3358 autem
2378 3317 2474 3358 vos
2501 3318 2601 3373 per
2630 3318 2830 3359 nomen
2875 3282 3091 3359 Domini
3142 3303 3315 3360 nostri
3360 3302 3488 3360 Jesu

219 3393 378 3459 coelo,
410 3392 557 3464 jurat
590 3391 644 3448 in
674 3392 870 3448 throno
896 3390 992 3447 Dei
1043 3397 1098 3446 et
1127 3390 1184 3445 in
1231 3405 1298 3445 eo
1321 3389 1414 3459 qui
1453 3390 1606 3444 sedet
1633 3403 1798 3461 super

221 3499 362 3539 eum.
395 3482 609 3553 (Manli.
641 3497 792 3548 xxrv,
838 3480 930 3552 42)
982 3479 1243 3551 Vigilate,
1291 3481 1417 3550 quia
1447 3479 1668 3536 nescitis
1692 3495 1800 3552 qua

221 3581 353 3636 hora
378 3579 638 3637 Dominus
660 3586 839 3635 vester
865 3586 1125 3633 venturus
1160 3585 1262 3633 est.
1307 3574 1522 3648 (Matth.
1553 3591 1681 3642 xxv,
1703 3575 1798 3650 54)

221 3673 370 3729 Dicet
408 3688 504 3729 rex
542 3673 628 3729 his
654 3671 805 3742 quia
847 3670 1049 3726 dextris
1081 3667 1198 3739 ejus
1219 3677 1380 3725 erunt
1420 3685 1433 3722 :
1463 3667 1676 3736 Venite,
1707 3666 1802 3724 be-

220 3767 419 3822 nedicti
449 3767 624 3822 Patris
648 3765 775 3833 mei,
819 3764 1083 3837 percipite
1103 3778 1348 3836 regnum.
1377 3761 1596 3819 Esurivi
1619 3761 1789 3827 enim,

219 3869 274 3916 et
298 3861 519 3917 dedistis
548 3860 681 3916 mihi
707 3860 1052 3914 manducare.

286 3949 364 4006 Ex
394 3950 653 4006 Errsrou
695 3963 764 4004 AD
795 3949 1071 4002 Ronanos.
1118 3945 1296 4017 (Rom.
1330 3960 1375 4010 ι,
1421 3943 1516 4012 28)
1551 3943 1656 4012 Qui
1691 3957 1801 3999 non

221 4042 590 4114 probaverunt
621 4041 790 4094 Deum
841 4037 1042 4093 habere
1076 4036 1133 4092 in
1161 4035 1394 4092 notitia:
1421 4035 1639 4090 tradidit
1681 4034 1802 4092 illos

221 4131 364 4186 Deus
406 4130 458 4184 in
493 4129 782 4199 reprobum
810 4140 1050 4192 sensum,
1079 4133 1138 4180 ut
1175 4125 1379 4180 faciant
1420 4140 1486 4180 ea
1526 4140 1645 4194 quae
1690 4139 1797 4180 non

221 4222 570 4287 conveniunt,
598 4219 833 4291 repletos
863 4219 1009 4275 omni
1037 4218 1340 4292 iniquitate,
1363 4219 1587 4286 malitia,
1635 4217 1803 4273 forni-

222 4315 454 4379 catione,
502 4313 748 4379 avaritia,
796 4310 1054 4382 nequitia,
1100 4310 1290 4382 plenos
1321 4309 1542 4373 invidia,
1571 4309 1800 4364 homici-

223 4407 332 4472 dio,
352 4405 717 4470 contentione,
745 4403 887 4468 dolo,
918 4402 1288 4473 malignitate:
1314 4415 1640 4457 susurrones
1658 4440 1675 4468 ,
1701 4400 1799 4456 de-

224 4506 518 4563 tractores,
559 4495 668 4552 Deo
699 4495 926 4551 odibiles
952 4535 966 4562 ,
1006 4493 1423 4550 contumeliosos
1447 4533 1463 4560 ,
1504 4493 1798 4564 superbos,

223 4589 414 4655 elatos,
444 4587 754 4643 inventores
783 4586 1068 4652 malorum,
1090 4587 1401 4658 parentibus
1415 4599 1521 4640 non
1534 4585 1796 4642 obedien-

225 4694 328 4750 tes,
349 4682 683 4754 insipientes,
699 4681 1104 4752 incompositos,
1120 4682 1239 4737 sine
1260 4679 1568 4750 adfectione,
1591 4681 1798 4752 absque

228 4777 450 4843 findere,
475 4778 594 4832 sine
621 4776 1028 4842 misericordia;
1062 4775 1318 4846 quoniam
1345 4776 1436 4847 qui
1461 4776 1584 4831 talia
1608 4786 1796 4849 agunt,

225 4869 370 4938 digni
400 4877 526 4923 sunt
550 4877 726 4922 morte
759 4885 771 4921 :
797 4876 854 4922 et
880 4883 986 4923 non
1018 4867 1189 4924 solum
1223 4868 1314 4938 qui
1350 4867 1556 4924 faciunt
1590 4883 1674 4934 ea,
1706 4871 1800 4926 sed

225 4959 385 5014 etiam
421 4959 512 5029 qui
548 4958 893 5013 consentiunt
938 4957 1279 5015 facientibus.
1313 4957 1502 5030 (Rom.
1561 4977 1622 5025 ιι,
1659 4961 1717 5015 ’11
1753 4970 1801 5016 et

225 5050 355 5122 seq.)
382 5048 499 5106 Non
526 5057 608 5105 est
649 5052 789 5105 enim
818 5065 1171 5121 personarum
1200 5051 1440 5122 acceptio
1455 5052 1594 5122 apud
1609 5053 1798 5108 Deum.

225 5140 340 5197 Non
363 5139 505 5197 enim
532 5141 805 5197 auditores
837 5142 968 5212 legis
991 5140 1128 5213 justi
1154 5150 1280 5197 sunt
1305 5143 1446 5213 apud
1485 5143 1673 5209 Deum,
1707 5145 1800 5199 sed

226 5233 460 5288 factores
487 5231 1100 5303 legisjustilicabuntur.
1150 5233 1344 5305 (Rom.
1376 5249 1454 5301 vr,
1482 5235 1549 5290 12
1597 5245 1645 5290 et
1667 5236 1800 5309 seq.)

225 5325 343 5382 Non
357 5341 486 5397 ergo
500 5334 689 5398 regnet
716 5336 998 5398 peccatum
1017 5326 1072 5382 in
1094 5334 1274 5382 vestro
1303 5327 1518 5382 mortali
1546 5344 1794 5401 corpore,

225 5425 286 5472 ut
339 5416 606 5472 obediatis
651 5417 1104 5486 concupiscentiis
1135 5418 1600 5489 ejus;peccatum
1655 5420 1798 5474 enim

226 5506 382 5562 vobis
426 5521 532 5562 non
564 5506 969 5562 dominabitur:
1001 5521 1108 5562 non
1143 5509 1288 5564 enim
1337 5509 1436 5565 sub
1486 5509 1602 5581 lege
1647 5511 1799 5576 estis,

227 5603 324 5661 sed
368 5605 468 5660 sub
507 5602 701 5674 gratia.
734 5599 831 5657 Cui
871 5602 1147 5662 exhibetis
1189 5618 1306 5669 vos,
1355 5617 1541 5658 servos
1569 5603 1636 5658 ad
1668 5605 1801 5660 obe-

227 5695 516 5762 diendum,
563 5691 706 5750 servi
773 5693 904 5748 estis
966 5693 1120 5764 ejus,
1195 5694 1282 5749 cui
1343 5693 1576 5750 obeditis
1606 5734 1622 5760 ,
1689 5695 1802 5751 sive

228 5790 433 5859 peccati
500 5788 568 5844 ad
627 5794 856 5842 mortem
891 5827 908 5854 ,
951 5787 1065 5844 sive
1135 5786 1458 5843 obeditionis
1520 5787 1585 5842 ad
1639 5785 1802 5856 justi-

300 5911 321 5938 ε·
359 5902 578 5974 Vulgata
601 5919 615 5956 :
636 5900 909 5956 sententia.

1902 3393 2128 3461 Christi,
2173 3403 2235 3450 ut
2277 3394 2508 3466 idipsum
2559 3395 2754 3452 dicatis
2801 3409 3016 3463 omnes,
3052 3403 3244 3451 etnon
3283 3396 3393 3451 sint
3433 3395 3488 3450 in

1901 3485 2056 3540 vobis
2106 3484 2448 3550 schismata;
2503 3484 2625 3542 sitis
2677 3493 2858 3542 autem
2911 3484 3141 3556 perfecti
3188 3485 3243 3539 in
3299 3486 3488 3539 eodem

1901 3587 2085 3642 sensu,
2110 3582 2164 3632 et
2192 3575 2247 3630 in
2275 3577 2467 3631 eadem
2497 3587 2522 3616 ιι
2551 3576 2801 3631 scientia.
2831 3575 3022 3646 (Ibid.,
3043 3592 3091 3630 υ.
3120 3575 3210 3645 51)
3244 3574 3346 3643 Qui
3375 3574 3490 3647 glo-

1902 3670 2097 3732 riatur,
2153 3669 2206 3723 in
2259 3668 2490 3722 Domino
2531 3667 2811 3737 glorietur.
2850 3665 2903 3736 (Ι
2931 3665 3056 3722 Cor.
3104 3682 3180 3735 IV,
3219 3667 3274 3739 5)
3312 3666 3489 3725 Nolite

1902 3771 2028 3815 ante
2062 3769 2274 3830 tempus
2293 3759 2563 3829 judicare,
2609 3761 2960 3830 quoadusque
2991 3759 3175 3814 veniat
3205 3759 3486 3828 Dominus,

1903 3851 1994 3921 qui
2024 3858 2078 3905 et
2108 3849 2440 3906 illuminabit
2469 3851 2786 3907 abscondita
2816 3851 3194 3918 tenebrarum,
3231 3857 3286 3906 ct
3315 3851 3490 3906 mani-

1902 3940 2122 3998 festabit
2167 3942 2394 3998 consilia
2443 3942 2684 3998 cordium
2705 3983 2722 4009 ,
2748 3950 2804 3999 et
2834 3952 2963 3999 tunc
2993 3941 3110 3998 laus
3137 3942 3245 3998 erit
3272 3942 3485 3998 unicui-

1903 4050 2009 4107 que
2046 4049 2078 4090 a
2113 4033 2244 4091 Deo.
2273 4035 2325 4107 (Ι
2351 4033 2474 4090 Cor.
2499 4050 2557 4102 v,
2581 4034 2615 4091 9
2640 4044 2688 4090 et
2715 4035 2846 4108 seq.)
2877 4035 2993 4092 Non
3017 4035 3487 4092 commisceamini

1903 4125 2209 4182 tornic-ariis
2245 4129 2323 4181 nr:
2340 4141 2404 4182 us
2430 4125 2638 4190 mundi,
2671 4134 2766 4181 aut
2789 4127 2988 4193 avaris,
3041 4136 3135 4182 aut
3173 4128 3485 4198 rapacibus,

1903 4230 1997 4277 aut
2022 4220 2180 4278 idolis
2207 4221 2590 4277 servientibus.
2617 4219 2676 4277 Si
2713 4221 2781 4287 is,
2813 4223 2906 4294 qui
2936 4221 3106 4278 frater
3130 4223 3445 4279 nominatur
3468 4263 3486 4291 ,

1902 4325 1982 4375 est
2012 4317 2330 4382 fornicator,
2356 4325 2452 4372 aut
2490 4331 2706 4384 avarus,
2745 4325 2839 4372 aut
2881 4315 3038 4372 idolis
3085 4317 3352 4387 serviens,
3397 4325 3492 4376 aut

1905 4406 2222 4474 maledicus,
2270 4415 2364 4463 aut
2407 4407 2682 4474 ebriosus,
2711 4415 2804 4464 aut
2829 4421 2995 4480 rapax
3026 4425 3040 4462 :
3070 4423 3192 4463 cum
3223 4407 3490 4480 ejusmodi

1903 4515 2006 4557 nec
2042 4501 2224 4556 cibum
2279 4515 2514 4557 sumere.
2560 4499 2786 4557 Auferte
2830 4499 3028 4556 malum
3066 4516 3134 4558 ex
3155 4502 3308 4558 vobis
3335 4501 3487 4573 ipsis.

1905 4592 1956 4666 (ι
1985 4591 2108 4654 (ἶν’.
2138 4608 2212 4660 vr,
2237 4592 2292 4664 9)
2318 4591 2497 4649 Nolite
2539 4607 2746 4660 errare,
2789 4608 2965 4666 neque
2986 4591 3289 4659 fornicarii,
3313 4608 3491 4666 neque

1903 4687 2066 4744 idolis
2096 4687 2416 4753 servientes,
2449 4702 2625 4758 neque
2653 4687 2908 4753 adulteri,
2939 4701 3116 4758 neque
3148 4685 3357 4754 molles,
3389 4703 3488 4744 ne-

1903 4794 2008 4850 que
2036 4777 2400 4834 masculorum
2429 4778 2830 4844 concubitores,
2874 4791 3054 4848 neque
3098 4775 3280 4843 fures,
3315 4792 3491 4849 neque

1904 4870 2080 4936 avari,
2121 4882 2298 4940 neque
2327 4869 2570 4937 ebriosi,
2600 4886 2775 4942 neque
2805 4868 3054 4925 maledici
3083 4908 3100 4935 ,
3127 4884 3304 4942 neque
3334 4886 3492 4942 rapa-

1903 4976 2017 5027 ces,
2045 4975 2271 5033 regnum
2295 4960 2390 5016 Dei
2411 4961 2782 5033 possidebunt.
2810 4960 2880 5015 Et
2900 4960 3017 5017 haec
3035 4960 3258 5031 quidam
3287 4959 3487 5031 fuistis,

1904 5053 1998 5110 sed
2027 5051 2198 5109 abluti
2226 5051 2380 5118 estis,
2413 5053 2505 5109 sed
2533 5052 2860 5109 sanctificati
2885 5052 3024 5108 estis
3055 5053 3111 5108 in
3137 5053 3356 5109 nomine
3379 5053 3489 5126 Do-

1906 5142 2039 5198 mini
2076 5141 2204 5198 Jesu
2234 5141 2454 5199 Christi.
2485 5142 2536 5214 (l
2563 5140 2685 5197 Cor.
2715 5157 2815 5210 vri,
2851 5142 2904 5214 1)
2930 5129 3138 5199 Bonum
3169 5153 3256 5200 est
3284 5145 3488 5201 homini

1906 5237 2188 5295 mulierem
2223 5254 2332 5295 non
2381 5248 2602 5308 tangere
2637 5256 2648 5292 :
2684 5248 2906 5310 propter
2946 5236 3362 5296 fornicationem
3398 5255 3492 5294 au-

1908 5345 2015 5403 tem
2039 5331 2410 5402 unusquisque
2454 5343 2609 5384 suam
2639 5344 2865 5386 uxorem
2892 5329 3110 5389 habeat.
3153 5337 3209 5385 et
3238 5345 3492 5400 unaquae-

1905 5440 2011 5497 que
2031 5441 2188 5482 suum
2216 5425 2391 5480 virum
2415 5424 2613 5479 habeat
2634 5421 2825 5490 (lbid.,
2849 5441 2900 5479 υ.
2913 5423 2992 5496 8).
3019 5423 3152 5481 Dico
3173 5433 3354 5480 autem
3383 5439 3490 5482 non

1909 5519 2108 5589 nuptis,
2148 5526 2202 5573 et
2229 5516 2410 5572 viduis
2442 5533 2457 5572 :
2485 5517 2686 5572 bonum
2719 5525 2804 5573 est
2827 5517 2953 5585 illis,
2995 5519 3042 5575 si
3085 5518 3164 5575 sic
3192 5527 3490 5587 maneant,

1909 5609 2050 5666 sicut
2070 5617 2125 5664 et
2147 5623 2266 5679 ego.
2294 5606 2448 5676 Quod
2475 5607 2520 5662 si
2543 5623 2652 5665 non
2683 5624 2743 5666 se
2768 5611 3075 5676 continent,
3105 5611 3353 5668 nubant:
3392 5627 3495 5675 ne-

1908 5700 2137 5756 lius'est
2179 5699 2324 5755 enim
2373 5701 2578 5758 nubere
2643 5717 2807 5774 quam
2849 5704 2933 5760 uri
3016 5703 3088 5760 lis
3130 5713 3312 5782 autem
3343 5746 3360 5774 ,
3397 5705 3493 5778 qui

1908 5791 2254 5849 matrimonio
2279 5792 2451 5866 juncti
2492 5803 2641 5862 sunt,
2689 5796 2947 5868 praecipio
2975 5810 3084 5854 non
3113 5810 3236 5868 ego,
3265 5796 3362 5854 sed
3386 5796 3491 5853 Do-
