3974 6344
488 408 653 507 ius

1532 447 1588 501 S.
1629 444 2003 502 PRUDENTII
2043 442 2425 501 TRECENSIS
2463 440 2770 501 EPISCOPI

3664 444 3819 500 1436

512 559 712 628 minus,
740 568 963 615 uxorem
993 573 1023 614 a
1065 558 1181 614 viro
1219 572 1325 614 non
1370 555 1672 615 discedere.
1706 554 1861 626 Quod
1908 555 1955 610 si
1983 552 2094 612 dis-
2126 556 2172 616 A
2277 554 2355 613 Ex
2395 555 2664 613 Ειηετοω
2699 550 2741 609 ll
2778 569 2848 609 an
2886 552 3235 610 Conturntos.
3263 552 3362 628 (11
3392 553 3524 612 Cor.
3585 572 3649 619 v,
3720 555 3818 628 10)

512 647 763 717 cesserit,
818 662 1040 704 manere
1076 646 1376 720 innuptam,
1415 655 1508 703 aut
1543 648 1664 704 viro
1693 662 1790 703 suo
1839 646 2089 702 reconci-

511 738 664 809 liari;
720 748 776 797 et
804 742 887 797 vir
936 752 1157 795 uxorem
1207 754 1311 795 non
1359 738 1616 795 dimittat.
1674 737 1862 805 (Ibid.,
1901 754 1953 792 υ.
1997 733 2090 809 2⁸7)

511 832 776 905 Alligatus
811 848 871 890 es
897 833 1093 891 uxori?
1121 831 1229 890 noli
1256 848 1503 906 quaerere
1534 832 1902 899 solutionem;
1948 829 2093 887 solu-

518 936 605 983 tus
625 940 685 983 es
704 926 771 982 ab
790 927 1001 982 uxore?
1028 926 1141 983 noli
1161 941 1404 999 quaerere
1432 941 1679 983 uxorem.
1708 924 1899 999 (Ibid.,
1925 941 1972 981 υ.
1995 922 2089 995 29)

512 1018 615 1088 Qui
645 1017 847 1076 habent
880 1034 1103 1087 uxores,
1142 1018 1399 1091 tanquam
1426 1035 1534 1076 non
1567 1019 1830 1077 habentes
1858 1018 1967 1075 sint
1992 1036 2006 1072 :
2037 1025 2093 1075 et

510 1110 602 1181 qui
628 1109 777 1178 ﬂent,
804 1118 1061 1183 tanquam
1088 1126 1196 1168 non
1219 1110 1412 1169 ﬂentes
1442 1130 1453 1165 :
1484 1120 1538 1168 et
1567 1111 1659 1184 qui
1687 1110 1946 1183 gaudent,
1973 1119 2092 1166 tan-

509 1217 672 1273 quam
707 1217 814 1258 non
843 1202 1139 1275 gaudentes
1180 1204 1306 1259 sint.
1343 1203 1531 1275 (lbid.,
1565 1221 1615 1260 υ.
1643 1202 1734 1277 58)
1773 1202 1876 1272 Qui
1904 1203 2092 1280 matri;

514 1292 892 1366 moniojungit
921 1292 1182 1367 virginem
1218 1309 1395 1361 suam,
1418 1294 1555 1350 bene
1580 1293 1711 1350 facit
1747 1302 1837 1350 :et
1865 1293 1957 1365 qui
1982 1308 2090 1349 non

504 1384 686 1458 jungit
714 1384 907 1441 melius
942 1382 1094 1441 facit.
1126 1385 1317 1441 Mulier
1363 1385 1578 1458 alligata
1608 1394 1691 1444 est
1731 1386 1858 1456 legi,
1889 1393 2093 1457 quanto

516 1487 758 1547 tempore
804 1476 891 1532 vir
914 1474 1032 1548 ejus
1054 1476 1207 1532 vivit.
1235 1476 1386 1546 Quod
1428 1477 1472 1533 si
1517 1476 1797 1533 dormierit
1824 1477 1908 1532 vir
1949 1477 2107 1550 cjus,‘

511 1571 745 1627 liberata
794 1578 911 1638 est;
964 1571 1049 1628 cui
1090 1568 1207 1627 vult
1255 1571 1457 1633 nubat,
1508 1579 1713 1627 tantum
1746 1571 1799 1626 in
1822 1570 2086 1637 Domino;

512 1664 722 1722 beatior
771 1675 957 1723 autem
1000 1667 1127 1734 erit,
1178 1667 1224 1724 si
1281 1667 1361 1725 sic
1403 1668 1764 1741 permanserit
1792 1666 2089 1725 secundum

516 1773 693 1813 meum
723 1758 1031 1815 consilium.
1071 1756 1122 1831 (Ι
1148 1757 1269 1814 Cor.
1298 1773 1378 1824 ix,
1401 1756 1455 1830 7)
1476 1756 1610 1827 Quis
1634 1756 1832 1813 militat
1854 1757 1967 1814 suis
1995 1755 2093 1813 sti-

511 1848 719 1919 pendiis
748 1851 1032 1920 unquam?
1065 1851 1187 1923 quis
1219 1850 1429 1923 plantat
1474 1850 1713 1918 vineam,
1754 1859 1809 1906 et
1850 1848 2087 1905 fructum

510 1941 628 2012 ejus
658 1959 761 1999 non
792 1933 953 1999 edit?
983 1944 1107 2019 quis
1127 1944 1556 2017 pascitgregem,
1583 1951 1639 1998 et
1659 1942 1725 1998 de
1746 1940 1888 1998 lacte
1908 1941 2088 2014 gregis

511 2051 618 2092 non
655 2035 987 2094 manducat?
1015 2037 1287 2110 Scriptum
1336 2046 1419 2094 est
1468 2037 1521 2093 in
1566 2036 1684 2111 lege
1728 2034 1894 2109 Moysi
1926 2055 1938 2091 :
1970 2035 2088 2094 Non

512 2125 756 2199 alligabis
780 2142 843 2184 os
864 2128 989 2185 bovi
1034 2129 1326 2185 trituranti.
1370 2128 1622 2200 Nunquid
1661 2129 1729 2187 de
1761 2129 1934 2186 bobus
1955 2145 2088 2186 cura

512 2224 598 2273 est
624 2216 775 2273 Deo?
817 2235 886 2274 an
928 2226 1148 2291 propter
1194 2234 1295 2276 nos
1344 2219 1533 2290 utique
1578 2220 1683 2275 hoc
1728 2218 1902 2276 dicit?
1947 2218 2086 2277 Nam

511 2318 736 2382 propter
784 2325 883 2366 nos
931 2311 1130 2383 scripta
1175 2320 1332 2379 sunt;
1374 2311 1417 2367 si
1460 2326 1570 2367 nos
1606 2311 1759 2368 vobis
1789 2311 2088 2384 spiritualia

511 2398 896 2455 seminavimus
916 2441 931 2467 ,
984 2416 1237 2473 magnum
1268 2411 1384 2469 est,
1432 2402 1477 2456 si
1510 2416 1610 2458 nos
1638 2402 1877 2459 carnalia
1908 2411 2087 2460 vestra

442 2515 464 2529 ι
506 2492 818 2546 metamus?
846 2490 1079 2549 Nescitis
1113 2493 1366 2564 quoniam
1393 2493 1489 2566 qui
1509 2493 1565 2549 in
1591 2494 1834 2551 sacrario
1864 2510 2069 2566 operan

515 2590 619 2647 tur,
658 2594 779 2656 quze
809 2584 875 2640 de
899 2585 1142 2641 sacrario
1170 2594 1318 2652 sunt,
1342 2585 1507 2642 edunt
1545 2599 1560 2640 :
1590 2594 1646 2641 et
1675 2585 1767 2657 qui
1795 2585 1966 2642 Altari
1995 2584 2089 2642 de-
2114 2608 2123 2615 -

511 2673 772 2743 serviunt,
801 2690 924 2732 cum
958 2674 1131 2731 Altari
1156 2675 1530 2748 participant?
1572 2673 1625 2747 (I
1647 2675 1772 2732 Cor.
1796 2692 1855 2743 x,
1878 2674 1932 2747 6)
1968 2674 2087 2732 Non

511 2764 682 2821 simus
719 2767 1162 2838 concupiscentes
1214 2766 1520 2833 malorum,
1563 2766 1705 2823 sicut
1748 2775 1805 2823 et
1846 2766 1922 2822 illi
1961 2783 2091 2823 con-

511 2855 810 2925 cupierunt.
830 2850 1015 2927 Neque
1033 2855 1334 2913 idololatria
1360 2856 1691 2924 eiiiciamiui,
1713 2858 1849 2914 sicut
1866 2856 2086 2928 quidam

510 2959 577 2999 ex
605 2944 753 3018 ipsis,
784 2948 1238 3020 quemadmodum
1260 2948 1520 3019 scriptum
1545 2956 1623 3003 est
1655 2966 1666 3000 :
1694 2945 1838 3003 Sedit
1866 2946 2089 3019 populus

510 3040 831 3098 manducare
872 3053 921 3099 et
948 3040 1149 3113 bibere,
1204 3050 1253 3100 ετ
1303 3056 1644 3101 surrexerunt
1684 3042 1864 3100 fudere
1885 3041 1938 3118 (1
1964 3041 2086 3100 Car.

513 3147 570 3199 ι,
600 3131 715 3204 24).
751 3132 923 3192 Nemo
951 3135 1096 3207 quod
1125 3150 1283 3192 suum
1313 3145 1397 3193 est
1431 3144 1661 3207 quaerat,
1703 3136 1798 3192 sed
1841 3134 1985 3208 quod
2013 3132 2090 3190 al-

519 3226 703 3282 terius.
753 3224 926 3284 Omne
975 3228 1121 3299 quod
1170 3228 1223 3284 in
1270 3226 1498 3285 macello
1528 3227 1696 3293 venit,
1742 3229 2087 3293 manducate,

514 3315 650 3372 nihil
690 3316 1088 3391 interrogantes
1118 3327 1340 3391 propter
1381 3318 1765 3375 conscientiam
1820 3317 2005 3393 (Ibid.,
2034 3336 2079 3375 υ.

515 3409 627 3483 51).
670 3408 798 3468 Sive
824 3426 954 3484 ergo
982 3411 1346 3477 manducatis,
1396 3410 1509 3468 sive
1551 3409 1770 3479 bibitis,
1823 3408 1910 3466 vel
1940 3408 2089 3465 aliud

517 3502 644 3573 quid
674 3503 869 3571 facitis,
900 3502 1167 3575 omniain
1196 3501 1422 3573 gloriam
1450 3501 1545 3558 Dei
1566 3500 1747 3557 facite.
1781 3499 1833 3575 (Ι
1856 3498 1978 3556 Cor.
2008 3514 2087 3569 x1,

514 3591 620 3648 ηε
669 3597 801 3666 seq.)
830 3592 1017 3649 Omnis
1065 3594 1151 3649 vir
1187 3606 1371 3661 orans,
1416 3600 1511 3648 aut
1545 3592 1876 3664 prophetans
1914 3590 2090 3648 velato

515 3683 713 3753 capite,
753 3684 1004 3756 deturpat
1050 3693 1211 3756 caput
1256 3699 1450 3750 suum;
1488 3683 1666 3740 omnis
1693 3693 1872 3740 autem
1898 3682 2093 3739 mulier

516 3788 703 3842 orans,
752 3784 846 3832 aut
888 3776 1220 3848 prophetans
1252 3791 1358 3832 non
1390 3774 1566 3831 velato
1592 3775 1790 3846 capite,
1838 3774 2094 3847 deturpat
2139 3789 2142 3791 λ

516 3876 677 3938 caput
698 3883 852 3925 suum
888 3887 901 3923 :
929 3884 1054 3923 nam
1078 3868 1124 3925 si
1155 3884 1258 3925 non
1288 3868 1494 3925 velatur
1515 3866 1738 3934 mulier,
1771 3869 2091 3938 tondeatur;

516 3959 562 4016 si
586 3973 714 4015 vero
747 3968 901 4031 turpe
926 3968 1011 4016 est
1030 3960 1240 4016 mulieri
1268 3960 1501 4029 tonderi,
1524 3968 1619 4016 aut
1639 3959 1928 4028 decalvari,
1949 3959 2093 4017 velet

519 4059 680 4124 caput
715 4068 894 4109 suum.
948 4050 1044 4109 Vir
1087 4054 1253 4126 igitur
1300 4068 1407 4110 non
1460 4053 1620 4111 debet
1670 4055 1853 4110 velare
1905 4064 2091 4126 caput,

514 4148 768 4216 quoniam
804 4145 983 4216 imago
1025 4152 1080 4200 et
1109 4146 1280 4218 gloria
1317 4154 1402 4203 est
1444 4145 1559 4201 Dei.
1592 4144 1783 4218 (Ibid.,
1822 4164 1869 4202 υ.
1901 4144 1988 4219 16)
2035 4144 2095 4202 Si

514 4237 636 4308 quis
689 4245 868 4293 autem
905 4237 1120 4293 videtur
1165 4238 1532 4295 contentiosus
1583 4252 1722 4301 esse,
1777 4252 1879 4293 nos
1932 4238 2093 4293 talem

510 4327 951 4383 consuetudinem
998 4344 1105 4385 non
1136 4328 1400 4385 habemus
1423 4369 1437 4394 ,
1488 4342 1665 4399 neque
1711 4327 1952 4385 Ecclesia
1998 4327 2097 4384 Dei

464 4488 471 4497 ‘
515 4417 567 4492 (1
585 4417 705 4474 Cor.
726 4432 807 4487 xi,
821 4418 932 4494 27).
951 4418 1268 4492 Quicunque
1280 4421 1683 4478 manducavcrit
1696 4420 2096 4492 panem,velbi-

517 4510 662 4567 berit
698 4511 924 4568 calicem
964 4513 1177 4569 Domini
1240 4515 1476 4586 indigne,
1521 4518 1645 4571 reus
1694 4515 1799 4570 erit
1844 4517 2090 4587 corporis

2116 3280 2165 3345 C

2190 651 2392 707 Omnes
2426 648 2570 703 enim
2601 663 2702 703 nos
2744 645 3082 703 maniiestari
3115 656 3328 717 oportet
3358 656 3485 702 ante
3518 646 3815 703 Tribunal

2190 740 2415 807 Christi,
2460 749 2521 796 ut
2572 737 2775 796 referat
2823 738 3192 811 unusquisque
3238 740 3454 812 propria
3509 740 3808 811 corporis,

2189 841 2349 906 prout
2368 832 2554 906 gessit,
2575 833 2688 889 sive
2707 833 2930 898 bonum,
2952 832 3067 887 sive
3083 832 3303 893 malum.
3331 831 3421 904 (II
3432 832 3564 888 Cor.
3578 848 3667 899 vr,
3712 832 3807 905 14)

2191 923 2571 998 Nolitejugum
2597 923 2796 981 dueere
2822 940 2946 981 cum
2971 924 3311 993 inﬁdelibus;
3333 942 3455 1000 quae
3476 928 3637 984 enim
3669 942 3807 999 par-

2194 1017 2438 1090 ticipatio
2476 1017 2697 1091 iustitiae
2727 1032 2851 1075 cum
2892 1018 3216 1088 iniquitate?
3256 1027 3351 1075 aut
3394 1034 3521 1090 qua
3547 1019 3805 1076 societas

2193 1108 2298 1166 luci
2327 1109 2397 1164 ad
2427 1110 2723 1165 tenebras?
2749 1124 2867 1180 qua;
2893 1110 3180 1167 conventio
3218 1110 3421 1167 Christi
3462 1111 3539 1167 ad
3581 1111 3805 1168 Belial?

2194 1210 2287 1259 aut
2326 1218 2446 1274 quae
2486 1217 2615 1273 pars
2657 1201 2798 1258 ﬁdeli
2837 1216 2962 1258 cum
2997 1200 3249 1259 inﬁdeli?

2262 1282 2347 1350 Ἀθ
2368 1292 2645 1350 ϐΑιΑτΔε.
2676 1286 2873 1365 (Colat.
2897 1310 2939 1360 ι,
2963 1292 3052 1367 ιο)
3076 1292 3132 1350 Si
3155 1294 3462 1350 hominibus
3483 1293 3797 1364 placet-en,

2191 1385 2395 1442 Christi
2418 1400 2608 1441 servus
2635 1400 2744 1442 non
2768 1400 2966 1441 essem.
2997 1381 3199 1457 (Galat.
3216 1400 3289 1449 tv,
3322 1384 3413 1457 1ο)
3439 1384 3572 1440 Dies
3590 1386 3797 1441 obser-

2194 1476 2357 1541 vatis,
2390 1484 2446 1531 et
2465 1488 2699 1542 menses,
2721 1483 2775 1531 et
2801 1484 3064 1546 tempora,
3085 1485 3140 1531 et
3158 1491 3329 1532 annos
3352 1495 3367 1530 :
3400 1477 3571 1532 timeo
3591 1492 3700 1533 vos
3725 1492 3794 1533 ne

2192 1566 2332 1625 forte
2366 1567 2483 1623 sine
2522 1582 2687 1624 causa
2726 1566 3084 1623 laboraverim
3110 1568 3165 1623 in
3192 1568 3368 1625 vobis.
3400 1565 3613 1641 (θηται.
3640 1585 3700 1635 v,
3733 1570 3788 1643 9)

2193 1661 2463 1717 Modicum
2530 1660 2854 1717 fermentum
2922 1667 3091 1716 totam
3163 1675 3398 1717 massam
3452 1663 3785 1733 corrumpit.

2191 1751 2384 1825 (1ὺὶά.,
2405 1770 2452 1808 υ.
2479 1750 2703 1824 15).Vos
2724 1751 2866 1807 enim
2888 1750 2943 1806 in
2964 1750 3265 1809 libertatem
3288 1752 3471 1809 vocati
3494 1753 3657 1820 estis,
3684 1752 3789 1808 ira.

2192 1855 2340 1914 tres,
2399 1854 2609 1901 tantum
2656 1859 2725 1899 ne
2770 1843 3076 1901 libertatem
3131 1844 3187 1900 iu
3242 1845 3600 1902 occasionem
3648 1846 3788 1901 detis

2192 1937 2364 2005 carni,
2395 1938 2489 1993 sed
2518 1952 2615 2008 per
2642 1936 2962 1992 cbaritatem
2989 1936 3188 1992 servite
3218 1935 3477 1993 invicem.
3505 1934 3708 2004 (Ibid.,
3738 1955 3783 1993 ι.

2192 2028 2283 2102 11)
2330 2028 2531 2101 Diliges
2554 2027 2864 2099 proximum
2894 2033 3044 2082 tuum
3081 2025 3220 2083 sicut
3242 2026 3513 2100 teipsum;
3545 2027 3699 2098 quod
3742 2026 3787 2083 si

2191 2119 2422 2175 invicem
2445 2118 2729 2185 mordetis,
2750 2124 2806 2173 et
2819 2117 3124 2183 comeditis,
3153 2116 3333 2173 videte
3353 2132 3425 2173 ne
3455 2118 3529 2173 ab
3551 2117 3783 2173 invim

2194 2209 2611 2268 consumamini.
2646 2205 2849 2281 (Galat.
2904 2224 2995 2276 vt,
3034 2204 3066 2265 6
3123 2218 3169 2263 et
3213 2207 3347 2281 seq.)
3404 2207 3787 2265 Communieet

2192 2314 2372 2362 autem
2415 2302 2482 2371 is,
2523 2305 2613 2375 qui
2648 2304 3021 2360 catechizatur
3057 2303 3257 2371 verbo,
3300 2303 3349 2359 ei
3389 2303 3484 2372 qui
3541 2318 3605 2358 se
3638 2312 3785 2358 cate-

2191 2398 2394 2464 chizat,
2429 2398 2483 2452 in
2511 2397 2764 2454 omnibus
2789 2397 2965 2454 bonis.
3007 2396 3184 2454 Nolite
3211 2410 3399 2451 errare
3440 2413 3456 2450 :
3499 2396 3651 2453 Dens
3680 2411 3782 2451 non

2190 2490 2480 2557 irridetur;
2534 2503 2655 2561 quae
2707 2487 2851 2545 enim
2908 2487 3257 2545 seminaverit
3305 2488 3472 2543 homo
3504 2527 3525 2552 .
3584 2488 3704 2544 hate
3734 2497 3785 2542 et

2190 2589 2373 2637 metet.
2726 2632 2731 2637 .

2259 2675 2339 2731 Au
2378 2675 2659 2731 Erussms.
2693 2671 2910 2746 (Ephes.
2941 2688 3015 2741 tv,
3046 2672 3138 2747 29)
3172 2671 3360 2731 Omnis
3392 2687 3585 2729 sermo
3614 2672 3784 2728 malus

2191 2784 2260 2826 ex
2297 2784 2393 2827 ore
2420 2778 2602 2826 vestro
2630 2783 2739 2824 non
2773 2767 3064 2840 procedat;
3114 2766 3213 2822 sed
3248 2766 3294 2823 si
3336 2766 3466 2837 quis
3504 2768 3690 2822 bonus
3715 2764 3779 2821 ad

2190 2861 2600 2919 aedificationem
2622 2860 2768 2927 ﬁdei,
2792 2868 2852 2915 ut
2873 2858 2967 2915 det
2992 2859 3222 2932 gratiam
3258 2858 3639 2915 audientibus.
3675 2856 3775 2913 No-

2192 2950 2287 3006 lite
2336 2950 2663 3008 contristare
2716 2948 2979 3022 Spiritum
3034 2957 3285 3006 sanctum
3329 2949 3453 3015 Dei,
3482 2951 3540 3004 in
3572 2950 3777 3021 quosi-

2190 3042 2338 3113 gnati
2370 3042 2502 3098 estis
2528 3041 2583 3099 in
2618 3040 2760 3097 diem
2791 3040 3198 3111 redemptionis.
3226 3040 3422 3099 Omnis
3445 3042 3779 3107 amaritudo.

2192 3144 2245 3191 et
2282 3132 2389 3201 ira,
2423 3141 2478 3190 et
2506 3133 2826 3208 indignatio,
2858 3142 2915 3191 et
2941 3138 3169 3201 clamor,
3199 3141 3255 3191 et
3279 3133 3656 3207 blasphemia.
3689 3135 3779 3191 tol-

2193 3225 2337 3284 latur
2365 3242 2394 3283 a
2429 3227 2583 3285 vobis
2615 3244 2740 3285 cum
2768 3228 2917 3284 omni
2949 3227 3189 3294 malitia;
3231 3236 3409 3285 estote
3467 3237 3660 3284 autem
3700 3230 3780 3283 in.

2191 3321 2365 3378 vicem
2394 3320 2637 3395 benigni,
2652 3320 3057 3388 misericordes,
3073 3321 3338 3379 donantes
3358 3320 3629 3385 invicem,
3647 3323 3783 3376 sicut

2189 3420 2244 3469 et
2298 3414 2440 3472 Deus
2488 3414 2544 3470 in
2581 3413 2798 3471 Christo
2833 3413 3052 3470 donavit
3097 3413 3274 3493 vobis.
3319 3411 3548 3486 (Ephes.
3588 3428 3650 3477 ν.
3696 3414 3779 3483 li)

2188 3500 2368 3561 Nolite
2398 3504 2799 3562 communicare
2831 3505 3087 3578 operibus
3114 3502 3479 3562 infructuosis
3511 3504 3769 3560 tenebra-

2190 3596 2336 3664 rum,
2386 3597 2558 3670 magis
2585 3606 2765 3655 autem
2793 3596 3133 3669 redarguite;
3174 3596 3363 3669 (Ibid.,
3393 3613 3447 3652 υ.
3482 3596 3577 3668 18)
3618 3596 3777 3651 nolite

2192 3686 2450 3745 inebriari
2475 3688 2621 3757 vino,
2650 3689 2705 3745 in
2731 3704 2840 3759 quo
2866 3697 2949 3745 est
2976 3688 3209 3745 luxuria.
3248 3686 3443 3759 (Ibid.,
3464 3705 3519 3753 ν,
3538 3688 3641 3759 22)
3664 3687 3773 3743 Ilu-

2192 3776 2355 3837 lieres
2390 3780 2523 3837 viris
2566 3781 2687 3838 suis
2721 3779 2949 3837 subdita:
2988 3780 3131 3847 sint,
3171 3780 3314 3837 sicut
3350 3781 3625 3847 Domino,
3653 3795 3775 3853 quo-

2192 3874 2343 3930 niam
2376 3873 2458 3930 vir
2497 3880 2657 3945 caput
2684 3881 2770 3929 est
2801 3871 3081 3937 mulieris,
3140 3872 3281 3929 sicut
3319 3871 3585 3928 Christus
3626 3880 3777 3942 caput

2195 3975 2280 4020 est
2315 3962 2592 4022 Ecclesiae.
2631 3956 2770 4029 Viri,
2799 3960 3008 4037 diligite
3040 3980 3239 4023 uxores
3266 3972 3508 4029 vestras,
3552 3964 3700 4021 sicut
3730 3972 3781 4018 et

2195 4050 2446 4111 Christus
2477 4053 2662 4110 dilexit
2690 4052 3013 4122 Ecclesiam,
3044 4061 3100 4110 et
3146 4053 3381 4125 seipsum
3427 4052 3667 4107 tradidit
3692 4066 3783 4124 pro

2196 4161 2283 4216 ea,
2310 4156 2372 4205 ut
2399 4148 2545 4203 illam
2575 4147 2958 4215 sanctiﬁcaret,
2988 4147 3257 4202 mundans
3286 4145 3514 4200 lavacro
3541 4160 3702 4214 aqua
3730 4145 3777 4198 in

2196 4237 2363 4295 verbo
2394 4239 2539 4307 vitae,
2580 4248 2640 4294 ut
2672 4239 2956 4296 exhiberet
3008 4241 3124 4311 ipse
3161 4239 3263 4294 sibi
3301 4252 3425 4294 eam
3458 4238 3773 4306 gloriosam.

2197 4331 2300 4400 Qui
2352 4346 2503 4388 suam
2559 4348 2784 4390 uxorem
2831 4331 3035 4403 diligit,
3075 4331 3311 4403 seipsum
3373 4330 3577 4403 diligit.
3612 4330 3777 4386 Nemo

2199 4420 2342 4478 enim
2367 4438 2604 4493 unquam
2631 4437 2852 4480 carnem
2880 4438 3035 4481 suam
3057 4408 3183 4479 odio
3208 4421 3421 4487 habuit,
3460 4421 3560 4476 sed
3617 4421 3783 4475 nutrit

2198 4525 2255 4572 et
2296 4514 2442 4572 fovet
2476 4531 2620 4582 eam,
2657 4516 2797 4573 sicut
2835 4526 2893 4572 et
2917 4514 3165 4573 Christus
3195 4514 3521 4572 Ecclesiam.
3559 4515 3775 4586 (Εριια.

516 4610 574 4659 et
608 4603 886 4707 sanguinis
915 4604 1148 4707 Domini.
1186 4604 1387 4662 Probet
1426 4615 1604 4664 autem
1628 4609 1863 4678 seipsum
1909 4610 2095 4676 homo,
2123 4646 2176 4707 Β
2198 4624 2253 4675 v,
2273 4608 2366 4680 29)
2397 4608 2540 4675 Filii,
2584 4609 2797 4665 obedite
2839 4610 3156 4682 parentibus
3189 4610 3387 4666 vestris
3415 4609 3473 4664 in
3510 4608 3779 4674 Domino,

519 4707 575 4755 et
598 4699 679 4755 sic
712 4699 780 4756 de
813 4715 954 4772 pane
976 4699 1071 4756 illo
1099 4700 1245 4768 edat,
1268 4709 1324 4757 et
1351 4702 1417 4759 de
1443 4700 1613 4760 calice
1635 4703 1800 4759 bibat.
1829 4703 1930 4772 Qui
1950 4702 2092 4760 enim
2124 4699 2168 4707 ’⁷
2201 4703 2303 4758 hoc
2333 4704 2478 4758 enim
2498 4702 2701 4775 justum
2731 4710 2833 4759 est.
2850 4700 3066 4775 (Ephes.
3090 4718 3161 4767 vr,
3186 4703 3238 4769 1)
3258 4702 3430 4757 Etvos
3452 4709 3667 4773 patres,
3692 4716 3777 4756 no-

516 4790 830 4857 manducat,
855 4801 910 4847 et
936 4791 1072 4848 bibit
1100 4791 1336 4864 indigne,
1359 4792 1618 4864 judicium
1648 4793 1750 4849 sibi
1805 4794 2096 4850 manducat

515 4891 570 4938 et
595 4881 734 4939 bibit
758 4901 774 4940 :
804 4896 912 4940 non
934 4884 1235 4957 dijudiCans
1256 4901 1453 4957 corpus
1466 4886 1677 4941 Domini
1697 4903 1710 4953 ;
1731 4886 1873 4958 quod
1900 4887 1946 4943 si
1968 4902 2079 4944 nos

520 4976 776 5047 metlpsos
818 4972 1271 5046 diiudicaremus,
1303 4992 1410 5033 non
1450 4978 1637 5048 utique
1681 4976 2091 5047 iudicaremur;

519 5068 647 5123 dum
687 5067 999 5137 iudicamur
1035 5078 1215 5124 autem
1262 5084 1291 5122 a
1347 5069 1574 5125 Domino
1615 5071 1941 5142 corripimur
1970 5112 1991 5149 ,.
2036 5078 2095 5126 ut

516 5174 624 5216 non
670 5174 797 5215 cum
838 5159 942 5215 hoc
985 5159 1186 5214 mundo
1219 5158 1559 5215 damnemur.
1597 5158 1649 5232 il
1672 5157 1793 5215 Cor.
1845 5176 1960 5228 xxv,
1995 5159 2088 5232 20)

517 5248 737 5309 Fratres
771 5249 908 5316 mei,
932 5248 1100 5306 nolite
1128 5248 1279 5321 pueri
1301 5248 1439 5307 efﬁci
1470 5249 1738 5315 sensibus,
1770 5250 1863 5305 sed
1892 5250 2094 5304 malitia

518 5341 728 5414 parvuli
782 5348 957 5399 estote
1006 5359 1020 5396 :
1069 5342 1320 5397 sensibus
1383 5350 1562 5397 autem
1631 5339 1857 5411 perfecti
1900 5349 2091 5397 estote.

519 5432 715 5504 υωτι..
750 5448 797 5487 υ.
830 5430 925 5501 34)
949 5431 1277 5489 Mulieresin
1305 5432 1549 5488 ecclesiis
1573 5440 1925 5493 taceant,non
1951 5432 2094 5487 enim

518 5525 851 5595 permittitur
878 5524 957 5580 eis
982 5522 1148 5594 loqui,
1177 5526 1271 5580 sed
1311 5524 1553 5580 subditas
1591 5540 1729 5589 esse,
1768 5525 1908 5579 sicut
1931 5530 1986 5579 et
2009 5521 2097 5578 lex

520 5616 673 5673 dicit.
697 5617 884 5688 (Ibid.,
906 5634 954 5674 υ.
971 5610 1063 5688 58)
1081 5616 1139 5672 Si
1152 5617 1276 5689 quis
1289 5625 1468 5673 autem
1485 5619 1714 5690 ignorat,
1732 5614 2089 5689 ignorabitur.

523 5708 730 5778 Itaque,
765 5709 982 5775 fratres,
1006 5709 1331 5766 aemulamini
1362 5712 1723 5781 prophetare:
1751 5720 1805 5768 et
1828 5711 1974 5783 loqui
1999 5710 2101 5767 lin-

527 5798 647 5870 guis
694 5799 863 5856 nolito
906 5801 1215 5871 prohibere.
1244 5801 1295 5874 (1
1317 5800 1440 5859 Cor.
1468 5818 1539 5858 xv
1586 5803 1679 5873 33)
1731 5804 2099 5876 Corrumpunt

532 5903 714 5947 mores
743 5889 914 5949 bonos
938 5891 1205 5959 colloqma
1233 5892 1391 5947 mala.

2198 4796 2294 4854 lite
2346 4797 2414 4853 ad
2466 4796 2801 4852 iracundiam
2850 4810 3145 4868 provocare
3201 4794 3337 4850 ﬁlios
3383 4803 3629 4861 vestros,
3690 4795 3775 4850 sed

2200 4890 2427 4946 educate
2475 4887 2594 4944 illos
2641 4888 2698 4945 in
2735 4886 3017 4958 disciplina
3060 4896 3116 4944 et
3162 4887 3508 4958 correptione
3545 4886 3771 4942 Domini.

2201 4977 2376 5043 Servi,
2404 4974 2619 5034 obedite
2656 4978 2889 5034 dominis
2915 4977 3219 5035 carnalibus
3234 4992 3357 5033 cum
3382 4978 3535 5033 omni
3563 4978 3775 5041 timore,

2199 5076 2254 5125 et
2302 5077 2577 5136 tremore,
2631 5069 2683 5125 in
2738 5070 3083 5142 simplicitate
3137 5070 3317 5126 cordis
3374 5070 3547 5125 vestri
3575 5111 3593 5136 ,
3644 5058 3773 5126 sicut

2201 5158 2417 5216 Christo
2447 5178 2459 5215 :
2491 5175 2597 5216 non
2637 5160 2706 5216 ad
2742 5161 2959 5217 oculum
2990 5160 3308 5225 servientes,
3342 5162 3501 5231 quasi
3551 5163 3777 5218 homini-

2201 5249 2302 5306 bus
2331 5249 2628 5321 placentes,
2657 5250 2753 5307 sed
2783 5260 2842 5308 ut
2868 5252 3011 5309 servi
3050 5250 3274 5317 Christi,
3307 5249 3571 5307 facientes
3596 5253 3775 5309 volun-

2204 5348 2368 5396 tatem
2404 5338 2499 5396 Dei
2531 5357 2596 5397 ex
2637 5340 2841 5409 animo,
2891 5357 3013 5397 cum
3060 5356 3197 5397 nona
3220 5339 3518 5396 voluntate.
3562 5340 3631 5396 Et
3664 5358 3771 5407 vos,

2204 5433 2428 5501 domini,
2453 5433 2641 5489 eadem
2663 5432 2821 5490 facite
2851 5432 2976 5499 illis.
3007 5433 3344 5489 remittentes
3364 5431 3545 5489 minas
3570 5451 3583 5486 :
3604 5435 3773 5490 scien-

2205 5538 2288 5585 tes
2315 5529 2457 5599 quod
2487 5538 2541 5584 et
2573 5530 2807 5599 illorum,
2830 5539 2886 5586 et
2913 5537 3091 5586 vester
3118 5527 3376 5585 Dominus
3408 5538 3493 5584 est
3520 5528 3577 5583 in
3605 5528 3773 5593 ωε,

2203 5629 2257 5676 et
2295 5635 2651 5691 personarum
2680 5620 2927 5691 acceptio
2953 5621 3094 5692 apud
3125 5620 3287 5675 Deum
3316 5633 3424 5674 non
3450 5627 3558 5675 est.

2272 5710 2352 5765 Au
2390 5710 2792 5767 PHILIPPENSES.
2829 5708 3050 5783 (Philip.
3082 5726 3144 5777 It,
3174 5710 3229 5783 5)
3252 5708 3399 5767 Nihil
3427 5723 3528 5781 per
3557 5718 3773 5767 conten-

2202 5805 2427 5881 tionem,
2461 5819 2633 5873 neque
2664 5818 2761 5874 per
2786 5804 3000 5859 inanem
3039 5802 3260 5875 gloriam
3288 5843 3304 5869 ,
3349 5802 3445 5858 sed
3474 5802 3531 5857 in
3562 5801 3768 5858 humili-

2204 5904 2316 5955 tate
2344 5895 2649 5971 superiores
2684 5896 2785 5951 sibi
2837 5895 3069 5953 invicem
3117 5894 3471 5961 arbitrantes,
3522 5909 3631 5952 non
3659 5906 3769 5963 qua
