3974 6344
180 499 205 557 1
215 499 316 560 43⁸1

1125 505 1590 565 FLORILEGIUM
1631 505 1722 562 EX
1764 505 1987 565 SACRA
2030 508 2434 570 SCRIPTURA.

3303 513 3432 574 1458

173 628 272 670 sua
303 624 427 668 sunt
460 616 651 687 singuli
688 617 1110 686 considerantes,
1145 620 1236 676 sed
1263 635 1326 675 ea
1347 635 1468 692 qure
1498 620 1744 676 aliorum.
1777 623 1826 684 Α
1855 619 2132 680 Seniorem
2153 637 2220 677 ne
2247 621 2631 692 inorepaveris,
2649 623 2744 680 sed
2762 623 2987 680 obsecra
3003 630 3064 678 ut
3085 631 3292 694 patrem
3311 641 3325 692 ;
3339 626 3429 697 ju-

175 705 368 779 (Ibid.,
400 725 445 762 υ.
484 708 570 780 14)
617 709 807 766 Omnia
836 720 1014 768 autem
1042 712 1201 770 facite
1227 716 1342 770 sine
1365 716 1747 771 murmuratio-

173 798 353 864 nibus,
385 808 438 854 et
465 801 920 870 haesitationibus,
969 815 1028 860 ut
1083 807 1200 862 sitis
1248 807 1365 863 sine
1405 807 1657 879 querela,
1690 817 1748 864 et

177 891 453 962 simplices
484 892 578 950 ﬁlii
608 895 723 963 Dei,
754 897 872 952 sine
897 900 1330 970 reprehensione.

243 984 324 1038 An
362 985 750 1044 Conossssses.
793 988 928 1062 (Col.
978 1006 1030 1058 v,
1073 991 1106 1046 5
1161 1001 1207 1045 et
1250 993 1382 1064 seq.)
1429 992 1749 1050 Mortificate

172 1091 302 1147 ergo
332 1078 571 1134 membra
610 1089 820 1147 vestra,
877 1098 995 1153 qua:
1029 1092 1155 1138 sunt
1179 1101 1340 1155 super
1373 1095 1569 1142 terram
1597 1103 1610 1152 ;
1641 1087 1750 1143 for-

173 1168 516 1236 nicationem,
553 1171 944 1228 immunditiam
971 1216 986 1241 ,
1023 1175 1300 1232 libidinem
1320 1218 1335 1244 ,
1363 1179 1749 1251 concupiscen-

173 1258 303 1312 tiam
324 1260 546 1328 malam,
562 1271 616 1318 et
637 1264 940 1333 avaritiam,
957 1275 1174 1336 quaeest
1195 1268 1604 1326 simulacrorum
1634 1285 1749 1326 ser-

168 1351 331 1407 vitus.
361 1351 513 1410 Nunc
562 1365 743 1412 autem
798 1356 1048 1427 deponite
1098 1368 1152 1415 et
1201 1375 1296 1416 vos
1347 1362 1550 1427 omnia,
1587 1362 1746 1430 iram,

169 1443 620 1516 indignationem,
644 1448 928 1516 malitiam,
952 1449 1365 1521 blasphemiam,
1397 1463 1604 1524 turpem
1636 1469 1749 1510 ser-

170 1549 385 1589 monem
415 1537 482 1590 de
509 1553 603 1592 ore
631 1549 844 1604 vestro;
885 1541 1050 1596 nolite
1100 1543 1313 1598 mentiri
1361 1544 1610 1609 invicem,
1657 1560 1749 1601 ex-

169 1623 463 1693 spoliantes
491 1642 588 1684 vos
618 1637 855 1686 veterem
889 1631 1160 1688 hominem
1187 1649 1310 1688 cum
1345 1637 1555 1692 actibus
1595 1637 1745 1708 ejus,

169 1723 224 1769 et
269 1715 552 1774 induentes
582 1735 801 1788 novum,
851 1722 944 1792 qui
977 1734 1268 1779 renovatur
1313 1727 1367 1781 in
1399 1727 1745 1798 agnitionem,

172 1811 468 1866 secundum
499 1813 785 1886 imaginem
821 1815 957 1886 ejus,
1005 1819 1094 1889 qui
1129 1819 1338 1875 creavit
1367 1835 1519 1888 eum;
1545 1821 1749 1878 induite

169 1916 266 1957 vos
297 1917 427 1975 ergo
453 1905 591 1960 sicut
619 1906 774 1964 electi
818 1907 934 1976 Dei,
979 1911 1154 1967 sancti
1199 1920 1253 1968 et
1282 1911 1488 1980 dilecti,
1534 1913 1747 1970 viscera

1853 728 2014 768 renes
2038 721 2094 767 ut
2115 712 2343 779 fratres;
2373 729 2509 770 anus
2524 722 2800 771 utmatres
2819 731 2834 782 ;
2851 713 3168 785 juvenculas
3188 725 3250 772 ut
3270 731 3425 803 soro-

1851 823 1938 864 res
1959 809 2013 866 in
2033 809 2179 866 omni
2202 810 2470 865 castitate.
2495 807 2697 866 Viduas
2718 811 2944 876 honora,
2969 823 3088 880 qua:
3112 824 3239 866 vere
3256 811 3431 866 viduae

1851 910 1994 968 sunt,
2022 903 2066 957 si
2093 918 2200 977 qua
2228 911 2408 958 autem
2448 902 2609 958 vidua
2653 901 2793 960 ﬁlios
2833 911 2925 958 aut
2971 909 3192 972 nepotes
3222 901 3430 970 habet,

1851 993 2023 1050 discat
2071 995 2303 1065 primum
2347 995 2566 1050 domum
2616 1009 2769 1058 suam
2821 1009 3050 1066 regere,
3100 1003 3155 1049 et
3187 1001 3429 1050 mutuam

1851 1085 2019 1140 vicem
2052 1086 2276 1142 reddere
2299 1085 2650 1158 parentibus:
2683 1087 2787 1143 hoc
2833 1085 2977 1142 enim
3023 1093 3301 1156 acceptum
3348 1093 3432 1143 est

1851 1191 2034 1232 coram
2064 1179 2193 1233 Deo.
2227 1177 2362 1233 Nam
2391 1193 2510 1249 quae
2537 1177 2592 1233 in
2622 1177 2828 1234 deliciis
2857 1185 2973 1244 est,
3003 1176 3189 1232 vivens
3214 1185 3430 1232 mortua

1851 1279 1964 1336 est;
2003 1279 2056 1326 et
2091 1271 2194 1328 hoc
2207 1271 2460 1343 praecipe,
2487 1280 2546 1328 ut
2570 1271 3068 1342 irreprehensibiles
3091 1271 3217 1328 sint.
3240 1269 3431 1342 Siquis

1852 1371 2030 1418 autem
2065 1379 2305 1426 suorum,
2331 1375 2386 1420 et
2407 1364 2643 1420 maxime
2672 1364 3091 1422 domesticorum
3115 1377 3302 1418 curam
3321 1378 3430 1418 non

1853 1451 2035 1520 habet,
2068 1452 2228 1508 ﬁdem
2261 1453 2496 1525 negavit,
2535 1461 2589 1508 et
2619 1462 2703 1509 est
2731 1453 2934 1509 inﬁdeli
2980 1453 3235 1509 deterior.
3264 1451 3431 1508 Vidua

1851 1545 2082 1617 eligatur
2126 1561 2232 1600 non
2268 1545 2446 1601 minus
2473 1545 2750 1616 sexaginta
2800 1559 3088 1612 annorum,
3118 1560 3239 1616 qua:
3267 1544 3431 1600 fuerit

1851 1637 2011 1692 unius
2039 1636 2140 1692 viri
2173 1653 2330 1704 uxor,
2367 1637 2420 1691 in
2465 1639 2719 1708 operibus
2746 1637 2902 1692 bonis
2941 1637 3304 1693 testimonium
3333 1637 3432 1693 ha-

1849 1728 2003 1795 bens,
2027 1728 2070 1784 si
2093 1728 2232 1784 ﬁlios
2261 1729 2529 1797 educavit,
2547 1730 2590 1786 si
2628 1731 2860 1801 hospitio
2887 1731 3108 1801 recepit,
3135 1731 3180 1786 si
3213 1740 3430 1787 sancto-

1851 1836 1972 1878 rum
2023 1823 2188 1892 pedes
2229 1820 2379 1888 lavit,
2431 1822 2476 1876 si
2508 1822 2908 1878 tribulationem
2932 1823 3262 1894 patientibus
3292 1822 3425 1878 sub-

1853 1912 2201 1978 ministravit,
2255 1913 2298 1968 si
2345 1928 2505 1970 omne
2556 1928 2691 1984 opus
2743 1915 2944 1969 bonum
2993 1913 3278 1972 subsecuta
3324 1921 3426 1968 est.

168 1995 578 2065 misericordiae,
627 2000 1046 2074 benignitatem,
1098 2005 1498 2074 humilitatem,
1563 1993 2317 2066 mode-BAdolescentiores
2377 2012 2558 2060 autem
2602 2005 2792 2061 viduas
2853 2005 3064 2072 devita;
3121 2021 3245 2062 cum
3283 2004 3428 2061 enim

165 2088 348 2156 stiam,
372 2093 689 2162 patientiam
726 2098 1380 2166 :supportantesinvieem
1405 2109 1460 2154 et
1486 2101 1748 2160 donantes

163 2180 584 2254 vobismetipsis,
618 2186 664 2240 si
706 2186 829 2255 quis
873 2187 1130 2243 adversus
1171 2189 1402 2259 aliquem
1431 2191 1593 2246 habet
1616 2206 1747 2262 que-

167 2271 355 2328 relam.
389 2274 576 2345 (lbid.,
608 2293 656 2330 υ.
717 2276 807 2349 17)
842 2276 1011 2333 Omne
1055 2279 1415 2352 quodcunque
1468 2281 1648 2338 facitis
1687 2283 1744 2339 in

162 2364 351 2426 verbo,
381 2373 472 2419 aut
498 2366 552 2419 in
584 2381 766 2436 opere,
801 2370 984 2423 omnia
1022 2369 1074 2424 in
1103 2371 1322 2426 nomine
1359 2371 1572 2427 Domini
1615 2370 1742 2428 .lesu

161 2454 388 2521 Christi,
429 2459 632 2528 gratias
678 2471 900 2530 agentes
941 2461 1052 2516 Deo
1100 2471 1155 2516 et
1203 2463 1350 2518 Patri
1402 2479 1500 2534 per
1538 2467 1736 2533 ipsum.

161 2546 301 2617 (Col.
357 2565 429 2612 ιν,
460 2548 514 2621 6)
570 2550 765 2608 Sermo
807 2559 988 2609 Vester
1027 2569 1241 2626 semper
1289 2557 1473 2626 gratiae
1513 2557 1626 2612 sale
1671 2557 1742 2614 sit

161 2639 436 2706 conditus,
465 2649 523 2696 ut
551 2641 736 2698 sciatis
762 2645 1030 2715 quomodo
1055 2654 1299 2717 oporteat
1331 2657 1428 2703 vo‘s
1454 2649 1742 2718 unicuique

165 2733 487 2803 respondere

231 2828 309 2882 An
345 2828 874 2886 Tnsssanomcsnsss
911 2830 953 2886 Ι.
985 2830 1038 2902 (Ι
1077 2830 1255 2886 Thess.
1295 2848 1350 2898 ιι,
1374 2832 1430 2904 4)
1468 2831 1739 2904 Rogamus

163 2931 340 2976 autem
375 2937 495 2988 vos,
529 2922 748 2992 fratres,
784 2932 846 2980 ut
881 2924 1168 2980 abundetis
1215 2925 1387 2998 magis
1414 2933 1470 2979 et
1515 2939 1735 2996 operam

162 3011 321 3077 detis,
354 3024 411 3066 ut
441 3013 607 3083 quieti
630 3014 770 3080 sitis,
800 3023 854 3068 et
879 3024 940 3070 ut
965 3025 1200 3070 vestrum
1234 3016 1504 3088 negotium
1540 3015 1732 3087 agatis,

1847 2095 2136 2150 luxuriata:
2171 2095 2369 2150 fuerint
2416 2097 2470 2150 in
2524 2097 2739 2152 Christo
2762 2138 2774 2160 ,
2827 2099 3028 2152 nubere
3070 2097 3253 2151 volunt
3287 2115 3299 2150 :
3333 2098 3431 2152 ha-

1846 2185 2041 2242 bentes
2089 2187 2486 2241 damnationem
2539 2188 2681 2256 quod
2725 2185 2957 2256 primam
3006 2186 3164 2241 ﬁdem
3217 2186 3446 2246 irritam

1845 2277 2120 2342 fecerunt;
2177 2276 2336 2332 simul
2381 2285 2583 2342 autem,
2631 2286 2686 2331 et
2735 2277 2924 2332 otiosa:
2956 2277 3170 2333 diseunt
3197 2276 3428 2332 circuire

1845 2369 2037 2424 domos
2066 2385 2080 2422 :
2111 2382 2218 2422 non
2247 2367 2424 2424 solum
2449 2369 2660 2434 otiosae,
2697 2369 2789 2424 sed
2820 2378 2874 2424 et
2911 2369 3154 2424 verbosa:
3178 2408 3194 2434 ,
3241 2375 3296 2422 et
3335 2383 3430 2422 cu-

1843 2460 2022 2525 riosas,
2052 2459 2331 2528 loquentes
2359 2475 2480 2530 qua:
2510 2476 2616 2514 nou
2637 2467 2868 2530 oportet.
2901 2459 3089 2530 (lbid.,
3112 2476 3159 2513 υ.
3193 2459 3280 2529 17)
3323 2457 3425 2526 Qui

1842 2553 1981 2609 bene
2004 2557 2244 2624 praisunt
2270 2551 2592 2624 presbyteri,
2643 2552 2840 2623 duplici
2893 2553 3098 2608 honore
3134 2550 3282 2621 digni
3322 2549 3424 2604 ha-

1840 2645 2058 2709 bentur,
2097 2645 2328 2698 maxime
2356 2643 2446 2713 qui
2476 2642 2725 2698 laborant
2750 2644 2801 2697 iu
2825 2641 3024 2708 verbo,
3056 2652 3110 2696 et
3139 2641 3416 2707 doctrina;

1841 2738 1971 2796 dicit
2013 2737 2156 2791 enim
2196 2734 2478 2805 Scriptura
2525 2752 2537 2787 :
2585 2749 2688 2788 non
2739 2734 2766 2774 ι)
2839 2732 3136 2788 infrenabis
3183 2747 3246 2787 os
3299 2730 3422 2786 bovi

1841 2828 2140 2892 trituranti,
2154 2835 2210 2883 et
2226 2827 2417 2898 dignus
2429 2835 2510 2882 est
2530 2827 2812 2895 operarius
2836 2825 3080 2880 mercede
3101 2839 3217 2879 sua.
3233 2823 3421 2895 (Ibid.,

1839 2938 1886 2978 υ.
1915 2920 2008 2994 20)
2049 2919 2344 2976 Peccantes
2368 2934 2550 2974 coram
2574 2919 2826 2974 omnibus
2855 2931 3039 2989 argue,
3074 2925 3134 2971 ut
3161 2925 3216 2970 et
3238 2916 3420 2971 caeteri

1840 3010 2086 3067 timorem
2117 3011 2372 3066 habeant.
2401 3009 2453 3082 (1
2488 3008 2622 3063 Tim.
2656 3025 2731 3075 v1,
2761 3007 2812 3080 i)
2835 3007 3152 3078 Quicunque
3173 3015 3300 3061 sunt
3321 3007 3422 3062 sub

161 3113 214 3158 et
239 3107 535 3176 operamini
563 3109 812 3163 manibus
840 3109 1058 3175 vestris,
1100 3111 1238 3166 sicut
1264 3111 1614 3180 praecepimus
1643 3127 1736 3166 νο-
1831 3102 1962 3174 Iugo
2009 3103 2175 3168 servi,
2208 3101 2458 3156 dominos
2487 3115 2613 3155 suos
2637 3099 2783 3154 onmi
2812 3099 3016 3154 honore
3059 3098 3246 3168 dignos
3274 3097 3421 3151 arbi-

158 3197 262 3260 bis,
296 3208 351 3252 et
375 3209 432 3251 ut
461 3199 685 3254 honeste
709 3200 994 3256 ambuletis
1021 3203 1086 3256 ad
1117 3217 1212 3258 eos
1233 3203 1323 3271 qui
1349 3201 1482 3259 foris
1511 3213 1655 3270 sunt,
1678 3211 1734 3259 et

159 3286 361 3340 nullius
395 3288 596 3357 aliquid
624 3288 964 3346 desideretis.

1839 3201 2072 3250 trentur.
2091 3193 2335 3264 (Ibid.,v.
2354 3191 2407 3255 7)
2424 3190 2567 3246 Nihil
2581 3191 2724 3244 enim
2743 3190 3022 3245 intulimus
3037 3190 3088 3243 in
3110 3188 3252 3243 hunc
3267 3203 3421 3241 mun-

1839 3287 1996 3354 dum;
2044 3286 2186 3341 haud
2237 3284 2459 3340 dubium
2491 3283 2634 3354 quod
2673 3297 2776 3338 nec
2802 3279 3016 3336 auferre
3055 3279 3183 3352 quid
3233 3294 3422 3350 possu-

229 3377 306 3432 An
345 3335 874 3438 TunssALoNIcsssss
907 3381 970 3436 ll.
1007 3381 1094 3454 (II
1122 3382 1300 3439 Thess.
1333 3401 1417 3453 ιιι,
1440 3385 1495 3456 6)
1523 3385 1736 3441 Denun-
1761 3335 1809 3404 ο
1838 3391 1978 3442 mus,
2015 3377 2276 3432 habentes
2314 3383 2492 3430 autem
2525 3374 2798 3438 alimenta,
2839 3381 2893 3428 et
2920 3372 3114 3442 quibus
3145 3383 3411 3444 tegamur,

160 3469 354 3525 tiamus
368 3479 544 3525 autem
573 3471 746 3536 vobis,
773 3471 987 3538 fratres,
1005 3474 1058 3528 iu
1086 3475 1300 3528 nomine
1332 3475 1540 3530 Domini
1565 3478 1737 3533 nostri

155 3559 284 3615 Jesu
322 3559 521 3618 Christi
546 3603 560 3628 ,
594 3571 654 3616 ut
689 3565 1020 3619 subtrahatis
1049 3581 1144 3620 vos
1170 3565 1238 3620 ab
1257 3567 1400 3621 omni
1432 3565 1598 3622 fratre
1620 3584 1731 3623 am-

157 3653 375 3707 bulante
401 3654 724 3708 inordinate.
749 3654 936 3726 (Ibid.,
964 3673 1010 3712 υ.
1042 3657 1127 3730 10)
1163 3657 1293 3712 Cum
1322 3673 1565 3715 essemus
1595 3660 1739 3731 apud

156 3761 290 3813 vos,
342 3748 444 3803 hoc
493 3747 939 3804 denuntiabamus
988 3751 1142 3806 vobis
1187 3752 1486 3822 :quoniam
1527 3753 1571 3806 si
1617 3752 1738 3822 quis

156 3852 263 3891 non
307 3837 420 3892 vult
464 3839 698 3908 operari,
744 3855 846 3896 nec
899 3841 1219 3915 manducet;
1261 3841 1566 3895 audivimus
1589 3839 1734 3894 enim

157 3929 299 3984 inter
323 3945 419 3984 vos
449 3931 710 3998 quosdam
746 3931 1022 3986 ambulare
1049 3931 1101 3984 in
1125 3930 1325 4000 quiete,
1352 3929 1483 3984 nihil
1506 3944 1738 4000 operan-

158 4026 258 4082 tes,
304 4021 397 4072 sed
444 4018 656 4070 curiose
693 4025 931 4086 agentes.
985 4018 1054 4072 lis
1104 4025 1299 4081 autem,
1352 4017 1443 4086 qui
1473 4016 1735 4088 ejusmodi

157 4117 303 4174 sunt,
335 4107 736 4171 denuntiamus,
785 4116 839 4161 et
864 4107 1212 4162 obsecramus
1249 4107 1299 4160 in
1353 4106 1581 4161 Domino
1608 4106 1735 4162 Jesu

157 4197 394 4262 Christo,
455 4205 512 4250 ut
559 4212 680 4251 cum
727 4196 942 4252 silentio
976 4206 1262 4268 cperantes
1288 4239 1303 4264 ,
1345 4213 1499 4253 suum
1542 4212 1736 4268 panem

157 4289 503 4344 manducent.
531 4287 638 4342 Vos
667 4296 870 4352 autem,
887 4287 1098 4352 fratres,
1123 4287 1288 4342 nolite
1311 4288 1542 4344 deﬁcere
1569 4289 1734 4344 bene-

159 4381 415 4437 facientes
443 4391 468 4420 α
499 4379 574 4451 (in
597 4379 812 4435 Christo
837 4378 962 4436 Jesu
993 4380 1218 4435 Domino
1247 4383 1482 4453 nostro).

230 4473 307 4527 An
344 4472 691 4529 Τιιιοτιιειιιι.
729 4471 748 4526 Ι
791 4471 841 4543 (1
872 4469 1004 4525 Tim.
1036 4487 1098 4537 ιι,
1126 4470 1180 4543 9)
1215 4470 1475 4526 Similiter
1513 4479 1568 4527 et
1619 4487 1736 4526 mu-

157 4565 318 4619 lieres
348 4564 400 4618 in
434 4563 620 4618 habitu
651 4571 842 4618 ornato
867 4604 880 4627 ,
919 4577 1039 4617 cum
1069 4562 1412 4626 verecundia,
1442 4570 1499 4618 et
1527 4563 1732 4619 sobrie-

1838 3471 1924 3527 his
1948 3469 2186 3525 contenti
2218 3469 2408 3524 simus.
2458 3466 2595 3522 Nam
2651 3467 2743 3537 qui
2775 3465 2963 3521 volunt
3011 3463 3206 3520 divites
3249 3463 3365 3518 ﬁeri
3395 3503 3412 3529 ,

1838 3561 2085 3618 incidunt
2139 3560 2194 3614 iu
2253 3559 2624 3621 tentationem,
2676 3566 2732 3610 et
2786 3555 3033 3626 laqueum
3086 3551 3304 3616 diaboli,
3366 3560 3422 3608 et

1836 3651 2100 3708 desideria
2155 3649 2321 3704 multa
2361 3647 2592 3711 inutilia,
2641 3653 2695 3700 et
2724 3644 2936 3708 nociva,
2983 3657 3104 3714 qua:
3166 3649 3418 3711 mergunt

1836 3743 2083 3797 homines
2114 3739 2387 3793 interitum
2423 3745 2478 3792 et
2499 3736 2882 3807 perditionem.

1903 3829 1985 3884 An
2025 3829 2345 3884 Tmo'rnnuu
2384 3828 2445 3882 ll.
2483 3825 2581 3898 (11
2609 3825 2744 3880 Tim.
2775 3841 2848 3890 ιι,
2878 3823 2954 3895 4)
2985 3823 3154 3878 Nemo
3183 3822 3421 3878 militans

1839 3922 1950 3977 Deo
1980 3921 2218 3992 implicat
2245 3937 2302 3976 se
2335 3919 2565 3990 negotiis
2593 3916 2976 3980 saecularibus,
3016 3922 3076 3970 ut
3114 3914 3162 3969 ei
3206 3911 3416 3983 placeat

1840 4015 1925 4069 cui
1950 4028 2008 4068 se
2029 4011 2297 4083 probavit.
2328 4009 2516 4080 (Ibid.,
2539 4026 2587 4062 υ.
2614 4007 2700 4078 Η)
2717 4005 2834 4061 Noli
2860 4005 3039 4059 verbis
3061 4002 3418 4059 contendere:

1839 4105 1904 4159 ad
1933 4105 2062 4158 nihil
2087 4103 2218 4157 utile
2263 4111 2368 4167 est,
2394 4101 2492 4155 nisi
2523 4100 2587 4154 ad
2615 4097 3019 4153 subversionem
3060 4095 3416 4150 audientium.
3506 4146 3512 4152 ,

1840 4205 1862 4234 ο
1892 4193 2065 4248 Radix
2108 4193 2348 4248 omnium
2391 4190 2654 4244 malorum
2689 4195 2772 4242 est
2806 4187 3090 4257 cupiditas.
3119 4185 3144 4224 ἀ
3175 4182 3408 4239 Profana

1837 4294 2018 4342 autem
2045 4295 2100 4340 et
2129 4284 2306 4339 inania
2339 4281 2645 4350 vaniloquia
2678 4279 2874 4333 devita.
3303 4335 3312 4342 η

1907 4376 1989 4429 An
2011 4373 2208 4428 Τιτωι.
2239 4370 2366 4442 (Tit.
2395 4367 2622 4438 ιι,1)Τιι
2649 4376 2830 4420 autem
2853 4364 3073 4434 loquere
3093 4380 3213 4435 qum
3229 4363 3422 4418 decent

1839 4481 2026 4522 sanam
2083 4463 2404 4518 doctrinam.
2478 4458 2648 4514 Senes
2711 4467 2769 4512 ut
2823 4456 2986 4510 sobrii
3019 4457 3147 4523 sint,
3214 4454 3416 4525 pudici,

1836 4557 2152 4628 prudentes,
2173 4554 2289 4610 sani
2313 4553 2366 4608 in
2381 4551 2486 4607 ﬁde
2504 4552 2555 4606 in
2573 4549 2878 4614 dilectione,
2897 4551 2946 4604 iu
2967 4547 3242 4620 patientia.
3269 4548 3419 4602 Anus

157 4665 268 4712 tate
315 4664 572 4712 ornantes
617 4670 674 4711 se
721 4671 828 4711 non
868 4653 920 4710 in
960 4655 1115 4710 tortis
1142 4654 1416 4721 crinibus,
1443 4663 1537 4710 aut
1580 4671 1730 4720 auro,
1761 4680 1814 4740 Β
1840 4647 2084 4704 similiter
2147 4644 2201 4698 in
2260 4642 2444 4698 habitu
2505 4649 2692 4696 sancto
2727 4683 2740 4706 ,
2801 4657 2908 4696 non
2973 4639 3369 4696 criminatrices
3399 4679 3414 4704 ,

159 4758 253 4802 aut
288 4749 594 4818 margaritis
617 4788 630 4809 ,
666 4746 750 4801 vel
783 4755 929 4802 veste
968 4747 1204 4817 pretiosa
1236 4761 1250 4800 :
1282 4749 1376 4803 sed
1404 4747 1545 4817 quod
1583 4748 1738 4803 decet

158 4837 447 4906 mulieres,
487 4839 866 4910 promittentes
905 4839 1158 4910 pietatem
1200 4855 1298 4910 per
1337 4855 1500 4910 Opera
1553 4841 1730 4905 bona;

158 4931 351 4987 mulier
386 4933 437 4987 in
468 4932 683 4988 silentio
712 4933 883 4987 discat
912 4945 1034 4986 cum
1060 4931 1205 4986 omni
1236 4930 1567 5001 subiectione
1598 4949 1610 4986 :
1636 4933 1732 4987 do-

159 5036 282 5076 cere
309 5031 489 5076 autem
521 5021 730 5076 mulieri
753 5037 857 5076 non
886 5021 1161 5092 permitto,
1189 5036 1363 5092 neque
1386 5021 1650 5078 dominari
1678 5023 1732 5076 in

160 5117 358 5182 virum,
381 5116 474 5170 sed
498 5131 616 5171 esse
642 5117 694 5169 in
718 5116 952 5171 silentio.
971 5114 1023 5185 (Ι
1039 5105 1172 5169 Tini.
1189 5131 1270 5180 ιιι,
1289 5115 1377 5186 il)
1395 5113 1642 5170 Mulieres
1662 5115 1734 5169 si-

160 5205 269 5260 mul
322 5205 562 5275 pudicas,
608 5220 712 5259 non
767 5204 1132 5267 detrahentes,
1187 5203 1415 5268 sobrias,
1467 5204 1649 5259 ﬁdeles
1679 5205 1730 5258 in

160 5296 431 5352 omnibus.
449 5293 500 5366 (I
517 5293 1029 5364 Tim.|v,7)lneptas
1041 5301 1095 5348 et
1129 5292 1298 5348 aniles
1313 5291 1518 5347 fabulas
1532 5295 1729 5358 devita,

159 5405 353 5447 exerce
402 5397 578 5444 autem
621 5389 847 5455 teipsum
881 5388 946 5442 ad
972 5387 1248 5460 pietatem.
1281 5385 1414 5440 Nam
1443 5386 1734 5456 corporalis

159 5481 476 5538 exercitatio
525 5481 589 5534 ad
635 5481 902 5535 modicum
963 5479 1107 5534 utilis
1154 5488 1231 5534 est
1259 5519 1274 5544 ,
1322 5479 1729 5549 promissionem

160 5579 364 5635 habens
397 5577 540 5642 vitae,
565 5591 684 5646 quae
715 5590 855 5630 nunc
881 5584 986 5640 est,
1025 5583 1080 5628 et
1117 5572 1330 5628 futurzr.
1354 5571 1404 5643 (Ι
1441 5571 1572 5626 Tim.
1597 5589 1651 5638 v,
1681 5573 1729 5643 l)

231 5744 257 5774 ⁸
287 5730 412 5787 Haec
439 5712 641 5786 addi-dit
689 5727 930 5796 Scriptor
984 5732 1184 5796 noster,
1233 5724 1323 5796 ad_
1347 5722 1488 5796 hunc
1518 5705 1732 5796 modum

161 5805 543 5872 interpretans,
574 5815 693 5870 quae
745 5793 863 5868 post
894 5795 1216 5852 versiculum
1261 5794 1328 5849 15
1367 5793 1555 5848 scribit
1596 5793 1734 5848 Pau-

163 5874 263 5986 l":
284 5943 509 6009 Vulgata
545 5960 556 5996 :
587 5942 824 6009 aliiqalm

1841 4756 1945 4794 non
1975 4738 2101 4793 vino
2140 4735 2367 4791 multum
2431 4735 2746 4800 servientes,
2813 4735 2948 4789 bene
3003 4732 3284 4791 docentes,
3355 4738 3415 4784 ut

1839 4827 2176 4901 prudentiam
2205 4827 2430 4881 doceant
2478 4823 2924 4888 adolescentulas,
2978 4829 3037 4876 ut
3086 4821 3233 4875 viros
3269 4835 3398 4876 suos

1841 4928 2040 4984 ament,
2073 4918 2211 4974 filios
2256 4932 2383 4972 suos
2411 4915 2669 4984 diligant;
2711 4913 3034 4984 prudentes,
3077 4921 3278 4976 castas,
3323 4927 3412 4967 so-

1840 5014 2003 5076 brias,
2059 5011 2248 5066 domus
2298 5024 2485 5065 curam
2527 5010 2808 5072 habentes,
2847 5006 3136 5077 benignas,
3173 5005 3415 5061 subditas

1839 5105 1952 5160 suis
1991 5105 2160 5168 viris;
2190 5099 2418 5170 juvenes
2455 5101 2702 5156 similiter
2732 5099 2952 5153 hortare
2983 5107 3042 5152 ut
3075 5098 3239 5153 sobrii
3263 5097 3413 5164 sint;

1841 5196 1967 5268 (Tit.
2009 5212 2090 5260 ιιι,
2121 5197 2174 5267 ι)
2213 5197 2441 5251 admone
2475 5195 2614 5258 illos,
2657 5191 3017 5262 principibus,
3047 5199 3100 5248 et
3139 5193 3416 5262 potestati-

1841 5291 1938 5344 bus
1961 5288 2202 5344 subdilos
2215 5303 2358 5354 esse,
2373 5283 2517 5343 dicto
2537 5286 2776 5349 obedire,
2793 5285 2859 5339 ad
2873 5301 3032 5340 omne
3053 5301 3188 5357 opus
3215 5287 3414 5340 bomun

1841 5393 2060 5455 paratos
2087 5399 2224 5440 esse.
2275 5381 2550 5438 Neminem
2580 5379 3114 5449 blasphemare,‘non
3155 5379 3416 5450 litigiosus

1839 5491 1978 5540 esse,
2011 5477 2102 5531 sed
2132 5475 2423 5533 modestos,
2463 5485 2678 5525 onmem
2720 5469 3064 5524 ostendentes
3107 5479 3388 5524 mansuetu

1839 5567 2013 5621 dinem
2036 5566 2100 5619 ad
2131 5577 2318 5619 omnes
2339 5562 2606 5618 homines.
2634 5560 2820 5632 (Ibid.,
2858 5579 2906 5615 υ.
2931 5561 2985 5631 9)
3009 5557 3213 5615 Stultas
3237 5569 3416 5615 autem

1913 5738 1932 5764 ο
1961 5725 1980 5779 l
2030 5724 2168 5777 Tim.
2201 5737 2274 5788 νι,
2307 5723 2392 5778 10.
2423 5721 2746 5793 Alleganous
2775 5730 2958 5790 itaque
2987 5727 3106 5776 erat
3134 5718 3285 5774 locus
3312 5718 3414 5774 iste

1840 5805 2018 5938 angeli.
2042 5863 2179 5918 Tim.
2212 5865 2383 5938 ",16.
2417 5863 2598 5938 Codex
2629 5865 2792 5938 habet
2816 5873 2863 5918 et
2895 5863 3042 5917 inani
3067 5859 3296 5936 loquela,
3319 5873 3410 5938 per

1843 5933 2184 6004 manifestum
2213 5936 2396 6010 utique
2424 5935 2779 5992 Amauuensis
2804 5948 3045 5990 errorem
