3974 6344
142 436 271 493 HM

137 643 274 699 nire.
301 638 423 696 Per.

862 707 1003 763 Alia.

212 801 439 857 Domine
469 800 613 857 Deus
640 799 1003 871 omnipotens,
1030 798 1372 869 sempiterne,
1408 797 1501 869 qui
1522 812 1711 867 pecca-

143 902 317 947 torum
377 890 764 962 indulgentiam
801 891 855 945 in
897 889 1237 946 confessione
1265 888 1425 945 celeri
1463 888 1709 959 posuisti,

139 997 394 1039 succurre
444 983 629 1053 lapsis,
682 982 942 1038 miserere
973 981 1155 1047 fessis,
1196 989 1257 1035 ut
1310 994 1446 1051 quos
1494 978 1712 1035 delicto-

141 1091 259 1131 rum
281 1083 475 1131 catena
496 1074 839 1147 constringit,
861 1072 1140 1130 miseratio
1163 1080 1267 1128 tua:
1289 1070 1507 1142 pietatis
1531 1069 1710 1127 absol-

138 1172 246 1221 vat.
276 1165 399 1222 Per.

210 1255 352 1310 Tunc
376 1255 619 1325 inﬁrmus
648 1255 789 1309 dicat
817 1252 1107 1309 orationem
1129 1250 1458 1306 Dominicam
1489 1258 1537 1305 et
1564 1266 1708 1322 sym-

138 1349 308 1405 bolum
364 1365 482 1404 cum
522 1345 793 1421 signaculo
843 1355 1039 1402 sanctis
1084 1343 1377 1401 Trinitatis.
1416 1342 1710 1415 Interroget

135 1440 376 1496 sacerdos
402 1440 477 1494 ita
506 1452 526 1496 .‘

207 1530 300 1588 Vis
323 1532 595 1589 dimittere
643 1531 751 1598 his,
782 1531 877 1602 qui
928 1531 982 1586 in
1022 1538 1075 1587 te
1109 1540 1496 1601 peccaverunt,
1529 1531 1708 1587 omnia

136 1632 196 1679 ut
218 1632 271 1680 et
307 1624 448 1680 Deus
479 1623 716 1679 dimittat
748 1623 842 1679 tibi
868 1624 1049 1679 omnia
1075 1632 1296 1694 peccata
1328 1624 1591 1694 tua,.ipso
1629 1624 1710 1679 di—

136 1704 326 1772 ce'nte:
358 1714 416 1771 Si
444 1730 551 1771 non
575 1715 889 1772 remiseritis
915 1715 1225 1772 bom'inibus
1250 1724 1474 1787 peccata
1497 1732 1707 1784 eorum,

137 1822 236 1862 nec
276 1806 437 1862 Pater
481 1814 662 1862 vester
709 1805 948 1860 caelestis
999 1804 1236 1860 dimittet
1291 1806 1442 1861 vobis
1490 1814 1709 1877 peccata

1045 430 1413 488 EXCERPTA
1451 431 1494 485 Ε
1530 427 1959 486 PONTIFICALI
2000 427 2059 483 S.
2099 428 2491 484 PRUDENTII.

140 546 343 606 meritis
365 560 611 613 currere,
635 553 691 601 et
738 545 805 602 ad
850 545 999 616 pacis
1028 553 1229 601 aeterna
1252 543 1470 616 praemia
1511 547 1782 614 perve-A

3247 421 3380 476 1442

2532 542 2668 596 Alia.

1884 638 2179 695 Benedicat
2199 645 2251 693 te
2282 637 2421 693 Deus
2442 634 2624 693 Pater.
2656 632 2925 691 custodiat
2952 639 3005 689 te
3048 630 3205 688 Jesus
3228 631 3383 689 Chri-

1843 739 1947 785 tus.
1972 738 2079 785 CIC.

1843 745 1894 785 tu
1972 745 2079 785 etc.

1812 745 1840 786 s
1880 746 2169 877 genedicat
2224 827 2280 875 te
2325 817 2467 874 Deus
2520 812 2701 873 Pater.
2756 823 2913 871 sanet
2958 821 3011 871 te
3058 813 3156 871 Dei
3197 813 3385 881 Filius,

1811 920 1899 969 etc

2534 979 2675 1036 Alia.

1881 1076 2233 1147 Omnipotens
2261 1075 2585 1147 sempiterne
2608 1074 2752 1130 Deus
2783 1072 2876 1145 qui
2923 1072 3175 1130 subvenis
3203 1071 3257 1128 in
3291 1086 3386 1144 pe-

1810 1166 2018 1235 riculis,
2038 1175 2143 1225 etc.

2157 1278 2548 1335 Benedictiones
2572 1293 2728 1349 super
2746 1277 3013 1348 inﬁrmum

1881 1372 2142 1430 Dominus
2166 1370 2322 1430 Jesus
2352 1370 2600 1428 Christus
2635 1370 2775 1441 apud
2806 1378 2861 1427 te
2886 1371 2978 1439 sit,
3009 1377 3069 1427 ut
3113 1379 3168 1428 te
3200 1370 3387 1426 defen-

1811 1465 1923 1531 dat,
1952 1473 2059 1521 etc.

1876 1553 2169 1611 Benedicat
2191 1565 2243 1611 te
2268 1555 2411 1611 Deus
2443 1553 2586 1620 caeli,
2615 1559 2721 1609 etc.

1879 1645 2169 1703 Benedicat
2195 1656 2247 1703 te
2276 1648 2418 1705 Deus
2449 1645 2626 1712 Pater,
2667 1644 2759 1717 qui
2794 1645 2852 1702 in
2886 1644 3152 1719 principio
3181 1650 3379 1704 cuncta

1810 1738 2037 1803 creavit,
2067 1747 2173 1795 etc.
3380 1742 3383 1743 ⁷

1848 1885 1854 1891 ,
1883 1829 2027 1886 Deus
2050 1829 2237 1896 Pater,
2279 1830 2422 1888 Deus
2454 1829 2642 1899 Filius,
2672 1832 2814 1888 Deus
2862 1829 3098 1903 Spiritus
3140 1838 3384 1897 sanctus,

134 1900 343 1955 vestra?
373 1898 435 1955 Si
460 1915 564 1954 non
597 1898 703 1954 vult
725 1898 1141 1969 dimittere,gnon
1163 1898 1418 1969 suscipias
1446 1898 1559 1968 ejus
1590 1915 1709 1953 con—
1739 1911 1783 1971 Β
1809 1928 1914 1978 εις.
1992 1942 2009 1950 .,

133 1990 424 2059 fessionem.
454 1988 523 2043 Et
546 1990 747 2053 require
771 2005 889 2044 eum
907 1989 1181 2059 diligenter
1191 1989 1236 2043 si
1260 1998 1332 2043 est
1354 1989 1707 2056 incestuosus;

131 2079 240 2134 etsi
270 2079 375 2134 vult
403 2079 658 2134 dimittere
684 2096 795 2149 ipsa
818 2080 1035 2145 incesta,
1068 2079 1139 2133 da
1174 2079 1222 2133 ei
1246 2078 1631 2149 panitentiam;
1658 2091 1709 2136 et

130 2170 177 2225 si
204 2187 303 2225 non
326 2168 452 2236 vult,
481 2169 587 2225 noli
610 2170 738 2225 dare
762 2171 809 2224 ei
828 2152 1199 2241 paenitentiam.
1232 2167 1432 2239 Et'post
1455 2170 1567 2224 Itwc
1586 2188 1708 2226 con-

129 2259 339 2327 ﬁteatur
358 2259 532 2314 omnia
553 2270 767 2329 peccata
800 2277 898 2315 sua
921 2267 1178 2331 quantum
1206 2257 1473 2313 recordari
1497 2270 1662 2328 potest
1686 2277 1705 2316 :

129 2358 179 2403 et
216 2359 327 2420 post
367 2349 478 2404 lucc
510 2350 650 2405 dicat
697 2350 807 2406 lucc
864 2352 1018 2405 verba
1039 2364 1059 2403 .'
1088 2349 1254 2404 Multa
1279 2358 1426 2415 sunt,
1460 2350 1705 2419 Domine,

128 2448 352 2510 peccata
378 2454 498 2496 mea
527 2440 581 2495 in
611 2442 812 2507 verbis,
841 2441 898 2495 in
947 2440 1129 2506 factis,
1180 2440 1234 2494 in
1265 2440 1703 2510 cogitationibus.

131 2530 202 2585 Et
226 2530 433 2586 inclinet
457 2548 513 2586 se
541 2531 609 2586 ad
636 2547 809 2601 genua
836 2531 1143 2586 sacerdotis.
1183 2528 1328 2584 Tunc
1356 2528 1499 2583 dicat
1526 2539 1705 2581 sacer-

130 2626 225 2680 dos
248 2625 538 2680 orationem
562 2633 677 2695 post
701 2622 1077 2692 confessionem
1104 2636 1120 2674 :

208 2716 428 2771 Domine
484 2724 702 2782 sancte,
766 2714 929 2771 Pater
983 2712 1449 2785 omnipotentens,
1506 2718 1707 2767 aeterne

132 2806 294 2872 Deus,
322 2813 533 2861 creator
582 2814 638 2861 et
679 2813 1029 2861 conservator
1077 2805 1299 2860 humani
1329 2802 1561 2876 generis,
1614 2801 1705 2872 qui

130 2898 469 2969 peccantium
489 2897 860 2969 paenitentiam
903 2897 986 2953 vis
1019 2897 1198 2967 potius
1236 2912 1397 2968 quam
1436 2904 1700 2959 mortem;

130 2990 276 3046 hunc
326 3005 543 3046 servum
592 2998 757 3055 tuum,
806 2991 898 3061 qui
949 2990 1131 3046 mundi
1178 2991 1456 3047 erroribus
1495 2989 1700 3058 lapsus,

130 3089 293 3154 atque
321 3081 519 3138 diaboli
544 3082 885 3139 infestatione
908 3084 1183 3154 deceptus,
1206 3079 1699 3153 prostratusjacet:

130 3182 257 3229 ante
296 3183 644 3244 conspectum
692 3173 988 3243 majestatis
1028 3184 1153 3242 tute,
1202 3186 1256 3230 tu
1279 3175 1371 3245 qui
1401 3175 1522 3246 pius
1562 3188 1622 3228 es
1650 3180 1704 3228 et

2047 2012 2232 2069 Oratio
2262 2031 2330 2070 aa
2357 2013 2846 2071 communicandum
2865 2014 3153 2084 inﬁrmum.

1882 2105 2130 2163 Salvator
2158 2115 2343 2163 noster
2385 2107 2820 2179 Redemptorque
2859 2106 3123 2171 omnium,
3153 2102 3247 2175 qui
3276 2118 3385 2160 non

1809 2198 1983 2255 solum
2031 2198 2439 2268 paenitentibus,
2499 2198 2596 2253 sed
2649 2199 2812 2253 etiam
2862 2196 2948 2252 bis
2998 2197 3099 2275 qui
3154 2209 3256 2251 nec
3320 2195 3387 2250 ad

1810 2297 1863 2344 te
1890 2288 2078 2344 venire
2125 2288 2370 2359 cupiunt,
2408 2287 2621 2345 veniam
2666 2286 2963 2350 ultroneus,
3014 2299 3079 2340 ac
3122 2283 3388 2356 propitius

1808 2381 2095 2436 miserator
2156 2380 2420 2452 indulges,
2501 2389 2553 2435 te
2609 2379 2879 2450 supplices
2938 2393 3266 2448 quaesumus,
3322 2385 3384 2431 nt

1809 2470 1953 2524 hunc
1980 2469 2240 2525 tamulum
2271 2469 2338 2524 N.
2365 2470 2436 2525 ad
2464 2470 2705 2542 corporis
2738 2479 2794 2526 et
2819 2470 3099 2542 sanguinis
3128 2470 3203 2525 tui
3240 2484 3385 2525 eom-

1807 2559 2118 2629 munionem
2161 2558 2369 2616 indulta
2393 2559 2553 2616 venia
2600 2560 2808 2617 caelesti
2853 2559 3233 2618 benedictiOne
3263 2574 3387 2633 per-

1809 2647 1994 2705 ducas.
2017 2645 2141 2705 Per.

2533 2719 2677 2777 Alia.
3104 2762 3129 2789 .

1876 2808 2083 2866 Exaudi
2114 2825 2232 2877 nos,
2260 2809 2487 2867 Domine
2509 2809 2653 2865 Deus
2672 2819 2877 2879 noster,
2905 2820 2961 2867 et
2984 2821 3179 2884 praesta
3208 2822 3269 2869 ut
3287 2828 3386 2885 per

1806 2918 1999 2959 manus
2037 2903 2439 2975 impositionetn
2469 2911 2669 2959 nostra:
2719 2904 3009 2960 descendat
3053 2921 3216 2977 super
3237 2906 3383 2961 hunc

1805 2994 2067 3049 famulum
2116 3003 2267 3050 tuum
2320 2994 2626 3050 idoneitatis
2673 2995 2954 3063 auxilium,
3000 2996 3094 3067 qui
3136 2996 3385 3052 omnibus

1805 3083 1968 3154 lapsis
2019 3084 2229 3140 veniam
2279 3083 2509 3140 libenter
2559 3085 2814 3157 ignoscis,
2862 3094 2917 3140 et
2960 3085 3385 3142 satisfactionem

1806 3186 2090 3234 contentus
2119 3180 2185 3234 ad
2216 3186 2269 3233 te
2293 3178 2668 3249 complecteris
2714 3180 2935 3245 reverti,
2963 3179 3028 3235 da
3056 3179 3106 3235 ei
3155 3188 3217 3234 ut
3242 3194 3388 3235 com-

128 3263 461 3330 misericors,
492 3266 717 3336 respice,
740 3275 795 3321 et
819 3267 966 3339 erige
998 3267 1213 3333 elisum,
1252 3266 1399 3323 solve
1432 3266 1702 3336 compedi-
1729 3271 1773 3335 C
1806 3267 2078 3323 munionis
2102 3276 2316 3339 recepta
2344 3268 2538 3339 gratia,
2577 3266 2778 3324 referat
2814 3269 2882 3324 de
2934 3270 3190 3325 saeviente
3231 3270 3387 3325 hoste

130 3366 265 3424 tum,
293 3357 535 3414 illumina
563 3374 785 3426 caecum,
814 3368 870 3415 et
890 3375 1081 3416 revoca
1109 3375 1234 3416 eum
1261 3360 1329 3415 ad
1350 3359 1596 3415 salutem.
1622 3359 1703 3414 Tu

126 3450 276 3504 enim
295 3466 394 3521 per
417 3452 737 3521 prophetam
773 3452 992 3508 dixisti:
1028 3451 1161 3508 Nolo
1187 3462 1417 3509 mortem
1453 3461 1703 3524 peccato-

126 3543 225 3610 ris,
278 3545 373 3601 sed
420 3553 482 3600 ut
533 3552 880 3601 convertatur
925 3554 981 3602 et
1027 3546 1216 3601 vivat:
1247 3548 1483 3603 concede
1513 3547 1698 3613 etiam,

125 3636 374 3704 Domine,
401 3647 463 3693 ut
517 3637 749 3695 fructum
806 3640 1024 3709 dignum
1084 3639 1414 3712 ptenitentia:
1455 3648 1698 3712 peragat,

122 3739 183 3783 et
214 3739 524 3801 perpetuam
552 3732 763 3786 veniam
791 3732 1070 3804 percipere
1100 3742 1392 3800 mereatur,
1422 3742 1477 3789 et
1504 3733 1695 3791 Eccle-

123 3820 221 3876 sia:
243 3829 346 3876 tua:
371 3830 571 3878 sancta:
601 3820 919 3889 conjunctus
944 3823 1259 3894 gratuletur.
1289 3822 1412 3879 Per.

853 3957 994 4009 Alia.

198 4045 274 4100 Da
304 4044 478 4109 nobis,
505 4044 750 4110 Domine,
772 4053 832 4099 ut
859 4045 998 4100 sicut
1020 4044 1293 4115 publicani
1344 4060 1594 4116 prectous
1643 4056 1698 4103 et

118 4136 466 4194 confessione
511 4134 755 4206 placatus
782 4149 861 4201 es,
902 4135 977 4189 ita
1010 4144 1067 4190 et
1096 4136 1223 4191 huic
1263 4135 1465 4192 famulo
1504 4147 1593 4192 tuo
1632 4137 1694 4192 N.

117 4230 364 4301 placare,
408 4228 655 4295 Domine,
680 4237 734 4283 et
755 4226 1004 4297 precibus
1046 4227 1161 4297 ejus
1202 4228 1465 4300 benignus
1495 4229 1695 4299 aspira,

118 4329 183 4376 ut
212 4322 265 4376 in
287 4319 623 4376 confessione
644 4317 807 4375 flebili
837 4333 1180 4389 permanens,
1208 4327 1264 4373 et
1293 4318 1549 4389 petitione
1578 4334 1699 4389 per-

116 4421 286 4483 petua
319 4410 663 4467 clementiam
689 4422 834 4466 tuam
858 4410 1154 4467 clementer
1177 4417 1387 4476 exoret,
1417 4410 1699 4481 sacrisque

116 4503 383 4559 altaribus
429 4515 485 4559 et
530 4504 886 4563 sacramentis
910 4503 1213 4571 restitutus,
1246 4518 1435 4560 rursus
1490 4502 1697 4561 caelesti

114 4594 305 4667 gloriae
330 4595 686 4665 mancipetur.
710 4594 833 4650 Per.

841 4702 982 4758 Alia.
1515 4747 1519 4751 .

186 4793 542 4864 Omnipotens
584 4802 640 4849 et
696 4793 1002 4849 misericors
1047 4792 1222 4860 Deus,
1273 4793 1551 4850 confitenti
1594 4792 1692 4850 tibi

113 4885 245 4939 huic
299 4884 502 4940 famulo
553 4892 647 4941 tuo
675 4884 741 4939 N.
776 4884 970 4940 delicta
995 4899 1095 4955 pro
1131 4892 1219 4940 tua
1255 4885 1454 4956 pietate
1483 4886 1687 4953 relaxa,

111 4983 176 5030 ut
225 4990 331 5031 non
377 4976 498 5045 plus
536 4976 585 5032 ei
621 4984 811 5032 noceat
857 4976 1200 5032 conscientia:
1246 4986 1428 5034 reatus
1483 4979 1552 5035 ad
1576 4993 1692 5051 pm-

110 5082 264 5132 nam,
325 5080 488 5136 quam
536 5065 869 5137 indulgentia
916 5074 1021 5122 tua:
1060 5065 1279 5139 pietatis
1326 5068 1396 5125 ad
1452 5068 1686 5127 veniam.

108 5157 242 5213 Per.

849 5226 990 5282 Alia.

183 5318 439 5390 Respice,
486 5318 736 5388 Domine,
763 5319 1029 5391 propitius
1054 5334 1219 5391 super
1256 5320 1403 5379 hunc
1432 5320 1693 5381 famulum

107 5420 266 5468 tuum
299 5411 389 5481 Ν.,
417 5420 529 5469 etc.

466 5503 753 5559 Conuersus
774 5502 843 5557 ad
870 5503 1136 5572 inﬁrmum
1157 5504 1293 5558 dicet
1320 5519 1339 5557 :

180 5592 500 5650 Misereatur
537 5596 613 5650 tui
650 5595 994 5664 omnipotens
1023 5593 1187 5660 Deus,
1216 5602 1272 5649 et
1322 5593 1561 5650 dimittat
1588 5594 1687 5652 tibi

102 5685 372 5742 Dominus
395 5696 615 5757 peccata
652 5696 763 5753 tua,
795 5686 988 5743 liberet
1010 5694 1061 5741 te
1088 5685 1157 5741 ab
1182 5686 1328 5741 omni
1358 5686 1518 5752 malo,
1559 5702 1690 5744 con-

101 5782 292 5831 servet
319 5776 374 5831 in
400 5778 549 5833 omni
576 5777 739 5846 bono,
771 5784 828 5833 et
866 5776 1128 5850 perducat
1162 5784 1216 5834 te
1244 5777 1300 5835 in
1328 5778 1495 5836 vitam
1532 5788 1690 5835 teter-

104 5870 259 5921 ttant.
285 5865 476 5925 Amen.

1716 4628 1772 4688 D

1804 3360 2108 3427 victoriam,
2140 3369 2407 3431 quatenus
2434 3360 2629 3418 divinis
2657 3360 2902 3418 redditus
2940 3362 3168 3431 mensis,
3199 3360 3369 3418 coele-

1802 3452 1870 3508 sti
1892 3469 2032 3523 pane
2058 3439 2351 3510 saturetur.
2376 3452 2502 3508 Per.

1876 3542 2022 3598 Tunc
2033 3544 2218 3616 jubeat
2245 3544 2487 3600 sacerdos
2513 3545 2731 3600 recitare
2764 3544 2924 3600 Pater
2942 3551 3158 3610 noster;
3185 3552 3235 3600 et
3266 3560 3386 3599 cum

1799 3635 2072 3706 perfecerit
2110 3636 2252 3689 dicat
2276 3635 2543 3690 collectam
2569 3644 2864 3706 sequentem
2894 3675 2904 3691 .

1871 3726 2074 3783 Humili
2118 3736 2319 3793 mente,
2377 3727 2749 3798 charitateque
2798 3728 3012 3795 devota,
3062 3727 3383 3785 immensum

1801 3826 1965 3887 atque
2003 3817 2323 3873 clementem
2374 3819 2541 3873 Deum
2575 3816 2897 3874 invisibilem
2923 3817 3177 3889 petimus,
3208 3826 3270 3873 ut
3298 3816 3382 3872 la-

1800 3924 2018 3980 psorum
2052 3911 2282 3983 gemitus
2324 3918 2483 3979 atque
2511 3909 2915 3966 obsecrationes
2942 3911 3216 3975 exaudiat,
3249 3908 3383 3965 obli-

1798 3999 1947 4055 vioni
1974 4000 2154 4056 tradat
2183 4000 2421 4069 priorum
2451 4007 2670 4056 actuum
2719 4000 2981 4066 maculas,
3022 4008 3082 4055 ut
3126 4000 3377 4056 eumdem

1800 4087 1864 4143 N.
1889 4090 1991 4145 sub
2017 4089 2347 4161 indulgentia
2378 4089 2598 4160 pietatis
2626 4104 2736 4145 suae
2763 4088 2831 4145 ad
2857 4105 3027 4147 sacras
3047 4089 3383 4147 communio-

1800 4180 1886 4236 nis
1906 4180 2378 4252 participationem
2401 4179 2681 4251 perducat.
2704 4178 2810 4234 Per

1956 4294 2097 4350 Hinc
2125 4294 2278 4350 detur
2306 4293 2629 4363 sacriﬁcium
2658 4292 2869 4362 inﬁrmo
2894 4293 2970 4348 ita
2993 4292 3238 4350 dicendo.

1868 4408 2078 4479 Corpus
2103 4419 2160 4463 et
2181 4407 2401 4479 sanguis
2424 4406 2635 4462 Domini
2672 4405 2844 4461 nostri
2859 4405 3004 4463 «Iesu
3027 4405 3229 4462 Chcisti
3265 4405 3373 4461 sint

1798 4498 1899 4557 tibi
1919 4501 1986 4555 ad
2010 4506 2326 4571 perpetuam
2349 4496 2577 4555 salutem
2599 4498 2688 4552 hic
2708 4506 2765 4553 et
2792 4498 2846 4553 in
2866 4506 3146 4554 aeternum.
3176 4497 3372 4552 Amen.

2208 4608 2336 4664 Post
2372 4608 2484 4663 hac
2517 4608 2752 4679 sequitur
2777 4609 2969 4664 oratio.

1873 4725 2101 4781 Domine
2121 4731 2329 4790 sancte,
2356 4723 2517 4778 Pater
2562 4723 2923 4794 Omnipotens,
2970 4730 3170 4777 aeterne
3215 4719 3374 4780 Deus.

1800 4817 2111 4876 tetideliter
2135 4818 2511 4889 deprecamur,
2556 4826 2618 4873 ut
2654 4815 2941 4888 accipienti
2992 4814 3143 4870 fratri
3191 4821 3381 4869 nostro

1797 4910 1864 4967 N.
1909 4919 2316 4968 sacrosanctum
2350 4925 2547 4979 corpus
2582 4918 2638 4966 et
2684 4909 2999 4979 sanguinem
3030 4906 3242 4961 Domini
3282 4921 3380 4959 no-

1798 5003 1897 5061 stri
1918 5002 2044 5059 Iesu
2065 5001 2266 5059 Christi
2292 5001 2414 5058 Filii
2446 5002 2544 5068 tui,
2570 5011 2680 5057 tam
2709 4999 2972 5072 corporis,
2993 5013 3158 5071 quam
3183 4984 3379 5053 animae

1796 5097 1870 5154 sit
1897 5096 2064 5153 salus.
2089 5094 2194 5150 Per
2217 5093 2467 5150 eumdem
2494 5093 2801 5149 Dominum.

2068 5208 2444 5266 Reconciliatio
2467 5206 2760 5279 pwnitentis
2788 5206 2858 5261 ad
2880 5214 3117 5261 mortem.

1866 5330 2010 5385 Deus
2036 5328 2366 5391 misericors,
2398 5326 2543 5380 Deus
2574 5321 2834 5387 clemens,
2855 5328 2962 5376 etc.

1867 5418 1973 5474 Hic
1998 5419 2268 5490 ungendus
2296 5424 2373 5471 est
2402 5413 2644 5484 inﬁrmus
2669 5412 2733 5466 de
2761 5414 2873 5466 oleo
2899 5419 3101 5465 sancto.
3136 5407 3281 5464 Tunc
3323 5405 3373 5463 si

1794 5511 2064 5582 episcopus
2090 5508 2323 5577 affuerit,
2348 5505 2582 5574 imponat
2605 5503 2711 5558 sive
2730 5502 3036 5566 sacerdotis,
3067 5501 3171 5555 sive
3198 5499 3375 5569 cujus,

1793 5618 1997 5673 cunque
2040 5598 2238 5668 inﬁrmi
2294 5595 2452 5667 capiti
2497 5611 2713 5649 manum
2748 5611 2768 5652 :
2830 5591 3067 5663 alioquin
3103 5590 3372 5662 presbyter

1798 5692 2142 5748 reconcilians
2182 5688 2477 5760 presbytero
2513 5686 2723 5756 inﬁrmo
2773 5701 2985 5740 manum
3028 5696 3378 5752 superponere

1798 5800 1902 5840 non
1931 5783 2096 5837 debet.
2129 5781 2340 5836 theris
2372 5796 2488 5835 vero
2535 5779 2756 5847 inﬁrmis
2786 5789 3099 5849 superpouat
3139 5791 3377 5832 manum-

1799 5885 1847 5930 et
1879 5875 2020 5930 dicat
2042 5875 2175 5929 hanc
2200 5874 2486 5930 orationem
2509 5888 2528 5929 .'
