3974 6344
599 375 736 436 «με

667 495 1020 568 Omnipotens
1053 495 1215 559 Deus,
1265 494 1354 566 qui
1399 495 1452 549 in
1506 494 1723 550 nomine
1780 493 2049 566 Unigeniti
2087 495 2168 550 sui
2195 499 2247 558 Α

597 585 747 642 misit
772 584 1032 656 Spiritum
1063 583 1330 651 'sanctum,
1365 594 1449 640 etc

791 675 984 731 Postea
1010 684 1219 746 accepta
1247 675 1478 746 ampulla
1507 692 1621 729 cum
1659 675 1770 728 oleo
1798 675 1940 729 dicat
1969 689 1986 726 :

665 764 772 820 Per
804 765 962 820 istam
992 765 1299 820 unctionem
1337 772 1392 820 et
1418 763 1511 819 Dei
1553 763 1977 820 benedictionem
2018 778 2172 818 mun-

596 855 788 912 dentur
807 856 874 911 ab
900 856 1047 911 omni
1077 857 1238 912 sorde
1265 856 1492 927 peccati,
1525 866 1580 911 et
1608 855 2012 911 sanctiﬂcentur
2058 872 2170 910 ma-

595 963 714 1010 nus,
757 957 812 1002 et
851 963 933 1013 os,
977 963 1074 1003 cor
1116 962 1351 1018 quoque,
1397 956 1594 1013 tactus,
1639 947 1917 1012 odoratus,
1951 963 2170 1012 sensus,

596 1041 761 1107 visus,
785 1041 1001 1098 auditus
1021 1049 1076 1097 et
1098 1049 1310 1112 gustus,
1337 1049 1507 1096 totum
1533 1055 1731 1111 corpus
1765 1049 1820 1096 et
1843 1039 2024 1096 anima
2058 1049 2170 1106 tua,

593 1139 653 1187 ut
674 1132 898 1190 idoneus
923 1131 1176 1189 eﬂiciaris
1203 1134 1269 1189 ad
1299 1133 1657 1189 invocandum
1686 1133 1741 1187 in
1785 1137 2003 1190 nomine
2030 1133 2173 1206 ejus-

595 1223 718 1280 dem
752 1223 850 1281 Dei
877 1224 1069 1281 uostri.
1100 1223 1310 1281 Reddat
1335 1225 1427 1280 tibi
1464 1224 1719 1280 Dominus
1756 1223 1995 1278 laetitiam
2025 1223 2170 1280 salu-

603 1314 738 1372 taris
765 1317 869 1384 sui,
896 1324 952 1373 et
977 1316 1167 1388 spiritu
1194 1314 1773 1387 principaliconﬁrmet
1805 1325 1887 1382 te;
1911 1314 2172 1388 Spiritum

601 1417 845 1464 sanctum
870 1408 1093 1465 innovet
1113 1409 1166 1464 in
1183 1409 1476 1465 visceribus
1501 1408 1622 1474 tuis,
1639 1417 1693 1462 et
1715 1423 1782 1462 ne
1800 1406 2010 1463 auferat
2024 1407 2172 1464 illum

593 1514 625 1553 a
665 1507 738 1565 te,
762 1501 855 1556 sed
876 1501 1182 1558 benedictio
1211 1501 1306 1558 Dei
1335 1501 1534 1566 Patris,
1557 1508 1610 1556 et
1650 1499 1792 1566 Filii,
1832 1509 1888 1556 et
1937 1498 2172 1571 Spiritus

593 1591 766 1646 sancti
797 1591 1090 1647 descendat
1115 1607 1279 1664 super
1294 1601 1364 1658 te,
1389 1608 1505 1662 quae
1533 1591 1750 1663 copiosa
1773 1607 1934 1662 supra
1953 1590 2172 1658 deﬂuat,

593 1688 650 1736 et
678 1681 731 1735 in
750 1690 995 1737 extrema
1017 1682 1184 1739 totius
1208 1681 1451 1754 corporis
1472 1681 1546 1736 tui
1581 1681 1897 1746 descendat,
1943 1680 2173 1736 interius

594 1775 936 1848 exteriusque
955 1784 1008 1832 te
1031 1775 1236 1848 repleat
1270 1785 1430 1846 atque
1452 1775 1771 1841 circumdet,
1795 1783 1849 1829 et
1862 1774 1931 1829 sit
1957 1789 2172 1844 semper

596 1873 791 1920 tecum.
819 1865 1010 1921 Amen.

634 1978 723 2036 Sic
760 1981 981 2053 denique
1016 1991 1177 2054 ungat
1215 1991 1490 2063 (curatum,
1521 1979 1696 2036 dicens
1738 1981 1834 2036 has
1879 1982 2136 2036 orationes

1257 2069 1501 2107 υισιεδιηι.

600 2195 610 2216 .~
660 2163 716 2218 In
739 2163 1252 2227 uominePatris,et
1300 2163 1442 2229 Filii,
1493 2172 1547 2219 et
1591 2162 1827 2233 Spiritus
1875 2163 2067 2226 sancti,
2099 2163 2172 2218 sit

592 2255 686 2310 tibi
723 2255 839 2310 haec
866 2255 1151 2326 perunctio
1181 2255 1288 2310 olei
1312 2255 1758 2310 sanctiﬁcationis
1811 2253 1879 2309 ad
1919 2252 2171 2326 puriﬁca—

591 2344 794 2401 tionem
821 2345 1020 2401 mentis
1043 2352 1100 2402 et
1125 2345 1390 2418 corporis.

1304 2457 1456 2514 Item.

655 2585 714 2624 in
744 2569 959 2626 nomine
987 2568 1186 2634 Patris,
1222 2577 1278 2624 et
1303 2567 1446 2633 Filii,
1481 2576 1537 2624 et
1564 2567 1803 2640 Spiritus
1827 2569 2028 2634 sancti,
2060 2585 2165 2623 un-

587 2677 656 2732 go
684 2670 736 2717 te
773 2661 892 2717 oleo
943 2671 1132 2718 sancto
1161 2661 1215 2716 in
1264 2662 1639 2718 remissionem
1687 2671 1898 2718 tuorum
1923 2663 2163 2719 omnium

584 2765 929 2826 peccatorum
969 2754 1024 2810 in
1055 2755 1219 2810 vitam
1251 2763 1529 2812 aeternam.
1562 2755 1756 2811 Amen.

661 2846 798 2902 Dum
823 2847 1096 2918 inungitur
1142 2857 1390 2918 a'grotus,
1436 2847 1644 2902 dicatur
1672 2847 1954 2918 antiphona
1976 2865 1995 2902 :
2022 2847 2162 2903 Sana

583 2955 690 3004 me,
721 2937 970 2997 Domine.
997 2948 1102 2997 etc.
1136 2939 1436 3011 Sequuntur
1461 2950 1574 2996 octo
1603 2940 1791 3012 psalmi
1823 2941 1891 2994 ad
1913 2941 2166 2995 imitatio-

583 3045 699 3084 nem
751 3041 863 3085 octo
907 3030 1305 3098 beatitudinum,
1330 3031 1434 3086 sive
1461 3032 1529 3085 ad
1558 3048 1698 3103 spem
1725 3042 1919 3086 octava:
1945 3031 2049 3086 diei
2080 3049 2164 3088 re-

580 3121 936 3176 surrectionis.
963 3120 1210 3188 Domine,
1237 3136 1303 3177 ne
1351 3121 1404 3176 in
1428 3120 1611 3178 lurore
1641 3122 1691 3175 i.
1737 3121 1815 3175 Ad
1867 3130 1919 3176 te
1965 3121 2158 3178 levavi.

579 3207 731 3264 Beati
753 3225 1003 3280 quorum.
1027 3210 1274 3278 Domine,
1296 3225 1364 3266 ne
1387 3211 1441 3266 in
1457 3211 1637 3267 furore
1656 3211 1710 3265 2.
1731 3210 2157 3278 Domine,exau-
2187 3218 2232 3282 C
2336 3207 2620 3288 Dominum
2682 3242 2924 3290 nostrum
2975 3233 3160 3292 Iesum
3211 3234 3494 3294 ριπίεωω

581 3300 633 3353 di
658 3301 709 3354 1.
733 3300 808 3356 De
830 3301 1128 3370 profundis.
1157 3303 1406 3370 Domine,
1433 3305 1628 3359 exaudi
1667 3303 1719 3358 2.
1753 3303 1913 3377 Kyrie
1932 3304 2154 3360 eleison.

579 3388 742 3446 Pater
784 3399 986 3447 noster.
1014 3389 1279 3462 Capitula.
1311 3393 1422 3465 Ego
1456 3393 1588 3460 dixi,
1620 3393 1867 3459 Domine,
1901 3394 2158 3450 miserere

577 3479 705 3534 mei.
743 3478 1093 3547 Convertere,
1117 3481 1360 3536 Domine.
1387 3481 1606 3538 Salvum
1634 3481 1718 3538 fac
1743 3498 1959 3538 servum
1983 3491 2153 3539 tuum.

579 3569 807 3626 Domine
855 3587 1116 3628 conserva
1143 3588 1286 3628 eum.
1316 3575 1566 3634 Domine.
1606 3589 1761 3646 Opem
1800 3573 1882 3632 fer
1905 3576 1956 3632 ei
1997 3592 2150 3650 sUpeI

579 3662 797 3720 lectum.
826 3664 977 3722 Mitte
1000 3665 1075 3733 ei,
1098 3667 1345 3723 Domine.
1367 3667 1511 3722 Nihil
1533 3667 1800 3740 proﬁciat.

928 3778 1112 3836 Oratio
1134 3782 1192 3836 in
1214 3781 1504 3853 superciliis
1527 3781 1816 3838 oculorum.

1501 375 1868 436 EXCERPTA
1902 379 1947 434 E
1984 379 2236 437 PONTIF
2240 381 2420 438 lCALl
2460 381 2520 438 S.
2556 381 2958 446 PRUDENTII.

3737 387 3867 444 “ll

2930 498 3013 553 Ad
3033 499 3212 558 pedes.

2930 516 3012 553 aa
3071 516 3133 556 ea
3165 519 3212 557 s.

2283 581 2286 584 ’
2349 587 2504 658 Ungo
2536 588 2635 643 hos
2671 603 2836 657 pedes
2873 589 2942 646 de
2977 516 3096 647 01:0
3135 516 3446 656 benedicto,
3495 598 3560 645 ut
3607 593 3865 664 quidqui!

2271 676 2540 745 superﬂuo
2575 677 2659 731 vel
2689 692 2864 734 nocuo
2895 679 3108 736 incessu
3135 683 3550 739 commiserunt.
3586 681 3699 738 ista
3746 685 3864 736 aiio-

2270 765 2382 821 leat
2408 767 2712 837 perunctio.
2745 768 2868 826 Per.

2341 860 2546 916 Deinde
2571 873 2801 934 ungatur
2825 867 2884 922 in
2901 874 3128 937 gutture,
3162 867 3219 922 in
3243 867 3396 936 collo,
3421 871 3477 924 in
3495 870 3768 940 scapulis,
3817 892 3859 924 με

2271 951 2538 1018 umbilico,
2563 969 2652 1007 seu
2678 955 2733 1008 in
2753 953 2867 1010 loco
2897 957 2986 1010 ubi
3009 956 3128 1027 plus
3157 956 3308 1011 dolor
3343 959 3636 1014 imminet-it
3667 978 3834 1030 perun

2269 1049 2439 1110 gatur.
2473 1039 2588 1095 Hoc
2613 1043 2750 1097 enim
2779 1043 3005 1113 faciunt,
3028 1056 3081 1100 ut
3105 1046 3154 1100 si
3167 1045 3346 1116 aliqua
3375 1048 3592 1102 macula
3617 1049 3860 1108 ediscant.

2271 1130 2368 1184 hac
2389 1132 2647 1188 medicina
2683 1133 2776 1188 Dei
2801 1145 3250 1202 sanetur,ettuc
3288 1137 3542 1192 dicantur
3580 1140 3707 1194 ista
3749 1158 3860 1195 ore.-

2273 1223 2440 1278 tiones
2463 1240 2618 1294 super
2638 1242 2776 1280 eum.

2345 1313 2548 1386 lnungo
2599 1324 2653 1370 te
2699 1316 2766 1371 de
2813 1315 2934 1372 oleo
2979 1327 3182 1384 sancto.
3229 1321 3288 1378 in
3315 1321 3539 1378 nomine
3579 1319 3858 1388 Patris,et

2273 1402 2416 1470 Filii,
2440 1411 2494 1459 'et
2527 1404 2761 1476 Spiritus
2791 1407 2987 1472 sancti,
3020 1417 3073 1462 ul
3109 1426 3219 1466 non
3243 1410 3411 1466 lateat
3456 1411 3509 1465 in
3550 1421 3610 1468 te
3640 1414 3856 1483 spiritus

2273 1495 2606 1562 immundus,
2630 1512 2808 1568 neque
2851 1498 2907 1554 in
2936 1501 3219 1572 membris,
3265 1516 3442 1572 neque
3477 1502 3540 1556 in
3593 1504 3854 1566 medullis,

2273 1603 2449 1658 neque
2480 1589 2534 1644 iu
2563 1587 2672 1642 ulla
2696 1591 3013 1662 compagine
3041 1591 3434 1659 membrorum,
3455 1593 3557 1650 sed
3593 1595 3650 1648 in
3691 1605 3746 1649 te
3773 1597 3856 1649 ha-

2273 1679 2408 1734 bitet
2438 1679 2610 1736 virtus
2631 1679 2838 1736 Christi
2876 1680 3128 1739 altissimi
3153 1692 3209 1740 et
3247 1685 3484 1755 Spiritus
3509 1687 3718 1752 sancti,
3739 1703 3856 1758 qua-

2275 1778 2432 1826 tenus
2463 1786 2558 1842 per
2605 1769 2763 1841 hujus
2802 1773 3107 1830 orationem
3153 1778 3426 1849 mysterii,
3478 1787 3538 1832 et
3587 1794 3686 1850 per
3733 1780 3854 1834 hanc

2193 1860 2240 1921 Β
2267 1862 2465 1917 sacrati
2494 1862 2598 1918 olei
2621 1864 2930 1920 unctionem
2955 1874 3114 1936 atque
3138 1877 3380 1924 nostram
3395 1869 3838 1940 deprecaturum

2271 1952 2470 2009 virtute
2497 1962 2698 2010 sancta
2732 1954 3016 2012 Trinitatis
3057 1959 3376 2026 medicatus,
3405 1961 3526 2016 sive
3559 1961 3732 2026 totus,
3761 1964 3854 2032 pri-

2271 2045 2466 2102 stinam
2497 2058 2551 2103 et
2583 2049 2926 2106 melioratam
2948 2052 3190 2123 recipere
3237 2057 3510 2112 merearis
3545 2058 3848 2113 sanitatem.

2271 2134 2376 2192 Per
2397 2137 2679 2194 Dominum
2703 2149 2968 2196 nostrum.

2665 2249 2852 2307 Oratio
2873 2263 2988 2324 post
3012 2256 3306 2311 unctionem
3337 2256 3464 2312 olei.

2339 2358 2486 2427 Jesu,
2516 2361 2768 2419 Salvator
2781 2374 2968 2422 noster
2988 2375 3043 2422 et
3069 2367 3315 2436 Domine,
3336 2369 3432 2441 qui
3453 2383 3516 2424 es
3539 2384 3678 2425 vera
3702 2373 3848 2437 salus,

2267 2457 2324 2506 et
2347 2451 2632 2519 medicina,
2658 2464 2743 2511 etc

2338 2541 2437 2598 His
2463 2544 2673 2614 expletis
2711 2548 3048 2604 communicet
3071 2565 3209 2605 eum.

2612 2656 2890 2714 Orationes
2921 2671 3033 2732 post
3058 2665 3502 2720 communionem.

2341 2769 2668 2828 Pronitietur
2725 2773 2986 2833 Dominus
3030 2779 3240 2835 cunctis
3295 2780 3694 2851 iniquitatibus
3737 2785 3848 2847 tuis,

2267 2871 2371 2919 etc.

2333 2955 2496 3025 Deus,
2519 2958 2608 3029 qui
2632 2959 3000 3016 conﬁtentium
3033 2961 3127 3017 tibi
3153 2963 3315 3019 corda
3352 2965 3658 3036 puriﬁcas,
3683 2977 3784 3022 etc.

2337 3046 2689 3120 Omnipotens
2737 3052 3064 3123 sempiterne
3123 3053 3282 3121 Deus,
3343 3055 3439 3126 qui
3506 3059 3846 3128 aegritudines

2269 3140 2596 3210 animarum,
2626 3151 2731 3198 etc.

3536 3255 3676 3296 cum
3715 3241 3840 3295 omni

2261 3323 2670 3394 supplicatione,
2693 3335 2800 3382 etc.

2334 3413 2579 3483 Sequitur
2620 3419 2776 3472 missa
2807 3434 2900 3488 pro
2939 3419 3166 3488 inﬁrmo.
3208 3419 3344 3475 Item
3388 3421 3506 3476 alia
3549 3425 3720 3480 missa
3763 3441 3840 3492 pro

2262 3506 2469 3576 inﬁrmo
2496 3509 2585 3578 qui
2619 3510 2888 3578 proximus
2915 3519 2991 3565 est
3017 3510 3194 3565 morti.

3019 3661 3103 3736 ΙΙ

2333 3795 2414 3850 Ad
2437 3806 2573 3850 noct.
2599 3805 2746 3851 sexta
2769 3793 2986 3850 Sabbati
3017 3796 3090 3852 vel
3111 3799 3329 3867 septima
3358 3797 3590 3855 Sabbati
3620 3820 3724 3858 non
3745 3805 3841 3872 pal-

658 3890 810 3961 Ungo
832 3890 1018 3948 oculos
1043 3899 1164 3948 tuos
1191 3893 1258 3949 de
1281 3892 1402 3950 oleo
1427 3893 1786 3960 sanctiﬁcata,
1808 3901 1868 3949 ut
1895 3895 2157 3966 quidquid

2283 3897 2413 3942 :atur
2432 3889 2658 3958 signum,
2687 3904 2849 3959 neque
2870 3888 2939 3941 ad
2967 3905 3150 3942 cursus
3170 3906 3263 3958 per
3291 3891 3432 3944 diem
3455 3933 3472 3956 ,
3512 3895 3613 3947 sed
3645 3907 3840 3964 tangun-

581 3981 770 4038 illicito
797 3983 916 4038 visu
945 3983 1234 4054 deliquisti,
1265 3983 1426 4054 luu'us
1461 3985 1564 4041 olei
1591 3985 1841 4042 unctione
1886 3987 2154 4057 expietur.

581 4073 690 4130 Per.
710 4074 1016 4131 Dominum.

1117 4185 1187 4248 {id
1211 4201 1365 4241 aures
1391 4186 1620 4242 deintus.

660 4295 813 4364 Ungo
836 4309 998 4350 aures
1024 4296 1222 4352 sacrati
1268 4297 1370 4351 olei
1409 4297 1476 4352 de
1513 4297 1742 4368 liquore,
1786 4305 1846 4353 ut
1892 4297 2154 4370 quidquid

584 4386 938 4442 delectatione
965 4403 1137 4442 nocua
1157 4387 1372 4444 auditus
1394 4389 1690 4446 admissum
1729 4397 1839 4456 est,
1881 4390 2153 4448 medicina

583 4478 836 4536 salutaris
868 4489 1111 4536 evacuet.
1139 4479 1261 4536 Per.

1025 4612 1106 4666 Ad
1135 4629 1287 4667 nares
1315 4614 1370 4669 in
1395 4614 1714 4671 summitate.

661 4724 807 4797 [lngo
856 4727 952 4781 has
1007 4742 1166 4783 nares
1215 4727 1280 4783 de
1331 4732 1451 4785 oleo
1499 4740 1738 4800 sacrato,
1797 4741 1859 4788 ut
1898 4733 2160 4805 quidquid

590 4818 751 4874 iioxie
776 4827 1116 4874 contractum
1139 4827 1221 4875 est
1241 4820 1468 4877 odoratu
1499 4822 1791 4894 superﬂuo,
1820 4823 1924 4881 ista
1965 4839 2160 4880 emun-

583 4909 674 4963 dct
700 4908 1005 4965 medicatlo.
1029 4910 1152 4965 Per.

1112 5025 1190 5078 Ad
1221 5023 1362 5080 labia
1388 5027 1635 5082 exterius.

2189 4581 2242 4642 D

2262 3989 2350 4034 tur
2373 3980 2586 4035 tabulae.
2615 3979 2683 4035 In
2715 3979 3022 4047 Parasceve,
3049 3981 3145 4036 hoc
3180 3993 3255 4037 est
3283 3984 3420 4052 feria
3449 3997 3635 4051 sexta,
3663 3988 3732 4039 ad
3757 3988 3842 4058 οβ-

2263 4072 2403 4126 ciunt
2416 4071 2591 4126 statim
2606 4071 2818 4140 incipiat
2833 4070 2995 4126 lector
3007 4085 3026 4123 .'
3043 4069 3225 4127 Lectio
3243 4071 3394 4128 Osca:
3403 4075 3718 4144 propheta
3741 4075 3842 4130 llr:

2263 4163 2396 4220 dicit
2429 4164 2688 4219 Dominus
2719 4162 2862 4218 Deus
2890 4162 2942 4217 in
2969 4163 3312 4218 tribulatione
3338 4179 3461 4218 sua.
3506 4167 3561 4232 εξ.
3601 4167 3842 4228 Domine.

2264 4254 2477 4319 audivi,
2514 4261 2618 4309 etc.
2662 4251 2849 4307 Lectio
2885 4252 3008 4306 libri
3039 4251 3232 4306 Exodi.
3262 4251 3318 4305 In
3359 4252 3554 4308 diebus
3591 4254 3702 4310 illis
3729 4256 3844 4310 dixit

2267 4347 2528 4402 Dominus
2555 4345 2622 4399 ad
2652 4341 2868 4414 Moysen
2899 4352 2954 4398 et
2979 4341 3179 4398 Aaron.
3212 4341 3388 4396 Tract.
3415 4342 3590 4414 Eripe
3619 4361 3729 4410 me,
3759 4345 3846 4399 De-

2264 4439 2430 4493 mine.
2462 4435 2649 4492 Passio
2678 4435 2890 4490 Domini
2935 4435 3105 4490 nostri
3149 4433 3276 4490 Jesu
3317 4433 3525 4491 Christi
3555 4438 3844 4494 sewndun

2264 4528 2550 4584 Joannem.
2578 4527 2637 4582 In
2681 4525 2772 4582 illo
2813 4536 3056 4597 tempore
3083 4541 3334 4598 egressus
3378 4537 3464 4583 est
3507 4527 3675 4585 Iesus
3711 4539 3842 4584 trans

2267 4629 2588 4684 torrentem,
2621 4628 2728 4674 etc.

2343 4709 2521 4764 Finita
2546 4709 2807 4778 passione,
2831 4699 3082 4764 dicuntur
3109 4711 3368 4764 orationes
3388 4727 3488 4778 pro
3507 4715 3662 4765 omni
3684 4713 3846 4767 εισι-

2266 4804 2348 4859 sia
2373 4812 2421 4857 et
2449 4802 2564 4872 ejus
2584 4801 2856 4854 ordinibus
2881 4816 2897 4854 :
2933 4800 3124 4870 quibus
3152 4801 3430 4871 peroratis,
3461 4818 3666 4871 corpus
3685 4802 3844 4856 Deni-

2267 4897 2442 4951 nicum
2466 4893 2635 4963 pridie
2657 4900 3014 4945 consecratum
3045 4890 3212 4959 fertur
3241 4890 3296 4943 in
3323 4899 3538 4958 patens.
3565 4903 3624 4945 et
3651 4893 3846 4962 ponite:

2265 5003 2421 5056 super
2449 4984 2634 5039 altare.
2677 4982 2936 5038 Sacerdos
2966 4996 3088 5036 vero
3119 4981 3367 5035 accedens
3405 4982 3477 5034 ad
3519 4981 3698 5036 altare
3721 4983 3842 5034 died

2265 5079 2517 5142 Oremus,
2548 5077 2829 5148 pmceptis
2868 5076 3199 5134 salutaribus
3236 5074 3464 5136 moniti,
3503 5085 3620 5128 etc.
3651 5074 3718 5128 Et
3743 5089 3842 5127 ca-

659 5137 811 5206 Ungo
838 5139 977 5194 labia
1008 5141 1110 5196 ista
1140 5143 1442 5198 consecrati
1479 5142 1584 5198 olei
1629 5143 2048 5209 medicamento,
2106 5153 2165 5198 ut
2267 5137 2805 5223 dixerinp‘emmhia
2821 5165 3012 5222 summa
3037 5164 3555 5229 secutorumﬂumu
3581 5169 3844 5226 dem

587 5230 846 5301 quidquid
866 5233 1037 5288 otiosa
1068 5234 1149 5288 vel
1175 5236 1467 5290 criminosa
1495 5235 1727 5306 peccasti
1774 5235 2042 5292 locutione
2090 5237 2170 5292 di-

585 5323 710 5376 vina
760 5323 1046 5380 clementia
1098 5327 1392 5382 miserante
1440 5327 1691 5396 expietur
1741 5329 1846 5382 hac
1888 5338 2162 5383 unctione.

585 5413 690 5470 Pa
715 5413 1002 5471 Dominum

1091 5510 1171 5564 Ad
1201 5525 1394 5565 manus
1416 5513 1661 5566 exterius.

2268 5271 2315 5316 et
2344 5260 2488 5329 ponit
2515 5261 2568 5313 in
2589 5259 2804 5312 calicem
2827 5257 2957 5311 nillil
2984 5258 3196 5311 dicens:
3219 5257 3343 5326 quia
3367 5257 3483 5325 ipso
3507 5259 3596 5312 die
3622 5276 3727 5312 non
3745 5274 3845 5310 caa-

2271 5351 2473 5406 ceditur
2497 5351 2546 5404 ei
2563 5350 2797 5403 salutare
2817 5347 3079 5419 poculum.
3109 5345 3196 5400 Ita
3232 5345 3366 5414 ﬁunt
3392 5350 3576 5400 omnia
3605 5365 3704 5413 per
3725 5347 3848 5400 erdi-

2272 5461 2410 5505 nem,
2437 5443 2647 5513 quando
2668 5442 2830 5510 ﬁnita»
2861 5441 3054 5510 fuerint
3082 5440 3341 5494 orationes
3367 5442 3488 5493 isne
3517 5457 3548 5493 a
3567 5441 3848 5500 sacerdote.

2270 5538 2404 5590 sicut
2433 5553 2591 5606 supra
2622 5536 2868 5604 scriptum
2895 5544 3001 5588 est:
3025 5533 3253 5589 Oremus
3273 5573 3286 5590 .
3306 5531 3660 5589 dilectissimi
3693 5534 3847 5590 utilis.

662 5621 816 5693 Ungo
845 5623 943 5678 has
969 5638 1160 5678 manus
1200 5623 1264 5678 de
1286 5623 1405 5679 oleo
1438 5634 1781 5694 consecrato,
1810 5633 1870 5680 ut
1909 5623 2167 5696 quidquid
2269 5643 2369 5698 pro
2395 5626 2631 5681 Ecclesia
2657 5633 2842 5680 sancta
2873 5625 2988 5688 Dei,
3019 5634 3123 5679 etc.

593 5713 780 5769 illicito
801 5710 883 5770 vel
904 5717 1067 5770 noxio
1090 5732 1252 5786 opere
1281 5726 1619 5788 peregerunt,
1650 5732 1747 5789 per
1784 5720 1924 5774 hanc
1953 5718 2162 5775 unctio-

596 5820 718 5859 ncm
753 5818 1055 5862 evacuatur.
1084 5807 1201 5864 Per.

2343 5717 2548 5771 Interea
2591 5715 2875 5785 procedunt
2919 5716 3022 5769 duo
3063 5726 3298 5770 cantores
3342 5727 3618 5782 portantes
3665 5731 3848 5770 cruce!

2263 5811 2416 5879 juxta
2444 5810 2743 5863 uositionem
2769 5807 2868 5862 loci
2902 5819 3036 5862 retro
3060 5809 3223 5862 altare
3245 5851 3256 5872 ,
3294 5817 3342 5860 ιιι
3384 5811 3565 5864 dicant
3597 5829 3720 5866 cum
3739 5811 3850 5864 leut-
