3974 6344
174 411 312 470 14ιό

177 539 282 585 tate
307 530 442 584 vocis
467 544 484 581 :
511 525 713 596 Popule
740 541 912 591 meus,
941 533 1048 580 etc.
1074 522 1329 580 Similiter
1345 530 1478 576 stent
1502 519 1608 574 duo
1633 527 1754 572 ante
1781 523 1828 581 Α

169 634 410 675 crucem:
437 616 777 686 respondeant
795 616 849 669 in
863 618 1044 669 eadem
1067 630 1184 668 uoce
1205 611 1541 681 antiphonam
1562 609 1745 679 Agios,

174 720 281 766 etc.
313 709 498 765 Grazca
523 706 722 772 Gra'ce,
749 707 933 762 Latine
962 707 1118 762 etiam
1147 705 1380 759 eamdem
1408 701 1574 756 omnis
1599 700 1748 753 tertio

174 803 410 872 reincipit
441 801 664 855 chorus:
704 799 934 854 Sanctus
957 799 1116 862 Deus,
1139 804 1242 850 etc.
1271 791 1398 848 Post
1420 794 1610 846 trinam
1630 807 1750 845 vero

173 895 587 952 decantationem
612 933 626 959 ,
668 892 904 945 nudatur
927 906 1058 944 crux
1087 888 1318 959 syndone
1337 902 1438 954 quo
1463 884 1750 954 tegebatur,

173 997 221 1041 et
241 986 568 1056 respicientes
595 984 686 1054 qui
709 997 826 1036 eam
848 980 1118 1051 psallendo
1161 978 1469 1034 deduxerint
1499 976 1556 1029 in
1582 989 1750 1044 popu-

179 1079 308 1143 lum,
349 1077 601 1147 incipiunt
642 1074 978 1144 antiphonant
1020 1073 1156 1125 hanc
1183 1069 1293 1124 alta
1327 1081 1484 1124 uoce:
1521 1066 1662 1121 Ecce
1690 1063 1753 1118 li-

177 1183 341 1240 gnum
368 1166 568 1232 crucis,
603 1165 658 1220 in
692 1178 800 1233 quo
823 1162 970 1218 salus
1003 1161 1188 1218 mundi
1221 1159 1511 1230 pependit:
1539 1155 1751 1218 venite,

177 1261 482 1314 adoremus.
516 1257 664 1312 Psal.
696 1257 842 1312 Beati
877 1254 1208 1311 immaculati

247 1351 504 1408 Sacerdos
559 1359 732 1404 autem
785 1347 1062 1403 descendat
1113 1354 1399 1404 reverenter
1441 1359 1558 1399 cum
1606 1358 1750 1397 com-

175 1441 482 1512 presbyteris
533 1449 580 1494 et
626 1438 966 1503 diaconibus,
1008 1444 1057 1491 et
1099 1437 1374 1490 adoratam
1421 1431 1755 1488 deosculatur

177 1549 380 1589 crucem
403 1549 421 1588 :
448 1531 688 1587 similiter
712 1541 760 1586 et
791 1529 978 1600 reliqui
1005 1540 1120 1601 post
1149 1529 1287 1600 ipsos
1325 1525 1595 1582 ordinibus
1621 1525 1750 1579 suis.

181 1623 411 1695 Indeque
436 1623 777 1679 reascendens
817 1622 1061 1678 sacerdos
1087 1622 1156 1677 ad
1182 1621 1376 1686 altare,
1408 1619 1752 1674 communicat

178 1730 224 1775 et
254 1717 422 1772 omnis
462 1716 632 1773 clerus
671 1726 786 1787 post
825 1718 1036 1782 ipsum;
1073 1725 1122 1770 et
1165 1717 1403 1786 papulas.
1452 1714 1756 1784 Sequuntur

178 1811 475 1882 antipltonte
496 1819 542 1866 et
569 1823 793 1866 rursus:
821 1808 1046 1866 Crucem
1079 1816 1225 1864 tuam
1253 1808 1564 1871 adoramus,
1603 1816 1658 1860 ut
1699 1807 1751 1859 in

179 1902 328 1956 Miss.
364 1901 512 1956 Rom.

249 1996 432 2066 Agnus
461 1995 557 2051 Dei
586 2012 689 2051 non
728 2003 943 2060 canunt,
986 2009 1149 2063 neque
1174 1993 1626 2056 communionem;
1666 1991 1755 2045 sed

179 2087 678 2142 communicantibus
705 2087 967 2151 omnibus,
997 2085 1201 2156 expleta
1227 2096 1347 2142 sunt
1377 2086 1574 2141 omnia.

918 2213 1040 2296 ΠΙ

255 2346 480 2402 Sabbato
519 2356 698 2401 sancto
730 2343 949 2401 Pascltte
989 2346 1166 2418 agitur
1191 2345 1417 2416 primum
1459 2343 1645 2398 [itania
1675 2359 1759 2398 se-

184 2449 338 2510 ptena
385 2448 593 2507 prapter
632 2437 982 2506 septiformem
1032 2435 1258 2505 Spiritus
1299 2435 1465 2487 sancti
1515 2434 1758 2502 gratiam.

185 2528 369 2599 Agnus
389 2525 622 2582 ~Deincn
649 2525 877 2593 canitur,
905 2526 1008 2582 nisi
1034 2525 1089 2580 in
1121 2535 1266 2580 terna
1307 2522 1516 2589 litauia,
1546 2539 1664 2594 qua
1694 2522 1762 2577 ad

189 2620 458 2674 introitum
487 2620 694 2673 canitur

165 2750 376 2833 _0RDO
408 2749 835 2806 BAPTISTERII
874 2749 1211 2808 DICENDUS
1250 2747 1360 2805 UBl
1397 2746 1762 2803 EVENERIT.

264 2858 423 2914 Prius
450 2859 614 2914 tribus
635 2859 831 2915 uicibus
851 2862 1100 2934 insufflat,
1122 2870 1168 2914 et
1193 2859 1318 2914 dicit
1339 2858 1477 2930 quod
1498 2858 1729 2928 sequitur
1746 2870 1765 2909 :

194 2951 288 3006 Exi
335 2951 402 3005 ab
430 2965 524 3017 eo,
568 2950 788 3022 spiritus
828 2952 1125 3018 immunde,
1161 2960 1212 3007 et
1239 2951 1306 3007 da
1336 2951 1511 3007 locum
1540 2948 1765 3020 Spiritui

195 3053 378 3100 sancto
406 3044 672 3114 paraclite
725 3046 778 3101 in
807 3046 1025 3104 nomine
1063 3045 1240 3102 Patris
1300 3051 1354 3101 et
1378 3043 1530 3110 Filii,
1563 3053 1617 3099 et
1647 3042 1768 3114 Spi-

196 3136 331 3190 ritus
360 3135 553 3190 sancti.

1089 401 1454 462 EXCERPTA
1493 402 1537 458 E
1573 395 2003 458 PONTIFICALI
2039 397 2096 452 S.
2137 389 2528 452 PRUDENTII.

2423 508 2590 578 Super
2623 506 2863 576 feminas.

1923 626 2066 680 Deus
2091 622 2238 688 cteli,
2263 622 2402 676 Deus
2433 628 2609 684 terrae,
2647 625 2773 682 etc.,
2801 616 2908 672 ibid

2405 735 2573 807 Super
2599 732 2880 788 masculos.

1927 857 2089 920 Deus,
2117 854 2420 910 immortale
2455 850 2778 923 praesidium,
2814 857 2916 903 etc.

1925 945 2085 1010 Audi,
2117 943 2404 1000 maledicte
2433 940 2654 1005 Satana,
2686 949 2791 994 etc.

1923 1034 2065 1090 Deus
2093 1034 2390 1098 Abraham,
2422 1031 2561 1086 Deus
2584 1029 2754 1094 Isaac,
2785 1029 2926 1084 Deus
2959 1025 3146 1085 Jacob.

2406 1141 2576 1207 Super
2597 1138 2883 1196 masculos.

1926 1262 2189 1318 Exorcizo
2217 1269 2291 1326 te,
2315 1257 2588 1314 immunde
2619 1257 2863 1328 spiritus,
2889 1263 2992 1312 etc.

2350 1377 2482 1434 Item
2505 1393 2661 1448 super
2687 1375 2928 1446 feminas.

1928 1495 2189 1550 Exorcizo
2220 1502 2290 1559 te,
2324 1492 2597 1548 immunde
2629 1490 2874 1561 spiritus,
2905 1495 3011 1545 etc.

1928 1588 2060 1642 Inde
2091 1595 2268 1656 tangat
2294 1602 2447 1640 aures
2475 1585 2536 1639 de
2563 1593 2734 1656 sputo,
2753 1592 2802 1638 et
2827 1583 2968 1638 dicat
2987 1582 3068 1636 ei:
3090 1580 3436 1651 Eﬂ‘eta,quod

1857 1689 1940 1738 est
1969 1679 2271 1748 adaperire,
2304 1677 2357 1732 in
2386 1679 2604 1733 odorem
2634 1675 2938 1731 suantatis.
2983 1673 3063 1729 Tu
3094 1681 3272 1728 autem
3301 1671 3436 1728 etfu—

1858 1787 2006 1841 gare,
2041 1767 2273 1824 diabole.
2300 1765 2754 1837 appropinquabit
2773 1762 3037 1833 judicium
3068 1764 3187 1819 Dei.

1786 1872 1832 1934 Β
1933 1857 2131 1912 Deinde
2161 1865 2270 1912 oret
2295 1857 2376 1910 liis
2403 1856 2609 1914 verbis:
2649 1854 2759 1909 Nec
2787 1864 2840 1910 te
2866 1853 3014 1919 latet,
3047 1853 3266 1916 Satana,
3291 1863 3397 1908 etc.

1931 1947 2121 2003 Postea
2148 1963 2266 2001 vero
2298 1956 2478 2018 tangat
2508 1957 2684 2018 pectus
2712 1957 2759 2000 et
2790 1948 2925 2000 inter
2953 1945 3198 2015 scapulas
3237 1945 3301 1999 de
3328 1944 3439 2000 cleo

1858 2038 2155 2094 exorcizato
2177 2052 2383 2091 crucem
2408 2036 2650 2106 faciendo
2684 2053 2800 2091 cum
2823 2035 3032 2102 pollice,
3063 2045 3111 2090 et
3142 2045 3318 2092 uocato
3350 2053 3441 2090 no-

1860 2132 1996 2185 mine
2014 2129 2127 2198 ejus
2151 2127 2295 2182 dicat
2319 2128 2366 2181 ei
2388 2127 2793 2199 interrogando:
2813 2125 3174 2182 Abrenuntias
3193 2122 3442 2179 Satanae?

1859 2224 1914 2293 ἢ.
1947 2219 2305 2276 Abrenuntio.

1935 2313 2196 2384 Interrog.
2247 2310 2316 2367 Et
2361 2310 2611 2368 omnibus
2654 2309 2908 2382 operibus
2952 2307 3115 2381 ejus?
3164 2311 3220 2382 ἢ.
3269 2310 3442 2368 Abre-

1863 2406 2076 2462 nuntio.

1937 2495 2199 2564 Interrog.
2225 2491 2290 2548 Et
2317 2493 2568 2548 omnibus
2591 2493 2799 2564 pompis
2826 2493 2978 2564 ejus?
3003 2493 3056 2563 ή.
3086 2493 3440 2551 Abrenuntio.

1935 2581 2374 2656 Et'ego-liniote
2401 2593 2425 2622 ι
2458 2581 2651 2637 salutis
2692 2583 2744 2637 in
2787 2581 3005 2639 Christo
3048 2581 3174 2639 Iesu
3219 2582 3445 2640 Domino

1866 2686 2050 2732 nostro
2071 2676 2126 2731 in
2157 2675 2322 2729 vitam
2350 2682 2626 2728 aeternam.
2652 2671 2761 2726 Pax
2792 2673 2907 2728 tibi.

1940 2767 2055 2822 Hoc
2082 2766 2307 2838 expleto,
2331 2783 2449 2821 cum
2471 2765 2655 2821 litania
2677 2766 2953 2822 descendat
2979 2768 3048 2822 ad
3071 2769 3265 2840 fontem
3292 2768 3446 2823 bene-

1867 2861 2165 2924 dicendum,
2197 2867 2244 2913 et
2276 2858 2456 2912 dicat:
2487 2857 2744 2912 Dominus
2767 2858 3066 2914 vobiscum.
3095 2857 3446 2928 Omnipotens

1867 2952 2195 3024 sempiterne
2222 2949 2386 3017 Deus,
2420 2949 2606 3004 adesto
2637 2964 2876 3020 magnae,
2922 2958 3026 3004 etc.
3047 2989 3064 3016 ,
3097 2959 3150 3003 ut
3176 2950 3229 3004 in
3267 2949 3356 3003 lib.
3387 2947 3444 3004 S.

1868 3044 2025 3116 Greg.
2056 3043 2162 3098 Per
2185 3043 2369 3099 omnia
2397 3041 2609 3097 saecula.
2635 3041 2738 3108 Qui
2773 3041 3024 3097 invisibili
3054 3042 3312 3112 potentia,
3343 3051 3445 3095 etc.

1868 3133 2111 3191 Gratiam
2135 3135 2201 3190 de
2233 3132 2436 3204 Spiritu
2467 3140 2671 3188 sancto.
2702 3131 2804 3187 Hic
2831 3117 3082 3188 dividitur
3102 3149 3238 3206 aqua
3265 3133 3320 3188 in
3341 3150 3450 3187 mo-

261 3224 459 3294 Accipe
481 3224 692 3294 signum
707 3225 887 3280 crucis
909 3231 1016 3280 tam
1040 3225 1092 3280 in
1116 3221 1312 3290 fronte,
1331 3237 1490 3292 quam
1509 3221 1562 3276 in
1584 3221 1767 3286 corde,
1797 3228 1842 3290 C
1873 3228 1998 3282 dum
2025 3226 2214 3280 crucis.
2239 3224 2338 3293 Qui
2365 3226 2505 3279 hanc
2528 3241 2720 3296 aquam
2746 3225 3126 3292 regeneraudis
3150 3226 3453 3282 hominibus

192 3323 319 3379 etc.,
347 3325 402 3370 ut
428 3318 484 3372 in
511 3316 600 3371 lib.
635 3314 757 3372 Sac.
787 3316 846 3374 S.
878 3315 1092 3390 Gregor.

265 3402 454 3459 Postea
501 3405 660 3476 facies
690 3423 894 3462 crucem
933 3408 988 3462 in
1024 3406 1211 3474 fronte,
1242 3417 1290 3462 et
1316 3409 1372 3462 in
1403 3418 1644 3480 pectore:
1684 3405 1768 3464 Si-

194 3509 356 3565 gnum
398 3495 575 3550 crucis
607 3504 665 3550 et
705 3494 1001 3551 Salvatoris
1039 3497 1249 3552 Domini
1290 3497 1456 3552 nostri
1497 3498 1551 3553 in
1595 3497 1771 3554 fronte

196 3594 285 3640 tua
324 3601 486 3656 pono.
531 3584 755 3658 Signum
802 3588 979 3644 crucis
1023 3586 1321 3644 Salvatoris
1358 3588 1568 3644 Domini
1599 3591 1766 3646 nostri

193 3674 317 3732 Jesu
343 3675 542 3733 Christi
568 3677 621 3733 in
650 3688 869 3750 pectore
895 3687 985 3735 tuo
1013 3694 1174 3750 pono.
1200 3679 1426 3752 Signum
1450 3681 1627 3738 crucis
1655 3681 1768 3738 Sal-

195 3770 396 3826 vatoris
439 3770 650 3826 Domini
701 3772 868 3828 nostri
913 3771 1038 3828 Iesu
1085 3771 1283 3829 Christi
1316 3773 1369 3828 in
1417 3785 1635 3842 pectore
1678 3780 1769 3828 tuo

193 3875 333 3931 pono

263 3950 463 4005 Deinde
506 3952 645 4006 dices
685 3953 971 4006 orationem
1002 3968 1014 3980 ·
1057 3949 1406 4022 Omnipotens
1446 3951 1772 4020 sempiterne

242 4059 370 4107 eus,
415 4043 574 4098 Pater
615 4043 825 4099 Domini
861 4043 1030 4099 nostri
1064 4042 1192 4099 Jesu
1233 4041 1470 4109 Christi,
1504 4043 1771 4116 respicere

195 4132 438 4202 dignare,
465 4140 571 4188 etc.

923 4202 1043 4257 Alia

269 4291 463 4348 Preces
510 4301 756 4358 nostras,
805 4307 1134 4363 quaesumus,
1187 4291 1432 4360 Domine,
1481 4293 1774 4352 clementer

196 4384 392 4440 exaudi
444 4393 498 4439 et
523 4385 667 4441 hunc
687 4384 940 4451 electum,
969 4390 1077 4440 etc.

910 4494 1047 4550 Alia.

269 4588 429 4652 Deus,
458 4603 550 4657 qui
586 4586 802 4640 numani
835 4587 1050 4657 generis
1078 4587 1151 4642 ita
1181 4600 1240 4641 es
1268 4585 1534 4653 conditor,
1565 4595 1670 4642 etc.

369 4697 667 4753 Benedictio
689 4697 814 4752 salis
839 4697 909 4752 ad
938 4697 1172 4752 dandum
1196 4699 1581 4758 calce/rumeno.

267 4810 528 4865 Exorcizo
577 4817 663 4874 te,
709 4818 956 4864 creatura
997 4810 1158 4876 salis,
1191 4819 1292 4866 etc.
1316 4851 1330 4876 ,
1371 4811 1499 4864 utin
1525 4808 1674 4865 Sacr.
1711 4811 1771 4866 S.

194 4891 351 4974 Greg.
381 4921 550 4976 papae.

271 4994 388 5049 Hac
428 4996 665 5049 oratione
688 4994 921 5064 expleta,
959 4995 1183 5066 accipiat
1210 4996 1452 5051 sacerdos
1492 4995 1556 5050 de
1595 4995 1774 5050 eodem

195 5083 327 5149 sale,
354 5093 402 5137 et
428 5093 585 5153 ponat
613 5084 667 5138 in
697 5100 784 5138 ore
809 5083 1030 5153 infamis
1069 5083 1288 5139 dicendo
1317 5085 1396 5140 illi
1420 5102 1438 5140 :
1468 5086 1665 5156 Accipe
1691 5085 1769 5140 sal

198 5172 476 5244 sapientia!
505 5173 825 5243 propitiatus
854 5172 906 5226 in
934 5173 1098 5227 vitam
1121 5182 1376 5228 aeternam

880 5260 1083 5316 Oratio.

269 5354 409 5410 Deus
436 5354 654 5409 Patrum
690 5361 992 5408 nostrorum
1013 5394 1028 5420 ,
1059 5364 1166 5410 etc.
1189 5395 1203 5420 ,
1234 5365 1288 5408 ut
1317 5355 1370 5407 in
1398 5353 1487 5407 lib.
1523 5352 1673 5409 Sacr.
1709 5352 1770 5409 S.

198 5445 356 5519 Greg.
385 5463 555 5518 papw.

661 5541 669 5548 -
749 5518 915 5588 Super
945 5517 1221 5571 masculos.

270 5609 410 5665 Deus
433 5610 728 5674 Abraham,
761 5609 903 5664 Deus
924 5609 1094 5674 Isaac,
1117 5619 1247 5675 etc.,
1273 5608 1398 5662 ibid.
1425 5608 1581 5678 Ergo,
1610 5607 1772 5662 male-

195 5699 362 5768 dicto,
389 5703 516 5757 ibid.

270 5825 296 5857 ι
331 5814 476 5870 Adde
505 5815 639 5871 oleo.

1872 3330 2261 3394 praeparatam,
2295 3329 2399 3376 etc.
2450 3319 2552 3375 Hic
2589 3329 2755 3374 mutat
2800 3336 2971 3374 vocem
3010 3320 3142 3374 sicut
3183 3319 3454 3376 lectionem

1873 3413 2042 3484 legens
2066 3427 2085 3466 :
2120 3413 2245 3469 Haec
2292 3413 2447 3469 nobis
2480 3422 2745 3483 praecepta
2794 3412 3168 3478 servantibus,
3201 3422 3305 3469 etc.
3351 3412 3452 3466 Hic

1873 3521 1976 3558 non
2012 3505 2250 3576 sufﬂare,
2278 3505 2369 3559 sed
2410 3505 2643 3570 aspirare
2682 3503 2834 3558 debes
2857 3519 2875 3556 :
2917 3500 2995 3556 Tu
3043 3501 3141 3557 has
3183 3503 3454 3574 simplices

1875 3613 2072 3670 aquas,
2113 3607 2218 3654 etc.
2269 3596 2371 3651 Hic
2397 3597 2723 3666 deponantur
2754 3593 2859 3647 duo
2891 3594 3023 3647 cerei
3057 3594 3110 3647 in
3138 3609 3274 3664 aqua
3295 3609 3314 3648 :
3351 3592 3456 3648 De:

1873 3689 2098 3745 scendat
2130 3689 2182 3741 in
2209 3687 2350 3740 hanc
2377 3684 2766 3756 plenitudinem
2792 3682 2980 3748 fontis,
3009 3690 3114 3737 etc.
3140 3681 3341 3737 Deinde
3365 3700 3446 3737 ac-

1871 3779 2065 3848 cipiens
2107 3777 2348 3831 sacerdos
2383 3793 2470 3831 uas
2509 3791 2626 3829 cum
2662 3773 2938 3827 chrismate
2965 3773 3152 3843 fundat
3192 3787 3257 3826 ea:
3297 3788 3358 3827 ea
3400 3772 3455 3826 in

1873 3884 2024 3923 cruce
2043 3883 2200 3939 super
2215 3868 2403 3937 ipsam,
2427 3877 2472 3921 et
2494 3865 2669 3921 dicat:
2698 3862 2757 3918 In
2783 3863 2999 3919 nomine
3027 3863 3262 3934 Spiritus
3283 3864 3454 3919 sancti

1871 3955 2120 4027 paracliti
2147 3955 2515 4010 sanctiﬁcetur
2534 3962 2589 4009 et
2616 3953 2930 4008 fecundetur
2956 3951 3075 4007 fons
3105 3952 3226 4008 iste.
3253 3951 3322 4006 Et
3355 3952 3454 4006 mi-

1871 4063 2018 4101 scens
2041 4063 2101 4100 ea
2131 4062 2290 4100 manu
2311 4062 2408 4099 sua
2434 4061 2552 4098 cum
2575 4061 2734 4115 aqua,
2759 4053 2996 4113 aspergat
3025 4053 3132 4097 tam
3150 4060 3304 4114 super
3333 4043 3450 4112 fon-

1873 4148 1994 4203 tem,
2021 4155 2178 4210 quam
2208 4153 2363 4208 super
2388 4136 2637 4208 populum
2667 4137 3088 4190 circumstantem

1941 4232 2129 4288 Credis
2154 4231 2206 4286 in
2240 4231 2408 4285 Deum
2437 4229 2652 4284 Patrem
2678 4229 3120 4299 omnipotentem.
3152 4238 3450 4286 creatorem

1874 4323 1992 4380 caeli
2020 4331 2076 4379 et
2102 4331 2262 4378 terra:
2281 4323 2306 4374 τ
2339 4321 2390 4390 ἢ.
2420 4319 2596 4376 Credo

1944 4415 2205 4486 Interrog.
2248 4414 2437 4469 Credis
2484 4414 2538 4468 in
2563 4411 2749 4468 Iesum
2775 4412 3074 4480 Christum,
3105 4411 3298 4470 Filium
3329 4413 3446 4486 ejus

1875 4507 2091 4562 unicum
2120 4548 2134 4573 ,
2193 4505 2480 4562 Dominum
2540 4511 2786 4560 nostrum
2848 4512 3034 4560 natum
3087 4513 3143 4562 et
3207 4507 3455 4562 tassum?

1793 4617 1849 4678 ι)
1872 4600 1926 4670 ἢ.
1959 4599 2153 4655 Credo.

1948 4691 2206 4761 Interrog.
2236 4689 2424 4746 Credis
2451 4698 2506 4745 et
2533 4689 2587 4744 in
2618 4688 2879 4760 Spiritum
2915 4697 3181 4753 sanctum,
3211 4702 3451 4743 sanctam

1877 4782 2172 4837 Ecclesiam
2230 4780 2580 4845 catholicam,
2629 4791 2940 4836 sanctorum
2986 4778 3450 4842 communionem,

1876 4872 2249 4929 remissionem
2278 4879 2642 4941 peccatorum,
2670 4871 2852 4925 carnis
2873 4868 3343 4935 resurrectionem,
3373 4867 3453 4922 vi-

1878 4975 1986 5019 tam
2015 4961 2314 5018 aeternam?
2337 4961 2528 5015 Amen.
2561 4961 2615 5031 ἢ.
2647 4959 2838 5016 Credo.

1949 5055 2209 5126 Interrog.
2243 5054 2336 5110 Vis
2364 5054 2624 5124 baptizari
2647 5054 2670 5106 ?
2693 5053 2747 5122 ἢ.
2778 5049 2910 5106 Volo

1950 5147 2018 5202 Et
2039 5147 2295 5217 accipiens
2323 5162 2440 5200 eum
2478 5163 2508 5197 a
2535 5142 2834 5212 parentibus
2867 5142 3108 5196 sacerdos
3133 5149 3332 5212 mergat
3357 5143 3452 5196 sub

1879 5242 2017 5295 irina
2047 5239 2320 5304 mersione,
2348 5246 2582 5292 sanctam
2625 5232 2929 5286 Trinitatem
2961 5232 3118 5288 semel
3136 5247 3346 5299 uocans,
3378 5232 3454 5287 ita

1881 5334 2099 5388 dicendo
2121 5351 2139 5388 :

1953 5428 2173 5498 Baptizo
2201 5434 2273 5488 te,
2304 5425 2356 5478 in
2389 5421 2606 5476 nomine
2635 5418 2828 5484 Patris,
2861 5426 2916 5474 et
2955 5417 3078 5472 Filii
3098 5457 3112 5482 ,
3139 5426 3192 5470 et
3222 5415 3455 5486 Spiritus

1882 5520 2072 5576 sancti.
2105 5517 2168 5572 Ut
2200 5526 2372 5570 autem
2408 5514 2688 5568 surrexerit
2716 5531 2748 5567 a
2789 5512 2959 5581 fonte,
2999 5511 3158 5580 faciat
3197 5508 3458 5580 presbyter

1881 5613 2086 5683 signum
2107 5607 2276 5662 crucis
2304 5607 2368 5660 de
2389 5604 2664 5659 chrismate
2694 5619 2808 5658 cum
2839 5603 3055 5674 pollice,
3077 5610 3123 5656 et
3153 5601 3292 5654 dicat
3319 5599 3456 5653 hanc

1881 5704 2166 5758 orationem
2190 5714 2209 5754 :
