3974 6344
626 351 765 454 “b7

1511 394 1878 452 exessum
1915 394 1958 451 E
1997 391 2422 452 PONTIFICALI
2463 393 2522 448 s.
2565 377 2955 450 PRUDENTII.
3007 385 3010 388 ‘

3656 411 3746 474 M8

691 514 835 572 Deus
851 511 1191 584 omnipotens
1211 517 1266 568 et
1281 509 1446 566 Pater
1465 509 1682 567 Domini
1701 509 1874 567 nostri
1894 507 2042 576 Jesu,
2059 516 2191 574 etc.,
2219 508 2271 569 A
2295 504 2562 572 alendum.
2605 505 2868 578 Spiritum
2901 503 3076 570 n0his,
3111 503 3344 574 Domine,
3373 516 3465 566 etc.
3483 549 3497 578 ,
3521 525 3568 568 ut
3594 516 3638 574 is
3657 521 3747 579 lit.

625 619 681 663 ut
710 608 767 664 in
795 607 887 663 lib.
915 604 1155 662 Sacram.
1179 603 1238 661 S.
1267 600 1423 676 Greg.

697 697 898 754 Deinde
933 695 1154 766 accipiat
1191 694 1434 750 sacerdos
1471 703 1654 749 vestem
1699 693 2006 760 candidam,
2037 703 2193 765 ponat

591 775 596 782 ’
624 805 780 859 super
806 797 978 858 caput,
1007 795 1056 842 et
1089 785 1228 840 dicat
1253 786 1342 840 ei:
1372 785 1572 856 Accipe
1600 795 1805 842 vestem
1832 786 2115 842 candidam
2142 793 2196 842 et

625 879 1056 944 immaculatam,
1084 893 1247 949 quam
1285 878 1529 950 perferas
1559 887 1682 935 ante
1711 877 1944 934 tribunal
1981 877 2191 934 Domini

626 972 796 1030 nostri
841 970 969 1028 Jesu
999 970 1233 1038 Christi,
1263 970 1574 1041 habeasque
1610 972 1776 1027 vitam
1812 980 2103 1038 aeternam,
2141 979 2199 1028 et

623 1065 774 1119 vivas
801 1063 855 1120 in
883 1061 1079 1118 saecula
1102 1061 1442 1118 steculorum.
1465 1061 1658 1118 Amen.

695 1154 764 1209 Et
787 1155 1000 1210 vestitur
1017 1152 1194 1223 infans
1213 1153 1524 1209 vestimentis
1543 1155 1673 1209 suis.
1699 1152 1761 1210 Si
1782 1170 1900 1209 vero
1925 1156 2194 1224 episcopus

620 1246 784 1311 adest,
801 1246 978 1300 statim
999 1245 1304 1314 conﬁrmari
1327 1254 1525 1316 oportet
1542 1245 1607 1300 de
1627 1245 1924 1312 chrismate,
1949 1255 1996 1300 et
2017 1255 2195 1316 postea

620 1337 1021 1393 communicare.
1050 1334 1120 1391 Et
1143 1337 1190 1392 si
1219 1338 1488 1409 episcopus
1509 1337 1671 1407 deest,
1694 1355 1727 1393 a
1746 1339 2041 1410 presbytero
2063 1354 2192 1393 com-

620 1429 932 1494 municetur,
962 1436 1012 1483 et
1040 1426 1182 1482 dicat
1211 1429 1538 1486 orationem:

691 1521 899 1592 Corpus
938 1530 995 1578 et
1035 1521 1254 1593 sanguis
1280 1521 1495 1577 Domini
1523 1523 1695 1578 nostri
1719 1520 1847 1580 Jesu
1871 1521 2071 1580 Christi
2096 1538 2193 1580 cu-

618 1612 818 1670 stodiat
842 1619 896 1669 te
921 1612 977 1670 in
1005 1611 1175 1670 vitam
1194 1619 1471 1668 aeternam.
1506 1611 1698 1669 Amen.

1304 1723 1488 1781 Oratio

687 1817 1041 1890 Omnipotens
1065 1818 1391 1890 sempiterne
1417 1820 1594 1888 Deus,
1631 1819 1725 1891 qui
1764 1801 2086 1893 regenerare
2115 1821 2196 1879 di-

617 1921 814 1986 gnatus
842 1929 921 1982 es,
954 1921 1060 1970 etc.

911 2025 1096 2082 Oratio
1127 2027 1196 2081 ad
1220 2027 1594 2099 baptizandum
1616 2029 1905 2100 inﬁrmum.

689 2133 950 2194 Medelam
975 2148 1122 2194 tuam
1149 2139 1430 2210 deprecor,
1460 2141 1687 2199 Domine
1713 2151 1900 2200 sancte
1918 2184 1934 2212 ,
1968 2151 2075 2200 etc.
2095 2183 2111 2210 ,
2145 2152 2199 2198 ut

616 2225 671 2280 in
693 2225 784 2281 lib.
816 2227 1058 2283 Sacram.
1087 2229 1150 2285 S.
1184 2227 1403 2302 Gregor.

690 2311 891 2388 Tangat
914 2317 962 2373 ei
982 2335 1134 2374 nares
1155 2328 1203 2374 et
1229 2337 1381 2375 aures
1405 2321 1469 2375 de
1491 2332 1640 2392 sputo
1659 2324 1866 2379 dicens:
1889 2323 2193 2394 Ephpheta.
2231 2397 2238 2404 _

620 2406 822 2480 Tangat
862 2419 911 2465 et
943 2419 1119 2482 pectus
1143 2419 1194 2467 et
1227 2413 1365 2468 inter
1401 2413 1643 2486 scapulas
1671 2415 1886 2472 dicens:
1917 2417 2198 2474 Abrenun-
2231 2423 2236 2428 ’

613 2501 760 2559 tias?

1141 2596 1444 2655 Benedictio
1483 2599 1664 2672 fontis.

687 2685 951 2745 Exoreizo
976 2698 1050 2756 te,
1080 2699 1331 2748 creatura
1360 2707 1534 2763 aquai,
1565 2701 1695 2761 etc.,
1737 2695 1790 2750 in
1820 2696 2193 2753 remissionem

615 2786 986 2848 peccatorum,
1017 2781 1071 2836 in
1096 2783 1317 2839 nomine
1352 2783 1592 2855 ejusdem
1621 2784 1834 2841 Domini
1861 2787 2032 2842 nostri
2067 2785 2192 2844 Jesu

613 2869 836 2939 Christi,
867 2873 959 2944 qui
985 2881 1246 2930 venturus
1272 2883 1376 2931 est.

685 2960 951 3036 Interrog.
1000 2962 1190 3021 Credis
1235 2966 1291 3020 in
1337 2966 1505 3023 Deum
1547 2967 1806 3024 Patrem?
1841 2967 1909 3023 Et
1948 2979 2069 3023 tunc
2099 2969 2194 3023 ba-

615 3052 785 3122 ptizas
827 3063 876 3109 et
923 3053 1043 3111 linis
1083 3073 1199 3112 eum
1233 3057 1297 3112 de
1322 3059 1599 3114 chrismate
1639 3077 1844 3114 crucem
1871 3061 2113 3131 faciendo
2138 3063 2195 3115 in

615 3142 800 3197 vertice
825 3143 938 3213 ejus
969 3163 1031 3200 ac
1059 3145 1234 3201 dicens
1257 3163 1276 3201 :
1316 3147 1458 3204 Deus
1490 3149 1832 3219 omnipotens
1851 3191 1866 3218 ,
1906 3150 2068 3206 Pater
2090 3151 2196 3208 Do-

614 3230 747 3284 mini
777 3233 950 3289 nostri
985 3233 1112 3292 Jesu
1134 3234 1372 3306 Christi,
1402 3247 1507 3295 etc.
1546 3241 1743 3311 Accipe
1771 3249 1976 3298 vestem
2010 3242 2194 3300 caudi-
2220 3244 2266 3308 C

613 3319 759 3390 datu,
789 3329 895 3378 etc.

783 3473 786 3476 .
883 3434 1184 3496 Benedictio
1219 3442 1354 3496 cerei
1379 3443 1437 3497 in
1463 3441 1696 3500 Sabbato
1717 3455 1917 3503 sancto.
1968 3428 1972 3432 ’

609 3603 618 3615 ι
685 3523 931 3585 Exsultet
947 3530 1059 3602 jam
1083 3534 1325 3605 angelica
1353 3536 1532 3604 turba,
1560 3546 1667 3594 etc.
1751 3611 1754 3614 ἢ

687 3617 816 3674 Post
850 3620 962 3677 haec
988 3622 1227 3696 leguntur
1270 3615 1514 3685 lecliones
1553 3631 1838 3687 secundum
1885 3630 2194 3704 Gregorium

619 3710 714 3766 hoc
739 3714 913 3769 modo.

683 3799 934 3873 Sequitur
967 3805 1154 3862 litama
1184 3821 1367 3881 quinta
1395 3825 1604 3886 propter
1627 3820 1929 3888 quinarium
1961 3820 2195 3876 videlicet

613 3911 822 3950 sensum
843 3913 938 3967 pro
967 3915 1070 3970 quo
1096 3910 1210 3956 orat
1235 3901 1496 3972 Ecclesia,
1527 3916 1586 3962 ut
1606 3909 1685 3965 his
1707 3912 1908 3966 averiat
1935 3911 2078 3968 Deus
2105 3913 2196 3984 qui

614 3987 944 4057 baptisantur

687 4077 937 4150 Sequitur
955 4081 1144 4140 (itania
1161 4087 1300 4143 trina
1325 4089 1388 4144 ob
1415 4093 1750 4149 reverentiam
1789 4105 1985 4152 sanctte
2022 4094 2193 4152 Trini-
2221 4065 2224 4068 i

615 4168 759 4232 tatis,
787 4168 952 4237 Kyrie
977 4173 1202 4242 eleison,
1232 4186 1338 4234 etc.
2145 4227 2148 4232 -

688 4260 820 4316 Cum
845 4273 1030 4319 cantor
1051 4266 1242 4322 dixerit
1267 4269 1370 4326 Fili
1399 4271 1519 4340 Dei,
1547 4282 1602 4331 te
1627 4292 1882 4350 rogamus
1907 4281 2034 4336 audi
2058 4295 2189 4347 nos,

613 4364 818 4410 mutata
847 4373 966 4413 voce
1006 4361 1184 4417 dicat:
1207 4363 1522 4436 Accendite,
1565 4369 1710 4426 Tunc
1747 4374 1954 4444 erigunt
1985 4391 2042 4431 se
2079 4376 2197 4430 dia-

612 4448 732 4502 coni
769 4449 834 4503 ab
862 4453 1118 4520 oratione,
1144 4465 1192 4510 et
1221 4467 1395 4514 tamen
1427 4477 1538 4516 sese
1561 4479 1666 4518 non
1695 4465 2003 4522 osculantur
2034 4469 2220 4540 juxta-

612 4554 828 4594 morem.
857 4540 1056 4599 Cantor
1081 4556 1253 4602 autem
1281 4551 1338 4605 in
1361 4552 1542 4608 eadem
1576 4571 1694 4611 voce
1726 4557 2071 4630 subsequatur
2104 4562 2187 4615 di-

610 4645 732 4723 cens
752 4644 772 4723 _'
805 4631 990 4723 Agnus
1027 4634 1144 4692 Dei.
1181 4637 1409 4710 Expleta
1436 4643 1653 4714 litania,
1693 4621 1939 4705 sacerdos
1974 4652 2190 4723 incipiat
2219 4621 2272 4682 D

610 4716 795 4776 Gloria
821 4722 876 4777 in
899 4724 1129 4782 excelsis
1152 4727 1285 4785 Deo.
1305 4729 1521 4789 Oratio:
1550 4734 1695 4793 Deus
1719 4739 1814 4809 qui
1842 4739 1983 4796 hanc
2013 4716 2190 4798 sacra-

608 4810 897 4904 tissimam.
945 4817 1130 4876 Lectio
1169 4821 1423 4894 Epistolas
1463 4827 1610 4884 beati
1649 4830 1799 4886 Pauli
1849 4834 2075 4904 apostoli
2121 4836 2189 4891 ad

609 4899 976 4964 Colossenses.
1004 4908 1244 4980 Fratres,
1274 4915 1319 4970 si
1349 4921 1768 4977 eonsurrexistis
1801 4899 1924 4978 cum
1952 4925 2186 4992 Christo,

607 4998 716 5046 etc.
743 4993 993 5052 Alleluia.
1016 4998 1070 5067 Ῡ.
1089 4999 1452 5060 Conﬁtemini.
1474 5005 1675 5062 Tract.:
1700 5010 1962 5069 Laudate.
1985 5013 2188 5071 Lumen

608 5098 728 5138 vero
769 5096 890 5141 ante
937 5088 1282 5164 Evangelium
1323 5113 1428 5153 non
1464 5109 1738 5170 portatur,
1787 5106 2056 5174 olferenda
2085 5125 2192 5164 non

608 5175 820 5272 canitur
843 5195 1005 5272 neque
1028 5188 1344 5244 communio.
1386 5189 1680 5262 Sequentia
1709 5197 1884 5251 sancti
1912 5197 2190 5272 Evangelii

609 5269 904 5326 secundum
929 5271 1256 5334 Matthaaum.
1281 5280 1338 5336 In
1361 5282 1452 5338 illo
1478 5293 1740 5356 tempore,
1766 5304 1990 5358 vespere
2008 5269 2190 5348 autem

612 5361 978 5433 Sabbatipetc.
998 5369 1242 5427 Secreta:
1272 5375 1516 5450 Suscipe.
1547 5379 1839 5452 Prtefatio:
1866 5383 1943 5440 Te
1971 5385 2189 5454 quidem

609 5457 758 5512 omni
787 5465 1046 5530 tempore.
1077 5461 1550 5528 Communicantes
1587 5482 1643 5528 et
1685 5485 1897 5530 noctem
1939 5477 2192 5532 sacratis—

611 5547 827 5608 simam.
855 5561 959 5608 etc.
1003 5553 1154 5612 Hanc
1191 5558 1388 5631 igitur,
1433 5570 1574 5627 etc.,
1615 5575 1672 5620 ut
1713 5567 1768 5621 in
1797 5566 2006 5623 Missali
2036 5567 2189 5624 Rom.

613 5632 814 5734 Statim
835 5641 1086 5719 incipiant
1111 5668 1346 5723 vesperas
1370 5661 1649 5734 canonicas
1687 5660 1743 5715 in
1771 5661 2025 5718 directum
2049 5664 2193 5734 psal-

613 5730 796 5788 lentes.
838 5737 1138 5807 Capitulum
1183 5761 1287 5799 non
1323 5730 1550 5814 dicatur,
1599 5766 1690 5805 nec
1735 5769 1946 5821 versus,
1987 5730 2078 5810 sed
2112 5757 2191 5810 in-

617 5826 841 5893 cipiatur
884 5833 1082 5900 antiph.
1111 5846 1128 5885 .‘
1155 5836 1390 5911 Vespere
1432 5850 1612 5898 autem
1658 5845 1895 5904 Sabbati.
1933 5851 2015 5906 Ad
2051 5869 2200 5907 com:

2299 589 2400 646 sali
2426 589 2579 648 Rom.

3031 677 3143 751 IV

2651 825 2656 833 ’
2746 823 2836 880 DE
2870 821 3426 886 AGONIZANTIBUS.

2369 939 2502 1016 Cum
2530 941 2708 996 anima
2731 941 2787 995 in
2805 958 2970 1014 agone
2996 944 3079 998 sui
3097 944 3262 999 exitus
3281 945 3578 1004 dissolutione
3591 959 3745 1024 corporis

2299 1030 2408 1084 visa
2438 1030 2598 1101 fuerit
2623 1030 2864 1088 laborare
2881 1073 2898 1099 ,
2941 1034 3140 1104 fratres,
3160 1037 3447 1092 conveniant
3469 1055 3626 1106 omnes,
3643 1057 3676 1098 et
3693 1063 3746 1099 ca-

2299 1133 2494 1178 nantur
2517 1133 2709 1194 septem
2737 1125 3052 1194 paenitentiae
3097 1127 3310 1198 psalmi,
3357 1138 3492 1200 atque
3526 1134 3676 1202 agenda
3700 1148 3746 1191 est

2299 1213 2514 1280 litania,
2558 1225 2712 1285 prout
2763 1218 3006 1286 temporis
3052 1219 3339 1288 permiserit
3383 1221 3516 1284 ratio,
3554 1231 3591 1276 et
3625 1239 3744 1278 secus-

2299 1305 2422 1360 dum
2459 1305 2598 1378 quod
2630 1323 2867 1379 egressus
2897 1309 3012 1380 ejus
3044 1326 3206 1366 causa
3239 1312 3447 1366 vetuerit
3481 1312 3670 1382 perspici,
3701 1315 3746 1370 nl

2299 1399 2571 1455 wstimari.
3349 1447 3354 1450 .

2513 1479 2516 1482 ’
2654 1491 2902 1565 Sequitur
2920 1494 3216 1566 oratiopost
3243 1493 3496 1550 litaniam:

2370 1605 2618 1678 Suscipe,
2640 1606 2891 1673 Domine,
2914 1607 3150 1662 animam
3173 1605 3353 1661 famuli
3377 1607 3447 1661 tui
3469 1606 3524 1661 Ν.
3561 1608 3743 1664 nbonum.

2296 1697 2492 1754 Libera
2522 1713 2641 1754 eam
2671 1712 2738 1753 ex
2763 1699 3015 1754 omnibus
3048 1697 3304 1768 periculis
3329 1697 3634 1765 inlernomm,
3659 1699 3743 1753 etde

2299 1788 2506 1860 laqueis
2530 1803 2814 1860 ptenarum
2843 1798 2898 1846 et
2922 1805 2994 1846 ex
3021 1789 3274 1848 omnibus
3297 1790 3660 1846 tribulationibus
3681 1801 3744 1846 tar~

2223 1877 2272 1938 Β
2301 1881 2404 1936 tari
2414 1882 2432 1934 .'

2371 1973 2598 2039 Libera,
2651 1973 2910 2041 Domine,
2961 1975 3202 2032 animam
3251 1972 3397 2046 ejus,
3441 1985 3560 2034 sicut
3595 1976 3744 2033 liberaui

2239 2055 2242 2058 ’
2301 2065 2487 2122 Enoch
2511 2079 2568 2122 et
2595 2066 2790 2129 Eliam.
2821 2077 2928 2125 etc.
2965 2079 2968 2082 ‘

2373 2157 2620 2229 Sequitur
2641 2161 2695 2228 ἡ.
2725 2158 3042 2227 Subvenite,
3070 2161 3248 2218 sancti
3271 2162 3382 2218 Dei.

2372 2250 2424 2316 ᾖ.
2458 2249 2730 2338 Suscipiat
2753 2261 2805 2308 te
2831 2253 3099 2320 Christus,
3138 2263 3247 2312 'etc.

2299 2364 2416 2432 Quo
2428 2365 2598 2434 ﬁnito,
2614 2364 2824 2421 dicatur
2836 2383 2930 2436 pro
2942 2383 3002 2422 eo
3019 2367 3131 2422 haec
3146 2366 3314 2422 oratio
3333 2367 3428 2422 sive
3449 2365 3740 2422 commendatio;

2370 2457 2511 2524 Tibi,
2539 2457 2786 2526 Domine,
2813 2460 3278 2525 commendamus,
3303 2471 3402 2515 etc.

2368 2549 2794 2606 Misericordiam
2824 2559 2990 2620 tuam,
3022 2550 3253 2609 Domine
3285 2559 3478 2616 sancte,
3496 2548 3622 2605 Pater
3637 2548 3741 2604 omni-

2294 2656 2510 2719 potens,
2534 2655 2639 2703 etc.

2368 2737 2429 2794 Si
2487 2747 2661 2792 autem
2713 2737 2997 2809 quidquam
3037 2727 3412 2809 supervixerit,
3470 2743 3665 2791 canuntur
3689 2730 3741 2785 alii

2294 2829 2514 2902 psalmi,
2557 2831 2660 2884 sive
2699 2827 2941 2900 legantur
2987 2825 3274 2884 Passianes
3315 2828 3508 2892 Christi,
3541 2825 3602 2880 vel
3628 2825 3739 2877 item

2295 2933 2487 2993 agatur
2513 2921 2701 2977 litania
2723 2937 2986 2994 usquequo
3015 2923 3197 2977 anima
3224 2937 3428 2991 corpore
3447 2929 3619 2974 terrena
3633 2929 3739 2969 com-

2293 3014 2486 3086 ptionis
2507 3013 2824 3082 absolvatur,
2852 3014 2908 3068 in
2929 3013 3080 3084 cujus
3101 3030 3311 3085 egressu
3332 3013 3518 3066 dicatur
3532 3007 3738 3062 ostiolum:

2297 3105 2571 3177 Suscipiat
2596 3115 2648 3162 te
2675 3105 2943 3163 Christus.
2975 3104 3151 3161 Psal.:
3185 3106 3245 3162 In
3273 3105 3413 3162 exitu
3437 3102 3586 3160 Israel.

2821 3219 3069 3292 Sequitur
3096 3221 3268 3276 oratio

2369 3335 2722 3406 Omnipotens
2751 3335 3081 3406 sempiterne
3109 3335 3277 3404 Deus,
3299 3334 3387 3406 qui
3405 3335 3600 3390 humano
3613 3323 3739 3396 corpori

2298 3427 2533 3484 animam
2560 3428 2630 3484 ad
2655 3427 3086 3496 similitudinem,
3115 3437 3223 3485 etc.

2802 3540 3053 3612 Sequitur
3066 3542 3381 3612 antiplwna:

2367 3633 2582 3690 Chorus
2604 3632 2939 3704 angelorum.
2965 3629 3144 3687 Psal.:
3173 3631 3346 3692 Dilesi
3367 3628 3598 3700 quoniam.
3615 3621 3739 3680 Caut-

2295 3733 2384 3779 tur
2405 3735 2451 3780 et
2475 3724 2569 3780 alii
2591 3735 2822 3796 quatuor
2841 3741 3008 3800 usque
3026 3725 3109 3782 Ad
3130 3725 3412 3781 Dominum
3432 3717 3540 3779 cum
3559 3713 3738 3774 tribulam

2297 3816 2548 3873 clamavi.

2987 3885 3195 3942 Oratio.

2369 3978 2482 4035 Diri
2509 3977 2753 4035 vulneris
2783 3978 3023 4036 novitate
3050 3979 3313 4050 percussi,
3343 3986 3442 4033 etc.

2477 4071 2623 4127 Tunc
2654 4081 2795 4144 roget
2822 4072 3067 4128 sacerdos
3094 4089 3248 4127 orare
3270 4087 3362 4143 pro
3388 4086 3442 4124 eo
3465 4067 3635 4150 dicens:

2315 4230 2317 4232 .
2369 4165 2533 4238 Kyrie
2577 4165 2804 4222 eleison.
2849 4165 3014 4221 Pater
3050 4173 3254 4221 noster.
3299 4162 3536 4234 Requiem
3561 4162 3736 4246 utemin-

2296 4257 2376 4313 Ne
2407 4258 2593 4318 tradas
2622 4257 2829 4314 bestiis.
2857 4257 3052 4313 Anima
3082 4257 3198 4327 ejus
3225 4257 3278 4312 in
3304 4255 3466 4312 honis.
3502 4251 3547 4305 In
3577 4253 3736 4303 ωθιιιοπί

2296 4360 2522 4406 aeterna.
2540 4348 2655 4405 Non
2679 4350 2850 4406 intres
2869 4349 2924 4404 in
2942 4349 3227 4421 judicium.
3245 4349 3290 4403 A
3304 4356 3451 4420 porta
3461 4340 3607 4400 inferi.
3623 4337 3736 4401 Sum.

2298 4445 2546 4510 Domine,
2577 4443 2632 4500 in
2661 4444 2902 4514 requiem
2932 4453 3098 4499 tuam.

2369 4536 2586 4594 Partem
2612 4537 2786 4594 beata:
2811 4537 3225 4593 resurrectionis
3249 4537 3495 4599 obtineat,
3517 4539 3599 4586 etc.

2674 4655 2862 4711 Oratio
2890 4665 3006 4727 post
3036 4653 3264 4710 lavatum
3292 4668 3484 4724 corpus.

2363 4747 2622 4820 Suscipe,
2649 4748 2906 4816 Domine,
2954 4748 3188 4804 animam
3232 4746 3371 4803 servi
3398 4742 3465 4799 tui
3487 4738 3541 4796 Ν.
3562 4737 3739 4793 reverten-

2291 4849 2401 4895 tem
2429 4839 2496 4893 ad
2528 4847 2600 4905 te,
2628 4848 2715 4896 etc

2364 4931 2611 5002 Sequitur
2637 4932 2692 5002 ἡ.
2724 4931 3054 4988 Paucitatem
3079 4932 3308 4990 dierum.

2363 5024 2418 5093 ᾗ.
2447 5024 2588 5080 Ecce
2614 5025 2666 5079 in
2697 5025 2916 5096 pulvere
2939 5026 3100 5080 sedeo

2563 5115 2747 5172 Oratio
2772 5128 3051 5189 antequam
3077 5117 3140 5172 de
3164 5117 3315 5170 domo
3334 5115 3566 5184 eﬂ'eratur.

2366 5207 2623 5278 Suscipe,
2655 5183 2916 5275 Domine,
2946 5210 3178 5264 animam
3207 5183 3450 5264 servitui
3473 5201 3528 5258 N.
3564 5205 3676 5268 quam
3701 5183 3737 5241 δε

2291 5300 2587 5373 ergastulo,
2613 5307 2717 5356 etc.

2364 5393 2508 5449 Deus
2537 5393 2624 5449 cui
2653 5394 2912 5462 competit
2936 5394 3254 5452 medicinam
3276 5401 3514 5467 praestare
3539 5389 3634 5458 post
3653 5386 3738 5433 ωοῐ·

2295 5494 2424 5547 tem,
2449 5493 2555 5540 θιο.

2369 5573 2515 5628 Tunc
2545 5590 2662 5629 cum
2776 5575 3086 5643 Subvenite,
3110 5576 3279 5634 sancti
3300 5574 3473 5640 Dei,et
3497 5567 3737 5626 aliismW‘

2291 5666 2450 5722 soriis
2481 5667 2780 5738 deportatur
2805 5668 2874 5722 ad
2908 5669 3174 5725 ecclesiam
3193 5710 3208 5738 ,
3241 5678 3288 5723 et
3321 5682 3430 5722 cum
3466 5652 3737 5732 appropt'ﬂi'”

2293 5768 2405 5814 tum
2435 5759 2612 5830 fuerit,
2639 5762 2847 5816 canitur
2869 5762 3102 5832 psalmus
3130 5762 3372 5818 Miserere
3399 5756 3508 5820 mei,
3531 5745 3736 5808 Deusta“

2293 5853 2582 5924 antiphona
2603 5854 2865 5925 Requiem
2894 5865 3174 5915 aeternam.
3212 5854 3402 5911 Deinde
3423 5852 3469 5906 in
3491 5842 3655 5903 ecclesia
3675 5839 3736 5884 δα·
