3974 6344
163 405 296 460 IH'.)

705 403 762 456 S.
803 397 1170 456 PRUDENTII
1205 393 1584 452 TRECENSIS
1617 391 1924 450 EPISCOPI
1963 385 2386 446 BREVIARIUM
2427 385 2494 442 IN
2529 383 2868 442 PSALMOS.

3267 353 3404 438 item

157 527 300 570 retur
313 531 500 586 corpus
523 515 752 584 defuncti
783 511 1120 584 quoadusque
1135 525 1228 580 pro
1245 509 1360 578 ejus
1377 507 1554 560 anima
1569 505 1727 558 missa
1755 509 1804 566 Α
1831 503 1894 556 de
1919 499 2136 556 ecclesia
2163 515 2278 552 cum
2311 499 2596 570 antiphona
2635 495 2854 568 Aperite
2894 495 2966 550 illi
3001 503 3204 586 portas.
3248 495 3406 586 Psal.

157 617 396 660 canatur.

675 675 862 730 Oratio
887 677 956 728 ad
985 672 1216 728 missam.

145 767 152 774 '
222 763 564 832 Quzcsnmus,
595 765 844 834 Domine,
877 773 986 820 etc.
1153 815 1156 818 .

227 853 354 908 Post
380 855 772 910 celebrationem
807 854 978 910 missa:
1003 861 1100 906 stet
1139 847 1382 904 sacerdos
1415 863 1534 902 cum
1571 847 1730 902 cereis

141 939 202 998 et
223 945 434 1000 incenso
453 947 614 1016 juxta
643 937 914 1012 feretrani,
943 953 992 998 et
1019 943 1158 996 dicat
1187 941 1322 996 lianc
1347 939 1658 994 orationem.
1729 943 1734 948 ‘

713 1077 718 1082 -
823 1033 1064 1090 Οιυειιυε.

227 1125 342 1182 Non
375 1127 546 1182 intres
577 1125 628 1180 in
651 1123 938 1194 judicium,
965 1133 1070 1178 etc.

227 1217 481 1288 Sequitur
503 1217 556 1286 I3.
583 1215 894 1270 Subvenite.
923 1213 1110 1284 Kyrie,
1141 1211 1224 1268 Ill.

229 1305 372 1360 Deus
403 1303 490 1360 cui
533 1303 714 1358 omnia
755 1303 972 1367 vivunt,
1019 1311 1076 1358 et
1111 1301 1197 1356 cui
1227 1315 1334 1356 non
1361 1307 1592 1370 pereunt
1619 1313 1734 1354 mo-

161 1395 348 1452 riendo
371 1407 600 1466 corpora
633 1401 837 1458 nostra,
868 1403 974 1446 etc.

229 1481 500 1554 Sequitur.
537 1481 592 1552 ιῆ.
637 1481 940 1552 Antequam
987 1495 1260 1536 nascerer.
1303 1477 1468 1550 Kyrie
1509 1475 1732 1532 eleisou.

165 1575 282 1632 Ter.
310 1577 442 1644 Fac,
463 1591 790 1646 qutesumus,
813 1573 1056 1640 Domine,
1083 1565 1224 1630 hanc
1247 1587 1370 1628 cum
1399 1571 1596 1628 l’amulo
1617 1577 1732 1636 tuo,

159 1675 264 1724 etc.

457 1755 602 1812 Tunc
631 1767 772 1828 roget
797 1757 1040 1832 sacerdos
1061 1773 1214 1812 orare
1245 1771 1338 1826 pro
1369 1771 1450 1810 eo.

231 1845 394 1904 Pater
413 1855 618 1902 noster.
645 1847 906 1918 Requieni
929 1855 1208 1902 aiternaut.
1233 1845 1276 1900 Α
1303 1853 1456 1916 porta
1485 1841 1664 1898 inferi.

719 1955 972 2028 Sequitur
989 1957 1178 2042 oratio.

175 2047 178 2050 ’
229 2045 434 2108 Inclina
453 2089 470 2118 ,
497 2049 724 2106 Domine
742 2089 758 2116 ,
783 2063 970 2106 aurem
999 2057 1180 2114 tuam,
1205 2056 1310 2104 etc.
1341 2045 1408 2100 Et
1437 2047 1514 2100 sic
1537 2045 1740 2100 levatur

1831 589 2174 646 Conﬁtemini
2217 589 2462 644 Domino.
2509 587 2578 642 Et
2613 587 2912 656 deportetur
2937 601 3100 656 usque
3127 585 3194 638 ad
3239 585 3410 640 locum

1827 681 2054 752 sepulcri

1913 837 1928 848 _
2281 771 2470 826 Oratio
2497 779 2618 824 ante
2645 769 2968 842 sepulcrum.

1829 899 1834 906 -
1903 863 2012 918 Pias
2043 862 2432 918 recordationis
2467 859 2680 924 aﬂ'ectu,
2715 869 2822 916 etc.
2863 857 3200 932 (Sequuntur
3235 855 3410 926 plures

1833 955 2152 1024 nntiphonw,
2188 953 2398 1022 psalmi,
2427 961 2476 1006 et
2505 951 2768 1006 orationes
2803 949 3036 1004 dicenda:
3071 957 3192 1000 ante
3219 955 3268 1002 et
3295 955 3408 1018 post

1829 1047 2088 1120 sepultum
2119 1063 2328 1116 corpus,
2357 1045 2544 1114 quibus
2565 1041 2900 1113 subjungitur
2925 1040 3036 1094 ἠως
3059 1039 3314 1108 rubrica.)

1905 1139 2002 1194 Die
2019 1147 2192 1190 autent
2209 1135 2484 1190 Dominico
2505 1149 2606 1188 non
2629 1131 2948 1186 celebrentur
2965 1129 3164 1200 agenda
3185 1138 3414 1182 mortuo-

1833 1247 1973 1296 rum,
2001 1245 2092 1284 nec
2131 1227 2346 1282 nomine
2385 1239 2564 1280 eorum
2601 1219 2922 1276 celebrentur
2945 1219 3014 1272 ad
3043 1219 3290 1282 missam;
3319 1217 3410 1270 sed

1833 1331 2042 1376 tantum
2073 1334 2272 1390 regum,
2299 1315 2376 1370 uel
2401 1313 2716 1384 principum,
2747 1319 2796 1364 et
2823 1309 3176 1372 sacerdotum,
3201 1305 3282 1361 uel
3317 1321 3412 1376 pro

1837 1411 1978 1466 omni
2003 1409 2194 1480 populo
2219 1405 2516 1462 Christiano
2539 1403 2712 1458 oblata
2738 1401 2814 1456 vel
2837 1409 2956 1454 vota
2979 1397 3284 1454 reddantur.
3311 1395 3414 1449 De-

1835 1501 2138 1570 functorum
2165 1509 2340 1552 autem
2367 1497 2454 1568 qui
2481 1493 2779 1548 moriuntur
2799 1491 2882 1544 die
2917 1487 3224 1554 Dominico,
3261 1483 3414 1540 Chri-

1835 1601 1948 1646 stus
1975 1587 2022 1646 F
2025 1589 2148 1644 ilius
2169 1587 2266 1643 Dei
2301 1589 2408 1658 ipse
2431 1587 2514 1640 det
2547 1586 2621 1640 eis
2659 1585 2918 1654 requiem,
2959 1581 3050 1652 qui
3087 1579 3416 1650 semetipsum

1837 1701 1932 1756 pro
1955 1683 2102 1754 ipsis,
2123 1681 2200 1737 uel
2221 1699 2314 1752 pro
2339 1681 2576 1736 universo
2605 1695 2786 1750 genere
2817 1679 3046 1732 humano
3079 1673 3300 1728 hostium
3319 1669 3414 1726 ob-

1841 1777 1979 1831 tulit.
2799 1789 2802 1794 '

1765 1857 1814 1918 B
1913 1866 2078 1920 Missa
2121 1881 2214 1936 pro
2259 1863 2502 1932 defuncto
2541 1863 2596 1918 in
2639 1861 2724 1916 die
2763 1861 2950 1924 tertio,
2985 1867 3202 1929 septimo
3227 1863 3278 1910 et
3317 1853 3416 1910 tri-

1837 1959 2052 2030 gesimo.

205 2191 3366 2240 ΜΨ,

903 2361 1568 2476 SANCTI
1639 2347 2674 2470 PBUDENTII

1427 2563 1810 2622 TBECENSIS
1845 2561 2154 2620 EPISCOPI

669 2741 1832 2880 BREVIARIUM
1927 2737 2926 2890 PSALTEBII.

1229 3065 1626 3148 INCIPIT
1699 3063 2244 3144 PROLOGUS
2297 3099 2354 3140 α.

249 3319 384 3374 Cum
427 3317 670 3388 ancdam
723 3311 918 3370 nobilis
967 3321 1208 3368 matrona
1241 3313 1294 3368 in
1319 3309 1630 3366 civitatibus
1671 3307 1830 3376 vela
1859 3307 2028 3381 volvi]
2073 3307 2416 3366 versiculos:
2467 3311 2690 3366 remotis
2735 3311 2964 3380 cunctis,
3017 3315 3072 3370 in
3118 3315 3314 3386 quibus
3361 3333 3434 3374 ex

181 3389 390 3480 oppidis
421 3423 449 3460 a
485 3405 728 3476 pluribus
767 3403 956 3458 fuisset
996 3419 1272 3474 oppressa,
1302 3411 1468 3474 atque
1509 3415 1574 3458 ex
1611 3399 1780 3456 neci--

182 3497 432 3554 dentibus
487 3495 652 3550 variis
701 3493 1152 3558 tribulationibus,
1205 3501 1266 3548 ut
1307 3491 1552 3570 plerique
1589 3505 1754 3548 nove-

183 3599 329 3652 rum,
371 3587 583 3642 adesset
623 3585 952 3654 angustiata,
1001 3583 1268 3654 nimisque
1317 3583 1492 3640 ttediis
1535 3581 1756 3648 amicta,

183 3677 378 3732 direxit
424 3675 492 3730 ad
536 3689 644 3738 me,
695 3689 890 3744 rogans
925 3673 1124 3728 obnixe
1161 3679 1222 3726 ut
1259 3671 1460 3744 aliquid
1485 3685 1554 3726 ex
1599 3669 1758 3728 laude

185 3767 516 3838 psalmorum
579 3765 648 3820 ad
717 3764 1136 3822 consolationem
1199 3765 1590 3836 compassionis
1645 3777 1760 3819 suae

185 3855 522 3912 brevissimis
568 3853 928 3924 scriptitarem
970 3853 1272 3910 versiculis.
1313 3853 1466 3920 Quod
1511 3865 1612 3922 ego
1643 3865 1752 3906 non

183 3947 356 4002 solum
397 3945 686 4002 condoleus
725 3943 992 4014 petitioni,
1037 3959 1222 3998 verum
1261 3943 1424 3996 etiam
1461 3942 1532 3998 ad
1571 3955 1762 3998 omnes

181 4037 278 4106 qui
307 4053 404 4106 per
433 4037 676 4090 diversas
709 4041 1066 4104 peragrantur
1109 4033 1416 4102 provincias
1445 4041 1760 4104 montesque

181 4143 251 4181 ac
291 4125 476 4190 valles,
513 4137 722 4178 necnon
775 4133 830 4178 et
857 4123 948 4194 qui
977 4139 1074 4194 per
1113 4123 1332 4178 ﬂumina
1373 4125 1686 4180 discurrunt
1705 4133 1762 4182 et

183 4215 382 4282 maria,
413 4215 666 4270 timentes
711 4213 1028 4284 periclitari,
1055 4223 1114 4270 ut
1157 4215 1232 4270 ait
1271 4213 1574 4286 Scriptura,
1617 4215 1762 4287 peri-

183 4307 324 4362 culis
353 4307 406 4362 in
447 4305 686 4370 ﬂutniue,
715 4303 964 4376 periculis
991 4305 1044 4362 in
1079 4307 1240 4370 mari,
1275 4305 1530 4376 periculis
1553 4307 1606 4362 in
1629 4307 1762 4366 civi-

183 4405 322 4462 tate,
353 4395 606 4470 periculis
647 4395 940 4462 latronum,
989 4397 1246 4466 periculis
1285 4398 1338 4452 in
1369 4397 1674 4464 solitudine,
1707 4407 1762 4454 et

183 4496 404 4554 caztera,
449 4487 729 4558 cupientes
767 4487 927 4556 eripi,
959 4497 1014 4542 et
1041 4503 1070 4542 a
1119 4487 1230 4544 Deo
1257 4487 1616 4560 gubernatore
1655 4489 1764 4544 sal-

183 4577 339 4644 vari;
367 4577 474 4632 hoc
499 4575 813 4646 opusculum
857 4577 1138 4646 parvitatis
1181 4593 1336 4644 nicas,
1363 4577 1528 4634 veluti
1557 4591 1626 4634 ex
1653 4577 1760 4634 im-

1857 3410 2014 3472 parte
2039 3397 2348 3456 Judaaorum
2393 3401 2476 3456 vel
2517 3405 3240 3474 ceterorumz-perlldorum,
3273 3419 3432 3478 aper-

1859 3489 2070 3546 tissime
2094 3489 2378 3560 lucidcquc
2407 3491 2576 3560 patuli
2627 3503 2850 3548 manent
2895 3495 3177 3560 versiculi;
3207 3505 3266 3550 ut
3293 3499 3438 3566 psal-

1859 3597 1982 3640 mus
2013 3583 2259 3640 continet
2289 3585 2580 3650 secundus,
2607 3585 2692 3641 vel
2733 3587 2944 3652 tertius,
2974 3589 3214 3658 quintus,
3245 3591 3438 3648 tertius

1861 3675 2130 3742 decimus,
2183 3675 2476 3746 vigesimus
2506 3675 2738 3746 primus,
2789 3691 2998 3734 necnon
3027 3689 3084 3736 et
3129 3681 3437 3738 tricesimus

1859 3773 2110 3832 quartus,
2147 3765 2454 3820 tricesimus
2493 3765 2732 3836 quintus,
2777 3777 2832 3822 ct
2878 3769 3182 3828 tricesimus
3225 3783 3432 3834 sextus.

1861 3857 1968 3922 vel,
1997 3855 2138 3922 Quid
2181 3856 2426 3928 gloriaris
2447 3859 2568 3929 (LI),
2600 3875 2694 3914 seu
2745 3863 3114 3931 sexagesimus
3153 3867 3438 3936 septimus,
3483 3905 3492 3912 .

1861 3946 2232 4016 sexagesimus
2269 3955 2512 4014 octavus,
2551 3957 2606 4004 et
2649 3953 3018 4020 sexagesimus
3057 3969 3248 4022 nonus,
3277 3965 3442 4028 atque

1863 4033 2008 4090 Deus
2035 4035 2246 4090 laudem
2291 4053 2460 4090 meam
2483 4037 2676 4110 (cvm),
2708 4037 2792 4096 vel
2839 4043 3024 4098 caeteri
3066 4044 3158 4112 qui
3207 4043 3334 4102 licet
3379 4045 3438 4102 in

1863 4123 1978 4180 suis
2001 4133 2128 4180 sunt
2161 4125 2382 4196 congrui
2427 4125 2700 4194 sensibus,
2731 4135 2912 4186 tamen
2955 4131 3008 4186 in
3049 4131 3136 4188 his
3169 4149 3276 4190 non
3309 4149 3438 4206 per-

1865 4213 2038 4268 tinent
2093 4213 2324 4286 llagitari
2378 4215 2764 4274 anxietatibus.
2819 4217 2926 4276 Sed
2969 4235 3036 4276 ne
3085 4221 3208 4290 quis
3245 4229 3442 4288 totum,

1863 4305 2008 4374 quod
2047 4305 2210 4368 absit,
2247 4305 2440 4376 perdat
2477 4307 2532 4362 in
2573 4307 2736 4364 rebus
2773 4319 3182 4382 praeoccupatus
3228 4315 3441 4382 activis,

1863 4395 1982 4460 hos,
2009 4393 2138 4450 dum
2177 4403 2336 4451 vacat
2373 4405 2428 4450 et
2461 4403 2662 4467 potest,
2689 4413 2796 4454 non
2823 4399 2996 4456 tardet
3033 4403 3276 4461 ornando
3307 4407 3446 4462 reci-

1865 4489 1984 4540 tare
2017 4481 2348 4552 psalmorum
2377 4481 2692 4540 versiculos.
2741 4483 2798 4540 ln
2823 4485 2930 4551 bis,
2961 4496 3020 4542 ut
3047 4489 3308 4560 scriptum
3333 4501 3437 4552 est.

1865 4581 2038 4630 totum
2067 4589 2166 4646 pro
2191 4583 2368 4644 parte,
2399 4583 2456 4632 et
2477 4585 2686 4646 partem
2709 4593 2810 4648 pro
2843 4587 2976 4648 toto,
3003 4590 3198 4652 potest,
3221 4581 3446 4652 iuvante

185 4671 506 4726 manissimo
553 4680 710 4740 prato
761 4669 1071 4724 summatim
1135 4667 1534 4738 breviatimquc
1579 4669 1764 4725 studui
1791 4651 1844 4714 D
1871 4661 2100 4720 Domino
2123 4663 2358 4728 ChriStO.
2379 4673 2594 4722 centum
2615 4651 3280 4742 quinquagintaperﬂcerc
3299 4675 3443 4746 psal-

185 4761 518 4832 psalmorum
547 4775 771 4830 carpere
799 4759 978 4816 ﬂores.
1009 4759 1076 4816 Et
1123 4761 1250 4818 licet
1279 4763 1388 4816 sint
1413 4761 1596 4832 plures
1637 4762 1764 4818 imi-

187 4863 368 4908 tantes
416 4861 726 4908 sanctorum
777 4853 1000 4908 Patrum
1043 4851 1310 4924 exempla,
1359 4853 1504 4924 quod
1549 4853 1764 4924 experi-

185 4953 374 5000 mento
409 4945 714 5010 didicimus,
759 4945 850 5016 qui
879 4947 1026 5000 omni
1059 4945 1308 5002 videlicet
1339 4945 1426 5002 die
1465 4946 1522 5002 in
1569 4947 1768 5004 divinis

185 5033 438 5088 laudibus
481 5043 652 5090 totum
695 5035 966 5106 complent
1013 5035 1368 5102 Psalterium;
1401 5045 1460 5094 et
1493 5047 1672 5094 tamen
1709 5039 1764 5093 hi

181 5125 280 5194 qui
313 5125 416 5182 hoc
455 5135 641 5196 petunt
689 5143 846 5198 opus,
883 5137 938 5182 et
973 5129 1066 5198 qui
1097 5129 1150 5182 in
1181 5129 1410 5184 diversis
1453 5139 1580 5184 sunt
1623 5129 1768 5200 peri-

183 5217 332 5272 culis
381 5219 684 5284 constituti,
727 5235 827 5276 ncc
881 5227 1052 5274 totum
1094 5230 1298 5290 queunt
1343 5219 1562 5292 explere
1613 5219 1766 5278 Psal-
1809 5265 1816 5274 .

121 5301 140 5318 '
187 5307 412 5374 torium,
452 5307 618 5364 etiam
659 5323 758 5364 nec
787 5307 938 5364 boris
971 5309 1150 5364 valent
1179 5309 1412 5380 psallere
1455 5311 1764 5378 canonicis;

189 5401 294 5454 bos
323 5415 430 5454 non
463 5401 644 5472 pigeat
675 5399 730 5454 in
773 5401 936 5456 corde
979 5411 1036 5456 et
1059 5417 1154 5458 ore
1201 5401 1474 5460 revolvere
1499 5399 1640 5474 [cod.
1679 5417 1766 5458 re-

263 5563 292 5592 ι
335 5551 410 5630 ξπ
439 5553 624 5630 codice
667 5555 923 5630 Vaticano
947 5567 1128 5630 vetere
1153 5559 1375 5630 sumpsi,
1401 5559 1570 5630 hunc,
1595 5559 1770 5630 prolo-

187 5637 330 5704 gum
351 5621 626 5704 Prudentii
661 5627 898 5704 episcopi
953 5621 1382 5704 'l‘reccnsis,'qui
1413 5621 1612 5704 saeculo
1637 5645 1698 5704 ut
1717 5631 1768 5683 in

187 5693 368 5768 Gallia
405 5693 604 5768 claruit
635 5711 650 5748 :
685 5693 1040 5768 i’psos'tamen
1085 5693 1414 5768 psalmorum
1441 5701 1624 5766 ﬂores,
1655 5701 1772 5754 sive

191 5767 374 5833 ipsum
405 5763 544 5832 quod
591 5763 942 5836 consequitur
973 5763 1312 5838 opusculum,
1353 5763 1768 5842 exscribendum

597 5857 867 5918 Psrnon.
911 5859 1102 5924 CXV.

1867 4773 2004 4814 mos.
2049 4757 2118 4814 Et
2143 4773 2214 4814 ne
2247 4757 2532 4814 immemor
2569 4761 2662 4826 sit,
2703 4763 2874 4820 ternis
2915 4765 3298 4836 quatemisque
3339 4767 3432 4836 h_o-

1803 4907 1810 4914 ,
1869 4863 2054 4902 rarum
2101 4851 2454 4920 temporibus,
2503 4852 2702 4922 septies
2725 4853 2778 4908 in
2807 4853 2894 4909 die
3083 4827 3436 4928 Omnipotcdt'

1869 4937 2430 5022 persolvensel'tlciat
2481 4939 2700 5006 laudes;
2743 4949 2808 4996 ut
2847 4941 2989 4998 idem
3031 4943 3222 5000 beatus
3271 4947 3438 5004 David

1871 5029 1982 5084 ait:
2013 5027 2210 5098 Septies
2239 5029 2294 5084 in
2317 5029 2402 5084 die
2427 5029 2634 5086 laudem
2663 5031 2778 5086 dixi
2801 5031 2914 5098 tibi,
2953 5031 3114 5100 Deus,
3144 5043 3200 5090 et
3221 5045 3438 5092 etetera.

1871 5119 1978 5176 Sed
2001 5119 2114 5192 jam
2151 5131 2386 5192 emptum
2419 5123 2704 5195 aggrediar
2727 5137 2886 5194 opus,
2921 5123 3166 5182 inserens
3201 5127 3438 5198 primum
3481 5193 3486 5200 ί

1869 5225 1992 5266 cum
2029 5211 2218 5268 ultimo
2253 5211 2328 5268 ita
2357 5229 2372 5266 :
2400 5211 2596 5268 Beatus
2621 5211 2700 5267 uir
2719 5213 2812 5282 qui
2839 5213 2896 5268 in
2923 5211 3034 5285 lege
3081 5211 3294 5270 Domini
3331 5233 3444 5272 me-

1871 5301 2072 5358 ditatur
2095 5303 2182 5358 die
2215 5321 2280 5358 ac
2307 5313 2474 5366 nocte,
2501 5311 2550 5356 et
2589 5303 2742 5374 cujus
2775 5303 2990 5374 spiritus
3011 5303 3070 5360 in
3089 5305 3302 5362 excelsis
3325 5291 3446 5362 lau-

1871 5393 1962 5448 dat
2003 5391 2284 5448 Donsinum
2323 5393 2386 5448 de
2429 5393 2604 5456 caelis;
2633 5411 2756 5448 nam
2797 5395 2966 5450 omnis
3013 5395 3228 5468 spiritus
3257 5395 3442 5454 laudat

1875 5581 1980 5640 non
2003 5563 2272 5634 iudicavi;
2313 5579 2436 5640 cum
2469 5567 2602 5640 nihil
2628 5567 2740 5624 fere
2773 5577 2970 5640 praeter
3008 5569 3262 5625 Davidica
3285 5571 3448 5626 verba

1873 5635 1946 5710 i_bi
1981 5645 2266 5710 _occurr_;_tt.
2311 5635 2526 5710 MAl.-
2547 5639 2610 5694 At
2655 5635 3130 5710 bos-psalmorum
3169 5641 3340 5700 ﬂores
3383 5655 3448 5696 ex

1875 5707 2136 5762 Psalterio
2179 5705 2452 5764 Tltomasii
2481 5705 2820 5782 excepimus:
2849 5709 3002 5766 Eotr.
3037 5711 3276 5766 Punct.

2985 5861 3060 5922 ἔιϐ
