3974 6344
207 406 341 462 Ηῗὲδ

1367 376 1796 438 ΒΒΕἫΑΚΙΗΜ
1829 375 1896 430 1N
1937 371 2277 430 PSALMOS.

3316 343 3462 424 ttat

205 520 396 590 eripias
426 530 529 577 me,
557 497 802 571 Domine,
829 505 881 560 in
911 501 1166 557 auxilium
1197 512 1376 552 meum
1405 493 1630 564 respice.
1658 491 1768 562 Ego
1795 491 1848 552 Α
1875 503 2052 543 meum
2083 486 2247 541 laude
2268 495 2364 541 tua
2389 527 2417 550 ,.
2437 493 2503 540 ut‘
2523 485 2739 556 possim.
2770 490 2990 539 cantare
3029 479 3254 554 gloriam
3308 489 3466 536 tuam

206 581 330 668 ven)
355 617 556 676 egenus
591 610 647 656 et
669 611 869 668 pauper
891 608 1031 658 smn,
1069 591 1247 653 Deus,
1291 586 1480 656 adjuva
1533 598 1637 638 me.
1672 581 1774 636 Ad.

201 699 344 768 imor
367 675 520 750 meus
550 699 605 747 et
638 690 896 742 liberator
944 693 1096 738 meus
1123 689 1262 742 esto,
1295 675 1540 737 Domine,
1571 689 1638 728 ne
1665 681 1750 727 tar

205 763 436 845 daveris.
481 783 592 852 Ego
626 778 737 834 dixi
783 793 796 830 :
836 773 1100 838 Domine,
1151 769 1407 824 miserere
1457 763 1600 830 mei,
1645 774 1772 817 sana

207 873 440 931 animoin
479 883 674 933 meam,
699 865 823 935 quia
849 861 1072 934 peccavi
1093 859 1209 914 tibi.

216 991 219 996 ·
275 973 553 1038 Exsurge,
603 979 768 1036 quare
819 959 1131 1024 obdormis,
1186 953 1458 1011 Domine?
1507 964 1776 1022 exsurge,

204 1071 259 1115 et
297 1077 364 1116 ne
399 1044 626 1128 repellas
657 1056 710 1109 in
743 1054 922 1108 ﬁnem.
947 1051 1128 1118 Quare
1181 1047 1372 1101 faciem
1427 1052 1574 1098 tuam
1624 1056 1778 1095 aver-

208 1154 311 1207 tis?
339 1148 671 1206 Oblivisceris
715 1145 946 1214 inopiam
993 1150 1233 1196 nostratn
1279 1145 1336 1192 et
1377 1128 1793 1191 tribulationem.

208 1241 487 1298 nostram?
535 1239 796 1307 Exsurge,
844 1233 1091 1296 Domine,
1135 1230 1326 1301 adjnva
1378 1243 1476 1282 nos
1513 1234 1567 1280 et
1610 1225 1780 1279 libera

209 1347 308 1387 nos
357 1336 577 1400 propter
624 1340 818 1380 nomen
881 1329 1053 1376 tuum.
1103 1318 1358 1374 Miserere
1409 1315 1547 1380 mei,
1607 1312 1778 1375 Deus,

211 1419 504 1476 secundum
556 1428 806 1485 magnam
848 1408 1268 1466 misericordiam
1301 1415 1445 1459 tuam
1474 1416 1489 1455 :
1524 1415 1785 1456 etsecun-

213 1511 340 1564 dum
391 1505 786 1562 multitudinem
849 1499 1258 1554 miscrationum
1339 1503 1552 1549 tuarum
1588 1530 1604 1555 ,
1665 1489 1784 1543 delc

216 1601 552 1670 iniquitatem
599 1610 794 1651 meam.
846 1591 1088 1661 Amplius
1138 1590 1259 1642 lava
1318 1599 1404 1640 me
1461 1583 1530 1637 ab
1579 1581 1786 1650 injusti-

217 1694 291 1746 tia
329 1704 468 1752 mea,
514 1694 626 1743 et'a
673 1683 868 1740 delicto
904 1694 1024 1735 meo
1063 1678 1263 1733 munda
1312 1690 1419 1730 me.
1470 1675 1668 1730 Averte
1715 1674 1789 1726 fa-

217 1782 356 1838 ciem
401 1787 546 1833 tuam
593 1790 624 1830 a
673 1772 912 1844 peccatis
942 1769 1098 1834 meis,
1145 1776 1202 1824 et
1235 1781 1426 1822 omnes
1474 1765 1789 1834 iniquitates

1876 589 1983 636 tota
2012 581 2098 636 die
2120 579 2575 652 magniﬁcentiam
2628 591 2794 634 tuam.
2840 577 2918 634 Ne
2967 575 3222 647 projicias
3263 592 3351 632 me
3401 576 3470 630 iu.

1876 672 2448 742 temporesenectutis,
2465 672 2591 726 dum
2616 671 2877 726 deiecerit
2905 668 3078 724 virtus
3107 684 3250 724 mea.
3287 669 3458 732 Deus,-

1877 779 1945 819 ne
1984 765 2324 834 derelinquas
2353 779 2478 830 me;
2516 763 2678 826 Deus,
2729 777 2795 816 ne
2830 760 3048 831 elonges
3093 775 3124 813 a
3157 773 3265 814 me.
3311 758 3456 814 Deus

1879 869 2050 919 meus,
2077 853 2129 907 in
2157 852 2414 907 auxilium
2440 867 2618 906 meum
2642 851 2876 921 respice:
2907 863 3007 919 ego
3027 857 3205 903 autem
3236 862 3454 917 semper
3518 910 3520 912 τ

1879 947 1932 1000 in
1983 954 2037 1000 te
2059 944 2312 1014 sperabo,
2342 943 2601 1007 Domine,
2650 951 2706 996 et
2743 939 2995 1008 adjiciam
3029 954 3192 1009 super
3235 952 3457 992 omnem

1878 1033 2088 1089 laudem
2138 1042 2286 1087 tuam
2337 1049 2351 1086 :
2396 1047 2462 1086 os
2524 1045 2699 1085 meum
2753 1028 3132 1100 pronuntiabit
3193 1025 3460 1097 justitiam

1881 1133 2052 1191 tuam,
2085 1133 2196 1178 tota
2219 1123 2305 1178 die
2337 1122 2573 1178 salutare
2597 1131 2768 1176 tuum.

1954 1211 2032 1268 Ne
2058 1213 2242 1268 tradas
2275 1212 2462 1268 bestiis
2493 1213 2702 1266 animas
2732 1209 3203 1274 conﬁtentestibi,
3254 1215 3309 1264 et
3331 1206 3474 1261 ani--

1885 1314 2001 1356 mas
2039 1315 2334 1372 pauperum
2383 1309 2595 1354 tuorum
2650 1315 2719 1354 ne
2761 1299 3098 1355 obliviscaris
3162 1299 3217 1353 in
3271 1299 3459 1354 ﬁnem.

1885 1392 2112 1462 Respice
2156 1392 2210 1446 in
2253 1400 2634 1446 testamentum
2691 1399 2863 1454 tuum,
2920 1389 3048 1460 quia
3089 1389 3282 1460 repleti
3331 1397 3460 1443 sunt

1885 1491 2044 1548 terra:
2076 1481 2360 1533 domorum
2410 1477 2786 1546 iniquitatum.
2827 1477 3036 1548 Adjuva
3073 1493 3190 1543 nos,
3216 1478 3359 1532 Deus
3381 1492 3468 1531 sa-

1886 1570 2075 1624 lutaris
2099 1577 2300 1631 noster,
2331 1575 2386 1624 et
2409 1577 2628 1636 propter
2656 1567 2917 1622 honorem
2955 1566 3193 1621 nominis
3224 1565 3322 1630 tui,
3361 1565 3467 1620 Do-

1895 1659 2063 1721 mine,
2089 1657 2257 1712 libera
2284 1671 2402 1722 nos,
2447 1655 2793 1726 etpropitius
2826 1664 2944 1712 esto
2979 1655 3214 1725 peccatis
3269 1652 3470 1708 nostris

1887 1760 2108 1820 propter
2146 1765 2339 1806 nomen
2383 1759 2559 1805 tuum.
2607 1749 2818 1815 Excita,
2864 1748 3113 1811 Domine,
3170 1746 3468 1817 potentiam

217 1835 367 1926 meas
391 1867 528 1922 dele.
560 1835 947 1920 Cor-mundum
975 1873 1102 1914 crea
1124 1859 1180 1912 in
1204 1871 1314 1921 me,
1357 1855 1522 1921 Deus,
1546 1865 1599 1910 et
1627 1855 1789 1925 spiri-
1817 1838 1862 1898 Β
1893 1849 2064 1908 tuam,
2092 1851 2146 1896 et
2167 1841 2300 1918 veni
2316 1849 2376 1894 ut
2403 1841 2582 1896 salvos
2609 1840 2777 1896 facias
2796 1853 2914 1894 nos.
2941 1838 3164 1892 Domine
3187 1835 3328 1892 Deus
3355 1835 3466 1888 vir-

219 1975 330 2018 tnm
356 1971 562 2016 rectum
594 1959 792 2012 innova
817 1955 872 2009 in
897 1952 1195 2008 visceribus
1218 1949 1392 2004 meis.
1422 1947 1499 2003 Ne
1535 1947 1788 2016 projicias

219 2069 306 2109 me
339 2069 370 2107 a
402 2051 540 2106 facie
565 2059 676 2112 tua,
702 2055 759 2101 et
781 2045 1040 2115 Spiritum
1065 2048 1310 2096 sanctum
1357 2047 1503 2093 tuum
1528 2053 1597 2092 ne
1639 2035 1788 2092 aufe-

219 2159 308 2200 ras
336 2159 367 2198 a
399 2157 504 2197 me.
542 2139 724 2195 Redde
742 2136 871 2190 mihi
910 2133 1151 2188 Iaatitiam
1191 2131 1444 2186 salutaris
1471 2130 1543 2182 tui
1569 2139 1626 2184 et
1668 2126 1790 2197 Spi—

221 2234 330 2288 ritu
376 2227 658 2302 principali
704 2225 964 2282 conﬁrma
1010 2237 1116 2277 me.
1165 2219 1415 2284 Domine,
1471 2218 1611 2272 labia
1669 2233 1790 2272 mea

218 2319 450 2390 aperies,
511 2325 569 2371 et
612 2329 675 2370 os
730 2327 912 2368 meum
953 2307 1294 2364 annuntiabit
1332 2305 1546 2361 laudem
1597 2315 1786 2360 tuam.

223 2411 386 2473 Deus,
424 2407 478 2461 in
505 2404 722 2459 nomine
765 2410 856 2456 tuo
881 2400 1086 2456 salvum
1139 2411 1228 2452 me
1275 2395 1380 2460 fac,
1429 2396 1561 2450 etin
1593 2395 1792 2450 virtute

223 2509 312 2554 tua
339 2499 509 2552 libera
525 2509 630 2550 me.
661 2494 823 2556 Deus,
846 2488 1038 2546 exaudi
1071 2486 1390 2542 orationem.
1412 2484 1650 2538 Auribus
1673 2499 1793 2554 per-

219 2591 340 2660 cipe
363 2588 524 2642 verba
542 2584 656 2640 oris
671 2583 796 2636 mei.
819 2580 1045 2644 Exaudi,
1073 2579 1235 2643 Deus,
1264 2576 1562 2632 orationem
1596 2589 1792 2640 meam,

221 2687 280 2733 et
313 2692 382 2732 ne
407 2673 722 2745 despexeris
744 2669 1180 2740 deprecationem
1223 2680 1419 2720 meam.
1465 2664 1688 2719 lulende
1741 2663 1793 2717 iu

224 2783 335 2830 me,
360 2774 418 2822 et
438 2763 632 2820 exaudi
676 2776 783 2816 me.
822 2760 882 2814 lu
935 2758 1044 2814 Deo
1075 2757 1303 2812 laudabo
1344 2754 1591 2820 verbum,
1637 2763 1693 2808 et
1741 2756 1795 2808 in

227 2857 454 2913 Domino
473 2853 704 2908 laudabo
723 2864 1028 2907 sermonem
1061 2865 1074 2901 :
1099 2847 1153 2902 in
1181 2845 1290 2902 Deo
1311 2845 1566 2916 sperabo,
1597 2860 1701 2899 nou
1736 2845 1799 2898 ti-

226 2949 384 3004 mebo
408 2939 538 3017 quid
561 2944 724 2999 faciat
759 2941 886 2996 mihi
919 2941 1097 2994 homo.
1115 2938 1173 2992 lu
1197 2953 1284 2992 me
1305 2944 1449 3002 sunt,
1479 2937 1642 3002 Deus,
1672 2944 1796 2991 vota

225 3055 348 3110 qua:
397 3030 639 3100 reddam,
698 3033 1028 3090 laudationes
1083 3031 1213 3095 tibi,
1252 3030 1507 3099 quoniam
1553 3028 1798 3098 eripuisti

225 3131 462 3186 animam
491 3140 665 3182 meam
691 3125 757 3179 de
784 3131 976 3187 morte,
1031 3120 1216 3177 oculos
1268 3133 1418 3175 meos
1441 3136 1472 3173 a
1516 3118 1797 3189 lacrymis,

226 3222 392 3291 pedes
417 3232 565 3273 meos
591 3215 816 3286 alapsu,
848 3223 902 3268 ut
942 3213 1182 3282 placeam
1233 3227 1417 3267 coram
1463 3211 1692 3266 Domino
1741 3211 1796 3264 in

229 3309 430 3384 lumine
479 3305 791 3360 viventium.
845 3302 1099 3356 Miserere
1148 3301 1276 3368 mei,
1317 3301 1493 3367 Deus,
1543 3301 1799 3356 miserere

229 3398 358 3464 mei,
379 3395 636 3466 quoniam
677 3394 731 3448 in
761 3403 812 3448 te
845 3392 1068 3450 conﬁdit
1107 3391 1284 3445 anima
1307 3404 1425 3445 mea
1461 3407 1474 3443 :
1507 3398 1563 3444 et
1601 3390 1653 3443 in
1683 3404 1800 3442 um-

229 3490 327 3544 bra
348 3488 555 3541 alarum
583 3493 796 3539 tuarqu
831 3482 1079 3552 sperabo,
1113 3483 1284 3536 donec
1310 3489 1550 3534 transeat
1604 3479 1800 3548 iniqui-

233 3591 336 3636 tas.
371 3577 530 3646 Eripe
578 3589 666 3629 me
689 3573 756 3627 de
783 3571 1017 3626 inimicis
1053 3571 1220 3634 meis,
1255 3569 1398 3624 Deus
1441 3584 1616 3634 meus,
1652 3570 1801 3644 etab

234 3668 631 3741 insurgentibus
653 3667 706 3720 in
743 3680 828 3720 me
878 3663 1046 3718 libera
1093 3677 1198 3717 me.
1249 3661 1408 3732 Eripe
1442 3677 1527 3716 me
1558 3663 1624 3716 de
1675 3677 1802 3732 ope-

233 3761 478 3817 rantibus
514 3757 870 3828 iniquitatem,
897 3764 951 3811 et
989 3754 1057 3809 de
1100 3753 1232 3808 viris
1278 3752 1601 3823 sanguinum
1652 3753 1800 3806 salva

233 3867 322 3907 me
350 3850 508 3920 :quia
536 3862 664 3904 ecce
687 3856 1084 3916 occupaverunt
1113 3845 1350 3898 animam
1404 3857 1610 3904 meam,
1633 3841 1804 3895 irrue-

233 3949 362 3996 runt
384 3942 548 3994 inme
570 3935 736 3992 fortes
764 3947 792 3987 :‘
822 3950 923 4003 ego
946 3948 1074 3988 vero
1095 3933 1395 3987 orationem
1423 3945 1596 3984 meam
1626 3930 1694 3983 ad
1728 3939 1799 3995 te,

233 4030 481 4086 Domine.
515 4025 747 4092 Tempus
784 4022 1124 4092 beneplaeiti,
1155 4021 1316 4076 Deus.
1363 4020 1418 4074 In
1461 4019 1804 4075 multitudine

235 4117 622 4177 misericordia:
648 4123 751 4169 tua:
771 4113 967 4168 exaudi
998 4129 1103 4176 rue,
1128 4112 1182 4166 in
1206 4111 1436 4189 veritate
1466 4111 1655 4165 salutis
1677 4119 1800 4164 tum.

236 4213 400 4282 Eripe
428 4224 515 4265 me
542 4209 609 4264 de
636 4208 771 4272 luto,
794 4213 977 4262 utnon
1023 4205 1332 4258 inhaeream.
1384 4201 1577 4257 Libera
1620 4218 1706 4256 me
1737 4217 1805 4256 ex

235 4301 542 4358 odientibus
571 4313 678 4362 me,
712 4297 869 4353 etde
915 4293 1177 4366 profundo
1231 4308 1518 4363 aquarum,
1565 4308 1672 4348 non
1721 4308 1806 4346 me

238 4394 514 4460 demergat
543 4396 834 4459 tempestas
860 4401 1032 4455 aquae,
1064 4399 1237 4454 neque
1261 4383 1548 4439 absorbeat
1575 4399 1660 4437 me
1683 4399 1806 4452 pto-

237 4483 484 4542 fuudum,
513 4493 684 4550 neque
717 4487 904 4548 urgeat
947 4491 1107 4544 super
1155 4491 1242 4530 mc
1289 4483 1484 4544 puteus
1530 4489 1592 4528 os
1625 4489 1802 4528 suum.

1890 1940 2086 1996 tutum,
2104 1942 2366 1987 converte
2393 1945 2513 1997 nos,
2533 1939 2590 1984 et
2613 1933 2837 1987 ostende
2853 1929 3045 1986 faciem
3069 1935 3238 1992 tuam,
3261 1934 3317 1980 et
3337 1925 3470 1980 salvi

1889 2023 2109 2078 erimus.
2161 2021 2428 2078 Converte
2472 2036 2608 2086 nos,
2652 2021 2794 2076 Deus
2839 2019 3093 2074 salutaris
3143 2027 3367 2080 noster,
3418 2025 3474 2070 et

1889 2120 2072 2166 averte
2097 2110 2232 2164 iram
2269 2119 2417 2162 tuam
2446 2123 2475 2162 a
2504 2107 2698 2162 nobis:
2729 2117 2788 2162 ut
2827 2123 2932 2162 non
2959 2107 3011 2160 in
3039 2115 3302 2160 aeternum
3333 2105 3472 2158 iras-

1890 2201 2034 2256 caris
2056 2200 2229 2264 nobis,
2269 2212 2443 2268 neque
2469 2197 2733 2254 extendas
2757 2197 2896 2250 iram
2941 2204 3090 2249 tuam
3142 2209 3172 2246 a
3214 2191 3474 2262 progenie

1891 2291 1946 2346 in
1967 2289 2268 2359 progenies.
2303 2287 2463 2351 Deus,
2500 2293 2555 2340 tu
2593 2293 2919 2341 convertens
2943 2281 3242 2339 viviﬁcabis
3263 2294 3383 2343 nos,
3411 2289 3468 2333 et

1891 2383 2043 2453 plebs
2074 2390 2162 2435 tua
2192 2379 2461 2434 laetabitur
2500 2378 2554 2431 in
2611 2387 2682 2431 te.
2711 2375 2954 2433 Ostende
3005 2373 3190 2435 nobis.
3223 2371 3470 2430 Domine.

1894 2469 2322 2525 misericordiam
2369 2475 2540 2530 tuam,
2582 2473 2638 2520 et
2697 2465 2934 2519 salutare
2983 2471 3132 2516 tuum
3179 2460 3244 2513 da
3292 2459 3469 2513 nobis.

1894 2561 2111 2622 lnclina,
2141 2558 2386 2620 Domine,
2413 2572 2596 2612 aurem
2631 2564 2777 2609 tuam
2821 2553 2890 2609 ad
2933 2565 3021 2606 me
3047 2557 3102 2606 et
3131 2549 3323 2606 exaudi
3358 2563 3470 2614 me,

1894 2652 2146 2722 quoniam
2175 2663 2377 2718 egenus
2391 2657 2446 2701 et
2472 2661 2682 2716 pauper,
2697 2659 2819 2700 sum
2845 2658 2965 2714 ego.
2991 2640 3210 2696 Custodi
3236 2640 3474 2693 animam

1895 2756 2072 2798 meam
2098 2738 2353 2809 quoniam
2399 2745 2620 2792 sanctus
2669 2750 2808 2790 sum.
2857 2731 3076 2787 Salvum
3130 2730 3215 2785 fac
3259 2744 3476 2785 servum

1899 2845 2070 2898 ttnnn,
2101 2833 2242 2888 Deus
2269 2844 2454 2895 meus,
2499 2835 2808 2898 sperantem
2843 2825 2896 2881 in
2933 2833 3004 2880 te.
3037 2822 3297 2878 Miserere
3319 2820 3484 2884 mihi,

1901 2924 2142 2986 Domine,
2175 2919 2431 2990 quoniam
2481 2919 2548 2973 ad
2587 2926 2639 2972 te
2680 2915 2908 2972 clamavi
2953 2907 3068 2970 tota
3097 2914 3184 2968 die
3215 2930 3228 2966 :
3262 2911 3476 2966 laetiﬁca

1901 3017 2136 3072 animam
2167 3013 2310 3070 servi
2344 3011 2447 3077 tui,
2477 3011 2604 3081 quia
2631 3011 2697 3065 ad
2727 3018 2799 3074 te,
2823 3009 3086 3074 Domine,
3138 3006 3311 3062 levavi
3361 3006 3478 3060 aui-

1903 3123 2044 3161 mam
2069 3119 2269 3160 meam.
2305 3093 2372 3158 Εἰ
2409 3111 2488 3168 ιυ,
2530 3102 2760 3157 Domine
2807 3101 2950 3156 Deus
2987 3114 3161 3165 meus,
3190 3098 3488 3153 miserator

1828 3173 1872 3236 Ο
1902 3189 1960 3254 et
1983 3197 2315 3257 misericors,
2340 3195 2552 3266 patiens
2572 3201 2625 3248 et
2668 3192 2895 3247 multum
2941 3190 3270 3254 misericors,
3303 3197 3358 3243 et
3385 3205 3480 3242 ve-

1901 3303 2020 3352 rax,
2045 3285 2251 3357 respice
2281 3284 2334 3339 in
2367 3297 2476 3349 me,
2503 3289 2560 3338 et
2586 3295 2846 3338 miserere
2882 3280 2988 3336 mei
3015 3295 3028 3334 :
3055 3280 3130 3336 da.
3153 3285 3488 3350 potestatem.

1899 3393 2066 3450 puero
2093 3386 2289 3443 tuo,et
2307 3377 2513 3433 salvum
2540 3376 2626 3430 fac
2656 3375 2822 3430 ﬁlium
2849 3373 3057 3430 ancilla:
3074 3383 3196 3429 tuae.
3220 3373 3331 3428 Fac
3355 3387 3470 3426 me-

1901 3485 2044 3535 cum,
2071 3467 2316 3531 Domine,
2343 3466 2554 3539 signum
2581 3465 2638 3520 in
2659 3467 2880 3531 bonum,
2911 3472 2974 3519 ut
3006 3463 3227 3518 videant
3269 3462 3363 3531 qui
3393 3477 3480 3516 me

1899 3563 2206 3619 oderuntet
2240 3558 2662 3624 confundantur,
2693 3555 2950 3628 quoniam
2977 3564 3055 3620 tu,
3109 3553 3356 3616 Domine,
3384 3553 3478 3606 ad-

1895 3649 2093 3722 juvasti
2119 3666 2224 3705 me.
2252 3650 2476 3705 Domine
2500 3648 2640 3702 Deus
2665 3647 2856 3703 salutis
2878 3660 3032 3709 mea},
3060 3645 3113 3700 in
3141 3645 3228 3700 die
3249 3643 3486 3700 clamavi

1902 3754 1956 3799 et
1994 3752 2151 3797 nocte
2177 3755 2361 3796 coram
2387 3736 2510 3810 [te].
2532 3738 2698 3791 Intret
2727 3736 2903 3792 oratio
2933 3751 3056 3791 mea
3101 3734 3156 3789 in
3185 3741 3488 3803 conspectu

1907 3844 2030 3888 tuo:
2065 3830 2261 3886 inclina
2285 3844 2472 3883 aurem
2502 3837 2650 3882 tuam
2681 3828 2746 3882 ad
2773 3841 2988 3897 precem
3005 3841 3205 3890 meam,
3230 3824 3479 3880 Domine.

1909 3923 2008 3979 Ubi
2038 3931 2163 3976 sunt
2217 3918 2600 3974 mis‘ericordim
2631 3927 2733 3971 tua:
2754 3918 3012 3986 antiquae,
3043 3915 3270 3971 Domine
3291 3955 3307 3980 ,
3339 3915 3480 3969 sicut

1899 4014 2094 4087 jurasti
2120 4013 2288 4068 David
2329 4011 2382 4065 in
2409 4011 2639 4065 veritate
2661 4009 2789 4063 tua?
2822 4007 3028 4062 Memor
3065 4016 3184 4062 esto
3211 4005 3486 4078 opprobrii

1906 4121 2182 4162 servorum
2219 4111 2434 4158 tuorum
2461 4101 2626 4172 (quod
2652 4101 2894 4156 continui
2936 4099 2989 4155 in
3018 4101 3140 4156 sinu
3177 4100 3320 4170 meo)
3346 4097 3484 4152 mul-

1909 4211 2084 4250 tarum
2115 4195 2372 4266 gentium.

1921 4321 1924 4326 -
1977 4288 2324 4352 Convertere,
2354 4285 2610 4350 Domine,
2645 4283 3060 4354 aliquantulum,
3108 4291 3165 4339 et
3193 4283 3489 4354 deprecare

1909 4395 2072 4448 super
2101 4392 2290 4434 servos
2320 4386 2460 4432 tuos.
2495 4377 2561 4431 Et
2583 4377 2652 4430 sit
2677 4377 2933 4445 splendor
2954 4374 3166 4430 Domini
3194 4375 3288 4428 Dei
3315 4373 3489 4428 nostri

1913 4489 2077 4544 super
2096 4487 2214 4535 nos,
2240 4480 2293 4526 et
2322 4486 2486 4541 opera
2513 4484 2770 4525 manuum
2799 4477 3108 4524 nostrarum
3133 4466 3304 4538 dirige
3329 4480 3492 4535 super

239 4574 446 4630 Exaudi
491 4586 599 4636 me,
624 4569 867 4633 Domine,
915 4569 1170 4637 quoniam
1222 4568 1449 4638 benigna
1480 4575 1564 4621 est
1595 4566 1808 4621 miseri-
1843 4537 1890 4596 υ
1915 4581 2032 4621 nos.
2057 4565 2313 4627 Domine,
2361 4562 2555 4617 exaudi
2597 4561 2899 4617 orationem
2922 4575 3123 4625 meam,
3172 4537 3488 4613 eticlamor

237 4664 422 4722 cordia
451 4671 567 4726 tua;
605 4661 898 4716 secundum
942 4658 1336 4712 multitudinem
1394 4657 1806 4710 miscrationum

240 4765 453 4808 tuarum
489 4751 693 4819 respice
723 4750 775 4801 in
823 4763 927 4802 me.
984 4747 1058 4801 Ne
1095 4757 1310 4802 avertas
1359 4747 1554 4802 faciem
1597 4755 1744 4800 tuam
1777 4761 1805 4800 a

239 4857 409 4912 puero
439 4850 554 4906 tuo,
582 4841 835 4908 quoniam
864 4836 1107 4891 tribulor.
1139 4835 1408 4890 Yelociter
1456 4836 1652 4890 exaudi
1701 4850 1808 4888 me.

239 4935 461 4990 Intende
487 4933 679 4986 anima:
701 4945 832 4984 mea:
848 4939 904 4983 et
931 4929 1097 4984 libera
1128 4944 1283 4994 eam;
1309 4937 1531 4998 propter
1561 4927 1812 4982 inimicos

241 5040 390 5081 meos
407 5023 555 5092 eripe
579 5037 682 5076 me.
711 5021 870 5085 Deus,
909 5020 961 5075 in
992 5017 1314 5088 adjutorium
1341 5034 1519 5072 meum
1547 5017 1765 5072 intende
1792 5033 1807 5082 ;

240 5120 486 5183 Domine,
512 5117 578 5172 ad
601 5117 959 5185 adjuvandqu
991 5131 1076 5170 me
1121 5116 1334 5171 festina.
1365 5116 1479 5183 Ego
1519 5129 1650 5170 vero
1683 5129 1812 5183 ege-

241 5227 343 5266 nus
361 5220 416 5264 et
451 5222 656 5278 pauper
675 5223 814 5261 sum.
855 5207 1018 5270 Deus,
1047 5206 1237 5275 adjuva
1263 5221 1369 5260 me.
1392 5204 1619 5273 Adjutor
1659 5220 1812 5260 meus

237 5312 298 5356 et
320 5300 578 5354 liberator
603 5313 754 5352 meus
799 5295 881 5368 [es
911 5295 1012 5368 tu],
1063 5295 1329 5351 Domine:
1367 5309 1436 5350 ne
1485 5296 1810 5355 tardaveris.

235 5391 298 5448 ln
329 5399 399 5456 te,
429 5389 683 5453 Domine,
714 5387 954 5458 speravi:
983 5402 1084 5441 non
1104 5386 1402 5441 confundar
1451 5387 1502 5440 in
1529 5395 1810 5442 :eternum.

237 5483 298 5537 ln
332 5490 420 5535 tua
440 5479 651 5548 justitia
679 5478 844 5532 libera
879 5491 966 5532 me
997 5485 1052 5532 et
1074 5477 1222 5546 eripe
1250 5492 1357 5531 me.
1398 5475 1596 5531 inclina
1635 5481 1702 5534 ad
1731 5493 1816 5534 mc

239 5585 429 5627 aurem
458 5578 606 5624 tuam
634 5585 648 5622 :
681 5567 924 5623 accelera
953 5577 1011 5622 ut
1037 5567 1239 5638 eripias
1277 5583 1384 5623 me.
1421 5567 1553 5622 Esto
1589 5569 1723 5622 milii
1758 5569 1812 5623 in

239 5661 408 5716 Deum
433 5665 790 5728 protectorem
811 5666 866 5712 et
894 5658 946 5712 in
971 5657 1144 5712 locum
1173 5655 1384 5726 rcfugii,
1419 5665 1474 5710 ut
1501 5656 1706 5710 salvqu
1731 5674 1815 5712 me

240 5753 427 5807 facias.
455 5750 518 5804 Et
550 5760 624 5815 tu,
655 5749 900 5816 Domine,
936 5749 1144 5819 adjutor
1192 5748 1367 5804 fortis.
1419 5749 1711 5818 Replealur
1753 5763 1816 5804 os

1913 4672 2065 4713 meus
2089 4655 2156 4708 ad
2183 4663 2234 4710 te
2254 4654 2550 4722 perveniat.
2568 4652 2647 4708 Ne
2669 4661 2884 4707 avertas
2911 4651 3103 4722 faciem
3132 4658 3280 4703 tuam
3300 4663 3331 4702 a
3360 4663 3446 4702 me
3471 4664 3486 4699 :

1914 4750 1966 4803 in
1987 4759 2307 4818 quacunque
2328 4744 2414 4799 die
2430 4743 2676 4806 tribulor,
2695 4743 2895 4798 inclina
2909 4741 2976 4796 ad
2991 4755 3077 4795 me
3090 4753 3274 4793 aurem
3299 4747 3443 4792 tuam
3474 4755 3487 4790 :

1911 4839 1966 4893 in
1985 4852 2304 4908 quacunque
2327 4834 2414 4890 die
2437 4835 2758 4891 invocavero
2785 4842 2858 4899 te,
2874 4831 3132 4887 velociter
3153 4829 3362 4890 exaudit
3379 4843 3486 4884 me.

1914 4929 1991 4985 Ne
2019 4930 2220 4984 educas
2255 4943 2340 4982 me
2369 4927 2423 4980 in
2445 4925 2666 4981 dimidio
2703 4925 2915 4997 dierum
2969 4935 3211 4977 meorum
3243 4919 3296 4975 in
3330 4933 3494 4990 gene-

1915 5023 2178 5077 rationem
2216 5028 2272 5074 et
2321 5018 2726 5090 generationem
2753 5015 2882 5070 anni
2913 5015 3009 5069 tui.
3041 5013 3107 5067 Et
3130 5022 3210 5079 tn,
3243 5012 3487 5073 Domine,

1914 5115 2000 5169 fac
2023 5129 2234 5169 mecum
2259 5111 2681 5168 misericordiam
2698 5117 2917 5178 prepter
2942 5122 3136 5162 nomen
3162 5117 3330 5171 tuum,
3357 5120 3494 5176 quo-

1915 5207 2062 5262 niam
2088 5204 2268 5260 suavis
2293 5211 2376 5258 est
2425 5199 2797 5257 misericordia
2841 5206 2950 5253 tua.
2973 5197 3169 5256 Libera
3199 5212 3306 5263 me,
3356 5211 3495 5268 quo-

1916 5298 2061 5352 niam
2085 5311 2284 5368 egenus
2309 5303 2363 5350 et
2382 5305 2587 5362 panper
2609 5305 2729 5345 sum
2763 5304 2891 5361 ego,
2924 5299 3101 5352 etcor
3141 5301 3320 5344 meum
3362 5304 3492 5344 con-

1917 5388 2188 5442 turbatum
2219 5394 2305 5440 est
2329 5384 2381 5437 in
2415 5397 2520 5437 me.
2553 5379 2706 5436 Sicut
2733 5381 2922 5436 umbra
2947 5395 3068 5436 cum
3089 5379 3328 5436 declinat
3353 5378 3494 5434 abla-

1915 5489 2003 5534 tus
2033 5493 2176 5542 sum,
2202 5485 2257 5530 et
2281 5487 2541 5529 excussus
2559 5487 2682 5528 sum
2725 5473 2866 5528 sicut
2891 5471 3116 5528 locusta.
3150 5470 3354 5539 Adjuva
3377 5467 3510 5533 me,‘

1916 5571 2142 5626 Domine
2169 5568 2309 5620 Deus
2323 5577 2491 5629 meus,
2511 5572 2566 5621 et
2583 5563 2791 5619 salvum
2813 5578 2901 5618 me
2926 5561 3010 5618 fac
3030 5573 3250 5633 propter
3275 5561 3489 5620 miseri-

1915 5660 2333 5714 cordiamtuam.
2353 5655 2611 5710 Retribue
2625 5668 2784 5709 servo
2801 5663 2892 5710 tuo
2914 5654 3018 5726 [ut]
3048 5655 3225 5709 vivam
3247 5662 3492 5709 etcusto—

1918 5751 2059 5806 diam
2084 5763 2359 5804 sermones
2397 5757 2533 5803 tuos.
2555 5747 2751 5804 Revela
2774 5747 2958 5803 oculos
2981 5761 3149 5812 meos.
3172 5754 3226 5800 et
3249 5746 3493 5802 conside-
