3974 6344
489 319 630 403 Issa

1031 316 1088 374 5.
1126 313 1500 374 PRUDENTII
1538 310 1926 389 TRECE‘SSIS
1962 309 2269 371 EPISCOPI
2304 313 2735 384 BBEVIARIUM
2769 318 2840 377 IN
2878 319 3219 381 PSALIOS.

3631 328 3776 385 “3

492 427 1007 510 raboimirabiliade
1028 428 1148 499 lege
1165 435 1276 484 tua.
1318 425 1499 507 lncola
1513 440 1613 517 ego
1638 440 1759 517 sum
1788 427 2017 517 interra
2050 443 2063 479 :
2097 428 2146 487 Α
2172 441 2353 483 meum
2398 429 2454 485 in
2503 431 2726 491 verbum
2773 433 2997 491 malum.
3048 435 3273 497 Intende
3308 438 3369 494 in
3397 437 3777 517 humilitate-

490 537 598 579 non
616 506 912 577 abscondas
947 534 977 573 a
1006 533 1093 574 mc
1116 517 1366 575 mandata
1397 506 1507 573 tua.
1534 515 1808 573 Conﬁrma
1834 530 1942 583 me,
1974 515 2075 593 Do;

491 602 661 669 mine.
675 611 728 666 in
741 609 1081 667 sermonibus
1097 605 1380 665 tuis.Viam
1395 606 1695 678 iniquitatis
1706 621 1899 663 amove
1912 621 1942 661 a
1960 620 2075 683 me,

491 700 547 757 et
573 702 641 759 de
668 701 786 774 lege
816 709 903 756 tua
951 699 1209 756 miserere
1238 699 1363 756 mei.
1392 699 1575 757 Deduc
1596 713 1685 755 mo
1737 697 1793 754 in
1819 698 2072 755 semitam

495 784 870 849 mandatorum
918 801 1130 848 tuorum
1160 791 1357 869 ,‘quia
1407 791 1579 861 ipsam
1630 789 1795 847 volui.
1866 789 2073 857 inclina

496 901 594 942 cor
642 870 823 939 meum
854 883 906 938 in
950 883 1257 938 testimonia
1305 891 1416 949 tua,
1438 892 1493 938 et
1523 897 1630 937 non
1682 881 1735 937 in
1767 882 2069 937 avaritiam.

496 981 698 1036 Averte
720 978 905 1035 oculos
932 991 1102 1043 meos,
1119 991 1186 1033 ne
1208 976 1430 1032 videant
1452 976 1764 1033 vanitatem.
1788 974 1845 1031 ln
1868 976 1953 1030 via
1981 985 2074 1031 tua

494 1070 712 1127 vivilica
755 1083 861 1124 me.
904 1068 1095 1125 Statue
1146 1082 1309 1125 servo
1361 1076 1452 1125 tuo
1490 1066 1763 1137 eloquium
1814 1074 1964 1122 tuum
2018 1066 2075 1122 in

497 1163 693 1219 timore
720 1168 834 1216 tuo.
861 1158 1191 1223 Bonitatem,
1216 1165 1272 1214 et
1299 1156 1661 1229 disciplinam,
1692 1163 1750 1211 et
1788 1155 2074 1212 scientiam

496 1252 631 1317 doce
655 1266 742 1306 me
760 1290 778 1316 ,
794 1249 924 1319 quia
951 1248 1005 1304 in
1034 1247 1306 1304 mandatis
1323 1247 1431 1303 tuis
1451 1247 1677 1303 credidi.
1705 1246 1960 1301 Bonuses
1983 1254 2074 1313 tu,

496 1341 757 1405 Domine,
787 1347 844 1396 et
868 1339 924 1395 in
961 1338 1206 1397 bonitate
1235 1346 1326 1393 tua
1371 1338 1505 1394 doce
1540 1352 1629 1393 me
1658 1334 2078 1408 iustiﬁcationes
2108 1389 2125 1399 ,

496 1438 642 1487 tuas.
671 1429 793 1484 Fiat
812 1442 955 1483 nunc
974 1468 992 1496 ,
1022 1427 1287 1500 Domine,
1324 1424 1694 1482 misericordia
1720 1432 1843 1490 tua,
1872 1433 1931 1479 ut
1949 1439 2079 1481 con-

495 1522 701 1593 soletur
724 1534 811 1577 me
835 1517 1134 1576 secundum
1162 1516 1435 1589 eloquium
1465 1524 1614 1570 tuum
1640 1530 1800 1571 servo
1831 1523 1942 1570 tuo.
1973 1508 2079 1570 Ve-

495 1616 650 1670 niant
670 1613 807 1671 mihi
834 1609 1218 1667 miserationes
1240 1616 1376 1674 tuae,
1409 1615 1467 1662 et
1492 1607 1668 1663 vivam
1687 1645 1703 1670 ,
1734 1605 1860 1675 quia
1880 1604 1965 1659 lex
1986 1612 2079 1658 tua

2174 533 2348 577 meam
2366 560 2382 587 ,
2404 520 2533 591 quia
2555 522 2875 593 humiliatus
2892 540 3015 583 sum
3034 526 3216 583 nimis.
3246 527 3449 586 Libera
3470 545 3565 587 me
3588 547 3622 587 a
3644 547 3773 604 pe:-

2174 610 2525 680 sequentibus
2552 626 2672 683 me,
2705 614 2963 686 quoniam
2988 616 3282 675 eonfortati
3308 630 3631 694 suntsuper
3656 640 3769 681 me.

2176 698 2325 755 Educ
2346 700 2413 757 de
2434 716 2657 781 carcere
2677 704 2917 763 animam
2937 720 3117 765 meam
3134 744 3151 775 ,
3176 708 3245 765 ad
3272 710 3655 771 conﬁtendam
3672 731 3774 770 no-

2174 791 2307 847 mini
2338 799 2430 849 tuo
2448 831 2465 859 ,
2487 793 2736 851 Domine.
2760 795 2846 854 Me
2864 808 3185 869 exspectant
3204 801 3339 872 iusti
3357 843 3375 869 ,
3397 803 3580 861 donec
3598 808 3772 862 retri-

2173 884 2308 941 buas
2329 883 2483 939 mihi.
2508 886 2759 954 Domine,
2779 890 2972 963 exaudi
2990 892 3294 949 orationem
3324 911 3504 966 meam
3536 914 3553 950 :
3586 899 3647 953 in
3674 915 3771 953 ve»

2173 975 2336 1031 ritate
2370 977 2567 1036 exaudi
2596 992 2691 1049 me
2726 996 2741 1032 :
2771 979 2827 1034 in
2864 987 2959 1037 tua
2982 979 3196 1049 iustitia
3240 1002 3255 1038 :
3291 992 3347 1039 et
3385 1001 3456 1042 ne
3496 986 3683 1043 intres
3716 989 3777 1041 in

2168 1066 2432 1138 judicium
2462 1082 2588 1125 eum
2621 1082 2782 1125 servo
2817 1078 2942 1137 tuo,
2975 1073 3103 1143 quia
3145 1088 3249 1129 non
3280 1073 3687 1142 iustificahitur
3720 1080 3777 1133 in

2175 1167 2469 1228 conspectu
2516 1173 2609 1215 mo
2652 1160 2835 1216 omnis
2878 1161 3086 1239 vivens.
3136 1165 3276 1231 Quia
3320 1176 3653 1235 persecutas
3692 1178 3779 1223 est

2176 1246 2430 1321 inimicus
2463 1248 2704 1303 animam
2739 1264 2953 1319 meam,
2988 1249 3293 1308 bumiliavit
3326 1254 3384 1309 in
3398 1265 3574 1319 ,terra
3602 1257 3777 1311 vitam

2176 1350 2377 1391 meam.
2409 1334 2686 1393 Velociter
2714 1338 2912 1393 exaudi
2940 1354 3057 1406 me,
3092 1340 3351 1409 Domine;
3383 1345 3779 1416 defecitspiri-

2177 1433 2265 1482 tus
2293 1440 2464 1497 meus.
2497 1426 2577 1484 Ne
2602 1437 2822 1483 avertas
2851 1426 3045 1484 faciem
3077 1438 3226 1486 tuam
3252 1448 3283 1487 a
3315 1448 3439 1499 me,
3461 1442 3527 1488 et
3558 1448 3663 1490 ero
3696 1434 3777 1489 i-

2178 1512 2326 1568 milis
2371 1514 2832 1574 descendentibus
2852 1516 2917 1572 in
2955 1517 3156 1575 lacum.
3199 1521 3459 1579 Andium
3508 1525 3653 1579 mihi
3691 1522 3781 1581 be

2178 1622 2341 1663 mane
2368 1608 2804 1679 misericordiam
2834 1618 2997 1669 tuam.
3028 1610 3227 1667 Notam
3255 1613 3340 1670 iac
3368 1615 3513 1671 mihi
3542 1617 3697 1672 vim
3720 1615 3781 1671 in

499 1704 782 1777 meditatio
807 1717 925 1758 mea
954 1707 1060 1757 est.
1100 1700 1224 1756 Fiat
1249 1714 1346 1755 cor
1372 1712 1555 1769 meum
1591 1694 1996 1752 immaculatum
2023 1694 2080 1750 in
2113 1771 2152 1777 _
2181 1714 2289 1769 qua
2314 1700 2618 1767 ambulem,
2646 1703 2776 1772 quia
2812 1703 2883 1760 ad
2912 1712 2995 1769 te,
3023 1705 3284 1774 Domine,
3314 1708 3497 1765 levavi
3532 1710 3781 1766 animum

432 1812 439 1819 '
497 1796 608 1852 tuis
628 1771 1137 1867 instilicationibus,
1166 1799 1229 1846 ut
1257 1803 1363 1845 non
1399 1787 1720 1844 confundar.
1756 1784 2084 1843 liumiliatus
2111 1771 2158 1832 Β
2185 1803 2385 1845 meam.
2423 1771 2706 1861 Eripeme
2738 1793 2808 1848 de
2844 1793 3081 1850 inimicis
3110 1771 3275 1852 meis.—
3310 1797 3583 1864 Domine,
3618 1799 3694 1854 ad
3728 1807 3783 1854 te

498 1901 618 1944 sum
658 1898 1063 1956 usquequaque,
1092 1881 1343 1939 Domine.
1371 1879 1597 1937 Vivilica
1649 1894 1735 1934 me
1784 1876 2080 1937 secundum

496 1974 723 2049 verbum
763 1980 938 2027 tuum.
974 1969 1289 2027 Voluntaria
1310 1968 1423 2026 oris
1453 1968 1558 2023 mei
1587 1966 1925 2038 beneplaciza
1964 1966 2082 2032 fac,

498 2064 766 2129 Domine,
789 2071 845 2119 et
860 2061 1068 2134 iudicia
1097 2068 1190 2116 tua
1218 2060 1350 2116 doce
1382 2072 1486 2114 me.
1519 2057 1748 2127 Suscipe
1778 2072 1865 2112 me
1886 2071 2085 2122 secun:

498 2155 627 2210 dum
655 2153 929 2222 eloquium
962 2160 1114 2207 tuum
1132 2191 1151 2217 ,
1173 2160 1230 2207 et
1253 2150 1432 2205 vivam
1449 2189 1466 2215 ,
1494 2156 1549 2205 et
1580 2165 1648 2205 ne
1668 2147 1977 2204 confundas
1998 2162 2086 2202 me

498 2244 570 2299 ab
599 2240 1004 2314 exspectatione
1032 2253 1174 2296 mea.
1202 2239 1414 2310 Adiuva
1446 2253 1556 2304 me,
1584 2246 1640 2292 et
1666 2237 1850 2293 salvus
1868 2252 1999 2301 ero,
2029 2243 2089 2290 et

500 2330 807 2388 meditabor
836 2330 891 2386 in
925 2329 1035 2387 tuis
1073 2327 1573 2403 iustificationibus.
1618 2327 1727 2383 Fac
1757 2343 1881 2383 cum
1924 2342 2087 2385 servo

498 2432 595 2479 tuo
620 2420 918 2481 secundum
948 2420 1384 2478 misericordiam
1417 2428 1564 2475 tuam
1590 2428 1648 2476 et
1666 2420 2085 2491 iustiﬁcationes

433 2577 443 2587 .
498 2520 625 2567 tuas
650 2510 786 2568 doce
810 2524 918 2567 me.
949 2508 1153 2566 Servus
1179 2517 1305 2566 tuus
1331 2524 1451 2566 sum
1480 2523 1583 2580 ego
1614 2526 1629 2564 :
1662 2509 1729 2565 da
1753 2509 1887 2564 mibi
1921 2508 2084 2576 illi.le

499 2599 733 2667 lectum,
766 2606 826 2656 ut
861 2599 1032 2656 sciam
1071 2598 1379 2655 testimonia
1408 2606 1519 2653 tua.
1548 2597 1778 2668 Respice
1802 2598 1859 2652 in
1890 2613 2008 2663 me,
2031 2606 2089 2653 et

500 2694 761 2751 miserere
782 2694 887 2750 mei
907 2694 1205 2750 secundum
1227 2691 1494 2762 judicium
1518 2692 1858 2763 diligentium
1888 2707 2085 2749 nomen

500 2794 677 2843 tuum.
692 2784 925 2841 Gressus
942 2798 1091 2839 meos
1109 2784 1283 2856 dirige
1300 2783 1593 2853 secundum
1611 2781 1885 2852 eloquium
1912 2791 2082 2847 tuum,

502 2886 566 2933 ut
589 2877 1039 2943 nondominetur
1065 2876 1172 2933 mei
1200 2875 1384 2932 omnis
1416 2872 1706 2944 iniustitia.
1746 2873 1973 2931 Redime
2000 2888 2088 2930 me

501 2988 533 3026 a
577 2970 865 3037 calumniis
893 2968 1172 3025 hominum
1193 3007 1212 3035 ,
1251 2975 1313 3022 ut
1340 2966 1641 3025 custodiam
1687 2966 1939 3023 mandata
1972 2981 2083 3022 ma.

501 3057 720 3123 Facieui
739 3070 886 3127 tuam
912 3059 1156 3116 illumina
1170 3075 1340 3130 super
1358 3074 1574 3115 servum
1601 3068 1752 3117 tuum
1771 3068 1826 3114 et
1841 3060 1979 3114 doce
1999 3074 2087 3119 me

498 3151 915 3223 iustiﬁcationes
960 3159 1099 3206 tuas.
1136 3150 1332 3207 Vocem
1378 3164 1558 3204 meam
1606 3148 1733 3204 audi
1781 3149 2083 3204 secundum

503 3239 929 3298 misericordiam
953 3248 1103 3295 tuam
1118 3280 1133 3305 ,
1156 3238 1414 3304 Domine,
1437 3247 1492 3294 ct
1511 3237 1809 3297 secundum
1820 3237 2087 3308 iudicium

504 3340 659 3385 tuum
690 3328 902 3385 vivifica
930 3344 1038 3385 me.

576 3420 711 3478 Vide
739 3420 1103 3477 humilitatem
1134 3434 1310 3478 meam
1338 3428 1394 3475 et
1417 3433 1569 3490 enpe
1606 3433 1695 3475 me
1714 3459 1731 3486 ,
1753 3419 1881 3490 quia
1913 3418 2089 3489 legem

505 3521 659 3570 tuam
709 3527 816 3568 non
865 3526 987 3567 sum
1033 3509 1256 3567 oblitus.
1286 3508 1479 3565 iudica
1511 3506 1775 3577 iudicium
1816 3520 1997 3564 meum
2034 3516 2091 3563 et

507 3604 716 3661 redime
752 3616 838 3658 me
879 3619 894 3657 :
932 3610 1153 3672 propter
1188 3600 1463 3671 eloquium
1511 3608 1660 3656 tuum
1713 3597 1927 3654 vivilica
1977 3612 2087 3655 me.

504 3694 803 3766 Appmpiet
847 3693 1026 3750 oratio
1066 3708 1188 3757 mea
1233 3693 1289 3749 in
1323 3699 1614 3763 conspectu
1663 3700 1791 3758 tuo,
1828 3692 2091 3758 Domino,

505 3786 803 3843 secundum
823 3784 1098 3857 eloquium
1122 3794 1272 3841 tuum
1290 3785 1361 3841 da
1388 3784 1519 3841 mihi
1542 3783 1895 3841 intellectum.
1919 3782 2090 3838 intret

504 3877 797 3949 postulatio
817 3891 935 3933 mea
958 3876 1013 3931 in
1033 3884 1328 3947 conspectu
1354 3884 1447 3931 tuo
1461 3914 1479 3941 ,
1503 3875 1729 3931 Domine
1749 3913 1766 3940 ,
1791 3872 2087 3930 secundum

505 3969 783 4041 eloquium
804 3977 957 4025 tuum
976 3968 1127 4039 eripe
1148 3983 1255 4023 me.
1279 3967 1618 4023 Eruetabuut
1639 3966 1779 4022 labia
1800 3980 1919 4020 mea
1941 3966 2090 4036 hym-

504 4075 667 4123 num,
700 4074 825 4115 cum
854 4058 1106 4116 docueris
1131 4074 1218 4114 me
1236 4057 1651 4129 iustiﬁcationes
1675 4065 1817 4112 tuas.
1842 4055 2090 4111 Pronun-

508 4151 667 4206 tiabit
693 4149 874 4222 lingua
914 4163 1033 4205 mea
1064 4147 1278 4219 eloquia
1311 4157 1433 4208 tua.
1459 4147 1584 4216 quia
1611 4146 1795 4213 otnnia
1834 4144 2091 4199 mandata

505 4252 601 4295 tua
631 4240 875 4310 aequitas.
906 4239 1027 4294 Fiat
1050 4254 1246 4295 manus
1276 4247 1401 4304 tua,
1431 4246 1491 4293 ut
1521 4236 1732 4294 salvum
1769 4251 1858 4292 tne
1893 4235 2085 4302 faciat,

506 4332 634 4402 quia
672 4330 924 4385 mandata
955 4340 1046 4384 tua
1073 4329 1230 4400 elegi.

578 4418 873 4489 Concupivi
901 4419 1140 4474 salutare
1169 4427 1317 4473 tuum
1337 4459 1353 4485 ,
1386 4417 1611 4473 Domine
1629 4457 1644 4482 ,
1670 4425 1726 4471 et
1753 4416 1835 4472 lex
1859 4424 1950 4472 tua
1977 4432 2088 4471 me-

505 4515 699 4571 ditatio
729 4528 849 4570 mea
874 4520 977 4569 est.
999 4511 1160 4568 Vivet
1179 4513 1360 4567 anima
1386 4528 1504 4568 mea
1524 4551 1540 4578 ,
1571 4520 1628 4567 et
1654 4510 1894 4567 laudabit
1920 4519 1973 4566 te
1991 4551 2006 4576 ,
2030 4520 2086 4567 et

501 4606 703 4678 iudicia
750 4612 839 4659 tua
885 4603 1220 4675 adiuvabunt
1248 4594 1357 4658 me.
1405 4602 1592 4658 Erravi
1628 4605 1770 4659 sicut
1808 4604 1926 4659 ovis
1966 4618 2088 4673 qua:

503 4695 763 4769 perierat.
786 4693 1025 4766 Require
1045 4707 1262 4748 servum
1286 4699 1435 4747 tuum
1454 4731 1470 4758 ,
1495 4692 1751 4758 Domine,
1778 4693 1905 4763 quia
1928 4705 2091 4764 man-_

507 4784 635 4839 data
664 4792 755 4838 tua
788 4799 895 4838 non
919 4798 1039 4838 sum
1060 4781 1283 4837 oblitus.
1318 4779 1573 4837 Miserere
1601 4782 1793 4847 nobis,
1824 4780 2050 4837 Domine
2069 4821 2086 4847 ,

508 4877 772 4933 miserere
824 4875 1009 4941 nobis,
1051 4874 1177 4942 quia
1233 4873 1460 4945 multum
1514 4873 1699 4943 repleti
1733 4888 1920 4930 sumus
1964 4888 2091 4927 con-

508 4967 826 5038 temptione.
897 4964 1163 5030 Beuefac,
1210 4964 1435 5021 Domine
1503 4961 1768 5036 [bonisi,.
1801 4972 1858 5019 et
1925 4964 2091 5020 rectis

509 5058 696 5115 corde.
754 5057 1055 5122 Converte,
1109 5056 1367 5121 Domine,
1422 5055 1795 5126 captivitatem
1848 5065 2088 5111 nosuam

509 5149 650 5204 sicut
671 5158 887 5203 torrens
917 5145 970 5201 in
999 5155 1207 5202 austro.
1233 5144 1620 5216 Deprofundis
1646 5143 1871 5200 clamavi
1905 5146 1973 5201 ad
2003 5156 2054 5200 te
2073 5186 2089 5213 ,

510 5234 770 5304 Domine,
798 5236 1054 5301 Domine,
1083 5222 1277 5290 exaudi
1304 5250 1491 5291 vocem
1520 5249 1719 5289 meam.
1752 5234 1912 5289 Fiant
1931 5251 2092 5291 aures

512 5338 618 5383 tuae
646 5325 988 5381 intendentes
1016 5323 1397 5380 inorationem
1433 5323 1576 5379 servi
1609 5324 1706 5378 tui.
1740 5322 1796 5378 lu
1842 5338 2090 5393 quacun-

508 5432 618 5489 que
645 5415 734 5472 die
758 5414 1080 5471 invocavero
1111 5420 1194 5478 te,
1229 5413 1423 5468 exaudi
1452 5430 1540 5469 me
1568 5431 1581 5469 :
1619 5412 2005 5484 multiplicabis
2035 5413 2092 5469 in

512 5506 690 5566 anima
720 5522 841 5563 mea
877 5504 1133 5561 virtutem
1171 5511 1318 5559 tuam
1339 5544 1355 5571 ,
1387 5513 1443 5560 et
1471 5504 1644 5561 deduc
1672 5518 1793 5571 me,
1834 5505 2088 5570 Domine,

512 5600 568 5655 in
590 5601 674 5656 via
696 5608 917 5685 :eterna.
939 5598 1087 5656 Pone
1105 5637 1122 5667 ,
1143 5597 1367 5653 Domine
1389 5638 1403 5662 ,
1426 5598 1728 5679 custodiam
1754 5596 1836 5653 ori
1862 5612 2012 5665 meo,
2037 5607 2093 5655 et

510 5691 710 5747 ostium
745 5689 1162 5747 circumstantiae
1200 5687 1356 5743 labiis
1394 5687 1546 5745 meis.
1582 5685 1700 5745 Non
1727 5687 1965 5746 declines
1996 5704 2090 5746 cor

922 5820 949 5847 κ

2111 3112 2157 3176 C

2184 1878 2401 1956 coniugi
2420 1919 2437 1944 ,
2469 1880 2725 1936 doce~me
2752 1881 2938 1941 facere
2972 1883 3300 1947 voluntatem
3332 1896 3485 1942 tuam
3504 1928 3527 1953 ,
3556 1889 3695 1958 quia
3726 1896 3783 1943 ta

2182 1981 2244 2023 es
2275 1969 2418 2024 Deus
2462 1985 2636 2025 meus.
2672 1970 2912 2040 Spiritus
2947 1980 3073 2029 tuus
3116 1975 3293 2031 bonus
3334 1977 3585 2034 deducet
3610 1994 3705 2034 me
3728 1980 3783 2033 ia

2183 2060 2326 2114 viam
2356 2068 2562 2115 rectam
2585 2100 2603 2127 ,
2636 2071 2859 2132 propter
2892 2078 3090 2119 nomen
3121 2074 3309 2132 tuum,
3341 2069 3622 2133 Domine,
3648 2070 3781 2125 vivi-

2186 2148 2377 2204 ﬁcabis
2402 2164 2489 2215 me
2520 2150 2575 2204 in
2592 2152 2847 2222 arquitate
2876 2160 2985 2208 tua.
3011 2154 3079 2209 Et
3093 2155 3295 2213 educes
3318 2157 3390 2213 de
3421 2157 3781 2213 tribulatione

2184 2237 2421 2295 animam
2467 2254 2679 2307 meam,
2728 2249 2787 2297 et
2825 2242 2880 2296 in
2931 2244 3306 2301 misericordia
3355 2254 3454 2302 tua
3488 2248 3781 2317 δίψα-ἠδ

2187 2327 2437 2385 inimicos
2471 2345 2639 2397 meos.
2664 2330 2731 2386 Et
2766 2333 2963 2401 perdes
3001 2348 3193 2389 omnes
3227 2335 3321 2403 qui
3359 2336 3637 2392 tribulam
3660 2339 3783 2392 aui-

2186 2433 2331 2474 mam
2367 2435 2542 2475 meam
2563 2461 2580 2486 ,
2603 2422 2859 2491 quoniam
2883 2437 3075 2479 servus
3100 2432 3223 2491 tuus
3249 2441 3371 2482 sum
3396 2443 3531 2499 ego.

2255 2507 2442 2566 Gloria
2482 2509 2667 2575 Patri,
2707 2519 2764 2566 et
2794 2511 3045 2578 Filio,et
3084 2513 3309 2584 Spiritui
3354 2527 3584 2574 sancto.
3633 2520 3787 2575 Sient

2184 2610 2304 2656 erat
2331 2602 2386 2656 in
2411 2601 2712 2671 principio,
2746 2612 2802 2658 et
2831 2620 3010 2672 nunc,
3036 2615 3093 2661 et
3127 2620 3367 2678 semper,
3394 2618 3456 2663 et
3482 2610 3547 2665 in
3587 2604 3781 2667 saeuh

2185 2689 2531 2747 saeculorum.
2561 2691 2755 2748 Amen.

2257 2778 2583 2835 Benedicam
2618 2780 2906 2839 Dominum
2937 2800 2990 2838 in
3021 2785 3170 2851 omni
3218 2793 3467 2856 tempore
3507 2804 3526 2841 :
3570 2802 3784 2859 sanes

2185 2869 2304 2927 laus
2335 2869 2453 2941 eius
2492 2873 2545 2927 in
2569 2887 2667 2928 ore
2708 2889 2850 2931 meo.
2882 2875 3003 2931 Tibi
3037 2876 3136 2932 soli
3173 2879 3434 2947 peccavi,
3476 2888 3541 2935 et
3580 2881 3781 2937 malum

2187 2977 2372 3019 coram
2403 2972 2455 3020 te
2486 2962 2588 3022 feci
2641 2964 2907 3021 Delictum
2949 2982 3129 3023 meum
3156 2969 3438 3039 cognitum
3487 2970 3595 3026 tibi
3646 2971 3779 3037 ieci,

2187 3065 2244 3110 et
2270 3055 2586 3125 iniustitiam
2612 3073 2788 3115 meam
2810 3073 2919 3114 non
2946 3059 3230 3117 abscondi.
3255 3059 3379 3115 Dixi
3413 3077 3431 3115 :
3464 3060 3779 3121 Conﬁteher

2189 3145 2477 3201 adversum
2502 3162 2590 3203 me
2618 3147 2940 3219 iniustitiam
2963 3166 3139 3205 meam
3162 3150 3430 3220 Domino;
3460 3161 3522 3207 et
3542 3160 3607 3207 tu
3626 3154 3783 3209 relli-

2188 3238 2306 3294 sisti
2335 3236 2666 3309 impietatem
2709 3241 2918 3312 peccati
2945 3243 3072 3299 mei.
3103 3242 3211 3303 Pro.
3238 3246 3357 3303 hac
3399 3247 3601 3303 orabit
3638 3249 3710 3304 ad
3736 3257 3786 3304 te

2187 3329 2365 3386 omnis
2412 3339 2631 3388 sanctus
2673 3332 2730 3388 in
2775 3341 3017 3404 tempore
3057 3346 3384 3407 opportuno.
3438 3337 3527 3393 Τι
3566 3350 3781 3403 autem,

2189 3422 2447 3488 Domine,
2478 3422 2740 3480 miserere
2785 3425 2929 3493 mei;
2973 3434 3031 3482 et
3072 3428 3343 3483 resuscita
3366 3444 3497 3497 me,
3532 3439 3599 3486 et
3634 3433 3785 3488 retri-

2187 3512 2351 3569 buam
2372 3511 2474 3569 eis.
2498 3511 2557 3567 in
2584 3513 2687 3569 boc
2708 3515 2937 3586 cognovi
2963 3516 3222 3586 quoniam
3244 3517 3475 3574 voluisti
3500 3535 3602 3576 me
3616 3561 3640 3586 ,
3658 3536 3784 3591 quo

2188 3600 2337 3656 niam
2365 3617 2473 3657 non
2501 3604 2760 3674 gaudebit
2789 3605 3042 3665 inimicus
3064 3620 3219 3663 meus
3238 3622 3408 3680 super
3430 3625 3549 3667 ne.
3584 3612 3677 3667 Ie
3692 3627 3785 3667 au-

2190 3702 2298 3749 tem
2326 3702 2550 3766 propter
2584 3696 2951 3753 innocentiam
2978 3699 3303 3767 suscepisti,
3334 3708 3397 3756 et
3432 3702 3780 3759 conﬁrmasti

2191 3783 2323 3857 [me]
2354 3783 2407 3839 in
2451 3794 2746 3856 conspectu
2794 3794 2888 3843 tuo
2915 3787 2971 3843 in
2993 3796 3279 3845 aeternum.
3309 3789 3655 3851 Benedictus
3688 3794 3785 3851 D-

2189 3875 2370 3931 minus
2395 3875 2543 3932 Deus
2576 3875 2821 3933 lsrael-a
2862 3879 3060 3935 saeculo
3090 3889 3148 3935 et
3186 3895 3358 3952 usque
3401 3883 3464 3937 in
3500 3886 3780 3941 securim.

2188 3961 2348 4031 Fiat,
2372 3963 2487 4019 fiat.
2517 3965 2577 4020 In
2606 3982 2802 4022 manus
2835 3977 2985 4035 tuas,
3016 3969 3273 4036 Domine,
3312 3976 3653 4030 commendo
3676 3978 3783 4047 spi-

2190 4055 2355 4111 ritum
2376 4072 2578 4112 meum.
2608 4057 2909 4119 Redemiin
2933 4076 3048 4129 me,
3072 4064 3299 4121 Domine
3319 4063 3472 4121 Deus
3491 4068 3777 4125 veritatis:

2189 4147 2337 4204 salus
2366 4163 2486 4204 mea
2523 4149 2589 4205 de
2626 4166 2788 4206 manu
2816 4151 3066 4222 Domini,
3098 4164 3154 4211 et
3188 4155 3363 4227 gloria
3397 4173 3529 4214 mea
3570 4160 3631 4215 in
3658 4176 3781 4216 cou-

2189 4248 2378 4310 spectu
2403 4239 2520 4297 Dei.

2512 4376 2771 4435 ORATIO
2805 4376 2875 4432 ΙΝ
2912 4372 3458 4440 ΊΊῖΙΒΙΙΙιΑἹἹΟΝΕ.⁶

2263 4508 2319 4564 Si
2342 4518 2469 4564 ante
2484 4509 2673 4565 oculos
2698 4518 2817 4566 tuos
2834 4551 2851 4576 ,
2873 4510 3103 4568 Domine
3119 4551 3136 4578 ,
3161 4513 3351 4583 culpas
3366 4528 3510 4583 quas
3526 4514 3780 4582 fecimus,

2193 4607 2249 4655 et
2276 4599 2461 4671 plagas
2488 4615 2627 4670 quas
2673 4600 3007 4670 excipimus,
3050 4601 3430 4669 conferamus,
3480 4606 3673 4663 mina
3702 4620 3783 4663 est

2192 4689 2337 4760 quod
2381 4688 2645 4759 patimur,
2676 4688 2853 4759 maius
2891 4697 2978 4744 est
3021 4689 3165 4761 quod
3214 4706 3513 4749 meremur.
3562 4693 3781 4751 Peeeati

2193 4795 2411 4851 prauam
2438 4780 2735 4845 sentimus,
2757 4789 2814 4836 et
2839 4781 3095 4849 peccandi
3124 4783 3482 4853 pertinaciam
3512 4802 3627 4841 non
3650 4789 3781 4841 vita-

2195 4886 2338 4929 mus.
2382 4870 2441 4926 In
2471 4868 2693 4940 ﬂagellis
2732 4870 2838 4924 tuis
2868 4870 3136 4941 fragilitas
3168 4881 3356 4928 nostra
3392 4873 3697 4945 frangitur,
3725 4886 3779 4931 et

2193 4961 2453 5031 iniquitas
2489 4976 2596 5016 non
2635 4969 2895 5016 mutatur.
2943 4961 3092 5018 Mens
3136 4972 3337 5033 aegrota
3384 4972 3699 5034 torquetur,
3724 4975 3779 5020 et

2194 5054 2377 5109 cervix
2400 5051 2535 5107 dura
2560 5066 2665 5107 non
2694 5049 2947 5106 ﬂectitur.
2984 5052 3104 5106 Vita
3136 5052 3189 5105 in
3215 5050 3402 5108 dolore
3423 5054 3777 5123 suspirat,et

2195 5153 2377 5197 tamen
2409 5141 2461 5196 in
2497 5155 2662 5211 opere
2692 5158 2800 5196 non
2840 5157 2900 5196 se
2928 5141 3197 5195 emendat.
3231 5139 3287 5195 Si
3324 5152 3643 5212 exspectas,
3674 5158 3774 5195 non

2193 5233 2545 5304 corrigimur;
2572 5232 2615 5286 si
2637 5230 2903 5297 vindicas,
2931 5246 3035 5286 non
3058 5230 3336 5286 duramus.
3360 5231 3704 5288 Conﬁtemur
3724 5234 3775 5289 iu

2197 5326 2560 5401 correptione,
2590 5325 2736 5395 quod
2784 5324 3041 5391 fecimus;
3071 5324 3445 5381 obliviscimur
3490 5326 3546 5382 in
3596 5326 3773 5382 visita-

2199 5418 2344 5475 tione
2365 5416 2507 5486 quod
2527 5415 2793 5472 ﬂevimus.
2819 5415 2878 5471 Si
2901 5415 3240 5486 impresseris
3261 5430 3505 5483 manum,
3528 5416 3772 5473 facienda

2196 5510 2593 5580 promittimus;
2626 5508 2671 5563 si
2702 5506 3049 5578 suspenderis
3080 5505 3338 5578 gladium,
3372 5510 3645 5579 promissa
3669 5525 3771 5563 non

2197 5598 2445 5653 facimus.
2480 5597 2535 5653 Si
2568 5596 2756 5660 ferias,
2788 5596 3112 5660 clamamus,
3145 5605 3206 5650 ut
3229 5608 3458 5666 parcas;
3486 5600 3532 5653 si
3558 5614 3770 5666 parcas,

2183 5689 2395 5758 iterum
2420 5698 2472 5742 te
2498 5703 2853 5758 provocamus
2874 5696 2931 5741 ut
2958 5684 3136 5743 ferias.
3163 5685 3220 5740 Si
3244 5688 3511 5756 angustia:
3531 5688 3766 5749 veniunt.
