3974 6344
236 377 250 428 l
265 375 366 430 457

987 375 1170 434 ORDO
1210 374 1451 433 RERUM
1489 373 1654 444 QUAS
1693 373 1759 430 IN
1796 373 1930 431 llOC
1969 375 2156 432 TOMO
2194 373 2705 436 CONTINENTUR.

3330 349 3468 442 itas

234 497 440 556 tempus
481 495 714 556 petimus
757 487 1090 556 pmnitendi;
1121 487 1166 542 si
1199 486 1566 541 misericordia
1604 487 1796 542 subve-
1827 495 1875 554 Α
1902 485 2162 541 latronem
2189 485 2240 539 in
2267 501 2428 542 cruce
2457 487 2796 543 conﬂtcutem
2829 497 2886 544 ct
2923 489 2998 555 de
3021 505 3180 568 cruce
3205 493 3269 544 ad
3300 510 3460 562 para,-

217 575 363 639 niat,
394 573 665 628 abutimur
689 577 946 644 patientia
978 592 1096 646 qua:
1127 575 1390 646 pepercit.
1420 574 1610 632 Adhuc
1638 576 1792 647 plaga

145 675 148 678 ’
232 666 377 721 illata
405 668 493 721 vix
521 669 786 736 praeterit,
833 675 885 721 et
906 667 1021 736 jam
1049 683 1155 721 non
1185 667 1376 722 recolit
1403 682 1554 722 mens
1585 667 1798 738 ingrata

227 755 368 824 quod
389 755 626 824 pertulit.
652 755 710 810 Si
732 753 894 810 citius
915 771 1011 810 nos
1032 755 1314 820 exaudias,
1337 770 1401 811 ex
1428 757 1795 812 misericordia

230 845 631 911 insolescimus;
663 846 709 900 si
747 845 982 910 tardius,
1021 861 1087 901 ex
1117 847 1448 914 impatientia
1494 863 1798 901 murmura-

229 950 365 990 mus.
391 935 486 1001 Te,
511 935 760 999 Domine,
784 936 1034 990 volumus
1053 953 1270 993 servare
1291 937 1431 1006 quod
1453 935 1669 1003 feceris,
1690 953 1796 992 non

226 1025 479 1079 timemus
510 1025 779 1096 negligere
821 1028 964 1096 quod
1007 1027 1254 1096 jusseris.
1302 1025 1500 1092 Habes,
1549 1027 1796 1089 Domine,

225 1109 544 1170 cenﬁtentes
567 1130 720 1170 reos:
743 1131 924 1184 parce,
951 1117 1076 1186 quia
1103 1117 1222 1186 pius
1247 1131 1324 1172 es.
1350 1114 1608 1172 Novimus
1631 1117 1796 1186 quod,

226 1203 330 1260 nisi
351 1203 618 1270 dimittas,
640 1215 791 1261 recte
809 1222 909 1261 nos
929 1208 1140 1276 punias.
1167 1207 1272 1262 Sed
1293 1209 1432 1278 apud
1457 1218 1507 1264 te
1529 1218 1612 1264 est
1631 1209 1798 1264 multa

226 1295 500 1350 miseratio
539 1305 595 1352 et
641 1299 953 1368 propitiatio
984 1301 1385 1370 perabundans.
1431 1302 1635 1358 Praesta
1680 1305 1798 1359 sine

222 1387 417 1441 merito
459 1389 603 1456 quod
649 1405 925 1461 rogamus,
963 1392 1052 1460 qui
1075 1380 1078 1384 ’
1101 1391 1276 1446 fecisti
1327 1409 1392 1450 ex
1424 1394 1593 1448 nihilo
1621 1395 1712 1464 qui
1748 1403 1799 1449 te

225 1485 498 1544 rogarent.
530 1478 902 1536 Clamantibus
927 1489 1107 1536 autem
1140 1481 1296 1536 nobis
1325 1483 1393 1537 ad
1428 1491 1500 1547 te,
1544 1483 1795 1548 Domine,

221 1563 733 1623 miserero.~Moveat
759 1569 1186 1626 misericordiam
1226 1579 1370 1624 tuam
1403 1587 1505 1625 vox
1545 1571 1718 1626 ﬁdelis
1742 1580 1796 1626 et

218 1653 432 1719 ﬂebilis,
453 1665 613 1726 atque
633 1657 720 1712 illa
745 1658 833 1729 (de
853 1673 957 1728 qua
973 1667 1147 1714 totum
1169 1659 1473 1730 speramus)
1495 1661 1668 1730 pietas
1689 1677 1793 1715 non

218 1751 429 1812 reputet
445 1747 586 1813 quod
606 1744 948 1811 oﬂ‘endimus,
966 1747 1091 1802 dum
1109 1748 1487 1818 respicitquod
1509 1764 1788 1818 rogamus:

1898 578 2070 632 disum
2092 586 2458 634 transeuntem
2480 581 2714 648 aspicio;
2746 596 2866 635 cum
2891 582 3112 638 Mariam
3135 595 3252 656 post
3275 588 3470 642 multas

1897 667 2180 726 criminum
2203 667 2386 738 culpas
2407 664 2554 724 l'on'te
2574 671 2787 738 pietatis
2807 671 3040 727 ablatam
3062 714 3077 738 ,
3100 691 3220 729 cum
3243 669 3468 732 Petrum

1897 767 2017 827 post
2045 759 2380 828 negationem
2408 757 2738 829 apostolatus
2759 764 2984 832 gratiam
3011 780 3355 836 recuperasse
3385 769 3466 821 in-

1899 856 2073 903 tucor.
2108 849 2216 904 Sed
2256 865 2402 920 rogo,
2443 851 2732 906 ineﬂ'ahilis
2760 855 2956 921 pietas,
2991 865 3049 908 ut
3078 858 3164 911 cui
3196 859 3261 910 dc
3309 859 3471 912 tantis

1897 937 2160 1006 exemplis
2211 953 2540 1007 prmsumere
2589 940 2835 1007 donasti,
2885 945 3117 1013 gemitus
3170 947 3467 1015 publicani,

1898 1025 2290 1082 confessionem
2313 1027 2538 1081 latronis
2561 1068 2576 1092 ,
2599 1027 2868 1099 lacrymas
2889 1032 3189 1087 meretricis
3209 1032 3471 1103 ﬂetusque

1901 1113 2146 1182 negantis
2195 1115 2422 1183 apostoli
2465 1119 2748 1170 concedas.
2795 1117 2840 1173 Ο
2883 1119 3128 1187 Domine,
3175 1122 3218 1176 si
3259 1123 3472 1194 ﬂagello

1902 1205 2179 1273 temporali
2211 1206 2416 1260 scelera
2443 1222 2562 1262 mea
2597 1208 2913 1264 vindicanda
2940 1213 3261 1280 provideris,
3290 1214 3464 1286 lacry-

1899 1307 2080 1349 mosus
2116 1294 2341 1363 imploro
2383 1303 2442 1350 ut
2484 1295 2606 1351 dum
2647 1306 2834 1352 contra
2864 1300 2976 1354 hmo
3006 1301 3175 1356 iratus
3203 1293 3461 1366 desicvis,

1898 1398 2112 1452 semper
2145 1384 2199 1438 in
2234 1386 2312 1438 ira
2353 1387 2735 1441 misericordiae
2766 1391 3086 1446 recorderis.
3125 1393 3294 1458 Quem
3323 1396 3468 1450 enim

1896 1473 2095 1544 diligis,
2125 1475 2382 1545 corripis;
2411 1474 2647 1544 ﬂagellas
2672 1486 2849 1532 autem
2877 1494 3091 1534 onmem
3121 1482 3285 1536 lilium
3309 1498 3469 1554 quem

1896 1564 2110 1633 recipis.
2149 1563 2354 1631 Quibus
2385 1567 2641 1620 nimirum
2680 1568 2878 1632 verbis,
2912 1570 3012 1622 etsi
3060 1570 3212 1642 virga
3244 1586 3467 1641 percus-

1895 1652 2063 1706 sionis
2115 1655 2372 1720 minatur,
2429 1665 2688 1726 paternus
2748 1667 2927 1712 tamen
2983 1660 3198 1727 pietatis
3245 1659 3472 1715 affectus

1894 1751 2244 1797 monstratur.
2277 1744 2354 1798 Da
2385 1759 2514 1814 ergo
2559 1745 2701 1799 inter
2745 1743 2950 1816 ﬂagella
2982 1739 3350 1812 tolerantiam,
3395 1763 3466 1804 ne

218 1844 420 1890 etcum
450 1838 669 1905 grandis
699 1839 769 1892 sit
798 1838 1014 1893 miseria
1044 1853 1164 1894 esse
1194 1853 1293 1893 nos
1321 1855 1463 1904 reos,
1494 1839 1667 1908 major
1695 1841 1782 1894 tibi

1897 1837 2336 1892 murmurationis
2363 1847 2519 1892 notas
2543 1878 2559 1904 ,
2612 1846 2672 1892 ut
2709 1840 2879 1893 malus
2903 1854 3110 1905 servus,
3141 1841 3413 1894 incurram
3443 1855 3459 1893 :

217 1924 286 1978 sit
315 1924 597 1980 clementia
635 1942 755 1982 esse
786 1943 883 1982 nos
909 1927 1155 1982 miseros.
1183 1928 1300 1983 Tuo
1327 1928 1597 1998 supplices
1634 1929 1789 1982 auxi-

219 2013 311 2080 lio,
341 2023 465 2070 ante
503 2023 556 2071 te
587 2025 644 2071 et
678 2017 922 2072 criminis
951 2017 1123 2072 nostri
1155 2017 1296 2072 mala
1332 2019 1580 2086 ponimus
1607 2027 1659 2074 et
1684 2020 1792 2074 'do-

216 2104 378 2170 iores,
405 2121 434 2160 a
468 2117 520 2160 te
546 2108 819 2176 precando
844 2108 1272 2162 misericordiam
1305 2107 1486 2177 (quam
1517 2103 1792 2178 peccando

213 2195 529 2266 repulimus)
559 2205 956 2266 exspectamus.
989 2197 1284 2252 Praestetur
1310 2197 1406 2252 his
1422 2199 1488 2251 de
1519 2198 1791 2270 indulgen-

213 2285 452 2353 tia-quod
476 2286 685 2355 rogaris
706 2287 972 2355 accipere,
997 2295 1133 2354 quos
1161 2285 1411 2355 agnoscis
1451 2285 1700 2340 ﬁduciam
1724 2286 1790 2340 de

212 2371 308 2429 sua
349 2373 558 2442 justitia
607 2389 714 2428 non
763 2375 984 2429 habere.
1032 2374 1196 2444 Erige
1236 2389 1356 2440 nos,
1385 2373 1611 2428 Domine
1645 2375 1789 2429 Deus

214 2473 417 2528 noster,
447 2473 500 2518 et
521 2465 690 2519 alleva
713 2466 764 2518 in
795 2465 1166 2519 misericordia
1191 2473 1304 2529 tua,
1329 2473 1390 2517 ut
1411 2464 1789 2518 communione

211 2556 401 2614 salutis
426 2567 482 2613 et
509 2559 706 2628 gaudio
734 2558 1039 2622 charitatis,
1072 2559 1197 2612 dum
1227 2556 1324 2625 ipsi
1349 2555 1545 2610 salvari
1572 2569 1638 2610 ex
1673 2571 1789 2609 mu-

210 2665 341 2707 nere
368 2659 460 2704 tuo
483 2650 745 2719 cupimus,
775 2650 938 2704 etiam
960 2647 1139 2718 ﬁdeet
1159 2663 1292 2718 pace
1312 2657 1630 2705 cunctarum
1657 2661 1786 2719 gen-

209 2743 344 2799 tium
372 2743 721 2814 gaudeamus.
749 2741 871 2796 Per.

758 2871 868 2927 PIA
902 2869 1240 2928 PRECATIO

254 3005 324 3044 EX
359 3003 621 3044 LONGIORE
657 3002 926 3043 ORATIONE
963 3001 1154 3041 SANC'I‘I
1190 3000 1439 3041 AIBROSII
1481 2999 1739 3040 EPISCOPI.

279 3103 357 3156 Te
399 3085 696 3156 amatorem
741 3101 994 3156 Ecclesiae
1039 3107 1142 3154 tum
1177 3099 1462 3168 deprecor,
1491 3100 1654 3163 Deus,
1685 3112 1784 3167 pro

1897 1927 1992 1980 sed
2027 1928 2197 1997 magis
2224 1967 2239 1988 ,
2281 1927 2435 1996 quasi
2481 1929 2655 1983 bonus
2681 1927 2820 1984 ﬁlius
2843 1968 2861 1993 ,
2893 1930 3188 1999 gratiarum
3221 1931 3464 1985 actiones

1895 2018 2201 2084 rependam.
2233 2017 2363 2072 Illud
2393 2018 2558 2073 etiam
2589 2033 2913 2089 magnopere
2941 2029 3068 2088 pcto
3097 2029 3156 2075 ut
3182 2020 3322 2075 diem
3364 2019 3464 2074 oh-

1892 2103 2020 2168 itus,
2043 2106 2184 2159 diem
2206 2108 2431 2162 extremi
2455 2108 2663 2177 judicii,
2698 2109 3097 2163 damnationem
3129 2109 3315 2164 aeterni
3341 2124 3466 2178 sup-

1890 2192 2058 2262 piicii,
2085 2193 2580 2264 beatitudinemque
2615 2197 2766 2264 regni
2808 2196 2995 2260 futuri,
3029 2213 3243 2267 semper
3266 2199 3462 2252 memi-

1890 2283 2086 2336 nerim.
2134 2283 2286 2350 Quod
2329 2299 2488 2339 nemo
2515 2285 2882 2339 indesinenter
2902 2293 3102 2355 potest,
3132 2287 3235 2340 nisi
3276 2286 3369 2356 qui
3392 2286 3460 2340 ad

1889 2371 2056 2425 vitam
2085 2372 2477 2441 prmordinatus
2518 2381 2604 2428 est
2631 2381 2917 2429 :eternum.
2950 2375 3017 2428 Et
3049 2384 3107 2429 ut
3133 2374 3318 2429 eﬂicax
3348 2376 3463 2429 hzec

1889 2475 2008 2514 mea
2052 2461 2125 2514 sit
2169 2461 2500 2530 deprecatio,
2525 2463 2697 2518 beata:
2728 2462 2911 2518 Mariae
2955 2463 3181 2533 virginis
3207 2463 3462 2534 snﬂ'ragia

1889 2558 2032 2620 peto.
2061 2549 2234 2616 Quam
2267 2551 2398 2605 tanti
2431 2553 2610 2606 meriti
2640 2568 2761 2608 esse
2803 2552 2999 2619 fecisti,
3030 2562 3087 2608 ut
3115 2554 3288 2622 prima
3319 2555 3462 2610 inter

1888 2638 2142 2693 mulieres
2179 2654 2377 2694 novum
2426 2655 2621 2695 munus
2671 2640 2923 2707 oﬂ'erret,
2969 2649 3027 2696 et
3077 2641 3218 2695 nulla
3267 2651 3463 2711 prmter

1886 2728 2059 2798 ipsam
2105 2737 2212 2784 tam
2249 2745 2445 2785 novum
2487 2733 2773 2802 acciperet.
2833 2731 3037 2788 Novum
3090 2733 3296 2789 scilicet
3345 2726 3462 2788 mu:

1887 2838 1988 2878 nus
2039 2824 2212 2894 prima
2255 2822 2505 2892 offerret,
2553 2834 2613 2878 ut
2653 2840 2914 2895 puerpera
2963 2826 3114 2898 virgo
3151 2841 3461 2896 persevera-

1887 2921 2000 2978 ret;
2039 2913 2182 2968 nulla
2231 2923 2430 2984 praeter
2475 2915 2645 2985 ipsam
2699 2924 2809 2970 tam
2844 2932 3039 2971 novum
3079 2918 3375 2986 acciperet,
3405 2925 3461 2970 et

1884 3015 2007 3076 post
2049 3014 2260 3076 partum
2305 3007 2455 3077 virgo
2489 3015 2750 3061 maneret.
2791 3003 3165 3077 Apostolorum
3203 3009 3460 3062 interces-

1888 3095 2098 3150 sionem
2141 3094 2405 3165 imploro,
2434 3096 2524 3164 qui
2563 3095 2930 3150 beatissimam
2980 3095 3290 3151 Mediatoris
3322 3111 3457 3166 pau-

208 3193 576 3249 sacerdotibus
619 3192 753 3262 ejus,
786 3200 846 3246 ut
895 3191 1072 3244 verbis
1103 3181 1262 3243 simul
1301 3198 1356 3243 et
1403 3189 1609 3242 meritis
1655 3189 1778 3244 vita:
1811 3195 1856 3258 ρ
1886 3191 2150 3254 pertatem
2202 3185 2425 3254 ejusque
2475 3185 2749 3254 passiones
2791 3186 3016 3254 vestigia
3077 3186 3456 3254 insequentes,
3517 3243 3519 3245 ,

208 3281 458 3352 populum
485 3281 585 3336 sibi
607 3282 869 3336 creditum
893 3281 960 3335 ad
981 3280 1259 3333 cmlcstem
1281 3279 1508 3348 patriam
1531 3279 1778 3332 invitent.

208 3370 314 3424 Pro
343 3367 576 3441 regibus,
609 3370 854 3435 ducibus,
885 3380 940 3423 et
963 3369 1032 3423 iis
1065 3369 1154 3438 qui
1185 3368 1236 3421 in
1260 3366 1590 3422 sublimitate
1621 3367 1778 3435 positi

206 3466 355 3522 sunt,
401 3467 462 3511 ut
506 3466 685 3528 patres
713 3459 1104 3528 orphanorum,
1139 3466 1196 3510 et
1237 3456 1450 3526 judices
1494 3456 1779 3510 viduarum

205 3547 522 3616 semetipsos
565 3546 902 3600 exhibeant:
935 3545 1165 3600 miseriis
1206 3545 1420 3614 inopum
1466 3554 1521 3599 et
1561 3545 1777 3615 gemiti-

205 3637 305 3691 bus
348 3651 644 3706 pauperum
676 3637 892 3690 doleant
929 3653 945 3693 :
975 3637 1047 3690 nil
1076 3637 1178 3690 nisi
1211 3637 1352 3704 quod
1377 3634 1581 3703 justum
1607 3645 1691 3690 est
1722 3636 1775 3690 in

197 3726 400 3794 judicio
428 3735 706 3796 quaarant;
746 3726 930 3794 sicque
959 3725 1337 3780 administrent
1367 3725 1675 3792 prmsentia,
1706 3739 1776 3778 ne

202 3819 454 3873 amittant
485 3820 621 3873 bona
645 3818 844 3872 futura.
867 3817 973 3873 Pro
997 3818 1317 3888 virginibus,
1347 3814 1774 3876 continentibus,

200 3924 266 3963 ac
300 3911 500 3964 mundo
545 3909 1004 3970 renuntiantibus,
1039 3915 1100 3960 ut
1129 3905 1417 3975 praesentia
1449 3903 1770 3972 despiciant,

201 3999 380 4051 futura
409 3998 688 4064 requirant
723 4014 736 4049 :
767 4011 834 4049 ne
859 4012 917 4050 se
945 3995 1174 4064 negotiis
1204 3993 1555 4048 szecularibus
1595 3991 1772 4060 impli-

197 4095 346 4150 cent,
376 4093 437 4140 ut
458 4085 552 4138 tibi
585 4085 880 4139 militantes
905 4085 1152 4155 placeant
1187 4084 1274 4138 cui
1303 4098 1362 4137 se
1389 4083 1769 4152 probaverunt.

196 4177 306 4231 Pro
334 4175 654 4244 conjugatis,
685 4184 743 4230 ut
791 4175 869 4228 sic
907 4175 1006 4228 sibi
1042 4174 1271 4228 invicem
1315 4173 1496 4228 carnis
1533 4173 1771 4227 debitum

197 4267 431 4328 solvant,
475 4281 540 4319 ne
579 4281 609 4318 a
651 4266 918 4319 desiderio
953 4265 1140 4334 patria:
1177 4265 1415 4318 caelestis
1443 4265 1769 4319 exorbitent.

197 4358 306 4411 Sed
343 4356 470 4425 quid
501 4373 621 4425 ago,
673 4357 933 4410 Domine?
979 4356 1143 4422 Quasi
1184 4355 1382 4410 oblitus
1427 4364 1768 4424 peccatorum

197 4463 441 4502 meorum
471 4463 567 4518 pro
596 4448 715 4503 aliis
743 4463 900 4502 orare
925 4447 1227 4518 pncsumo?
1254 4445 1299 4502 Ο
1321 4462 1483 4516 quam
1512 4447 1562 4499 in
1587 4445 1770 4500 multis

1883 3273 1950 3327 ad
1982 3281 2189 3327 tantum
2211 3272 2548 3341 celsitudinis
2577 3271 2787 3329 culmen
2811 3281 3207 3340 pervenerunt,
3232 3281 3291 3326 ut
3311 3288 3458 3341 quae-

1881 3378 2092 3433 cunque
2115 3363 2342 3434 ligarent
2371 3379 2533 3432 super
2565 3373 2762 3418 terram
2790 3373 2972 3418 essent
3003 3365 3161 3433 ligata
3187 3369 3240 3418 et
3268 3363 3322 3417 in
3348 3378 3458 3418 cm-

1878 3453 1968 3520 lis,
1997 3464 2158 3524 atque
2179 3455 2449 3510 solverent
2475 3472 2636 3526 super
2671 3465 2867 3511 terram
2905 3465 3085 3510 essent
3122 3456 3291 3509 soluta
3312 3463 3367 3509 et
3401 3455 3456 3508 in

1879 3544 2061 3610 caelis;
2097 3553 2258 3614 atque
2288 3546 2340 3600 in
2377 3547 2635 3601 extremis
2667 3547 2920 3600 sederent
2965 3559 3126 3614 super
3173 3543 3455 3598 duodecim

1878 3635 2122 3698 thronos,
2141 3633 2446 3702 iudicantes
2461 3636 2740 3689 duodecim
2767 3634 2938 3688 tribus
2957 3633 3140 3689 Israel.
3157 3626 3452 3703 Martyrum

1877 3738 2068 3791 preces
2117 3724 2374 3799 deposcot
2421 3725 2509 3792 qui
2562 3739 2658 3793 pro
2688 3723 2930 3778 Veritate
2979 3738 3084 3777 non
3134 3723 3454 3777 dubitarunt

1877 3811 2194 3880 sanguinem
2223 3812 2466 3877 fundere,
2499 3828 2598 3866 nec
2623 3813 2926 3867 dilexerunt
2955 3812 3167 3866 animas
3194 3826 3323 3865 suas
3354 3827 3453 3865 us-

1875 3912 1979 3966 que
2002 3899 2068 3952 ad
2092 3907 2342 3963 mortem,
2361 3910 2418 3953 ut
2443 3901 2630 3955 mortis
2653 3911 2969 3970 superarent
2991 3909 3288 3955 auctorem.
3313 3899 3455 3954 Con-

1877 3987 2136 4043 fossorum
2161 3989 2438 4044 orationes
2461 3991 2764 4059 expostulo,
2788 3991 2878 4060 qui
2905 3991 3040 4045 bella
3067 3990 3327 4062 tenta‘ntis
3351 3989 3452 4044 ini-

1878 4079 2021 4142 mici,
2056 4082 2182 4132 dum
2213 4080 2299 4148 pie
2328 4081 2571 4134 viverent
2600 4081 2650 4133 in
2686 4081 2950 4134 catholica
2985 4096 3138 4150 pace,
3163 4079 3251 4136 vel
3279 4077 3448 4132 etiam

1873 4169 2247 4225 hazrcticorum
2266 4169 2716 4224 conﬂictationem
2735 4170 2990 4224 diuturno
3005 4169 3297 4226 certamine
3317 4182 3446 4236 pro-

1875 4261 2130 4324 tulerunt,
2150 4269 2333 4329 atque,
2356 4269 2416 4313 ut
2434 4275 2620 4314 verum
2642 4260 2841 4324 dicam,
2866 4259 3122 4330 longioris
3140 4258 3444 4328 occultique

1873 4353 2112 4423 martyrii
2142 4353 2345 4422 palmas
2369 4362 2709 4422 acceperunt.
2740 4353 2948 4408 Talium
2967 4393 2983 4419 ,
3013 4353 3237 4407 Domine
3267 4354 3409 4407 Deus
3431 4393 3448 4417 ,

1871 4455 2060 4512 preces
2080 4459 2351 4512 nunquam
2376 4445 2589 4515 spernis
2611 4483 2627 4508 ,
2661 4443 2705 4498 si
2729 4454 2788 4497 ut
2810 4461 2906 4514 pro
2929 4460 3015 4500 me
3036 4454 3262 4498 exorent
3280 4485 3294 4507 ,
3333 4445 3448 4512 ipse

196 4535 390 4591 oﬂendi
419 4546 579 4606 atque
602 4537 847 4592 oﬂ'endo!
882 4537 990 4593 Sed
1030 4553 1138 4592 non
1167 4537 1408 4606 subrepit
1433 4537 1733 4606 desperatio
1757 4574 1772 4601 ,
1801 4547 1852 4605 D
1878 4533 2228 4601 inspiraveris
2253 4534 2371 4602 :qui
2397 4534 2448 4587 in
2472 4533 2772 4588 a:ternitatc
2793 4535 3012 4604 perenni
3033 4535 3171 4588 vivis
3187 4543 3240 4586 et
3257 4548 3448 4600 regnas

195 4639 319 4679 cum
345 4625 688 4695 publicanum
715 4627 768 4680 in
795 4626 991 4695 templo
1006 4625 1356 4695 justiﬁcatum
1375 4625 1624 4690 attendo;
1647 4641 1770 4680 cum

1879 4633 2072 4678 cuncta
2119 4639 2219 4694 per
2257 4625 2452 4679 saacnla
2500 4635 2556 4678 et
2593 4624 2646 4678 in
2690 4626 2941 4682 omnibus
2975 4624 3204 4680 saculis.
3253 4623 3444 4676 Amen.

199 4759 3443 4804 W

1226 4889 1720 5007 OBDO
1795 4889 2457 5003 BEBUM

759 5087 1038 5207 QU/E
1093 5096 1217 5182 IN
1245 5035 1522 5191 Hoc
1565 5087 1914 5174 TOMO
1949 5195 1952 5198 ~
1983 5088 2570 5174 CONTINEN
2586 5089 2871 5174 TUB.

193 5345 438 5424 anno
453 5363 542 5401 seu
557 5342 784 5400 nano
807 5307 1305 5400 BASILEENs'Is
1324 5293 1762 5397 susceptis.

258 5437 488 5486 Montium
513 5435 724 5486 Acberii.
1734 5431 1768 5480 9

255 5499 496 5559 Abytoois
518 5496 810 5559 capitulare.
1707 5491 1760 5543 11

183 5576 583 5633 ‘AUDRADUS
620 5575 1101 5634 SENONENSIS
1129 5569 1770 5712 CHOREl’ISCOI’lJiS;i

259 5669 438 5712 Nntltia
477 5671 721 5712 ιιίκιοιιίοι-
767 5671 778 5681 ’

259 5669 438 5720 Notitia
476 5671 722 5723 historica.
767 5671 778 5681 '

261 5731 472 5794 El'lSIOIa
496 5734 706 5785 Δηὼ-(ιω
735 5731 792 5782 ad
818 5731 1149 5785 Hincmarum.
1712 5725 1770 5773 16

1871 5317 1876 5390 ί
1933 5338 2170 5390 Liberae
2194 5337 2506 5400 Fonteyitm,
2564 5397 2573 5400 _
2950 5395 2961 5400 Α
3027 5395 3039 5400 Α
3115 5397 3125 5400 _
3322 5398 3329 5400 Α
3383 5336 3438 5387 t7

1927 5401 2173 5462 Excerpta
2208 5398 2316 5450 l.bri
2355 5397 2742 5459 Revelationum,
2781 5409 2902 5460 quas
2935 5395 3206 5448 Audradus'
3227 5396 3442 5448 Modicus

1868 5465 2082 5526 scripsit.
3377 5463 3439 5510 25

1917 5604 2274 5663 ALDRICUS
2313 5601 2913 5660 CENOMANENSIS
2955 5599 3385 5658 EI'ISCOI’L’S.

1939 5721 2082 5770 Gesta
2109 5716 2283 5768 Aldrtci
2309 5729 2334 5765 a
2358 5714 2604 5777 discipulis
2630 5713 2734 5776 ejus
2757 5711 2954 5775 scripta.
3382 5712 3444 5757 is
