2023 3142
131 188 165 221 l3
719 187 810 217 ‘v'l'fA
831 187 862 216 5.
883 186 1142 216 TllEOl’llANiS.
1727 184 1760 218 ll

100 257 102 259 ·
129 248 277 282 ὁμωνυμος
298 245 384 281 αὐτῷ,
409 245 480 272 πάνυ
499 243 638 279 βάρϐαρος
657 245 704 270 καὶ
725 244 862 279 θηριώδης
877 244 922 269 τὸν

978 243 1056 270 minis
1071 242 1131 275 luit,
1146 240 1278 269 barbarus
1292 242 1403 269 omnino
1419 247 1499 278 atque
1521 243 1609 272 efferis
1628 242 1760 273 moribus,

130 291 241 326 τρόπον,
257 290 306 316 καὶ
319 289 366 316 τοῦ
383 290 434 324 τῆς
453 290 587 324 ιιιρέσεως
600 290 721 325 σμήνους
743 289 878 324 σύμφρων
893 296 922 315 τε

129 338 174 364 καὶ
199 336 391 372 ἁντιλήπτωρ·
414 335 444 367 ὃς
467 335 511 362 διὰ
537 336 587 371 τὴν
606 335 736 371 τοιαύτην
760 336 922 362 δυσσέσειαν

129 382 319 418 ὁμοτράπεζος
343 381 382 417 τῷ
408 382 515 416 βασιλεῖ
541 382 715 417 καθεκάστην
745 382 851 417 ὑπῆρχε
876 382 923 408 καὶ

130 428 204 461 φίλος
223 427 387 463 περιδέξιος.
402 428 457 454 Καὶ
476 428 508 463 δὴ
526 427 621 463 μαθὼν
634 427 668 454 τὰ
687 427 750 463 περὶ
764 428 812 463 τῆς
830 427 924 458 οὐσίας

129 473 175 500 τοῦ
192 475 340 509 μακαρίου,
364 474 490 501 κελεύσει
525 474 651 510 βασιλικῇ
675 473 798 509 συνεργῷ
819 474 923 510 χρησα-

131 527 223 554 μενος,
240 520 367 554 ζευγνύει
390 519 428 555 τῷ
448 520 584 556 Θεοφάνει
600 521 650 556 τὴν
672 520 754 547 αὐτοῦ
769 520 922 555 θυγατέρα’

129 565 199 601 ὅπερ
215 565 261 601 βία
280 566 326 592 καὶ
343 566 422 601 μόλις
442 566 512 601 τάχα
525 575 557 600 γε
578 566 623 593 διὰ
639 566 684 592 τὸν
695 566 744 592 τοῦ
761 566 925 601 κρατοῦντος

132 610 214 644 φόϐον
234 611 355 644 εἴξαντος
368 612 416 639 τοῦ
443 612 609 647 Θεοφάνους,
627 611 760 647 ἐξήρτυτο
781 613 815 638 τὰ
831 612 925 646 ἐπιτή-

131 655 191 683 δεια
206 656 245 692 τῷ
261 657 374 693 γαμικῷ
392 657 518 693 θαλάμῳ.
532 657 594 684 Τῶν
609 657 655 684 οὖν
669 658 765 684 αἰσίων
783 657 908 684 τελεσθέν
918 670 924 676 -

130 710 195 734 των,
223 703 344 739 ἑσπέρας
374 703 601 739 καταλαϐούσης,
632 703 729 739 μόνους
755 704 783 729 ἐν
811 704 925 738 οἰκίσκῳ

129 747 241 783 τερπνῷ
256 749 302 775 τόν
318 757 347 775 τε
365 749 465 784 εὐσεϐῆ
478 750 587 777 νεανίαν
598 751 645 777 καὶ
660 750 710 785 τὴν
725 750 824 776 εὐκλεᾶ
841 749 926 785 κόρην

131 795 298 829 εἰσάγουσιν,
315 796 354 829 ὡς
373 797 406 824 ἂν
419 798 514 829 αὐτοῖς
527 797 690 831 ἐπιτηδείως
706 796 763 831 ἔχοι
779 795 847 831 πρὸς
864 795 925 831 ἡδο-

132 839 182 874 νῆς
197 842 310 876 τρόπον.
337 842 420 876 Σιγῆς
434 843 462 869 δὲ
486 843 648 878 γενομένης,
669 843 715 870 καὶ
731 843 840 869 πάντων
857 841 926 875 ἀφυ-

135 887 314 920 πνωσάντων,
332 888 429 920 νυκτός
451 896 481 915 τι
509 887 621 923 βαθείας
637 887 821 922 διαχυθείσης,
843 895 925 921 στρα-

133 932 194 965 φεὶς
206 933 220 959 ὁ
242 934 390 969 μακάριος,
409 934 477 969 φησὶ
491 933 530 969 τῷ
546 935 667 969 κορασίῳ
682 934 744 960 τάδε
755 941 762 948 ·

976 288 1151 322 hereticique
1164 287 1279 322 agminis
1302 287 1462 315 inﬁdelitate
1479 290 1578 323 socius,
1596 290 1761 318 auctoritate

975 333 1124 361 defensor:
1144 340 1205 368 quze
1222 340 1283 360 eum
1306 332 1431 367 impietas
1452 333 1488 360 ita
1513 334 1668 368 imperatori
1693 343 1760 363 con-

975 379 1087 412 ciliavit,
1105 383 1132 406 ut
1149 383 1178 405 ct
1200 378 1341 405 convivam
1367 378 1554 412 quotidianum
1570 380 1603 407 ad
1628 387 1760 414 mensam,

975 430 1002 452 et
1023 425 1139 452 amicum
1165 425 1192 452 in
1212 424 1338 452 omnibus
1361 424 1613 459 coniunctissimum
1640 426 1760 454 haberet.

978 470 1039 502 llic,
1053 471 1097 498 ubi
1118 475 1218 506 quanta
1235 474 1308 498 esset
1324 470 1395 498 beati
1410 470 1518 504 juvenis
1539 469 1675 505 opulentia
1693 473 1762 498 diui-

976 517 1025 548 cit,
1053 517 1134 544 tiliam
1163 524 1240 544 suam
1265 516 1424 551 Theophani
1447 517 1547 550 junxit,
1584 516 1764 551 imperatoria

973 563 1106 597 jussionis
1120 569 1224 590 terrore
1241 570 1307 591 usus
1326 562 1360 590 ad
1375 570 1423 590 eas
1439 564 1547 596 nuptias
1561 564 1763 594 conciliandas,

977 608 1075 643 quibus
1092 615 1141 643 pro
1160 608 1300 643 utriusque
1315 607 1447 643 dignitate
1462 607 1609 635 instructus
1621 613 1663 636 est
1677 608 1764 635 thala-

978 663 1037 682 mus
1053 654 1176 690 genialis,
1192 653 1358 688 Theophane
1380 661 1450 688 πετο
1463 654 1573 688 quidem
1595 659 1677 688 atque
1695 654 1765 681 robo-

977 706 1094 731 ctanter.
1109 708 1141 728 ex
1171 705 1244 727 metu
1267 705 1356 727 tamen
1378 699 1550 734 potentioris,
1568 707 1599 727 ea
1619 705 1648 727 ut
1671 700 1768 727 tierent

978 747 1161 782 permittente.
1180 745 1250 781 Ergo
1267 746 1423 781 nuptiarum
1446 745 1587 773 solemniis
1609 746 1662 774 rite
1677 746 1767 780 auspi—

977 797 1093 826 caloque
1118 791 1272 825 celebratis,
1290 800 1350 819 cum
1373 799 1471 826 vesper
1497 791 1676 823 incubuisset,
1693 792 1766 826 pien-

978 838 1112 865 tissimum
1128 838 1254 873 juvenem
1284 843 1366 872 atquo
1395 837 1608 865 illustrissimam
1634 838 1765 872 virginem

978 886 1051 913 solos
1076 886 1206 913 iuxlucuut
1234 886 1260 912 in
1292 886 1430 915 conclave.
1452 886 1485 913 ad
1512 886 1624 914 delicias
1645 887 1768 920 volupta-

941 926 965 956 Β
981 937 1088 967 temque
1106 940 1138 960 eo
1153 940 1207 967 quo
1225 931 1350 965 decebat,
1365 936 1495 968 apparatu
1521 932 1694 960 instructum.
1716 932 1766 961 Ubi

132 976 196 1005 dum
209 986 305 1007 omnes
318 986 398 1014 sopor
412 979 483 1008 altus
494 985 521 1007 et
536 987 587 1007 nox
605 980 738 1014 profunda
757 980 809 1007 late
824 979 920 1008 ditiusa
941 983 1026 1012 tenet,
1045 987 1093 1014 per
1128 979 1173 1006 illa
1202 979 1323 1008 consiliis
1347 980 1404 1008 suis
1427 985 1578 1014 opportuna
1600 978 1706 1006 silentia
1733 981 1767 1005 ait

131 1023 246 1057 puellam
273 1031 419 1053 conversus
438 1026 606 1058 adolescens,
633 1033 694 1053 eam
724 1032 765 1054 est
792 1027 818 1054 in
848 1028 919 1054 hunc
941 1027 1048 1054 modum
1067 1026 1227 1054 allocutus:

168 1069 206 1097 E’.
228 1070 258 1097 '0
287 1070 337 1106 μιν
361 1071 458 1108 παρὼν
485 1072 553 1107 βίος,
581 1070 604 1100 ὢ
632 1073 722 1107 γύναι,
748 1073 862 1109 βραχὺς,
887 1075 925 1106 ὡς

133 1116 218 1143 πᾶσιν
233 1115 356 1152 εὔδηλον,
378 1117 425 1144 καὶ
440 1117 538 1154 sanat;
553 1118 600 1145 τοῦ
618 1119 764 1154 μέλλοντος
779 1120 861 1147 πλέον
878 1129 924 1148 κε-

133 1162 318 1197 κρατημένος,
335 1163 383 1191 καὶ
399 1163 490 1199 κρίσις
504 1164 655 1197 ἀδέκαστος
673 1166 736 1197 τοὺς
754 1166 783 1192 ἐν
804 1165 872 1200 τῷδε
887 1165 926 1200 τῷ

134 1206 185 1242 βίῳ
204 1206 358 1239 διαδέξεται
380 1208 574 1244 εὐθηνοῦντας.
602 1210 755 1246 Τοιγαροῦν
772 1211 820 1238 καὶ
845 1212 860 1238 δ
876 1212 926 1245 γά-

134 1260 185 1287 μος
200 1253 250 1280 οὐκ
265 1253 420 1289 audeam;
433 1255 510 1290 παρὰ
523 1255 582 1290 Θεῷ
592 1264 600 1271 ·
616 1256 673 1283 ἀλλ’
685 1258 714 1284 αῑ
726 1257 866 1293 φροντίδες
879 1257 926 1284 τοῦ

135 1297 206 1333 βίου,
223 1298 378 1328 ἁλλοιοῦσαι
395 1301 441 1328 τὸν
457 1301 549 1329 ἔνθεον
563 1302 705 1338 λογισμὸν,
721 1303 771 1330 οὒκ
795 1304 860 1330 ἐῶσι
875 1313 926 1330 κα·

136 1343 228 1378 θαρῶς
247 1346 380 1379 ἁντοφθα)
389 1348 449 1381 μεῖν
474 1347 542 1382 πρὸς
562 1348 595 1374 τὰ
620 1349 760 1382 μέλλοντα.
782 1349 876 1383 ’Ίσμεν
898 1349 927 1375 δέ

135 1389 183 1414 καὶ
205 1390 251 1415 τὸν
276 1391 304 1416 ἐν
320 1391 498 1424 Ευαγγελίοις
518 1393 656 1427 Λάζαρον,
682 1393 727 1420 διὰ
747 1393 928 1429 στενοχωρίας

135 1432 189 1467 τῆς
207 1434 313 1461 ἐνθένδε
333 1435 381 1462 τοῦ
408 1436 536 1472 ’Δσραὰμ
558 1438 621 1469 τοὺς
639 1438 756 1470 κόλπους
786 1438 929 1474 κληρωσά-

137 1486 229 1513 μενον,
257 1481 367 1508 καὶτὸν
391 1483 420 1508 ἐν
440 1483 538 1518 γεέννῃ
564 1483 762 1520 φλογιζόμενον
787 1485 927 1518 πλούσιον,

137 1524 206 1560 μηδέ
220 1525 270 1561 τῆς
286 1527 354 1562 πρὸς
367 1528 448 1556 αὑτὸν
461 1529 510 1555 τοῦ
522 1529 648 1564 Λαζάρου
664 1530 783 1564 ἀφίξεως
799 1531 929 1566 ἀξιούμε-

137 1578 197 1603 νον,
223 1572 271 1598 καὶ
299 1573 429 1607 σταγόνος
460 1574 556 1607 ὕδατος
581 1576 784 1612 ἐστερημένον,
812 1578 860 1604 καὶ
887 1578 926 1610 τὸ,

140 1625 150 1642 ι
177 1617 326 1651 ’Λπιλαϐις
345 1619 380 1647 τὰ
399 1620 490 1654 ἀγαθά
508 1630 556 1648 σου
570 1621 599 1648 ἐν
611 1623 643 1657 τῇ
659 1621 717 1658 ζωῇ
734 1632 794 1656 σου,
814 1633 824 1650 ι
845 1625 929 1658 ἐγκα-

137 1661 279 1697 λούμενον.
296 1665 350 1692 Καὶ
371 1665 385 1691 6
398 1667 584 1702 Μακαρισμζς
606 1667 753 1703 ὑπόσχεσιν
773 1668 883 1703 ἀγαθῶν
896 1669 927 1696 οὐ

1016 1073 1049 1101 ν.
1081 1073 1206 1101 Praesens
1235 1073 1345 1109 quidem
1373 1073 1438 1106 vita,
1465 1073 1563 1109 conjux
1592 1074 1766 1107 charissima,

977 1120 1067 1148 brevis
1084 1125 1136 1152 est,
1152 1124 1179 1147 ut
1205 1125 1297 1146 nolunt
1314 1119 1452 1152 omnibus,
1474 1124 1502 1147 et
1529 1127 1626 1154 magna
1651 1119 1768 1154 plerum-

977 1173 1030 1200 que
1058 1165 1142 1192 i'uturi
1163 1164 1356 1192 iucertitudine
1373 1169 1495 1198 tenetur;
1519 1165 1651 1200 judicium
1677 1170 1767 1192 autem

978 1218 1101 1238 severum
1117 1214 1209 1237 manet.
1226 1217 1274 1238 eos
1289 1210 1334 1244 qui
1355 1210 1381 1237 in
1398 1209 1450 1237 hac
1467 1210 1521 1238 vita
1543 1210 1622 1238 bonis
1641 1215 1669 1238 et
1692 1211 1768 1238 volu—

978 1257 1099 1292 ptatibus
1112 1256 1236 1284 atlluunt.
1262 1256 1338 1288 ideo.
1358 1257 1483 1292 quamvis
1504 1257 1621 1293 coniugii
1636 1266 1700 1286 usus
1715 1257 1769 1285 tui-

979 1299 1052 1329 nimé
1072 1302 1210 1337 rejiciatur
1225 1309 1239 1329 a
1259 1301 1324 1333 Deo,
1349 1303 1414 1338 ipsa:
1431 1308 1533 1336 tamen,
1549 1311 1609 1338 quae
1636 1311 1698 1332 eum
1720 1312 1769 1332 co-

980 1347 1110 1374 mitantur
1123 1347 1212 1374 siculi
1228 1355 1312 1380 cum,
1327 1349 1435 1383 plenam
1458 1349 1552 1377 divino
1573 1350 1670 1385 spiritu
1693 1358 1769 1378 men-

980 1395 1034 1418 tem
1050 1397 1182 1419 evacuant
1195 1393 1381 1427 alienamque,
1397 1401 1446 1421 nec
1459 1394 1553 1421 sinunt
1579 1396 1653 1429 puris
1680 1397 1769 1425 oculis

980 1437 1078 1465 intueri
1095 1438 1195 1465 futura.
1208 1438 1339 1467 Novimus
1352 1439 1486 1467 Lazarum
1505 1441 1531 1467 in
1549 1439 1704 1476 Evangeliis
1721 1450 1769 1477 per

979 1491 1038 1517 eas,
1052 1492 1120 1519 quas
1134 1483 1177 1512 hic
1193 1484 1318 1512 toleravit
1341 1486 1476 1519 miserias,
1497 1486 1524 1514 in
1539 1487 1658 1515 Abrahae
1679 1488 1769 1516 sinum

979 1530 1063 1557 fuisse
1088 1530 1222 1564 delatum;
1246 1535 1272 1558 et
1297 1531 1323 1558 in
1346 1531 1469 1567 gehenna
1499 1533 1640 1561 ardentem
1656 1533 1769 1562 divitem

980 1583 1014 1602 ne
1029 1575 1080 1603 hoc
1095 1576 1204 1611 quidem
1220 1576 1346 1604 obtinere
1360 1577 1491 1611 patuisse,
1509 1583 1538 1605 ut
1557 1579 1591 1606 ad
1606 1586 1635 1607 se
1649 1579 1770 1608 dimitte-

980 1627 1056 1648 retur
1073 1620 1192 1648 Lazarus
1209 1630 1216 1648 :
1233 1622 1289 1655 cui,
1306 1630 1368 1649 cum
1391 1622 1474 1650 etiam
1496 1631 1574 1658 aqum
1592 1628 1668 1660 gutta
1687 1632 1770 1660 nega-

983 1672 1068 1699 retur,
1081 1667 1145 1694 illud
1163 1667 1299 1696 funestum
1314 1669 1431 1697 insonuit
1446 1678 1453 1696 :
1469 1679 1478 1696 ι
1497 1670 1633 1706 Recepisti
1655 1672 1725 1701 bona
1743 1673 1770 1701 in

136 1711 194 1741 τοῖς
207 1711 237 1737 ιν
247 1711 356 1747 πλούτῳ
368 1712 490 1748 κομῶσιν
503 1713 684 1748 ὑπισχνεῖται,
697 1714 765 1741 ἀλλὰ
777 1716 834 1746 τοῖς
847 1715 926 1742 κλαύ-

981 1712 1036 1739 vita
1049 1717 1093 1739 tua
1113 1713 1147 1739 ν.
1164 1722 1174 1739 ι
1191 1713 1285 1748 Neque
1303 1720 1367 1740 vero
1383 1721 1415 1741 ex
1439 1715 1604 1750 evangelicis
1626 1717 1771 1746 beatitudi~

139 1764 203 1783 σασι
216 1756 264 1783 νῦν
275 1757 317 1784 ὅτι
330 1758 388 1785 ἐκεῖ
400 1758 574 1793 γελάσουσιν,
587 1760 643 1791 τοῖς
661 1761 778 1795 πτωχοῖς
792 1760 832 1795 τῷ
847 1761 929 1787 πνεύ-

139 1811 219 1836 ματι,
234 1804 290 1834 τοῖς
312 1803 503 1839 δεδιωγμένοις
518 1805 562 1832 διὰ
583 1805 770 1841 δικαιοσύνην,
785 1807 841 1838 τοῖς
859 1806 929 1833 ὀνει-

137 1848 291 1883 διζομένοις
304 1850 346 1877 διὰ
362 1851 495 1886 Χριστόν·
512 1852 560 1879 καὶ
575 1853 650 1886 ἅπαξ
663 1853 768 1885 ἅπλῶς,
784 1853 865 1888 στενὴ
882 1854 929 1881 καὶ

139 1895 306 1932 τεθλιμμένη
322 1898 338 1932 ή
354 1897 412 1929 ὁδὸς
424 1899 441 1934 ἡ
459 1899 607 1932 ἀπάγουσα
631 1899 671 1930 είς
687 1898 737 1934 τῆν
753 1898 838 1934 ζωὴν,
857 1899 928 1925 πλαη

139 1943 198 1968 τιία
208 1942 237 1969 δὲ
250 1942 297 1969 καὶ
313 1943 468 1979 εὐρύχωρος
481 1945 498 1978 ἡ
510 1944 656 1978 ἀπάγουσα
666 1945 706 1976 εἰς
718 1944 765 1978 τὴν
777 1943 926 1972 ἀπώλειαν.

139 1988 197 2015 Οὐκ
215 1988 288 2016 ἐστιν
309 1989 356 2016 οὖν
377 1990 443 2016 ἄνευ
470 1990 588 2024 θλίψεως
613 1988 772 2022 ὑπεξελθεῖν
795 1990 885 2025 ἡμᾶς’
902 1991 928 2016 εί

139 2034 190 2068 μὲν
203 2035 258 2070 γὰρ
272 2036 300 2062 ἐν
315 2035 383 2071 τῷδε
404 2035 443 2070 τῷ
461 2035 510 2070 βίῳ
527 2035 702 2070 χαρμονικῶς
720 2034 853 2070 διέξομεν,
871 2035 929 2061 θλί-

139 2080 186 2114 ψις
201 2081 230 2106 ἐν
245 2082 284 2116 τῷ
303 2081 427 2117 μέλλοντι
450 2081 602 2115 διαδέξεται
625 2082 709 2117 ἡμᾶς.
730 2082 801 2108 ’Λλλ“
822 2083 846 2109 εί
866 2082 928 2118 βού-

126 2125 191 2158 ,λεη
206 2126 298 2161 γύναι,
317 2128 415 2162 μικρὸν
434 2128 467 2163 τῇ
486 2127 567 2162 φύσει
582 2127 799 2163 κοινωνήσαντες
815 2127 859 2154 διὰ
879 2128 929 2163 τὴν

138 2172 186 2198 τοῦ
203 2172 250 2200 σοῦ
277 2174 381 2209 πατρὸς
399 2173 557 2206 αὐθάδειαν,
579 2174 732 2209 ἁπάρωμεν
748 2173 863 2205 ἑαυτοὺς
877 2173 927 2208 τῆς

139 2218 323 2254 βορίέορὼδους
339 2220 444 2255 ταύτης
467 2222 515 2247 καὶ
540 2220 679 2256 συρφετῆς
704 2220 853 2255 διαγωγῆς,
880 2221 927 2246 καὶ

137 2264 185 2291 τὸν
213 2266 319 2301 μονήρη
347 2265 404 2301 βίον
428 2266 684 2301 κατασπασὼμευα,
711 2266 786 2297 ὅπως
815 2266 926 2292 αἰωνίου

137 2312 352 2347 ιὺμοιρήσωμεν
367 2312 555 2344 ἀπολαύσεως.

981 1758 1060 1785 nibus
1077 1757 1129 1784 ulla
1147 1757 1269 1786 continet
1295 1758 1427 1787 bonorum
1452 1761 1660 1795 promissionem
1677 1764 1771 1792 diviti-

981 1804 1030 1831 bus
1046 1803 1163 1836 iactnm;
1179 1804 1226 1831 sed
1239 1803 1367 1832 ﬂentibus
1381 1812 1463 1839 nunc,
1476 1806 1538 1841 quia
1552 1807 1614 1835 istic
1626 1809 1769 1844 ridebunt,

981 1852 1029 1876 aut
1053 1849 1218 1883 pauperibus
1243 1850 1350 1884 spiritu,
1377 1855 1425 1878 aut
1450 1854 1666 1886 persecutionem
1689 1857 1772 1884 susti-

981 1894 1112 1921 nentibus
1126 1901 1236 1929 propter
1247 1895 1392 1928 justitiam,
1407 1896 1451 1923 vel
1473 1899 1635 1926 contumelia
1659 1907 1772 1936 propter

979 1939 1118 1967 Christum
1135 1939 1249 1968 aﬁectis.
1267 1941 1356 1976 Atque
1370 1946 1400 1968 ut
1417 1949 1471 1970 uno
1483 1944 1567 1971 seuiel
1584 1945 1666 1974 verbo
1681 1947 1772 1976 absol-

981 1994 1040 2014 vam
1055 1995 1067 2018 :_
1084 1996 1093 2013 ι
1112 1988 1231 2023 Augusta
1255 1995 1333 2023 porta
1349 1993 1377 2017 ct
1391 1995 1466 2017 arcta
1481 1996 1525 2018 est
1541 1991 1595 2025 via,
1610 2000 1670 2027 qua:
1695 1995 1772 2023 ducit

980 2033 1013 2059 ad
1027 2033 1109 2060 vitam
1123 2041 1131 2060 ι
1148 2032 1200 2060 lata
1225 2040 1288 2061 vero
1302 2039 1329 2062 et
1344 2035 1476 2070 spatiosa,
1492 2044 1553 2071 quae
1570 2038 1643 2066 ducit
1662 2039 1696 2066 ad
1708 2048 1771 2074 per-

980 2079 1110 2115 ditioyetn
1123 2080 1143 2112 ³,
1162 2089 1172 2106 ι
1189 2080 1257 2108 adeo
1274 2086 1302 2109 ut
1326 2082 1495 2117 impossibile
1514 2085 1625 2112 omnino
1640 2085 1675 2112 sit
1692 2085 1770 2115 nobis

982 2126 1182 2154 tribulationem
1203 2128 1328 2154 evadere.
1350 2127 1378 2155 Si
1399 2136 1516 2163 namque
1543 2130 1570 2157 in
1591 2131 1641 2158 hac
1659 2132 1712 2159 vita
1726 2131 1772 2166 ju-

982 2173 1069 2200 cunde
1083 2172 1239 2205 vixerituus,
1258 2173 1285 2200 in
1307 2173 1398 2201 futura
1415 2182 1464 2202 nos
1485 2175 1624 2204 tribulatio
1640 2177 1769 2213 excipiet.

981 2218 1164 2254 Quapropter.
1182 2220 1204 2247 si
1230 2219 1328 2254 placet,
1351 2220 1526 2254 charissima,
1551 2224 1712 2258 corporibus
1737 2226 1772 2252 ad

983 2265 1117 2292 modicum
1133 2269 1239 2299 tempus
1258 2265 1392 2301 conjuncti
1406 2272 1516 2302 propter
1528 2269 1614 2302 patris
1637 2269 1674 2295 tui
1700 2269 1773 2296 inso-

981 2311 1082 2338 lentem
1098 2311 1239 2344 ferociam,
1254 2312 1438 2340 subducemus
1461 2320 1512 2340 nos
1535 2313 1609 2347 ipsos
1625 2314 1772 2343 salebrosas

139 2358 201 2384 huic
238 2362 320 2392 atque
347 2357 495 2393 inquinata:
520 2357 705 2389 conversioni,
727 2361 865 2391 vrtamque
889 2357 1070 2384 monasticam
1106 2357 1314 2392 amplectentur,
1347 2363 1376 2385 ut
1398 2363 1499 2386 aeterna
1525 2360 1618 2395 requie
1649 2361 1774 2397 perfrua-

138 2410 210 2429 ntur.

175 2451 222 2484 α’.
239 2451 272 2476 Τί
286 2448 333 2478 οὖν
349 2451 379 2478 τὸ
392 2452 504 2484 εὐσεϐὲς
515 2453 644 2487 γύναιον;
660 2451 710 2478 οὐκ
723 2451 851 2478 ἀνένευσε
863 2451 926 2488 πρὸς

1020 2451 1065 2480 Vl.
1082 2451 1152 2486 Quid
1167 2453 1200 2480 ad
1226 2452 1283 2480 haec
1306 2452 1350 2488 pia
1367 2452 1484 2481 mulieri
1499 2462 1563 2482 num
1586 2456 1694 2487 renuit?
1706 2465 1772 2486 num

136 2495 242 2529 ταῦτας
259 2496 310 2522 οὐκ
325 2494 384 2522 εἶπε
395 2497 429 2523 τὰ
445 2498 483 2532 μὴ
496 2498 669 2534 καθήκοντα·
681 2497 715 2524 Τί
729 2498 759 2525 τὸ
772 2497 869 2530 καλλος
879 2498 930 2533 τῆς

136 2543 208 2577 ἐμῆς
227 2541 356 2578 νεότητος
373 2542 561 2578 ὴμαύρωσαςς
576 2544 602 2570 τί
628 2552 680 2579 μου
697 2543 747 2580 τὴν
763 2544 847 2580 τύχην
862 2543 930 2570 ἀπέ-

137 2589 247 2620 κλεισας
261 2597 268 2620 ;
285 2588 313 2615 τί
327 2589 377 2624 τὴν
391 2589 462 2624 ἐμὴν
473 2589 561 2625 χαρὰν
575 2590 613 2622 είς
626 2590 725 2625 θρῆνον
737 2590 908 2626 μετήλλαξας
920 2599 928 2624 ;

138 2636 170 2662 Ei
183 2636 268 2667 οὕτως
283 2636 403 2671 ἠρετίσω
419 2636 453 2662 τὰ
472 2636 543 2663 κατὰ
563 2636 671 2669 σαυτὸν,
691 2637 742 2663 οὐκ
758 2635 783 2663 ei
805 2637 885 2672 μόνος
899 2638 928 2663 ἐν

138 2682 262 2717 εὖγενέσι
291 2682 438 2717 νεώτερος·
457 2681 511 2708 ἔδει
540 2682 606 2716 γοῦν
633 2691 674 2715 σε,
699 2683 754 2719 πρὸ
774 2683 821 2709 τοῦ
837 2682 926 2718 γάμου

138 2729 336 2764 ἀπαγορεῦσαι,
368 2730 416 2755 καὶ
443 2729 481 2764 μὴ
507 2729 631 2764 μαρᾶναί
661 2737 713 2765 μου
739 2729 768 2756 τὸ
793 2729 928 2756 ἐπανθοῦν

139 2774 246 2806 κάλλος.
265 2775 349 2802 Οὐδὲν
365 2774 488 2802 τοιοῦτον
498 2782 505 2790 ·
520 2775 589 2802 ἀλλὰ
602 2775 644 2808 τί;
665 2775 771 2810 Ὠσπερ
783 2784 825 2806 τις
838 2775 928 2811 ἀγαθὴ

139 2823 175 2857 γῆ
195 2821 242 2848 τιν
266 2821 366 2856 σπόρον
390 2820 528 2857 δεξαμένη
552 2821 687 2856 πολύχουν
714 2822 858 2856 βλαστάνει
883 2822 928 2848 τὸν

188 2893 196 2900 ⁸
211 2889 278 2918 Luc.
297 2889 413 2923 “1,25.
454 2889 463 2905 ⁸
484 2889 580 2917 Matth.
598 2897 646 2922 vn,
663 2889 706 2917 ll.

981 2498 1082 2534 aliquid
1109 2503 1208 2533 praeter
1231 2499 1356 2527 decorem
1382 2499 1471 2527 locuta
1489 2501 1567 2528 :Cur
1593 2503 1713 2538 speciem
1727 2503 1773 2539 ju-

982 2544 1104 2572 ventutis
1129 2552 1195 2572 ineze
1218 2545 1360 2576 obscuras,
1373 2545 1457 2578 dixit;
1476 2553 1574 2581 meque
1588 2553 1695 2582 sperata
1712 2547 1773 2576 l‘cli-

981 2596 1064 2619 cttate
1078 2590 1236 2622 excludeus,
1253 2591 1379 2626 gaudium
1405 2599 1494 2619 meum
1517 2592 1545 2620 in
1567 2592 1685 2621 lamenta
1705 2602 1773 2622 con.

979 2637 1084 2665 vertis?
1101 2636 1129 2664 Si
1145 2642 1172 2664 tu
1186 2637 1247 2670 hac,
1264 2645 1322 2672 quae
1337 2638 1407 2666 dicta
1428 2643 1479 2671 est,
1501 2639 1607 2666 ratione
1627 2640 1706 2666 saluti
1732 2640 1771 2667 tui

981 2683 1122 2712 consulere
1149 2684 1327 2718 decreveras,
1353 2691 1407 2711 non
1437 2690 1464 2712 tu
1491 2686 1564 2713 solus
1579 2686 1650 2712 inter
1666 2686 1772 2715 nobiles

982 2731 1142 2757 adolescens
1155 2737 1184 2756 es
1195 2738 1202 2756 :
1213 2731 1355 2765 oportebat
1370 2738 1446 2765 ergo,
1458 2738 1601 2766 antequam
1616 2731 1772 2768 conjugiunt

983 2778 1108 2810 intretur,
1126 2776 1283 2803 renuntiare
1307 2776 1458 2810 sponsioni,
1483 2784 1532 2804 nec
1559 2785 1646 2805 meam
1677 2786 1772 2806 reci-ns

983 2821 1195 2849 «increscentem
1236 2820 1476 2854 pulchritudinem,
1514 2821 1588 2850 velut
1623 2823 1772 2853 marcitlatu
