2023 3142
124 194 163 224 33
762 181 852 212 \‘lTA
873 181 901 209 S.
926 180 932 209 1

983 177 1099 207 ἵῦίΝΙ.
1720 168 1756 201 34

126 249 288 280 καθίστατο,
310 245 515 280 συκοφαντῆααι
537 241 654 278 Χριστδν
676 239 712 271 ὡς
724 238 864 265 κλαπέντα
879 236 916 271 μὴ

983 233 1084 260 iuuerit
1124 232 1284 258 calumniari
1323 231 1478 263 Chi-istum,
1517 235 1645 266 tanquam
1685 228 1756 255 furto

126 297 327 332 ἀνασχόμενος·
347 293 496 327 ἐλευθερίῳ
511 291 539 318 δὲ
556 289 656 324 μᾶλλον
674 287 721 314 καὶ
744 285 852 319 γλώττῃ
869 283 915 308 καὶ

127 329 238 378 γνώμη
253 341 335 368 αὑτὸν
356 338 530 373 ἀνακηρύξας
547 333 673 370 ἀληθινὸν
697 332 742 359 καὶ
759 332 790 357 ὲκ
812 329 916 363 νεκρίῖιν

127 376 278 425 ἐγηγέ-ρθαι
308 386 548 423 βεϐαιωσάμενος·
575 383 636 408 ὅθεν
650 380 731 410 αὑτός
746 386 775 404 τε
802 376 917 411 Πτιλάτος

129 421 229 464 καί-οῖ
259 421 313 469 τῆς.
339 431 502 465 συναγωγῆς
531 427 667 456 Ἰουδαίων
695 426 856 459 ἐξάρχοντες
872 421 918 447 τὸν

130 482 237 517 φθόνον,
265 480 294 506 ὃν
319 479 453 514 πρότερον
485 475 557 510 εἶχον
581 474 651 500 κατὰ
676 470 794 507 Χριστοῦ
820 469 865 495 καὶ
885 468 918 501 ἣν

130 529 225 556 ῶδινον
242 527 300 553 κατ’
316 524 399 551 αὐτοῦ
417 522 525 558 μανίαν,
544 520 647 553 ταύτην
658 519 698 549 είς
713 517 846 550 Λογγῖνον
871 513 919 539 νῦν

133 573 346 610 μεταφέρουσιν,
365 568 452 600 οὕτως
473 567 576 601 ἀγρίως
601 565 676 599 αὐτῷ
697 561 918 598 χαλεπαίνοντες,

131 606 170 652 th;
186 606 246 655 μηδέ
262 619 293 645 ἂν
304 618 321 652 ἡ
333 626 357 643 τί
371 617 418 642 καὶ
431 613 512 641 πάθοι
526 613 657 646 Λογγῖνος
675 609 753 641 ἀξίαν
771 606 851 634 αὐτὸν
864 606 919 631 εισ-

132 651 290 702 πραξαοθαι
304 651 442 698 τιμωρίαν
455 659 623 694 ποιούμενοι.
634 654 774 682 Ἐντεῦθεν
787 654 825 684 είς
836 651 919 682 ἀκοὰς

132 696 202 747 ἥκει
215 696 341 743 Λογγίνιρ
366 696 396 733 το
414 706 543 740 πρᾶγμα,
568 703 615 729 καὶ
632 701 700 735 δῆλα
715 699 750 725 τά
766 698 816 732 τῆς
836 696 921 747 ὀργῆς

134 742 341 792 ἐγίνοντοξκαὶ
356 752 398 780 διὰ
424 752 504 778 τοῦτο
537 745 792 784 παραῤῥιπτεῖσθαι
821 742 922 778 μᾶλλον

135 803 248 839 Χριστῴ
263 802 279 836 ἦ
297 802 353 830 τοῖς
367 799 421 825 τῶν
438 796 574 824 Ἰουδαίων
585 795 669 820 οίκεῖν
683 790 842 826 σκηνώμασι
855 796 922 822 προ-

136 835 318 884 θυμούμενος,
328 847 361 880 τῇ
370 844 417 871 τοῦ
428 842 584 876 ἀξιώματος
598 838 715 875 χλαμύδι
734 838 781 863 καὶ
793 836 866 870 ζώνῃ
878 835 924 861 καὶ

135 896 185 931 τὴν
211 892 356 928 στρατείαν
373 891 469 922 αὐτὴν,
486 887 566 918 εὐθὺς
580 887 618 918 ὡς
642 884 698 919 εἶχε
714 882 922 912 ουναποδύεται,

135 926 184 969 xli
199 926 336 969 suosua;
347 937 392 963 τὸν
406 936 500 971 ὅμοιον
524 932 598 967 αὑτῴ
611 931 692 967 ζῆλον
710 929 781 964 ὑπὲρ
805 926 925 963 Χριστοῦ

137 989 184 1015 καὶ
199 987 248 1021 τῆς
260 984 392 1020 ἀληθείας
418 982 531 1017 ἔχοντας
564 978 732 1014 παραλαϐὼν
745 974 925 1010 στρατιώτας,

136 1034 185 1064 τὰς
203 1032 273 1058 κατά
290 1030 392 1064 πλῆθος
405 1027 524 1054 ἐκκλίνει
537 1024 689 1059 διατριὸἀς,
708 1025 754 1049 καὶ
765 1021 832 1049 Θεοῦ
845 1020 925 1056 μόνου

138 1078 186 1104 καὶ
206 1076 302 1103 ἑαυτοῦ
320 1075 436 1109 γίνεται.

175 1133 210 1160 Γ¹.
222 1132 259 1160 Οὐ
270 1132 337 1158 πολὺ
347 1131 375 1157 δὲ
385 1130 414 1156 τὸ
424 1130 452 1155 ὲν
464 1129 497 1163 μέ
503 1137 551 1163 σῳ,
560 1127 607 1154 καὶ
616 1124 851 1162 τὴνἹερουσαλὴμ
861 1124 928 1150 ἀπο-

139 1179 236 1211 λιπὼν,
253 1180 292 1209 είς
308 1178 358 1212 τὴν
373 1174 567 1203 Καππαδοκῶν
578 1173 745 1207 ἀφικνεῖται,
762 1171 849 1205 κῆρυξ
860 1168 928 1204 ὁμοῦ

139 1227 187 1253 καὶ
200 1223 348 1254 ἀπόστολος
363 1223 418 1248 τῶν
429 1221 478 1248 τοῦ
495 1219 614 1256 Χριστοῦ
632 1218 793 1253 παραδόξων
806 1216 852 1243 καὶ
863 1215 930 1242 θαυ-

142 1273 252 1308 μαστῶν
267 1271 355 1306 ἔργων
372 1270 479 1304 συνάμα
495 1269 551 1299 τοῖς
569 1267 631 1294 δυσὶ
654 1265 838 1300 στρατιώταις
853 1262 930 1296 γινό-

143 1329 233 1357 μενος.
254 1320 298 1351 Ὠς
313 1317 360 1345 οὖν
374 1317 478 1344 τούτων
492 1316 568 1343 οὐδὲν
596 1315 659 1344 τοὺς
688 1313 832 1342 Ἰουδλίους
852 1311 930 1336 ὲλάν-

142 1368 232 1399 θανεν,
259 1366 305 1392 ἁτε
325 1365 372 1399 τῆς
401 1365 496 1398 φήμης
525 1362 566 1393 εις
587 1361 692 1390 πάντας
723 1359 768 1384 τὸν
799 1358 931 1389 Λογγῖνον

143 1408 384 1443 παραπεμπούσης
414 1408 460 1432 καὶ
478 1403 523 1431 οἶὰ
552 1413 624 1433 τινος
657 1403 812 1436 ὑποπτέρου
842 1401 932 1426 πᾶσαν

143 1454 238 1489 σχεὶὺν
254 1451 449 1487 διατρεχούσης
464 1451 512 1485 τὴν
529 1448 754 1483 οίκουμένην,είς
769 1446 850 1472 ταύτὸ
869 1453 932 1470 συν-

144 1500 280 1532 ελθόντες,
295 1499 420 1525 πείθουσι
442 1497 557 1523 Πιλάτον
574 1496 716 1522 κατειπεῖν
733 1493 866 1527 Λογγίνου
886 1491 933 1518 καὶ

144 1546 266 1581 σημᾶναι
295 1544 334 1578 τῷ
361 1543 492 1577 Καίσαρι,
510 1543 549 1569 δτι
565 1550 594 1568 τε
616 1541 745 1575 ἀλλότρια
765 1537 872 1573 φρονῶν
889 1536 932 1572 εἴη

143 1592 194 1626 τῆς
214 1590 357 1625 Ῥωμαίων
374 1589 522 1624 βασιλείας,
537 1587 585 1614 καὶ
603 1586 712 1613 ὅτιτῶν
726 1585 817 1611 ὅπλων
831 1583 934 1618 ἀμελή-
947 1587 968 1616 c

144 1646 205 1670 σας,
220 1637 338 1671 Χριστόν
361 1643 421 1661 τινα
449 1633 585 1669 κηρύσσει
614 1631 727 1667 βασιλέα
749 1631 806 1661 τοῖς
831 1629 932 1660 ἔθνεσι,

145 1682 293 1710 κάντεῦθεν
305 1682 409 1712 πάντας
423 1679 640 1714 ὑποποιούμενος
657 1676 725 1711 πρὸς
741 1677 791 1711 τὴν
812 1676 850 1706 είς
863 1675 934 1700 ἐκεῖ-

144 1739 190 1757 νον
204 1731 294 1757 πίστιν
306 1729 452 1764 ἐφέλκεται
463 1735 470 1742 ·
483 1727 645 1761 τεκμήριον,
662 1724 740 1759 φασὶ,
756 1723 810 1749 τῶν
820 1721 934 1755 λεγομέ-

147 1785 210 1808 νων,
223 1776 265 1802 ὃτι
291 1775 338 1801 καὶ
355 1774 405 1809 τὴν
425 1773 619 1800 Καππαδοκῶν
636 1772 727 1798 πᾶσαν
741 1769 790 1804 τῆς
806 1768 934 1801 τοιαύτης

146 1820 320 1851 διδασκαλίας
338 1819 516 1854 πεπλήρωκε.
534 1817 646 1849 Τούτοις
658 1818 714 1848 τοῖς
724 1816 871 1850 γράμμασι
887 1813 935 1839 καὶ

148 1869 277 1904 χρήματα
295 1866 530 1900 συνεκπέμπουσι,
557 1865 656 1899 κλέψαι
682 1865 731 1894 τὰς
745 1862 829 1893 ἀκοὰς
843 1860 936 1896 βουλήο

149 1922 225 1948 μενοι
255 1913 405 1947 Καίσαρος,
434 1911 504 1938 ὥστε
532 1911 644 1938 καὶτὸν
661 1909 793 1944 Λογγίνου
821 1908 936 1935 θάνατον

149 1960 269 1990 εὐκόλως
281 1957 452 1993 ὠνήσασθαι.
466 1958 499 1983 "0
514 1956 546 1991 δὴ
561 1957 608 1982 καὶ
635 1956 705 1982 κατὰ
719 1956 748 1980 τδ
768 1953 862 1980 δοκοῦν
881 1953 936 1982 τοῖς

154 2004 293 2035 Ἰουδαίοις
309 2003 446 2039 ἐχώρησε,
459 2003 506 2030 καὶ
519 2002 572 2031 ἀπὺ
588 2001 699 2036 Ῥώμης
713 1999 795 2031 εὐθὺς
812 1999 861 2034 τῆς
871 1999 938 2025 Ἰου-

148 2051 226 2082 δαίας
242 2051 309 2085 πρὸς
334 2050 451 2076 Πιλᾶτον
469 2048 623 2075 στέλλονται
635 2048 786 2082 γράμματα
805 2045 936 2079 Λογγίνου

150 2097 264 2124 θάνατον
281 2096 538 2130 καταψηφιζόμενα.
555 2094 713 2129 Δεξάμενος
730 2093 776 2120 οὖν
792 2094 806 2118 ὁ
823 2093 938 2124 nemo;

151 2144 186 2169 τὰ
198 2143 362 2178 γράμματα,
371 2142 408 2173 ὡς
418 2139 504 2176 εἶχεν,
515 2141 616 2172 εὐθέως
626 2139 869 2175 ἐγχειρίζειταῦτα
883 2141 939 2170 τοῖς

158 2189 294 2219 Ἰουδαίοις
303 2189 350 2214 καὶ
364 2188 431 2223 πρὸς
443 2188 489 2214 τὸν
501 2186 547 2214 τοῦ
563 2187 699 2222 μακαρίου
710 2186 790 2221 φόνον
800 2187 939 2222 πρόθυμος

151 2236 310 2271 προθύμους
336 2235 474 2270 ἐκπέμπει
485 2243 491 2250 ·
510 2235 534 2261 οἱ
553 2234 582 2261 δὲ
598 2235 648 2269 τὴν
661 2233 764 2268 μεταξὺ
779 2235 870 2260 πᾶσαν
887 2233 939 2267 γῆν

152 2281 264 2316 ἀπτέρῳ
283 2281 360 2316 τάχει
386 2281 582 2316 διαδραμόντες
610 2281 643 2315 τῇ
670 2279 862 2306 Καππαδοκῶν
892 2279 941 2312 ὲφ-

152 2329 277 2355 ίστανται
288 2336 295 2344 ·
307 2329 354 2355 καὶ
370 2329 502 2362 Λογγῖνον
516 2328 545 2354 ἐν
561 2334 616 2353 τινι
628 2327 683 2352 τῶν
698 2324 834 2360 πατρῴων
847 2323 941 2357 ἀγρῶν

152 2374 198 2401 τὸν
208 2374 376 2410 ἀπράγμονα
394 2373 450 2408 βίον
464 2375 560 2400 ἀσκεῖν
578 2372 740 2406 πυθόμενοι,
763 2370 844 2399 εὐθὺς
863 2370 891 2394 ὲν
903 2368 943 2403 τῷ

153 2420 232 2455 ἀγρῷ
256 2421 389 2454 γίνονται,
417 2420 455 2455 μὴ
483 2420 584 2451 εἰδότες
611 2419 715 2447 ἐκεῖνον
735 2415 817 2448 εῖναι,
836 2416 900 2450 περὶ
912 2411 942 2441 οὖ

153 2466 217 2497 τοὺς
238 2466 360 2500 μακροὺς
388 2466 545 2500 ὑπέστησαν
576 2465 675 2496 πόνους
692 2464 740 2490 καὶ
754 2462 804 2497 τὴν
830 2461 943 2497 πορείαν

154 2512 274 2548 διήνυον,
303 2511 365 2538 ὅθεν
389 2511 437 2538 καὶ
456 2512 538 2538 αὑτὸν
555 2512 660 2537 ἐκεῖνον
688 2508 819 2546 ἠρώτων,
836 2508 878 2540 τίς
891 2508 945 2543 ἆρα

155 2559 286 2592 Λογγῖνος
302 2558 345 2592 εἴη
364 2558 412 2584 καὶ
424 2559 500 2588 ποῖος
514 2558 528 2583 ό
541 2556 672 2591 Λογγῖνον
684 2556 754 2591 ἔχων
772 2554 857 2590 ἀγρός
867 2561 873 2569 ·
887 2555 944 2585 τοῖς

159 2604 209 2639 μὲν
221 2605 275 2640 γὰρ
292 2601 328 2640 ἦν
351 2605 367 2639 ἡ
384 2603 497 2639 σπουδὴ,
524 2603 649 2638 Λογγίνῳ
663 2602 775 2637 ἀφανῶς
788 2601 943 2633 ἐπιθέσθαι,

156 2651 265 2683 δεδιόσι,
285 2650 323 2685 μὴ
353 2651 404 2685 τὴν
433 2650 573 2685 σωτηρίαν
590 2651 662 2685 φυγῇ
681 2648 942 2684 πραγματεύσηται.

162 2695 292 2729 Ἥγνόουν
316 2697 344 2724 δὲ
361 2697 402 2723 ὃτι
420 2696 521 2731 μᾶλλον
537 2694 639 2730 αὺτῷὴ
660 2694 762 2729 σπουδὴ
775 2693 912 2729 ληφθῆναι
927 2691 944 2727 ἢ

158 2742 273 2774 ἐκεινοις
301 2742 413 2769 λαϐεῖν’
442 2742 541 2777 ἐζήλου
563 2742 617 2776 γὰρ
637 2741 744 2768 ἐκείνου
761 2740 806 2767 τὸν
821 2738 945 2766 ἑκούσιον

159 2787 285 2821 θάνατον,
301 2789 331 2816 ὃν
362 2788 425 2816 ἰδὼν
439 2789 468 2815 ἐν
488 2788 595 2824 σταυρῷ
612 2788 679 2816 Θεὸν
693 2787 882 2823 ὡμολόγησεν,
897 2786 945 2812 καί

157 2835 251 2870 ὥσπερ
263 2836 379 2870 Χριστὸς
394 2836 428 2862 δι’
443 2836 528 2871 ἡμᾶς,
540 2835 612 2862 οὕτω
627 2835 671 2861 διὰ
685 2834 804 2869 Χριστὸν
815 2833 945 2867 Λογγῖνος

156 2881 206 2916 τδξν
221 2883 329 2918 Γφαγὴν
341 2882 428 2917 ὲδίψα.

970 283 1124 312 snrreptum
1142 286 1148 303 :
1167 277 1212 304 scd
1235 277 1324 311 lingua
1337 282 1364 303 et
1379 282 1467 304 mente
1483 277 1565 304 libera
1581 284 1642 304 eum
1663 283 1756 302 verum

971 333 1029 351 esse
1057 323 1139 350 Deum
1165 323 1328 357 prmdicarit,
1344 327 1370 348 et
1385 329 1400 348 e
1415 323 1527 349 mortuis
1541 331 1599 350 esse
1612 323 1757 350 excitatum

972 369 1155 397 amt-moverit.
1176 368 1234 400 Quo
1257 368 1355 394 factum
1371 371 1422 399 est,
1447 370 1475 392 ut
1491 371 1516 393 et
1533 367 1588 400 ipse
1603 367 1714 399 Pilatus,
1732 370 1759 392 et

972 416 1124 444 Judazorum
1149 421 1291 448 synagoga:
1308 412 1456 447 principes,
1473 411 1602 438 invidiam
1621 419 1671 445 qua
1685 412 1760 446 prius

974 461 1151 489 movebantur
1175 460 1200 487 in
1228 458 1378 490 Christum,
1392 463 1419 485 et
1441 465 1522 492 quem
1542 457 1568 483 in
1589 464 1649 484 eunt
1672 456 1761 483 animo

973 505 1165 541 concipiebant
1194 505 1332 537 furorem,
1362 511 1424 531 eum
1450 510 1525 530 nunc
1556 503 1582 528 in
1613 501 1760 534 Longinum

976 550 1164 582 transferrent,
1178 549 1201 576 ei
1221 549 1289 576 adeo
1309 549 1470 580 irascentes,
1488 551 1517 579 ut
1539 545 1666 581 quidquid
1682 550 1764 579 pate—

975 601 1050 624 retur
1072 595 1222 629 Longinus,
1239 593 1431 621 existimarent
1453 599 1515 618 eum
1534 598 1587 617 non
1602 590 1669 617 satis
1686 590 1764 616 datu-

975 649 1035 668 rum
1057 648 1117 668 esse
1142 646 1296 674 ptenarum.
1320 637 1390 665 Hinc
1411 645 1441 664 ea
1468 644 1511 664 res
1531 636 1604 663 venit
1631 636 1663 662 ad
1684 641 1764 661 aures

975 686 1100 722 Longini.
1113 689 1139 713 et
1152 692 1248 713 eorum
1265 685 1306 711 ira
1322 683 1373 710 fuit
1382 683 1406 710 ei
1422 682 1584 716 signiﬁcata.
1597 681 1766 715 Quapropter

977 733 1062 767 magis
1077 731 1170 758 volens
1185 730 1264 764 abjiei
1282 737 1345 757 cum
1359 728 1479 759 Christo.
1498 735 1577 762 quam
1593 726 1718 754 habitare
1737 725 1764 751 in

978 779 1160 808 tabernaculis
1174 778 1340 812 Judmorum,
1354 785 1415 804 cum
1429 780 1505 804 veste
1520 781 1547 803 et
1560 774 1668 809 cingulo
1679 774 1766 808 digui‘

980 827 1056 859 tatis,
1072 826 1156 860 ipsam
1171 831 1277 858 quoque
1292 823 1372 850 simul
1389 821 1588 857 quamprimum
1604 820 1678 847 exuit
1695 819 1765 846 mili-

979 875 1055 902 tiam.
1077 872 1110 900 Et
1133 873 1252 906 acceptis
1275 870 1381 898 duobus
1405 869 1546 898 militibus.
1571 867 1616 902 qui
1631 866 1767 894 habebant

944 917 1103 948 Beumdem
1127 918 1214 946 zelum
1235 924 1284 952 pro
1311 916 1422 944 Christo
1447 920 1474 942 et
1496 915 1623 946 veritate,
1652 912 1768 940 declinat

977 973 1038 993 cum
1062 965 1161 1000 popqu
1184 963 1415 999 congressionem,
1443 966 1469 988 et
1497 968 1556 988 cum
1586 960 1640 987 Deo
1665 958 1721 986 solo
1740 962 1768 984 et

978 1019 1069 1039 secum
1085 1014 1222 1038 νει-δοίην.

1015 1111 1058 1139 Ill.
1073 1110 1129 1138 Nec
1144 1109 1258 1137 multum
1275 1106 1428 1135 intercessit
1451 1104 1592 1140 temporis,
1616 1108 1643 1131 et
1666 1102 1769 1130 relictis

981 1155 1187 1191 Hierosolymis,
1209 1154 1283 1182 venit
1307 1153 1334 1180 in
1357 1151 1567 1186 Cappadociam,
1589 1156 1676 1183 praeco
1691 1148 1769 1175 simul

980 1210 1007 1232 et
1022 1202 1160 1238 apostolus
1176 1199 1278 1229 Christi
1306 1198 1506 1226 admirabilium
1523 1202 1646 1230 operum,
1667 1199 1693 1220 et
1711 1200 1771 1227 qua

981 1254 1044 1275 sunt
1065 1252 1163 1282 prazter
1183 1245 1336 1280 opinionem
1358 1251 1420 1270 cum
1443 1242 1496 1269 illis
1514 1241 1618 1268 duobus
1640 1238 1781 1266 militibus.

981 1294 1105 1321 ell‘cctus.
1129 1292 1197 1319 Cutn
1220 1295 1311 1318 autem
1336 1296 1431 1316 eorum
1456 1287 1522 1315 nihil
1539 1288 1634 1313 lateret
1654 1284 1770 1316 Judmos.

983 1344 1075 1372 utpote
1085 1338 1156 1370 quod
1170 1337 1242 1364 fama
1254 1336 1287 1362 ad
1299 1342 1393 1362 omnes
1402 1333 1553 1368 Longinum
1567 1330 1771 1359 transmitteret.

983 1386 1010 1408 et
1032 1382 1142 1416 perinde
1161 1388 1192 1407 ac
1219 1381 1288 1407 alata
1315 1379 1462 1414 perniciter
1484 1385 1590 1404 omnem
1607 1379 1775 1411 percurreret

986 1427 1138 1460 regionem,
1155 1426 1173 1452 ti
1189 1424 1269 1451 simul
1288 1423 1481 1450 cauvcnientes
1498 1421 1660 1456 persuadent
1675 1419 1773 1449 Pilato,

985 1476 1014 1498 Il
1039 1471 1073 1498 de
1101 1470 1225 1505 Longino
1247 1469 1316 1496 male
1344 1469 1426 1499 dicat,
1449 1473 1476 1494 et
1503 1467 1637 1501 signiticet
1662 1464 1772 1495 Caesari,

986 1517 1058 1552 quod
1079 1516 1167 1543 aliena
1189 1515 1304 1543 sentiret
1330 1514 1364 1541 ab
1390 1513 1504 1547 itnperio
1530 1511 1725 1542 Romanorum,
1748 1515 1774 1536 ct

986 1562 1058 1597 quod
1074 1561 1204 1594 neglectis
1219 1560 1312 1592 armis,
1332 1558 1471 1586 Christum
1487 1557 1614 1592 praedicet
1631 1555 1773 1590 quemdam

987 1613 1077 1641 regem
1097 1606 1240 1640 gentibus,
1271 1609 1298 1631 et
1320 1604 1360 1631 sic
1380 1610 1475 1630 omnes
1504 1603 1530 1628 in
1553 1609 1628 1628 suam
1653 1601 1776 1635 redigens

987 1656 1161 1687 patestatem,
1178 1651 1299 1677 attrahat
1317 1650 1348 1676 ad
1365 1649 1436 1675 illius
1452 1647 1541 1674 ﬁdem.
1561 1647 1660 1673 Eorum
1674 1651 1775 1676 autem,

985 1697 1105 1729 aiebant,
1122 1704 1181 1731 qua:
1198 1696 1336 1727 dicuntur,
1348 1695 1456 1729 signum
1469 1697 1520 1726 est,
1537 1693 1608 1727 quod
1623 1692 1776 1718 universam

985 1742 1183 1777 Cappadociam
1201 1748 1231 1768 ea
1250 1740 1370 1774 implevit
1385 1739 1519 1766 doctrina.
1536 1737 1603 1765 Cutn
1621 1736 1661 1763 his
1681 1735 1778 1763 litteris

986 1787 1066 1815 simul
1090 1787 1172 1814 etiam
1197 1786 1324 1813 emittunt
1347 1785 1487 1820 pecunias,
1511 1784 1537 1810 in
1561 1789 1640 1809 aures
1662 1781 1778 1808 Ctesaris

986 1834 1108 1861 volentes
1127 1833 1258 1867 irrepcre,
1278 1835 1307 1858 ut
1322 1830 1437 1865 Longini
1460 1834 1574 1856 mortem
1600 1827 1679 1854 iacile
1702 1834 1776 1854 eme-

988 1884 1058 1906 rent.
1079 1878 1155 1911 Quod
1182 1879 1288 1912 quidem
1313 1877 1448 1911 processit
1467 1875 1560 1906 etiam,
1579 1878 1607 1900 ttt
1623 1873 1775 1903 videbatur,

990 1925 1100 1952 ludat-is.
1129 1923 1162 1950 Et
1188 1923 1273 1951 Roma
1298 1922 1387 1949 statim
1413 1921 1439 1947 in
1467 1920 1586 1947 Iudaeam
1612 1919 1644 1946 ad
1663 1918 1777 1945 Pilatum

993 1971 1137 1998 mittuntur
1153 1969 1259 2001 litter:e,
1270 1974 1329 2002 quae
1344 1966 1495 2001 Longinum
1507 1970 1594 2002 morte
1604 1965 1777 1991 datnnabant.

988 2015 1090 2042 Pilatus
1113 2021 1177 2048 ergo
1197 2013 1315 2046 acceptis
1333 1999 1442 2042 litteris,
1459 2018 1506 2037 eas
1525 1999 1615 2036 statim
1633 2009 1714 2036 tradit
1730 2007 1779 2035 Ju-

990 2061 1065 2094 dazis,
1080 2064 1107 2087 et
1119 2059 1152 2086 ad
1168 2058 1238 2085 beati
1255 2058 1306 2084 viri
1323 2057 1422 2083 caedem
1438 2055 1536 2083 alacris
1553 2055 1656 2082 alacres
1670 2055 1779 2082 emittit.

990 2107 1032 2134 llli
1048 2111 1137 2133 autent
1157 2112 1218 2132 cum
1236 2108 1320 2131 totam
1349 2110 1409 2138 qua:
1428 2102 1623 2134 intercedebat,
1641 2102 1778 2135 regionem

991 2152 1108 2180 maxima
1126 2150 1310 2186 pervasissent
1327 2149 1480 2180 celeritate,
1500 2148 1610 2174 veniunt
1632 2148 1657 2173 in
1674 2147 1780 2180 Cappa-

991 2198 1089 2225 docum
1108 2196 1245 2232 regionem
1265 2204 1272 2222 :
1289 2200 1316 2222 et
1333 2202 1393 2226 cum
1411 2194 1561 2221 audiissent
1586 2193 1734 2228 Longinum
1753 2192 1778 2219 in

953 2254 980 2284 D
993 2243 1111 2278 quodam
1125 2249 1190 2277 agro
1207 2246 1321 2276 paterno
1336 2248 1416 2274 agere
1433 2241 1514 2266 vitam
1534 2239 1568 2266 ab
1587 2239 1661 2266 omni
1674 2239 1779 2273 negotio

994 2293 1136 2321 remotam,
1155 2287 1246 2315 statim
1267 2288 1379 2314 veniunt
1398 2287 1426 2313 in
1452 2293 1558 2321 agrum,
1583 2290 1608 2312 et
1631 2293 1691 2312 cum
1710 2285 1779 2311 Lon-

992 2335 1055 2368 gino
1090 2340 1230 2360 sermones
1259 2332 1413 2364 conferunt,
1442 2331 1596 2358 nescientes
1623 2337 1683 2355 eum
1710 2335 1780 2361 esse,

991 2382 1102 2413 propter
1119 2385 1198 2411 quem
1217 2382 1270 2412 tam
1288 2384 1402 2411 magnos
1422 2376 1528 2402 labores
1544 2374 1737 2408 Suscepissent,
1753 2379 1780 2400 ct

994 2424 1045 2451 iter
1065 2423 1255 2450 confecissent.
1269 2422 1345 2450 Unde
1359 2423 1440 2449 etiam
1455 2422 1529 2448 illuni
1543 2421 1628 2455 ipsmn
1640 2420 1780 2454 rogabant,

993 2470 1119 2505 quisnam
1145 2474 1216 2497 csset
1237 2469 1385 2504 Longinus,
1400 2473 1427 2496 et
1444 2468 1471 2495 in
1487 2474 1603 2502 quonam
1618 2465 1719 2500 prtedio
1735 2465 1780 2491 ha«

993 2516 1103 2543 bitaret.
1127 2514 1277 2549 Longinum
1299 2514 1372 2541 enim
1399 2513 1544 2541 studebant
1566 2512 1635 2539 clam
1661 2510 1779 2546 aggredi.

995 2562 1122 2590 timentes
1134 2569 1169 2589 ne
1181 2562 1296 2590 salutem
1311 2562 1362 2589 sibi
1379 2560 1440 2595 fuga
1459 2564 1602 2594 quatreret.
1621 2558 1780 2593 lgnorabant

995 2613 1084 2637 autem
1105 2616 1166 2636 eum
1187 2609 1273 2643 magis
1293 2608 1403 2635 studere
1417 2611 1446 2634 ut
1463 2610 1616 2641 caperetur,
1633 2611 1712 2638 quam
1732 2603 1780 2633 illi,

997 2661 1026 2684 ut
1041 2659 1181 2691 caperent.
1199 2654 1360 2682 lmitabatur
1375 2653 1447 2680 enim
1468 2656 1582 2679 mortem
1600 2649 1669 2676 illius
1684 2647 1780 2674 volun-

996 2701 1105 2733 tariam,
1130 2708 1210 2735 quem
1235 2707 1295 2727 cum
1322 2699 1433 2726 vidisset
1456 2698 1482 2725 in
1508 2703 1599 2728 cruce,
1623 2694 1706 2721 Deum
1730 2692 1780 2720 fuit

995 2747 1137 2775 confessus
1159 2755 1167 2775 :
1194 2750 1222 2774 et
1246 2746 1382 2782 quomodo
1403 2744 1528 2773 Christus
1540 2745 1648 2777 propter
1664 2747 1724 2774 nos,
1743 2740 1779 2767 ita

996 2793 1134 2828 Longinus
1151 2796 1262 2828 propter
1274 2791 1411 2819 Christum
1428 2789 1528 2818 caedem
1545 2787 1664 2816 sitiebat.
