2023 3142
250 174 287 206 39

882 168 1026 199 MENSIS
1045 168 1235 200 MARTIUS.

1861 172 1899 206 ιο

251 239 353 262 ratum.
372 230 477 259 dicebat
497 229 538 257 eis
553 228 599 264 qui
623 228 699 255 missi
730 227 848 259 fuerant,
870 227 897 254 id
925 227 1044 262 implete.

1099 227 1160 262 μεθ’
1173 224 1211 254 ῶν
1224 227 1262 263 τῷ
1275 226 1322 254 τοῦ
1335 227 1503 262 ἀγωνοθέτου
1517 228 1754 264 παραστησόμεθα
1769 229 1875 266 βήματι
1886 243 1895 250 ·

247 279 349 306 Deinde
372 277 454 304 etiam
479 282 628 302 conversus
643 274 676 300 ad
691 274 785 300 domus
800 278 953 300 curatorem
969 273 1046 308 jubet

246 329 348 351 vestem
377 322 507 350 mundam
532 322 565 348 ad
590 329 620 348 sc
642 320 751 352 deferri,
780 325 808 346 ut
833 321 877 354 qui
897 320 953 355 jam
973 323 1045 347 esset

245 375 360 397 vocatus
377 369 410 396 ad
437 368 547 402 nuptias
563 372 592 393 et
608 366 769 397 thalamum,
786 370 811 393 et
832 373 864 392 eo
889 365 1041 392 festinaret.

247 415 335 443 Porro
349 419 439 441 autem
455 421 516 441 cum
532 412 663 439 induisset
679 417 791 442 vestem,
810 415 838 437 et
854 418 934 437 manu
949 416 1042 437 oslen-

247 462 332 488 disset
359 459 506 492 tumulum,
530 458 556 484 itt
583 465 636 492 quo
661 457 767 483 volebat
795 457 857 491 poni
883 464 993 490 corpus,
1015 456 1042 483 iu

251 513 337 540 genua
354 512 416 532 cum
433 505 465 531 iis
480 503 594 535 duobus,
611 503 655 536 qui
671 507 750 529 crant
764 510 823 529 cum
842 503 910 536 ipso,
926 502 1042 528 inclina-

250 557 293 578 tus
307 552 334 586 (0
348 551 456 577 beatum
471 551 549 576 fittem
561 550 595 582 l),
608 549 712 583 peregit
731 553 868 575 certamen
883 556 891 575 :
907 553 934 574 et
948 555 1043 581 ampu-

253 597 316 624 tatis
341 604 434 623 eorum
463 595 607 630 capitibus,
633 594 669 621 illi
695 595 868 620 ascribumur
895 594 921 620 itt
942 594 1042 620 cltoros

254 647 403 678 martyrum
420 647 448 668 et
462 642 656 676 apostolorum,
681 640 788 667 illorutn
810 640 918 674 quidem
934 639 1041 666 fortitu-

252 689 354 722 dinem,
369 689 464 716 ltortttn
483 695 546 715 vero
561 687 648 714 zelum
666 694 714 721 pro
727 686 836 714 Christo
852 686 1041 714 ostendentes.

291 825 356 853 Vlll.
375 825 445 858 Quid
468 831 531 851 vero
551 827 612 858 post
630 823 686 850 haec
701 827 742 850 est
761 821 958 849 coasecutum?
971 821 1041 848 Mar-

255 871 368 906 lyricum
386 871 456 897 illius
467 870 580 902 Longini
594 873 674 903 capttt
688 877 748 895 ctttn
763 869 854 895 statim
871 869 1041 902 accepissent

254 917 284 948 ii,
302 916 347 951 qui
370 923 428 942 eunt
455 916 656 946 interfecerant,
673 915 705 941 ad
734 915 812 941 fidem
839 915 915 948 plene
939 914 1042 941 facien-

254 964 323 995 dam,
343 963 415 996 quod
433 961 567 995 Longinus
587 965 660 987 esset
681 965 814 990 mortuus,
832 960 856 986 id
879 963 987 994 portant
1011 959 1043 985 ad

255 1008 383 1038 l'ilatum,
402 1012 430 1033 ut
449 1007 494 1040 qui
511 1007 613 1033 scirent
629 1013 657 1032 se
675 1005 747 1031 nullo
760 1005 813 1032 alio
826 1006 906 1037 dono,
921 1012 1000 1039 quant
1012 1011 1045 1031 eo

255 1053 341 1087 magis
361 1052 396 1078 illi
420 1052 632 1087 gratificaturos.
651 1050 711 1085 Ipse
732 1055 820 1077 autem
837 1050 928 1077 statim
945 1056 1045 1076 convo-

253 1099 326 1126 cavit
340 1097 457 1129 Judteos,
483 1105 579 1131 magna
596 1105 688 1124 secum
715 1097 852 1131 voluptate
878 1095 1044 1130 alliciendos,

255 1149 285 1170 ut
300 1145 343 1178 qtti
363 1143 477 1178 Longini
492 1144 568 1170 valde
580 1149 696 1170 mortem
716 1143 833 1175 sitirent,
850 1148 877 1169 ct
894 1150 953 1168 eam
965 1143 1046 1169 entis-

255 1193 317 1215 scnt
340 1188 473 1222 pecuniis.
499 1187 577 1220 Quod
600 1188 708 1222 quidem
736 1195 795 1214 cum
823 1188 921 1215 factum
939 1187 1044 1220 fuisset.

258 1239 288 1260 ut
306 1234 347 1261 eis
372 1234 503 1268 placebat,
527 1233 603 1267 jubet
628 1240 722 1260 rursus
747 1232 855 1267 indigna
876 1232 998 1260 Pilatus:
1018 1239 1045 1260 et

1059 899 1080 926 Β

257 1282 320 1305 ante
342 1282 446 1312 portam
473 1278 591 1304 civitatis
614 1284 661 1311 per
684 1277 858 1311 ignominiam
886 1276 936 1303 fuit
956 1278 1046 1312 proje-

256 1329 330 1352 ctum
358 1323 506 1358 pretiosum
537 1322 597 1356 ejus
622 1326 712 1357 caput.
745 1322 797 1348 Sed
829 1322 861 1354 is,
887 1323 929 1349 cui
956 1323 1042 1349 visunt

258 1369 348 1396 fuerat
363 1369 417 1403 pall
433 1375 482 1402 pro
497 1367 584 1399 ttobis,
605 1369 673 1401 ejus,
689 1368 733 1401 qtti
750 1374 860 1402 propter
875 1367 965 1402 ipsum
985 1367 1043 1394 fue-

257 1419 302 1442 rat
314 1421 421 1450 passus,
437 1421 470 1441 tte
487 1421 558 1440 ttunc
576 1412 683 1447 quidem
700 1418 741 1440 est
759 1413 858 1440 oblitus
873 1421 879 1438 :
897 1414 943 1440 sed
961 1413 1042 1441 veluti

256 1466 384 1495 perpetuo
403 1465 580 1495 apparentem
597 1460 741 1494 quamdam
754 1459 839 1486 facem
855 1459 898 1491 iis,
913 1460 960 1494 qui
982 1461 1044 1487 ade-

255 1512 329 1538 rant,
353 1506 518 1533 cernendum
544 1506 681 1539 praebebat
701 1509 764 1531 ante
785 1505 934 1538 civitatem,
962 1509 989 1532 et
1015 1506 1041 1533 in

258 1551 428 1585 Lerquilinio
459 1550 606 1584 jacentem,
633 1555 757 1584 tauquam
789 1550 814 1576 in
850 1551 929 1577 domo
969 1552 1082 1597 regiac

259 1601 461 1628 conservatam,
479 1600 535 1622 tttto
557 1595 723 1630 prategebal,
741 1604 793 1622 non
812 1597 898 1624 soluttt
914 1604 967 1624 tton
982 1604 1044 1630 per-

261 1644 380 1674 mittens,
407 1647 436 1668 ut
463 1641 565 1676 aliquid
587 1646 725 1676 pateretur
750 1649 765 1668 a
790 1643 864 1676 fimo,
884 1643 932 1670 sed
961 1643 1042 1670 etiam

261 1689 379 1716 liberans
395 1687 473 1719 alios,
500 1695 534 1714 ne
561 1687 660 1722 aliquid
687 1693 797 1723 propter
825 1690 850 1716 id
876 1694 1044 1723 paterentur.

260 1735 386 1768 Quadam
404 1734 476 1761 cnim
494 1733 588 1760 mulier
612 1734 703 1766 vidua,
727 1741 786 1768 quae
808 1740 894 1761 morte
918 1735 1045 1761 maritum

261 1782 402 1814 amiserat,
418 1788 478 1807 cunt
493 1780 548 1807 ﬁlio
570 1785 658 1807 autem
679 1780 759 1807 unico
783 1780 999 1813 conflictabatur,
1018 1784 1046 1806 et

262 1833 360 1864 pra-ter
376 1827 531 1853 viduitatem
554 1827 723 1853 sustinuerat
743 1826 825 1853 etiam
841 1826 980 1853 oculorum
999 1835 1046 1854 or-

261 1875 384 1906 bitatem,
400 1873 470 1899 tnalo
489 1872 539 1899 fide
555 1877 694 1906 snperato,
713 1879 774 1898 cutn
799 1871 854 1898 ﬁlio
878 1873 949 1898 vadit
968 1871 1047 1898 Jeru-

263 1919 358 1950 salem,
368 1921 534 1949 sanctorum,
550 1925 608 1951 qute
623 1917 657 1943 ibi
671 1923 760 1949 erant,
775 1916 894 1942 lucorum
921 1921 1046 1944 contactu

261 1970 290 1992 et
305 1965 472 1997 adoratione,
490 1971 558 1998 quos
581 1964 710 1989 amiserat
737 1963 860 1995 corporis
879 1963 969 1994 duces,
985 1970 1046 1996 spe-

261 2019 327 2038 rans
342 2018 371 2037 se
383 2017 617 2045 recuperaturatn.
633 2009 700 2036 Cum
721 2013 811 2034 autem
826 2015 841 2033 a
863 2006 917 2034 filio
934 2008 1046 2036 deducta

262 2063 361 2085 terram
380 2063 490 2093 caperet
510 2062 537 2083 et
564 2056 713 2090 pulverem.
737 2060 765 2081 et
789 2054 940 2088 imponeret
951 2055 1046 2087 oculis,

260 2106 386 2140 adjicitur
403 2103 525 2132 viduitati
539 2107 566 2128 et
583 2102 721 2128 oculorum
735 2100 844 2127 orbitati
867 2101 965 2136 (qualia
984 2108 1047 2130 sunt

262 2151 309 2179 Dei
324 2152 433 2186 judicia)
460 2150 513 2177 alia
531 2155 637 2181 quoque
653 2146 743 2180 gravis
766 2146 915 2175 calamitas.
939 2148 1047 2176 Morbus

260 2199 335 2226 enim
360 2198 469 2231 quidam
495 2193 627 2222 invadens
654 2200 780 2226 puerum,
800 2194 845 2228 qui
868 2201 916 2228 pro
939 2195 1046 2222 amissis

1097 273 1166 300 ἀλλὰ
1183 273 1238 308 γὰρ
1262 273 1289 300 εἴ
1310 283 1336 300 τι
1351 274 1400 301 καὶ
1422 274 1641 309 προσετάχθητε,
1658 276 1728 310 πρὸς
1741 278 1805 308 τοὺς
1822 286 1896 314 πεμ-

1098 318 1219 352 φθέντας
1229 319 1336 353 ἔλεγεν,
1350 319 1532 354 ὲκπληροῦτε.
1548 317 1614 345 Εἶτα
1635 320 1682 346 καὶ
1698 321 1766 355 πρὸς
1780 321 1826 347 τὸν
1845 323 1895 357 τῆς

1096 363 1186 395 οἰκίας
1197 365 1377 400 ἐπιστραφεὶς
1388 364 1551 398 ἐπίτροπον,
1566 364 1664 398 στολὴν
1679 364 1755 399 αὐτῷ
1768 365 1895 400 καθαρὰν

1096 409 1262 444 κομισθῆναι
1277 409 1396 441 κελεύει,
1417 409 1454 440 ὡς
1466 409 1513 435 ἐπὶ
1529 410 1619 443 γάμον
1633 410 1685 444 ἢδη
1701 411 1748 436 καὶ
1759 411 1893 445 νυμφῶνα
1921 442 1928 444 _

1095 455 1223 489 κληθέντι
1240 455 1289 482 καὶ
1313 456 1382 490 πρὸς
1411 455 1494 481 αὑτὸν
1508 455 1664 482 σπεύδοντι.
1695 457 1752 483 Καὶ
1763 457 1795 491 δὴ
1812 465 1895 492 κομι-

1095 501 1205 527 σθεῖσαν
1222 502 1300 533 ἐνδὺς
1315 502 1364 528 καὶ
1392 503 1426 536 τῇ
1441 502 1514 537 χειρὶ
1532 502 1622 534 δείξας
1647 503 1693 529 τδν
1718 503 1810 537 λόφον,
1826 504 1892 531 ἔνθα

1093 547 1206 581 τεθῆναι
1223 548 1253 574 τὺ
1267 548 1346 582 σῶμα
1362 548 1507 582 ἠϐούλετο,
1525 549 1564 580 εἰς
1582 549 1647 582 γόνυ
1669 550 1738 583 μετὰ
1766 551 1820 576 τῶν
1843 552 1893 578 σίιν

1095 593 1169 628 σὺτῷ
1199 593 1302 624 κλιθεὶς
1319 592 1362 627 (ὣ
1392 594 1531 628 μακαρίου
1560 594 1692 629 τέλουςῐ)
1722 595 1768 623 τὸν
1797 596 1893 630 ἀγῶνα

1093 637 1219 672 διήνυσε·
1246 637 1294 663 καὶ
1318 638 1368 669 τὰς
1395 639 1516 672 κεφαλὰς
1547 639 1767 674 ἀποτμηθέντες,
1798 642 1891 676 χοροῖς

1095 684 1247 719 μαρτύρων
1276 685 1324 710 καὶ
1347 684 1510 712 ἀποστόλων
1535 686 1738 721 ἐγγράφονται,
1767 687 1822 713 τῶν
1837 688 1889 722 μὲν

1093 729 1142 764 τὴν
1167 729 1306 764 ἀνδρείαν,
1326 730 1381 756 τῶν
1396 730 1424 757 δὲ
1439 731 1485 757 τδν
1505 732 1575 767 ὑπὲρ
1589 733 1710 766 Χριστοῦ
1727 733 1810 767 ζῆλον
1827 735 1891 760 ἑπι-

1095 775 1265 810 δειξάμενοι.

1129 823 1170 849 ll’.
1189 823 1225 848 Τὸ
1239 823 1267 848 δὲ
1281 823 1352 857 μετὰ
1367 822 1466 854 ταῦτα,
1482 823 1509 849 τί
1523 831 1530 855 ;
1546 823 1603 858 Τὴν
1627 825 1799 860 μαρτυρικὴν
1817 827 1892 853 ἐκεί-

1095 878 1143 903 νην
1156 868 1291 902 Λογγῑνου
1307 869 1429 904 κεφαλὴν
1446 870 1486 900 εἰς
1496 869 1630 896 πίστωσιν
1642 870 1744 905 ἀκριϐῆ
1760 871 1893 904 λαῆόντες

1095 915 1197 942 αὐτίκα
1226 916 1250 941 οἱ
1273 916 1416 947 ἀνελόντες
1444 916 1485 942 ὅτι
1501 917 1634 950 Λογγῖνος
1659 917 1786 953 τέθνηκε,
1811 919 1893 953 κομί-

1097 961 1173 992 ζουσι
1185 960 1225 995 τῷ
1241 961 1362 995 Πιλάτῳ,
1375 960 1479 993 εἰδότες
1493 961 1534 988 ὁτι
1551 961 1648 996 μηδενὶ
1661 962 1734 997 ἄλλῳ
1746 963 1891 999 δωρήματι

1095 1003 1233 1037 τοσοῦτον,
1246 1004 1284 1035 ὼς
1302 1005 1412 1039 ἐκείνῳ,
1434 1006 1473 1040 τῷ
1505 1006 1579 1040 αὐτῷ
1607 1006 1780 1041 χαριοῦνται·
1799 1009 1846 1034 καὶ⁵
1860 1009 1891 1039 ὃς

1097 1049 1239 1077 συνεκάλει
1252 1051 1428 1086 παραχρῆμα
1437 1053 1484 1078 καὶ
1502 1052 1640 1084 Ἰουδαίοις
1648 1053 1683 1079 τὰ
1696 1054 1801 1089 μεγαλα
1812 1054 1890 1089 αὖτῷ

1097 1096 1361 1131 συνησθησομένοις,
1379 1098 1426 1124 ᾶτε
1441 1098 1488 1124 καὶ
1503 1099 1597 1130 αὐτοῖς
1613 1098 1675 1125 λίαν
1695 1099 1741 1125 τὸν
1755 1101 1890 1134 Λογγίνου

1097 1141 1213 1168 θάνατον
1233 1141 1330 1175 διψῶσι
1351 1142 1399 1168 καὶ
1414 1143 1564 1178 χρημάτων
1578 1143 1659 1170 ὤνιον
1685 1143 1779 1171 τοῦτον
1810 1153 1892 1180 ποιη-

1098 1187 1244 1222 σαμένοις·
1269 1184 1300 1213 οὗ
1329 1187 1361 1223 δὴ
1387 1189 1433 1214 καὶ
1450 1189 1487 1220 ὡς
1508 1189 1602 1220 αὐτοῖς
1631 1189 1709 1223 φίλον
1739 1191 1890 1225 γενομένου

1098 1235 1262 1270 προστάττει
1286 1236 1335 1262 καὶ
1363 1235 1441 1267 αὖθις
1454 1237 1583 1268 Πιλᾶτος,
1599 1237 1647 1263 καὶ
1665 1237 1719 1271 πρὸ
1735 1237 1784 1272 τῆς
1802 1238 1890 1272 πύλης

1095 1278 1201 1313 ἀτίμως
1215 1280 1232 1314 ἡ
1252 1279 1332 1314 τιμία
1345 1280 1452 1315 κεφαλὴ
1464 1281 1513 1314 τῆς
1529 1281 1634 1312 πόλεως
1655 1281 1787 1316 ἔρῤιπτο’
1803 1282 1862 1309 ἀλλ’
1874 1285 1890 1309 ὁ

1095 1325 1164 1360 ὑπὲρ
1180 1326 1258 1361 ἡμῶν
1268 1327 1367 1353 παθεῖν
1380 1327 1532 1361 εὐδοκήσας
1547 1327 1593 1354 τοῦ
1604 1328 1638 1354 δι’
1649 1328 1730 1354 αὐτὸν
1758 1329 1890 1359 παθόντος

1094 1372 1155 1398 οὐδὲ
1178 1372 1225 1398 νῦν
1251 1372 1411 1405 ἐπελάθετο,
1428 1373 1486 1400 ἀλλ’
1501 1371 1557 1400 οἷον
1566 1374 1687 1408 ἀειφανῆ
1704 1382 1765 1400 τινα
1783 1373 1889 1407 πυρσὸν

1094 1419 1151 1449 τοῖς
1180 1418 1309 1453 παριοῦσι
1335 1420 1466 1455 παρεῖχεν
1486 1420 1553 1455 ὁρᾷν
1584 1420 1637 1455 πρὸ
1656 1420 1706 1454 τῆς
1720 1419 1825 1450 πόλεως
1840 1419 1889 1444 καὶ

1094 1463 1127 1496 τῇ
1143 1461 1246 1496 κοπρίᾳ
1260 1461 1406 1496 κειμένην,
1425 1462 1462 1492 ὡς
1475 1463 1504 1488 ὲν
1525 1462 1658 1496 βασιλικῷ
1673 1463 1740 1495 οἴκῳ
1752 1461 1888 1493 φυλαττο-

1096 1506 1181 1541 μένην
1212 1507 1325 1540 ἀφανῶς
1357 1507 1473 1532 ἔσκεπεν
1486 1527 1493 1538 ,
1519 1507 1550 1532 οὗ
1567 1507 1649 1541 μόνον
1675 1506 1751 1532 οὐδὲν
1768 1505 1822 1530 ἀπὸ
1839 1507 1889 1539 τῆς

1096 1553 1213 1587 κοπρίας
1225 1553 1309 1583 ἐάσας
1324 1553 1429 1584 παθεῖν,
1445 1552 1513 1578 ἀλλὰ
1525 1551 1628 1578 καὶτοῦ
1650 1552 1765 1586 πάσχειν
1778 1551 1888 1584 ἐτέρους

1096 1597 1141 1624 διὰ
1164 1597 1266 1632 ταύτης
1293 1596 1495 1631 ἐλευθερώσας,
1527 1597 1607 1631 Χήρα
1622 1596 1676 1630 γάρ
1693 1605 1734 1628 τις
1760 1595 1826 1631 γυνὴ
1841 1596 1888 1622 καὶ

1096 1642 1204 1678 Θανάτῳ
1221 1643 1269 1677 μὲν
1284 1643 1329 1669 τὸν
1342 1642 1425 1676 ἄνδρα
1439 1642 1618 1677 ζημιωθείσα,
1635 1642 1686 1676 υίῴ
1695 1643 1723 1668 δέ
1738 1651 1788 1669 τινι
1807 1650 1886 1677 μονο-

1096 1689 1170 1722 γενεί
1184 1689 1230 1714 καὶ
1247 1688 1321 1722 μόνῳ
1344 1687 1496 1714 σαλεύουσα
1512 1688 1558 1713 καὶ
1577 1687 1644 1722 πρὸς
1659 1689 1691 1722 τῇ
1715 1689 1816 1723 χηρείᾳ
1839 1690 1887 1715 καὶ

1095 1737 1150 1762 τῶν
1168 1736 1316 1770 ὀφθαλμῶν
1333 1735 1456 1770 πήρωσιν
1485 1736 1633 1766 ὑποστᾶσα,
1647 1735 1736 1761 πίστει
1755 1736 1783 1762 τὺ
1799 1735 1886 1767 πάθος

1096 1784 1234 1817 νικήσασα
1263 1781 1330 1815 μετὰ
1359 1780 1407 1807 τοῦ
1432 1781 1526 1808 τέκνου
1556 1781 1624 1815 πρὸς
1639 1781 1687 1816 τὴν
1705 1781 1886 1816 Ἰερουσαλὴμ

1096 1829 1200 1859 ἄπεισι,
1228 1829 1261 1862 τῇ
1277 1827 1331 1853 τῶν
1345 1826 1429 1860 ἁγίων
1456 1827 1484 1853 ὲν
1500 1827 1568 1863 αὐτῇ
1582 1828 1671 1854 τόπων
1686 1829 1778 1863 ἐπαφῇ
1795 1837 1823 1854 τε
1837 1831 1884 1854 καὶ

1098 1875 1296 1909 προσκυνήσει,
1312 1873 1358 1904 οὓς
1371 1873 1540 1909 ἀποϐέϐληκε
1551 1873 1598 1901 τοῦ
1612 1874 1737 1909 σώματος
1751 1883 1885 1908 φωταγω-

1097 1920 1173 1952 γοϋς,
1193 1918 1493 1945 ἁπολαΰεῖνέλπίσασα.
1526 1919 1570 1950 Ὠς
1599 1918 1645 1945 οὖν
1659 1919 1711 1946 ὑπὸ
1725 1919 1773 1947 τοῦ
1792 1921 1886 1951 παιδδς

1098 1965 1341 2000 χειραγωγουμένη
1359 1963 1406 1990 τοῦ
1420 1964 1481 1998 χοὸς
1494 1963 1629 1999 ἐλάμϐανε
1646 1964 1693 1990 καὶ
1706 1964 1755 1999 τῆς
1774 1965 1884 1996 κόνεως,

1099 2011 1212 2041 καὶτοῖς
1225 2010 1375 2044 ὀφθαλμοῖς
1392 2009 1523 2042 ἐπετίθει,
1547 2009 1722 2045 προστίθεται
1740 2012 1773 2045 τῇ
1788 2010 1886 2045 χηρείᾳ

1098 2056 1146 2082 καὶ
1171 2056 1204 2090 τῇ
1225 2055 1348 2091 πηρώσει
1370 2055 1424 2082 τῶν
1451 2055 1610 2090 ὀφθαλμῶν,
1640 2053 1685 2082 οἷα
1701 2056 1735 2082 τὰ
1754 2056 1802 2082 τοῦ
1817 2057 1886 2082 Θεοῦ

1099 2103 1230 2138 κρίματα,
1243 2104 1291 2128 καὶ
1304 2102 1372 2137 ἄλλη
1390 2102 1496 2137 χαλεπὴ
1509 2102 1636 2138 συμφορὰ
1648 2110 1655 2117 ·
1668 2103 1744 2132 νόσος
1766 2104 1819 2138 γάρ
1846 2111 1887 2134 τις

1098 2148 1292 2175 καταλαϐοῦσα
1312 2148 1358 2174 τδν
1385 2149 1480 2180 παῖδα,
1507 2149 1552 2174 τὸν
1571 2149 1632 2175 ἀντὶ
1655 2149 1703 2183 τῆς
1720 2149 1821 2183 ζημίας
1833 2149 1887 2175 τῶν

1099 2194 1245 2229 ὀφθαλμῶν
1258 2194 1398 2228 ὀφθαλμὸν
1415 2194 1494 2221 ἄλλον
1515 2195 1584 2229 αὺτῇ
1602 2195 1758 2228 γενόμενον,
1777 2195 1886 2230 ἀθρόον,

260 2245 348 2273 oculis
364 2230 453 2270 fuerat
473 2242 497 2267 ei
519 2240 587 2266 alius
606 2239 711 2270 oculus,
724 2245 834 2275 repente
846 2241 924 2276 (proh
937 2242 1010 2270 dolor
1026 2242 1045 2277 ί)

1099 2240 1182 2275 οἴμοι,
1203 2241 1257 2267 τῶν
1268 2240 1397 2274 ἀγκαλῶν
1409 2240 1457 2275 τῆς
1477 2240 1579 2276 μητρὸς
1592 2241 1711 2276 ἁρπάζει

261 2292 362 2325 abripit
377 2297 391 2316 α
409 2290 468 2315 sinu
487 2286 592 2313 malris.

297 2335 344 2362 IX.
360 2332 456 2360 Statim
473 2338 535 2366 ergo
552 2330 673 2365 duplices
690 2331 722 2357 ad
740 2338 801 2358 eum
820 2332 951 2358 accedunt
967 2335 1044 2359 tene-

261 2383 328 2412 brm,
344 2384 372 2406 et
384 2378 444 2404 vita:
456 2377 498 2404 lux
513 2377 591 2404 simul
610 2377 790 2412 exstinguitur
804 2385 864 2404 cttttt
880 2378 938 2405 luce
953 2378 1046 2406 oculo-

261 2433 322 2454 runt
337 2434 344 2452 :
362 2428 471 2457 eratque
486 2424 596 2451 omnino
615 2423 706 2451 infelix
732 2423 775 2450 illa
804 2425 962 2457 immobilis,
986 2429 1046 2451 tan-

262 2478 343 2506 quam
365 2470 455 2504 aliqtto
483 2469 605 2502 fulmine,
632 2470 756 2503 perculsa
783 2470 949 2497 calamitate.
977 2470 1047 2497 Cum

262 2521 352 2545 autem
368 2516 446 2552 paulo
467 2520 527 2551 post
549 2524 563 2543 a
589 2517 659 2542 man
675 2517 709 2542 ad
731 2523 760 2542 se
779 2516 917 2547 rediisset,
934 2513 1051 2543 deﬂebat

263 2563 466 2594 miserabiliter,
492 2566 519 2589 et
542 2562 710 2589 miserandas
737 2568 817 2588 voces
845 2562 988 2588 emittebat
1015 2561 1050 2589 ad

263 2609 408 2637 Dominum
422 2617 429 2634 :
444 2607 466 2634 0
481 2606 604 2640 Domine,
622 2607 726 2638 dicens,
750 2612 800 2632 cur
821 2607 859 2632 sic
881 2610 993 2640 gravata
1007 2611 1049 2634 est

265 2663 360 2683 manus
386 2660 430 2682 tua
451 2660 533 2688 super
559 2661 611 2685 tne,
629 2656 655 2678 et
673 2658 754 2686 supra
771 2651 890 2677 dolorem
908 2650 1047 2679 vulnerum

263 2709 386 2729 meorum
420 2697 593 2727 addidisti“?
622 2697 656 2724 Et
684 2703 759 2724 nunc
787 2695 878 2723 lumen
908 2697 1046 2725 oculorum

264 2753 386 2774 meorum
411 2749 437 2772 et
461 2745 549 2779 ipsunt
579 2750 632 2770 non
659 2745 701 2769 est
726 2748 829 2768 mecum
841 2741 861 2768 ⁸.
881 2740 951 2769 Νυιιι
977 2743 1048 2770 vires

264 2789 382 2823 lapidum
407 2787 479 2814 vires
507 2786 593 2814 meae?
622 2785 682 2821 ipsa
709 2792 817 2820 quoque
840 2785 944 2818 dicam,
974 2788 1047 2822 quod

263 2832 333 2860 Job'
349 2841 356 2859 :
374 2841 383 2858 ε
398 2831 513 2859 Posuisti
526 2839 569 2858 me
584 2831 750 2866 parabolatn,
765 2830 887 2866 Domine,
904 2837 929 2860 el
946 2837 1048 2861 motum

299 2891 310 2908 '
326 2889 398 2918 Psal.
413 2897 507 2919 ιιινιι..
523 2889 566 2916 27.
606 2889 615 2904 ‘
627 2888 698 2917 Psal.
710 2896 811 2923 xxxv",
827 2889 871 2918 Η.

1134 2327 1173 2355 Θ’.
1190 2328 1276 2360 Εὐθὺς
1293 2328 1339 2355 οὖν
1361 2329 1471 2356 διπλοῦν
1491 2331 1560 2366 αὐτῇ
1585 2331 1616 2358 τὸ
1637 2331 1733 2363 σκότος
1745 2332 1886 2368 ἐπιφοιτᾷ.

1099 2373 1146 2400 καὶ
1163 2374 1193 2399 τὸ
1204 2374 1250 2400 τοῦ
1265 2373 1323 2409 βίου
1340 2374 1397 2408 φῶς
1412 2375 1451 2410 τῷ
1473 2376 1528 2402 τῶν
1552 2377 1686 2412 ὀμμάτων
1703 2379 1882 2405 συναποσδέν-

1100 2429 1188 2453 νυται,
1204 2421 1252 2446 καὶ
1264 2418 1297 2455 ἧν
1307 2421 1374 2452 ὅλως
1390 2422 1518 2457 ἀκίνητος
1531 2423 1547 2457 ἠ
1563 2423 1652 2455 ἀθλία,
1663 2424 1757 2459 ὥσπερ
1773 2425 1888 2459 σκηπτῷ

1101 2473 1154 2492 τινι
1168 2465 1295 2500 βληθεῖσα
1320 2467 1352 2501 τῇ
1374 2468 1513 2503 συμφορᾷ.
1535 2469 1612 2495 Μετὰ
1634 2468 1720 2504 βραχὺ
1735 2469 1762 2495 δὲ
1778 2470 1886 2504 νήψασα

1105 2511 1203 2545 μικρὸν
1213 2512 1258 2537 τοῦ
1274 2512 1371 2544 κακοῦ,
1391 2513 1508 2539 ἐλεεινὸν
1532 2514 1698 2549 ἀποδύρεται
1714 2515 1760 2540 καὶ
1774 2516 1887 2550 οἰκτρὰς

1101 2557 1176 2590 ἠφίει
1191 2557 1256 2593 πρὸς
1265 2557 1311 2584 τὸν
1321 2558 1459 2594 Δεσπότην
1471 2560 1564 2594 φωνάς
1574 2568 1580 2574 ’
1597 2558 1632 2586 Ὠ
1647 2561 1742 2595 Κύριε,
1758 2561 1885 2594 λέγουσα.

1104 2602 1173 2628 ίνατί
1189 2602 1274 2634 οὕτως
1287 2603 1424 2639 ἐϐαρύνθη
1435 2604 1480 2632 ἐπ’
1494 2605 1544 2639 ἐμὲ
1561 2605 1577 2640 ἡ
1590 2604 1651 2640 χείρ
1667 2613 1724 2637 σου,
1741 2606 1787 2632 καὶ
1798 2606 1845 2633 ἐπὶ
1858 2607 1888 2632 τὸ

1102 2649 1183 2683 ἄλγος
1198 2649 1252 2675 τῶν
1269 2649 1434 2684 τραυμάτων
1460 2659 1509 2685 μου
1531 2652 1715 2686 προσέθηκας,
1732 2653 1778 2679 καὶ
1796 2652 1843 2680 νῦν
1857 2653 1888 2678 ιιὸ

1103 2696 1161 2729 φῶς
1172 2695 1224 2722 τῶν
1240 2695 1387 2730 ὀφθαλμῶν
1400 2705 1451 2730 μου
1465 2696 1511 2723 καὶ
1526 2697 1591 2724 αὐτὸ
1602 2698 1650 2724 οὐκ
1662 2697 1720 2724 ἐστι
1734 2698 1792 2733 μετ’
1807 2698 1887 2734 ἑμοῦ;

1103 2741 1150 2776 Μὴ
1168 2741 1244 2776 ἰσχὺς
1255 2741 1364 2776 λίθωνή
1384 2742 1460 2777 ἰσχύς
1478 2751 1549 2777 μου;
1563 2744 1599 2770 Τὸ
1611 2743 1657 2770 τοῦ
1683 2744 1743 2771 ’1ὼὸ
1758 2746 1804 2772 καὶ
1820 2745 1889 2779 αὺτὴ

1103 2787 1174 2822 ἐρῶ·
1188 2787 1311 2823 Ἐθηκάς
1328 2796 1361 2822 με
1387 2788 1555 2824 παραδολὴν,
1570 2789 1702 2824 Δέσποτα,
1722 2791 1769 2817 καὶ
1783 2791 1890 2826 κίνησιν

1103 2834 1226 2869 κεφαλῆς
1242 2835 1270 2860 ἐν
1282 2835 1360 2867 πᾶσι,
1376 2835 1422 2861 καὶ
1438 2835 1602 2874 ίσχύνθησαν
1616 2838 1658 2864 ἐπ’
1672 2837 1722 2873 ἐμὲ
1746 2839 1770 2864 οἱ
1787 2838 1890 2870 ὑπομέ-

916 2890 925 2906 ’¹
940 2889 1001 2918 Job.
1019 2899 1056 2925 rt,
1075 2892 1120 2919 2‘2.
