2023 3142
233 166 271 201 ’19
895 166 1019 199 ιιεΝδι

1073 167 1226 201 tl’RlL‘IS.
1832 171 1867 207 ﬂ

235 238 244 253 ι
264 223 477 261 Finispmeepti
487 231 529 252 est
543 223 666 252 eharitas
678 223 688 239 ⁵
701 231 710 257 ;
723 229 739 251 ”›
759 222 857 251 merito
868 223 961 259 Agape
973 231 1022 251 vo-
1036 228 1062 259 Α
1077 230 1114 259 to.
1134 226 1277 263 Eutychiu,
1293 227 1369 263 quid,
1391 227 1456 256 ais?
1478 228 1562 264 Idem,
1584 230 1671 266 inquit
1696 231 1753 265 illa,
1771 237 1797 260 et
1816 239 1867 267 ego

231 275 354 302 cabatur.
374 273 430 300 Hoc
440 271 513 300 enim
527 271 638 298 nomine
651 269 738 297 Graeci
754 269 918 298 eharitatem
933 271 1023 306 appel-

230 322 298 348 lant.
315 319 408 346 Altera
426 324 526 352 purum
544 323 576 343 ac
591 315 764 350 splendidum
782 316 952 351 baptismatis
982 316 1023 343 ni-

231 373 319 394 toretn
333 372 460 394 servans,
477 363 513 389 ita
528 367 558 389 ut
571 363 604 389 de
619 363 676 397 ipsa
693 363 879 397 propheticum
894 363 956 390 illud
969 363 1022 390 dici

229 418 323 448 posset
339 420 345 438 :
361 421 370 436 ι
382 409 500 438 Lavabis
514 415 567 441 me,
584 413 612 435 et
621 416 702 442 super
714 409 802 435 nivem
826 409 971 435 dealbabor
981 409 1020 442 ’,ι

231 458 324 484 anive
354 462 451 484 nomen
476 453 598 488 accepit;
628 453 742 480 Chionia
767 454 838 480 enim
871 454 1021 481 dicebatur.

232 504 325 531 Tertia
351 501 500 529 Salvatoris
512 505 539 527 et
553 499 600 527 Dei
613 499 699 526 nostri
716 500 827 532 donum,
844 499 895 527 hoc
910 504 961 532 est,
977 508 1023 534 pa-

232 558 290 578 cem
312 549 338 576 itt
354 555 383 575 se
398 547 509 579 habens,
526 551 553 572 et
567 545 594 572 in
613 553 707 572 omnes
723 552 865 577 exercens,
891 545 1022 579 quemad-

231 596 343 623 modum
363 593 491 621 Dominus
501 592 591 619 dixit:
609 600 618 616 ι
637 590 735 618 Pacem
754 598 841 618 meam
853 591 887 617 do
899 590 1017 623 vobis',»

231 646 311 673 lrene
325 645 359 672 ab
377 644 502 671 omnibus
518 642 676 675 vocabatur,
699 649 714 669 a
738 648 804 677 pace
822 649 920 668 ttomeu
948 641 1021 668 acci-

231 694 319 728 piens.
336 692 391 719 llas
412 697 466 719 tres
482 691 597 718 feminas
616 698 678 717 cum
706 691 740 717 ad
763 697 792 717 se
808 691 913 722 ductas,
940 695 966 717 et
986 691 1021 716 ita

231 741 344 768 aﬁeetas
357 739 531 774 magistratus
541 737 664 770 vidisset,
681 741 710 764 ut
723 736 774 764 diis
782 737 915 763 sacriﬁcia
924 735 1022 763 offerre

231 785 345 817 nollent,
363 785 424 819 igne
437 783 598 810 cretnandas
611 789 672 809 esse
688 781 818 812 decrevit,
829 786 855 807 ut
868 788 916 814 per
932 780 1021 815 ignem

231 832 321 867 exigui
340 830 483 864 temporis,
500 829 554 863 igni
573 829 710 864 subjectos
735 828 872 854 diabolum
901 834 1022 854 onmem-

231 886 284 912 que
303 877 454 904 daemonum
473 879 622 907 catervam,
645 874 728 908 ipsius
745 873 844 900 diaboli
858 873 1020 904 exercitum,

1078 273 1139 300 dico
1157 282 1164 300 :
1184 274 1256 302 malo
1268 279 1295 302 et
1307 274 1365 309 ipsa
1380 275 1463 309 mori,
1478 283 1560 311 quam
1579 275 1670 304 facere
1682 277 1755 313 quod
1774 277 1864 312 jubes.

1077 319 1122 346 Ait
1139 319 1176 347 illi
1193 328 1312 354 praeses:
1326 321 1392 348 Num
1409 322 1497 350 virum
1515 322 1759 357 habeslﬂortuus,
1778 324 1868 360 inquit

1077 364 1219 400 Eutychia.
1237 367 1280 394 ille
1295 372 1347 395 est.
1363 367 1467 395 Praeses
1485 376 1548 396 vero
1565 377 1572 396 :
1591 369 1782 404 Quampridem
1793 377 1866 398 moro

1077 416 1138 439 tuus
1152 413 1212 440 est?
1227 414 1297 441 Ante
1311 422 1419 442 menses
1431 414 1488 442 fere
1497 421 1613 450 septem,
1627 416 1713 450 inquit
1724 416 1863 451 Eutycltia.

1077 455 1152 484 Tunc
1166 458 1209 484 ille
1225 466 1232 484 :
1252 458 1285 485 Et
1300 460 1435 486 undettatn
1452 461 1535 495 igitur
1549 461 1658 496 gravida
1671 461 1744 488 facta
1761 461 1812 488 es?
1825 461 1864 489 Ex

1076 510 1119 534 eo,
1139 504 1224 538 inquit
1241 504 1296 538 illa,
1313 506 1382 538 viro,
1396 514 1476 540 quem
1492 507 1567 534 dedit
1585 507 1649 534 mibi
1665 507 1747 534 Deus.
1760 507 1866 535 Praise:

1077 555 1187 575 autem:
1203 548 1303 577 llortor
1319 556 1357 583 te,
1372 551 1513 586 Entycltia,
1527 557 1557 578 ut
1573 552 1607 579 ab
1630 553 1681 579 ista
1703 553 1807 580 insania
1819 554 1868 580 de-

1076 595 1172 623 sistere
1191 597 1268 629 velis,
1283 602 1311 624 et
1336 599 1368 625 ad
1389 599 1521 626 humanas
1549 599 1728 633 cogitationes
1759 600 1865 627 redeas.

1076 641 1145 674 Quid
1158 641 1214 668 ais?
1230 644 1304 670 visne
1318 644 1399 678 regali
1415 645 1503 671 edicto
1514 645 1629 679 parere?
1643 644 1763 678 Minime,
1779 646 1867 680 inquit

1077 687 1221 722 Eutycliia,
1236 696 1285 723 ego
1302 697 1398 723 parere
1421 690 1491 723 volo,
1521 698 1580 718 sum
1603 692 1674 718 enim
1700 692 1866 724 Christiana,

1076 731 1124 758 Dei
1136 734 1328 767 omnipotentis
1348 741 1440 761 serva.
1454 734 1521 762 Tum
1540 736 1602 762 ille:
1627 737 1758 769 Quoniam
1782 736 1867 771 Euty-

1076 778 1136 805 cbia
1153 779 1263 813 gravida
1279 785 1332 812 est,
1353 780 1454 808 interea
1476 787 1599 808 servetur
1626 781 1652 808 in
1676 789 1786 808 carcere
1812 782 1864 816 (3).

1076 824 1165 858 Atque
1177 825 1234 851 bace
1250 824 1353 851 addidit
1367 833 1374 852 :
1393 825 1431 851 Tu
1446 833 1520 856 vero,
1535 826 1636 860 Agape,
1653 827 1716 861 quid
1725 828 1766 853 ais
1781 827 1792 853 Ἰ
1809 827 1868 854 Vis-

1077 877 1110 897 ne
1123 870 1214 897 omnia
1230 870 1273 897 illa
1294 870 1394 902 facere,
1409 879 1470 906 qua:
1483 879 1533 899 nos
1553 873 1668 900 dominis
1692 873 1866 907 imperatori-

230 924 277 959 qui
290 924 341 950 sub
358 922 428 950 malo
443 925 495 954 est,
521 924 692 955 superantes,
721 919 908 953 incorruptam
932 917 1023 953 gloria:
1039 918 1060 946 Β
1075 916 1124 943 bus
1137 923 1168 943 ac
1180 915 1333 944 Cwsaribus
1356 923 1458 944 ﬂOSlI‘iS
1485 919 1574 945 devoti
1593 918 1728 945 iacimus?
1743 918 1864 953 Minime,

231 976 358 997 coronam
375 966 498 1002 adipisci,
515 973 547 993 ac
564 966 646 992 Deum
667 965 767 999 ipsum,
779 971 795 990 a
813 972 866 998 quo
879 964 967 998 gratia
981 963 1022 990 eis

230 1015 325 1042 collata
342 1017 395 1046 est,
413 1020 473 1040 eum
490 1011 593 1047 angelis
620 1014 752 1046 perpetuo
782 1009 939 1036 collaudare
960 1016 1021 1043 pos-

229 1066 299 1088 sent.
315 1059 380 1092 Qum
398 1065 463 1085 Vero
478 1057 511 1084 ab
526 1056 580 1084 illis
591 1060 666 1091 gesta
681 1059 755 1087 sunt,
775 1061 807 1081 ea
822 1053 942 1081 breviter
957 1060 1020 1080 uar-

232 1106 366 1134 rabimus.

264 1151 307 1178 ιιι.
320 1151 387 1177 Cum
402 1149 560 1184 praesideret
571 1149 712 1177 Dulcetius
722 1148 771 1182 (2),
781 1146 951 1175 Artetnensis
967 1146 1017 1183 [aL

233 1195 408 1232 Artemisitts]
431 1196 521 1223 scriba
541 1195 609 1222 dixit
623 1205 629 1223 :
643 1194 831 1229 Cognitinnem
851 1194 884 1221 de
896 1193 947 1226 ltis,
971 1193 1017 1229 qttl

233 1249 378 1278 prtesentes
386 1248 460 1273 sunt.
469 1251 482 1269 τι
492 1242 651 1270 stationario
661 1242 782 1274 missam,
793 1241 912 1277 sijubcs,
922 1241 1021 1276 legam.

233 1288 432 1322 Juben.inqnit
450 1287 588 1315 Dulcetitts
609 1295 719 1322 praeses,
731 1292 755 1314 te
775 1287 873 1321 legere.
892 1286 968 1313 Tune
986 1286 1022 1313 ait

233 1335 323 1362 scriba
335 1342 342 1363 :
356 1333 458 1361 Ordine
471 1334 518 1361 tibi
533 1341 591 1361 meo
603 1334 715 1361 domino
728 1334 830 1364 omnia.
848 1340 909 1367 qum
923 1332 1023 1365 scripta

231 1385 307 1410 sunt,
321 1381 452 1407 recitabo.
466 1379 818 1408 Cassauderbeneﬁciarius
829 1380 886 1406 haec
896 1377 1022 1411 scripsit:

231 1424 316 1456 Scito,
332 1423 365 1450 tui
392 1423 510 1453 domine,
527 1423 707 1456 Agathonem,
726 1422 846 1455 Agnpcn,
863 1421 1019 1454 Chionium,

230 1471 340 1501 lrenen,
355 1469 476 1500 Casium,
492 1466 655 1502 Philippum,
670 1473 696 1494 et
711 1467 873 1502 Eutychiam
892 1466 962 1493 nolle
978 1467 1020 1494 his

230 1517 317 1548 vesci.
331 1523 392 1550 quae
406 1516 458 1542 diis
475 1520 537 1541 sunt
552 1514 700 1541 immolata.
718 1514 769 1540 Eas
781 1513 863 1548 igitur
885 1513 918 1539 ad
947 1518 1018 1540 tuam

231 1562 437 1599 amplitudinem
464 1560 636 1588 adducendas
650 1567 712 1586 esse
738 1559 842 1586 curati.
860 1557 936 1585 Tunc
959 1558 1022 1585 Dul-

231 1611 317 1638 cetius
346 1615 446 1643 prmses
465 1607 501 1634 illi
515 1607 583 1634 dixit
613 1613 620 1632 :
645 1604 773 1638 Quaenam
797 1609 839 1632 est
863 1605 913 1631 ista
932 1609 1019 1632 vestra

233 1661 307 1685 tanta
324 1655 446 1687 insania,
462 1658 492 1680 ut
510 1653 601 1680 nolitis
631 1651 842 1687 religiosissimis
864 1656 1019 1679 nostrorum

231 1704 424 1738 imperatorum
441 1705 468 1727 et
485 1699 621 1726 Cwsarum
636 1699 720 1732 jttSsis
734 1697 867 1724 obedire?
883 1697 1019 1732 Agatlioni

231 1746 456 1780 autentthtare,
483 1745 580 1780 inquit,
609 1750 635 1772 tu
661 1744 694 1772 ad
721 1751 799 1772 saera
830 1743 1018 1779 prolicichns,

229 1793 459 1830 quemadmodum
481 1795 691 1821 consueverunt.
709 1790 754 1825 qui
787 1790 839 1817 diis
863 1791 1018 1818 censecrati

230 1847 306 1873 sunt,
323 1847 376 1868 non
393 1839 435 1867 bis
451 1838 536 1866 sacris
554 1845 618 1865 usus
631 1836 681 1864 es?
700 1836 850 1871 Respondit
875 1839 982 1872 Agatho
1007 1845 1015 1864 :

230 1887 362 1920 Quoniam
372 1884 544 1913 Christianus
556 1890 606 1917 ego
618 1889 689 1909 sunt.
703 1881 770 1908 Tum
781 1881 917 1910 Dulcetius
930 1891 937 1910 :
948 1881 1018 1910 Num

230 1938 259 1960 ιιι
287 1933 370 1960 etiam
399 1930 533 1958 hodierno
548 1928 591 1954 die
607 1927 634 1954 in
652 1934 685 1954 eo
700 1927 838 1961 proposito
855 1928 1020 1962 permauesl

230 1979 359 2011 Maxime,
377 1977 465 2012 inquit
480 1974 600 2009 Agatho.
618 1973 653 2000 At
669 1973 712 2000 ille
727 1981 734 2000 :
755 1972 795 2000 Tu
824 1981 899 2007 vero,
916 1974 1018 2010 Agape,

229 2027 293 2060 quid
306 2023 367 2052 ais?
382 2021 533 2056 Respondit
546 2027 553 2045 :
571 2018 626 2052 Ego
640 2018 694 2046 Deo
711 2019 809 2046 viventi
823 2020 915 2052 credo,
931 2026 1019 2054 neque

228 2073 290 2100 volo
304 2075 378 2099 recte
393 2068 529 2095 laetorum
554 2065 749 2092 coiiscieutiam
778 2072 866 2093 meant
894 2065 1024 2100 perdere..

229 2120 305 2148 Tune
319 2121 420 2151 praeses
435 2123 441 2139 :
455 2111 495 2138 Tu
505 2117 594 2139 autem
608 2111 672 2147 quid
683 2112 715 2138 ad
728 2112 872 2144 btecdicis,
885 2111 1020 2147 Cbionia}

227 2164 272 2193 Ait
288 2162 333 2190 illa
352 2168 358 2186 :
376 2158 444 2186 Cum
461 2159 515 2185 [)co
528 2157 590 2185 vivo
604 2157 724 2189 credam,
740 2157 810 2184 obid
824 2158 896 2185 ttolui
916 2157 1017 2192 facere,

227 2208 301 2244 quod
319 2206 398 2233 dicis.
415 2205 454 2231 Ad
472 2203 569 2231 lrenen
587 2212 654 2231 vero
666 2211 816 2231 conversus
835 2212 944 2239 praeses.
962 2206 1017 2232 ait:

1075 961 1162 997 inquit
1179 963 1278 997 Agape,
1296 964 1372 990 decet
1390 964 1498 990 Satanae
1513 966 1638 991 devotam
1663 973 1706 992 me
1723 972 1793 992 esse.
1818 966 1865 994 His

1073 1009 1165 1036 verbis
1180 1017 1255 1036 meus
1273 1017 1332 1036 mea
1358 1017 1411 1037 non
1438 1011 1582 1037 abducitur
1612 1019 1619 1037 :
1644 1012 1865 1046 inexpugnabilis

1074 1054 1144 1082 enim
1157 1054 1200 1081 illa
1215 1059 1266 1082 est.
1281 1053 1357 1082 Tunc
1372 1063 1471 1090 praises
1489 1056 1526 1082 ait
1542 1065 1549 1083 :
1565 1056 1598 1083 Et
1612 1061 1650 1086 tu.
1663 1056 1790 1089 Cbionia,
1800 1059 1864 1092 quid

1074 1100 1106 1126 ad
1121 1099 1178 1126 hac
1193 1100 1280 1127 dicis?
1294 1099 1410 1128 ﬂentem
1421 1107 1554 1134 nostram,
1573 1102 1661 1135 inquit
1674 1102 1798 1134 Cbi0tiia,
1816 1111 1864 1131 tte-

1073 1152 1118 1172 mo
1131 1150 1220 1180 potest
1234 1150 1400 1181 pervertere.
1418 1147 1454 1172 At
1469 1154 1568 1180 prmses
1583 1155 1591 1174 :
1605 1146 1675 1174 Nutu
1689 1147 1778 1182 aliqua
1793 1149 1864 1183 apud

1074 1197 1121 1217 vos
1133 1196 1196 1217 sunt
1208 1191 1351 1225 impiorum
1371 1191 1586 1219 Christianorum
1603 1198 1809 1226 commentaria,
1822 1194 1864 1221 vel

1074 1237 1239 1264 membranae
1254 1238 1361 1272 aliquae,
1383 1237 1424 1264 vel
1446 1238 1525 1265 libri?
1553 1238 1701 1273 Respondit
1721 1240 1835 1267 Cbiouia
1854 1249 1862 1268 :

1074 1282 1163 1315 Nulla,
1180 1290 1196 1309 ο
1212 1290 1322 1316 pra-ses.
1338 1283 1416 1311 nobis
1428 1289 1490 1311 sunt
1502 1293 1509 1318 ;
1521 1286 1611 1312 omnia
1625 1285 1666 1312 illa
1685 1286 1863 1320 imperatores

1075 1330 1119 1363 qui
1135 1337 1207 1356 nunc
1219 1335 1293 1362 sunt,
1304 1338 1318 1357 a
1334 1331 1411 1358 nobis
1430 1332 1611 1359 abstulerunt.
1629 1332 1734 1360 Praeses
1749 1339 1859 1360 autem:

1074 1376 1204 1408 Quisnam
1237 1376 1304 1404 hanc
1334 1383 1451 1405 tuentem
1480 1379 1556 1406 vobis
1575 1378 1863 1412 dedit?0mnipotens

1075 1422 1158 1455 Deus,
1175 1424 1258 1458 inquit
1274 1424 1328 1451 illa.
1343 1425 1414 1452 Dixit
1427 1431 1517 1453 autem
1528 1433 1629 1460 praeses
1641 1433 1649 1451 :
1662 1426 1777 1458 Quinam
1789 1428 1865 1456 sunt,

1072 1470 1116 1503 qui
1133 1470 1209 1496 vobis
1220 1471 1467 1503 attctnrcst'uerum,
1478 1478 1507 1498 ut
1518 1473 1552 1498 ad
1566 1473 1644 1498 istam
1660 1472 1805 1497 stultitiam
1819 1478 1868 1498 ve-

1073 1517 1188 1543 niretis?
1201 1516 1281 1546 Deus.
1296 1518 1384 1551 inquit
1399 1517 1525 1548 Chiouia,
1544 1517 1718 1549 omnipotens
1731 1522 1757 1542 et
1771 1516 1866 1550 unige—

1076 1562 1148 1588 nitus
1160 1562 1220 1597 ejus
1238 1562 1335 1594 Filius,
1351 1563 1480 1589 Dominus
1496 1567 1588 1588 noster
1613 1561 1694 1588 Jesus
1724 1561 1862 1590 Christus.

1075 1607 1210 1635 Dulcetius
1233 1608 1291 1634 ait:
1316 1607 1486 1634 Manifestum
1509 1607 1574 1634 illud
1597 1612 1650 1640 est,
1673 1608 1743 1642 quod
1770 1614 1865 1635 outuel

1071 1661 1121 1680 vos
1139 1654 1276 1681 devotioni
1303 1659 1458 1681 nostrorum
1491 1654 1639 1688 potentium
1667 1654 1865 1687 imperatorum

1072 1708 1105 1728 ac
1121 1700 1257 1728 Caesarum
1272 1701 1409 1735 subjectos
1428 1707 1489 1728 esse
1505 1705 1620 1734 oportet.
1639 1699 1773 1732 Quoniam
1798 1707 1867 1727 vero

1072 1752 1134 1783 post
1150 1752 1205 1774 tam
1230 1747 1341 1774 multum
1368 1751 1483 1782 tempus,
1506 1753 1566 1782 post
1592 1751 1630 1774 tot
1653 1747 1863 1778 admonitiones,

1073 1799 1166 1828 totque
1178 1793 1265 1821 edicta
1279 1794 1426 1828 proposita,
1441 1799 1467 1821 et
1485 1794 1551 1820 tales
1566 1793 1655 1821 minas
1669 1793 1793 1827 injectus,
1812 1800 1862 1820 vos

1072 1842 1227 1869 temeritate
1239 1841 1354 1876 qundam
1372 1846 1400 1868 et
1413 1841 1524 1868 audacia
1541 1841 1627 1873 elata,
1643 1841 1762 1875 ipsorum
1776 1840 1864 1875 impe-

1072 1893 1192 1915 ratorum
1206 1896 1238 1915 ae
1253 1889 1389 1916 Caesarum
1400 1889 1473 1924 jttsta
1493 1888 1570 1923 jussa
1595 1888 1808 1922 conten-ipsisne.
1834 1887 1860 1914 in

1071 1934 1287 1962 Christianorum
1302 1935 1385 1969 itnpio
1397 1935 1506 1962 nomine
1517 1941 1709 1969 permanentes
1723 1943 1730 1961 :
1744 1939 1864 1967 cumque

1071 1982 1105 2009 ad
1120 1981 1278 2009 hodieruum
1296 1981 1368 2008 diem
1383 1980 1466 2015 jussa
1487 1988 1502 2008 a
1532 1981 1700 2008 stationariis
1716 1988 1747 2008 ac
1764 1982 1863 2016 primis

1071 2027 1212 2060 militibus,
1231 2027 1334 2054 Cbrisd
1366 2027 1538 2060 negationem
1565 2027 1694 2060 scriptam
1726 2027 1862 2060 proﬁteri,

1070 2073 1160 2101 facere
1174 2074 1199 2101 id
1217 2074 1361 2107 recusetis,
1374 2078 1517 2107 propterea
1543 2080 1638 2108 pretia:
1663 2073 1740 2100 vobis
1763 2075 1861 2107 dignae

1070 2121 1194 2154 accipite.
1214 2119 1241 2148 ιιι
1257 2127 1318 2146 cum
1333 2120 1457 2152 dixisset,
1482 2120 1648 2146 sententiam
1672 2119 1802 2153 scriptam
1821 2118 1862 2146 le-

1070 2166 1127 2201 sit:
1144 2167 1254 2201 Agapcn
1265 2171 1293 2193 et
1304 2165 1458 2196 Chionium.
1470 2165 1597 2199 quoniam
1611 2165 1714 2200 iniquis
1724 2166 1860 2193 mentibus

1070 2213 1252 2240 etcontrariis
1267 2212 1410 2239 sententiis
1428 2212 1515 2243 elata,
1529 2217 1624 2239 contra
1649 2211 1771 2239 divinum
1799 2211 1860 2238 edi-

228 2254 366 2288 Quiduam
381 2255 409 2278 tu
424 2251 458 2278 ad
471 2249 551 2277 luce?
581 2257 629 2278 eur
647 2257 704 2277 non
722 2251 845 2285 piissimo
862 2257 1015 2279 nostrorum

1073 2263 1143 2285 ctum
1157 2258 1330 2285 dominorum
1343 2257 1527 2290 Augustorum
1539 2263 1565 2284 et
1576 2258 1712 2285 Caesarum
1725 2257 1859 2290 iecerunt,

227 2302 423 2334 imperatorum
448 2302 475 2325 et
497 2295 634 2324 thsarum
658 2296 745 2331 jussui
777 2298 1017 2333 obtemperavistit

228 2345 318 2373 Divini
333 2344 436 2372 timoris
447 2351 539 2376 causa,
550 2343 641 2376 inquit
656 2343 741 2371 lreue.
757 2342 823 2371 Dein
836 2352 935 2379 praases
949 2354 957 2373 :
975 2345 1016 2373 Tu

227 2398 304 2426 vero,
317 2391 408 2423 Casia,
423 2390 488 2426 quid
505 2389 564 2417 ais?
578 2389 704 2417 Animam
718 2391 913 2426 meam,inquit
924 2391 1015 2424 Casia,

226 2446 338 2467 servare
364 2437 436 2464 volo.
454 2435 558 2463 Pmses
581 2441 670 2464 autem
689 2445 696 2463 :
712 2435 849 2471 Numquid
871 2445 1015 2466 sacrorum

225 2489 268 2516 vis
281 2494 343 2515 esse
358 2484 517 2522 particeps?
531 2484 650 2518 Minime,
669 2485 755 2520 inquit
772 2485 828 2512 illa.
844 2484 920 2512 Tunc
947 2492 1015 2519 prai-

225 2541 291 2562 ses:
307 2533 348 2560 Tu
362 2539 439 2565 vero,
456 2531 591 2566 Philippa.
608 2531 675 2566 quid
684 2531 772 2558 dicis?
787 2531 937 2565 Respondit
949 2531 993 2558 illa
1007 2539 1015 2558 :

225 2580 300 2608 idem
311 2584 339 2607 et
350 2585 399 2614 ego
411 2578 482 2605 dico.
495 2578 641 2611 Quidnam,
654 2577 742 2611 inquit
753 2584 866 2611 praeses,
879 2577 930 2603 hoc
945 2576 1017 2605 idem

223 2631 276 2660 est,
293 2625 365 2660 quod
380 2623 468 2651 dicis?
495 2623 535 2651 Illi
564 2629 656 2650 autent
681 2622 806 2657 Philippa
826 2630 833 2648 :
849 2622 916 2650 ιιυτι
934 2623 1015 2657 malo,

226 2679 311 2707 quam
338 2670 437 2698 vestris
450 2669 595 2698 sacrificiis
610 2668 696 2696 vesci.
724 2667 802 2696 Tunc
818 2675 920 2704 praeses
938 2678 946 2697 :
965 2670 1018 2698 Sed

258 2750 272 2767 δ
287 2750 296 2776 |
314 2750 385 2778 Tim.
403 2758 423 2784 ι,
436 2751 464 2779 5.
502 2751 513 2767 ⁸
531 2749 603 2777 Psal.
619 2749 683 2782 t.,9.
722 2750 733 2766 ⁶
747 2749 828 2778 Joan.
844 2757 899 2781 xw,
913 2748 959 2776 27.

259 2830 298 2900 (2;
317 2831 397 2856 Anno
421 2828 484 2856 306.
505 2827 572 2868 Vide
581 2827 740 2856 Baronium.
850 2863 856 2870 .

259 2865 286 2900 (5
316 2865 386 2899 lnge
412 2865 484 2890 enim
501 2867 627 2900 iVPllllim
649 2865 691 2900 de
707 2869 856 2899 praegnanti

259 2865 297 2900 (5)
316 2865 386 2899 ιιιεε
412 2865 484 2890 enim
501 2865 627 2900 ivetitum
649 2865 691 2900 de
707 2865 910 2899 praegnantibus
941 2865 1011 2891 sumi

222 2901 385 2937 supplicium
399 2900 478 2927 docet
500 2899 662 2927 Plutarchus
675 2899 707 2927 de
722 2899 762 2926 Im
775 2900 819 2936 qui
839 2907 897 2928 sero
921 2909 936 2927 a
962 2907 1012 2927 nu-

1071 2307 1098 2331 et
1114 2312 1185 2331 nunc
1204 2305 1287 2330 etiam
1305 2304 1488 2336 temerariam,
1507 2312 1602 2333 vanam
1621 2309 1649 2331 et
1666 2305 1716 2338 piis
1732 2305 1862 2332 omnibus

1069 2350 1267 2378 exsecrabilem
1277 2349 1494 2377 Christianorum
1511 2350 1668 2385 religionem
1683 2351 1789 2382 colunt,
1800 2350 1858 2384 igni

1071 2395 1216 2422 tradendae
1228 2395 1320 2429 jubeo.
1335 2394 1435 2429 Hisque
1452 2395 1542 2427 dictis,
1569 2396 1710 2430 subjunxit
1725 2403 1732 2421 :
1751 2396 1860 2430 Agatho

1069 2445 1172 2471 autem,
1191 2439 1281 2471 Casia,
1309 2438 1431 2474 Philippa
1455 2444 1484 2466 et
1509 2439 1596 2472 lreue,
1612 2439 1701 2474 quoad
1718 2439 1784 2467 mihi
1799 2439 1860 2474 pla-

1070 2486 1167 2517 cuerit,
1185 2491 1325 2513 serventur
1341 2487 1367 2512 in
1383 2493 1502 2514 carcere.

1103 2530 1148 2557 ιν.
1165 2529 1261 2558 Postea
1276 2538 1349 2564 vero,
1366 2539 1445 2566 quam
1463 2531 1647 2558 sanctissima
1664 2531 1794 2559 mulieres
1803 2530 1859 2566 igni

1068 2581 1263 2604 cousuiumatte
1273 2582 1348 2608 sunt,
1358 2585 1420 2604 cum
1431 2585 1526 2604 rursus
1536 2581 1630 2605 sancta
1642 2576 1719 2604 lreue
1737 2578 1770 2604 ad
1786 2584 1858 2611 pra-

1068 2623 1154 2650 sidetu
1170 2623 1249 2649 ducta
1266 2624 1371 2656 fuisset,
1388 2622 1526 2651 Duleetius
1540 2625 1580 2651 sic
1592 2622 1667 2650 illam
1677 2623 1774 2651 aﬂatus
1790 2627 1832 2650 est
1847 2631 1856 2649 :

1069 2667 1134 2696 Tua
1150 2669 1264 2697 insanire
1280 2670 1448 2705 propositum
1471 2677 1505 2697 ex
1523 2670 1579 2704 his,
1592 2677 1652 2705 qua
1668 2670 1747 2704 facis,
1768 2669 1860 2698 mani-

1069 2829 1139 2871 πιξιιι
1153 2830 1309 2871 puniantur.
1327 2828 1448 2871 sed‘nec
1462 2828 1495 2857 de
1509 2829 1548 2871 eis
1564 2829 1656 2871 [Laberii
1675 2829 1855 2871 quastitman

1068 2863 1182 2893 atﬁruiat
1197 2865 1330 2901 Ulpiauus
1344 2865 1366 2893 Ι.
1383 2864 1551 2901 Prmonitus
1565 2865 1594 2893 ιι.
1617 2864 1654 2893 De
1668 2863 1767 2901 pinnis.
