2023 3142
170 168 210 201 81⁸
686 168 777 200 νιΤΑ
795 168 848 198 SS.
868 167 960 198 ΔΘΑ]

1013 184 1014 192 ι
1035 167 1084 197 ΕΤ
1103 169 1312 201 SOCIARUM.
1767 169 1804 203 εἳ

173 225 244 252 festo
256 227 379 258 apparet,
393 229 453 258 qua
464 227 504 252 tot
518 223 700 258 membranas,
723 223 819 257 libros,
837 224 962 258 tabellas,
977 225 1001 253 Δ
1016 228 1064 251 cut
1092 231 1106 251 a
1119 225 1255 261 principio
1276 233 1505 255 consueveramus
1534 234 1619 263 usque
1648 228 1682 255 ad
1705 236 1806 256 Iunum

171 269 310 297 codicillos
337 272 365 296 et
386 269 729 305 paginasﬁcripturarum,
745 278 805 305 quae
822 273 886 298 sunt
911 270 964 298 im-

171 315 278 350 piorum
294 314 523 350 Christianorum,
538 316 584 352 qui
602 324 720 352 unquam
734 316 852 347 fuerunt.
869 316 903 343 ad
915 316 964 344 ho-

171 361 296 388 diernum
324 369 409 396 usque
431 363 501 390 diem
521 370 632 390 servare
664 362 774 390 voluisti
792 370 799 389 :
817 369 877 396 quas
901 369 963 389 cum

171 407 275 443 prolata
291 412 396 441 essent,
413 416 444 436 ea
460 409 622 443 cognovisti,
639 409 763 443 quamvis
776 408 898 444 quotidie
912 415 962 435 ne-

170 455 289 490 gaveris.
306 463 355 483 vos
372 455 504 489 ejusmodi
521 455 623 491 scripta
649 455 799 491 possidere.
821 461 874 482 non
896 461 963 482 cou-

172 504 247 528 tenta
261 509 349 537 neque
365 509 488 529 sororum
506 506 613 529 tuarum
637 509 731 537 poena,
760 507 849 535 neque
870 499 965 527 mortis

172 552 274 574 metum
288 555 343 582 prae
353 548 440 576 oculis
453 548 568 575 habens.
584 547 765 581 Quamobrem
780 547 829 574 tibi
855 553 964 581 poanam

172 591 263 620 πσεπί
275 601 388 621 necesse
396 598 448 621 est.
465 594 517 621 Sed
533 593 651 621 alienum
666 598 758 621 tamen
774 600 828 620 non
842 593 964 625 videtur,

172 640 254 667 etiam
277 648 349 667 nunc
363 640 541 674 benignitatis
559 645 664 675 partem
686 639 807 674 aliquam
831 639 880 666 libi
899 645 965 666 cou-

174 686 282 718 donari,
293 692 322 713 ut
334 686 356 713 si
372 687 488 714 volucris
505 694 576 714 nunc
591 686 687 714 saltem
709 686 774 713 deos
803 693 962 721 agnoscere,

174 732 293 767 impunis
305 737 329 759 et
342 732 376 759 ab
390 732 464 759 omni
476 732 610 767 supplicio
623 732 798 767 periculoque
807 733 891 760 libera
904 740 967 762 esse

173 779 270 812 possis.
287 778 357 812 Quid
373 779 456 814 igitur
471 779 559 806 dicis?
589 779 703 806 Facisne
723 780 794 814 quod
819 780 967 815 imperato-

173 831 217 851 res
234 825 318 852 nostri
336 830 363 852 et
388 826 510 853 Ctesares
538 825 698 860 jusserunt?
722 825 791 853 Num
819 831 913 860 parata
936 835 967 856 es

174 871 316 898 sacrillciis
331 873 414 902 vesci.
429 876 455 899 et
469 872 531 911 diis.
543 872 704 900 immolare?
730 872 852 905 Minime,
879 873 965 908 inquit

174 915 262 948 lreue,
282 917 392 944 minime
410 925 457 951 per
473 917 556 945 Deutn
574 918 648 945 illum
667 919 891 954 omnipotentem,
917 920 963 954 qui

173 961 276 987 creavit
293 961 390 988 ccelum
403 966 431 989 et
445 966 556 993 terram.
583 970 658 989 mare
684 967 711 990 et
737 963 839 995 omnia,
856 971 917 997 qua:
935 964 962 991 in

173 1006 214 1033 eis
229 1012 301 1033 sunt.
320 1006 431 1034 Summa
445 1009 517 1035 enim
535 1007 605 1036 illius
620 1009 689 1043 ignis
708 1010 866 1043 sempiterni
881 1017 961 1044 pinna

171 1053 307 1086 proposita
323 1053 364 1080 his
378 1058 429 1086 est,
448 1054 493 1088 qui
515 1054 606 1081 .lesum
631 1055 677 1082 Dei
703 1055 819 1083 Verbum
846 1064 963 1091 negave-

171 1095 236 1123 rint.
255 1097 392 1125 Dulcetius
411 1106 474 1126 vero
490 1107 497 1126 :
517 1100 645 1133 Quisnam
663 1100 711 1128 tibi
735 1107 830 1128 auctor
848 1101 909 1136 fuit,
934 1107 963 1130 ut

172 1142 345 1170 membranas
364 1143 430 1172 istas
451 1150 532 1180 atque
550 1144 707 1181 Scripturas
738 1148 770 1174 ad
801 1147 962 1176 hodiernum

170 1196 257 1224 usque
294 1190 364 1217 diem
386 1192 556 1219 custodires!
573 1192 629 1225 Ille,
660 1193 748 1228 inquit
775 1194 861 1229 lrcne,
893 1196 962 1225 Deus

169 1236 354 1270 omnipotens,
376 1238 512 1273 quijussit
524 1246 575 1265 nos
591 1239 624 1265 ad
638 1246 751 1268 mortem
769 1249 854 1275 usque
873 1242 962 1277 ipsum

170 1282 281 1316 diligere
298 1292 306 1310 :
322 1291 374 1318 qua
396 1284 428 1312 de
446 1292 528 1312 causa
542 1293 594 1311 non
608 1293 681 1313 ausre
693 1295 787 1314 smnus
804 1296 864 1315 eum
896 1297 961 1324 pro-

169 1327 259 1354 dere:
279 1329 325 1356 sed
346 1329 491 1357 maluimus
524 1335 571 1357 aut
594 1333 717 1360 viventes
742 1334 875 1366 comburi,
902 1339 959 1368 aut.

169 1380 338 1406 quaecunque
354 1375 405 1401 alia
420 1375 497 1402 nobis
510 1376 672 1410 acciderint,
689 1379 804 1413 perpeti,
821 1387 902 1414 quam
920 1385 962 1407 ta-

170 1417 207 1444 lia
224 1419 325 1448 scripta
345 1421 469 1453 prodere.

210 1463 243 1492 ν.
260 1465 329 1492 Tum
345 1474 446 1500 praeses
461 1476 468 1494 :
482 1467 623 1501 Quisnam,
639 1469 735 1504 inquit,
752 1471 875 1497 conscius
902 1475 962 1499 erat

170 1511 227 1538 hac
242 1511 268 1538 in
285 1512 363 1538 domo
379 1513 422 1539 illa
437 1520 508 1545 esse,
522 1515 547 1540 in
565 1523 618 1548 qua
633 1515 798 1543 habitabas?
813 1516 961 1552 Respondit

169 1555 246 1582 lrene
259 1565 265 1582 :
283 1557 345 1584 Haec
358 1558 425 1584 vidit
442 1559 511 1586 Deus
525 1561 707 1594 omnipotens,
718 1563 762 1596 qui
773 1564 862 1590 omnia
890 1564 958 1598 scit;
972 1578 995 1609 ο

168 1608 297 1638 praetcrea
310 1612 399 1633 nemo.
418 1605 528 1634 Nostros
539 1607 611 1634 enim
628 1607 752 1635 homines
770 1611 887 1638 inimicis
909 1619 957 1646 pe—

167 1649 240 1683 jores
252 1649 378 1678 duximus
393 1659 426 1678 ne
441 1651 509 1679 forte
533 1660 581 1679 nos
594 1653 741 1682 deferrent.
769 1655 863 1691 Itaque
890 1657 957 1686 nulli

169 1694 226 1722 hanc
248 1696 426 1724 ostendimus.
449 1697 596 1731 Superiore
618 1707 700 1732 anno,
731 1700 819 1736 inquit
846 1710 957 1737 praeses,

169 1747 229 1766 cum
244 1741 360 1768 edictum
377 1742 439 1769 illud
455 1743 516 1775 tale,
532 1751 563 1771 ac
576 1745 648 1779 pium
660 1745 768 1780 jussum
786 1747 957 1777 dominorum

171 1786 364 1819 imperatorum
381 1796 413 1815 ac
431 1789 566 1817 Caesarum
593 1791 680 1826 primo
704 1792 754 1819 fuit
775 1793 956 1830 divulgatum,

171 1831 280 1858 ubinam
294 1841 341 1860 vos
358 1834 481 1862 latuisti?
497 1837 536 1863 Ad
551 1836 608 1864 haec
626 1838 704 1866 ireue
723 1846 730 1867 :
748 1839 815 1873 Illic,
828 1841 873 1868 ubi
888 1842 958 1870 Deus

169 1877 264 1904 voluit.
282 1878 309 1905 ln
328 1881 463 1908 montibus
477 1882 540 1917 (scit
551 1881 631 1917 Deus)
642 1883 691 1911 sub
702 1884 745 1911 dio
758 1885 868 1914 fuimus.
885 1886 958 1916 Prte—

168 1928 213 1949 ses
226 1930 309 1951 vero:
323 1924 398 1958 Apud
416 1934 495 1961 quem
511 1927 637 1954 vixistis?
653 1927 710 1957 Sub
726 1930 781 1960 dio,
798 1931 885 1966 inquit
900 1933 956 1965 illa,

168 1967 237 1996 alias
254 1968 280 1995 in
297 1969 356 1997 aliis
373 1973 510 1999 montibus
526 1980 678 2001 versantes.
698 1975 730 2003 At
742 1984 843 2010 przeses
863 1987 870 2005 :
891 1979 958 2012 Qui-

170 2021 232 2040 nam
244 2020 334 2047 erant.
348 2018 392 2050 qui
408 2018 485 2045 vobis
499 2026 596 2052 partem
612 2022 843 2055 suppeditabant?
873 2024 956 2059 Deus,

169 2059 256 2092 inquit
278 2060 365 2094 lrene,
382 2062 427 2096 qui
438 2064 564 2091 omnibus
591 2072 679 2092 escam
702 2069 865 2102 suppeditat.
889 2070 957 2099 Tum

168 2111 292 2139 prmaes:
313 2107 411 2135 Eratne
429 2113 505 2143 pater
523 2115 612 2138 vester
654 2113 749 2141 harum
775 2123 864 2144 rerum
889 2125 957 2145 con-

168 2151 262 2178 scius?
272 2154 306 2180 At
320 2153 397 2180 [rene
411 2163 418 2182 :
438 2155 557 2189 Minime,
569 2165 617 2192 per
630 2158 712 2186 Deum
730 2163 956 2197 omnipotentem,

167 2197 292 2226 cunscins
306 2205 364 2226 erat
379 2200 432 2233 ille,
445 2202 490 2236 qui
506 2210 539 2229 ne
551 2204 622 2231 novit
636 2206 743 2239 quidem
761 2207 817 2235 haec
833 2209 956 2236 omnino.

1018 270 1200 304 superiorem.
1226 278 1279 305 quo
1304 275 1331 298 et
1359 271 1405 298 illa
1433 274 1641 301 occultavimus.
1670 273 1808 302 Dulcetius

1017 323 1120 350 praeses
1139 315 1354 344 dicit:Sorores
1375 317 1484 351 quidem
1511 324 1563 346 tute
1590 326 1686 355 ptenas
1714 325 1807 348 nostro

1014 361 1094 396 jussu
1114 361 1238 389 decretas
1260 362 1452 396 exsolverunt;
1479 368 1506 390 te
1523 371 1597 395 vero.
1626 365 1676 392 etsi
1711 371 1806 393 attica-

1017 417 1099 446 quam
1117 409 1281 446 auiugisses,
1300 416 1444 447 propterea
1458 413 1529 446 quod
1556 413 1654 446 scripta
1673 421 1704 440 ac
1722 422 1808 441 mein-

1017 455 1118 484 branas
1129 456 1198 484 istas
1212 456 1410 488 occultaveras,
1426 456 1521 484 mortis
1537 463 1618 491 paena
1634 457 1681 483 tibi
1696 457 1806 485 decreta

1017 501 1119 534 fuerat,
1134 509 1187 530 non
1205 507 1294 530 tamen
1311 502 1406 529 eodem
1423 502 1502 529 modo
1517 501 1599 536 iubeo
1614 502 1693 529 evita
1711 504 1750 530 sic
1765 511 1807 530 re-

1017 549 1255 584 pente-discedere
1271 557 1278 576 :
1297 556 1392 576 verum
1411 556 1458 584 per
1471 548 1698 583 satellites-Ipsos,
1715 555 1742 576 et
1757 548 1808 576 Zo-

1019 595 1117 623 slmum
1131 595 1268 629 publicum
1284 595 1441 623 carniﬁcem
1459 595 1486 622 in
1502 595 1625 629 lupanari
1638 596 1735 622 nudam
1752 600 1809 623 sla-

1020 642 1058 669 tui
1073 642 1210 677 praecipio,
1222 649 1237 669 e
1249 641 1360 677 pallatio
1377 641 1489 677 singulis
1503 641 1598 669 diebus
1611 650 1706 677 panem
1722 649 1805 669 unum

1019 692 1181 720 Sumentem,
1197 687 1359 716 satellitibus
1375 687 1442 723 ipsis
1468 695 1523 716 non
1542 688 1761 723 permittentibus
1781 692 1808 716 te

1019 733 1095 761 illinc
1107 734 1256 762 discedere.

1057 779 1099 807 Vl.
1116 779 1182 808 Cum
1199 781 1282 814 igitur
1296 781 1426 809 satellites
1439 787 1464 809 et
1480 781 1608 809 Zosimus
1625 780 1747 816 publicus
1756 780 1808 807 mi-

1019 828 1105 856 nister
1129 833 1230 864 praesto
1255 833 1349 856 essent
1363 837 1370 855 :
1384 829 1464 861 Illud.
1484 829 1573 864 inquit
1591 836 1704 864 praeses,
1731 827 1808 855 vobis

1020 879 1114 901 notum
1126 875 1252 909 sit,quod
1266 875 1288 903 si
1301 876 1367 903 mihi
1380 875 1560 911 significatum
1575 875 1666 908 luerit,
1682 875 1721 902 vel
1734 875 1807 902 horai

1019 920 1133 954 alicujus
1147 927 1283 949 momento
1299 921 1377 949 istam
1388 930 1421 950 ex
1436 929 1469 949 eo
1482 922 1542 949 loco
1555 927 1655 948 motam
1671 920 1765 953 fuisse,
1780 921 1806 947 in

1015 974 1069 1001 quo
1080 974 1140 993 esse
1150 966 1290 1000 jussimus,
1307 973 1370 995 tunc
1399 975 1447 996 vos
1470 975 1603 1002 suprema:
1625 974 1712 1002 ptent
1739 967 1806 994 sub-

1013 1011 1079 1046 jecti
1097 1012 1186 1039 eritis.
1205 1011 1312 1046 Seripta
1328 1020 1394 1040 vero
1409 1013 1467 1048 ipsa
1489 1020 1504 1040 a
1521 1012 1632 1040 scriniis
1660 1017 1686 1039 et
1704 1012 1804 1039 arculis

1015 1056 1106 1084 lrcnes
1122 1057 1306 1092 proli-rantur.
1333 1058 1400 1086 Cum
1425 1058 1507 1093 igitur
1528 1057 1759 1093 quemadmodum
1789 1065 1803 1084 ι

1015 1104 1130 1138 prteside
1149 1104 1218 1138 jussi
1234 1104 1353 1137 fuerant,
1372 1111 1432 1132 eam
1449 1104 1486 1131 illi
1515 1105 1547 1131 ad
1565 1104 1700 1139 publicum
1726 1103 1804 1138 lupa.

1015 1157 1064 1176 nar
1077 1150 1230 1182 duxissent,
1249 1155 1276 1177 et
1291 1155 1399 1185 propter
1427 1150 1545 1184 Spiritus
1566 1149 1652 1177 sancti
1677 1149 1804 1184 gratiam,

1014 1203 1073 1230 qum
1089 1196 1173 1231 ipsam
1187 1196 1355 1232 protegebat,
1373 1201 1400 1223 et
1414 1196 1601 1223 universorum
1618 1195 1733 1223 Domino
1749 1195 1804 1223 Deo

1014 1250 1110 1277 puram
1128 1247 1209 1277 atque
1223 1243 1351 1270 intactam
1368 1243 1505 1275 servabat,
1533 1250 1567 1270 ne
1595 1249 1665 1269 unus
1693 1241 1802 1277 quidem

1015 1289 1048 1315 ad
1066 1296 1125 1315 eam
1140 1288 1282 1321 accedere,
1296 1290 1336 1316 vel
1355 1293 1432 1324 turpe
1443 1288 1544 1323 aliquid
1569 1289 1596 1315 in
1623 1296 1682 1315 eam
1713 1288 1805 1317 facere

1013 1337 1059 1359 aut
1070 1333 1163 1360 dicere
1178 1342 1262 1362 ausus
1285 1334 1392 1366 fuisset,
1414 1333 1615 1362 sanctissimam
1633 1333 1705 1360 illam
1722 1332 1800 1360 femi-

1013 1385 1075 1404 nam
1094 1379 1230 1407 Dulcetins
1248 1388 1348 1414 przuses
1370 1380 1517 1412 revocavit,
1541 1385 1568 1408 et
1591 1384 1654 1408 ante
1682 1379 1800 1407 tribunal

1012 1424 1198 1458 sistijussam,
1218 1426 1258 1452 sic
1282 1425 1379 1453 allatus
1406 1431 1448 1452 cst
1465 1433 1472 1452 :
1491 1423 1625 1459 Numquid
1653 1425 1680 1452 in
1705 1424 1800 1453 eadem

1013 1469 1102 1496 adhuc
1121 1471 1274 1497 temeritate
1287 1470 1429 1504 persistis?
1454 1469 1575 1503 Minime,
1597 1470 1685 1505 inquit
1711 1470 1802 1502 lrene,

1014 1516 1164 1547 temeritas.
1180 1517 1226 1542 sed
1241 1515 1286 1543 Dei
1305 1516 1391 1550 pietas
1405 1520 1458 1548 est,
1475 1516 1500 1542 iu
1514 1523 1567 1550 qua
1596 1516 1724 1550 persiste.
1751 1515 1800 1544 Cui

1014 1563 1152 1596 respondit
1170 1562 1304 1589 Dulcetius
1316 1569 1417 1596 praeses
1434 1570 1440 1588 :
1456 1561 1488 1588 Et
1511 1569 1544 1590 ex
1571 1562 1661 1597 priore
1684 1567 1729 1589 tuo
1761 1569 1803 1589 re—

1012 1616 1110 1644 sponso
1127 1608 1270 1636 manifeste
1286 1609 1431 1636 ostendisti
1449 1614 1475 1637 te
1492 1609 1687 1643 imperatorum
1711 1608 1800 1642 jussui

1011 1654 1083 1682 nolle
1094 1662 1171 1690 a>quo
1185 1655 1276 1682 animo
1289 1663 1395 1690 parere,
1413 1660 1441 1683 et
1454 1664 1525 1683 nunc
1539 1663 1647 1690 quoque
1660 1655 1686 1682 in
1703 1654 1798 1683 eadem

1011 1701 1165 1736 arrogantia
1181 1701 1370 1735 persistentem
1399 1706 1426 1729 te
1447 1702 1524 1729 video
1551 1710 1557 1729 :
1583 1708 1670 1736 quare
1692 1701 1798 1734 dignam

1011 1756 1119 1784 pteuam
1137 1749 1283 1783 persolves.
1301 1747 1424 1783 Cumque
1438 1749 1559 1776 chartam
1586 1748 1722 1782 peliisset,
1737 1755 1799 1775 sen-

1011 1794 1123 1821 tentiam
1141 1793 1210 1821 hanc
1218 1798 1311 1820 contra
1325 1794 1411 1827 ipsam
1427 1793 1538 1826 scripsit
1553 1800 1561 1821 :
1576 1792 1710 1826 Quoniam
1723 1791 1800 1818 lrene

1012 1839 1204 1874 imperatorum
1219 1840 1306 1876 jnssui
1324 1847 1428 1874 parere,
1445 1839 1550 1874 diisque
1576 1837 1719 1866 immulan
1749 1844 1799 1865 nov

1012 1885 1208 1920 luit,qninimo
1227 1893 1299 1913 nunc
1324 1893 1431 1920 quoque
1458 1885 1484 1912 in
1511 1884 1730 1911 Christianorum
1753 1890 1800 1910 or-

1011 1931 1074 1959 dine
1089 1939 1120 1958 ac
1135 1931 1264 1966 religione
1281 1936 1437 1966 perseverat
1454 1939 1461 1958 :
1479 1931 1530 1958 hac
1544 1931 1576 1957 de
1587 1937 1680 1961 causa,
1698 1934 1728 1956 ut
1751 1936 1800 1956 an-

1011 1982 1051 2004 tea
1063 1977 1131 2004 duas
1146 1978 1203 2009 ejus
1218 1984 1344 2010 sorores,
1358 1976 1394 2004 ita
1418 1981 1445 2004 et
1462 1977 1549 2012 ipsam
1565 1976 1703 2004 viventem
1727 1982 1800 2003 nunc

1010 2023 1133 2051 comburi
1147 2023 1239 2057 iubeo.

1047 2070 1102 2097 V'll.
1116 2069 1178 2097 llaec
1199 2070 1332 2097 sententia
1356 2077 1417 2097 cum
1438 2077 1452 2096 a
1472 2069 1587 2104 praeside
1607 2069 1662 2096 lata
1685 2068 1795 2101 fuisset,

1010 2117 1110 2144 milites
1125 2116 1219 2144 lrencn
1249 2117 1472 2150 comprehensam
1490 2117 1516 2144 in
1539 2117 1685 2150 quemdam
1713 2115 1798 2142 subli-

1010 2172 1080 2192 mem
1094 2163 1182 2191 locum
1211 2163 1358 2194 duxerunt,
1375 2163 1419 2190 ubi
1443 2168 1469 2190 et
1496 2163 1556 2197 ejus
1585 2170 1694 2190 sorores
1719 2167 1798 2190 ante:

1010 2210 1169 2245 martyrium
1185 2217 1271 2244 passa:
1288 2210 1404 2238 fuerant.
1423 2211 1490 2237 Cum
1504 2215 1593 2237 autem
1613 2218 1737 2246 magnum
1753 2217 1798 2237 ro-

166 2242 269 2271 PI'aBSes
282 2245 319 2291 ait
335 2254 341 2272 :
355 2246 421 2279 Quis
436 2248 517 2282 igitur
532 2257 684 2278 veSIrorum
702 2253 852 2281 vicinorum
866 2254 891 2281 id
904 2263 954 2281 uo-
972 2251 994 2279 D
1009 2264 1071 2291 gum
1083 2256 1283 2288 accemlissent,
1296 2255 1433 2289 iusserunt
1445 2256 1530 2290 ipsam
1547 2256 1573 2283 iu
1587 2263 1647 2283 eum
1667 2263 1800 2283 conscen-

167 2292 258 2318 veratl
274 2290 393 2325 Vicinos,
407 2294 494 2329 inquit
507 2295 597 2328 lreue,
612 2297 759 2333 interroga,
781 2303 807 2325 et
829 2299 887 2326 loca
916 2301 957 2327 in-

166 2337 253 2371 quire,
269 2339 310 2365 Vt'i
327 2347 372 2366 eos
389 2341 434 2374 qui
453 2347 561 2374 norunt,
583 2343 626 2370 ubi
640 2351 689 2370 nos
710 2352 829 2371 eramus.
854 2345 956 2373 Prteses

166 2384 253 2410 dixit:
272 2384 417 2419 Paslquam
435 2395 449 2414 e
463 2394 554 2415 utonte
571 2397 686 2416 reversae
704 2389 805 2422 fuistis,
824 2395 853 2417 ut
866 2396 892 2418 tu
917 2392 958 2418 di-

165 2430 214 2460 cis.
231 2429 396 2464 legebalisue
411 2434 511 2467 scripta
526 2435 588 2467 ista,
605 2441 737 2469 praesente
750 2437 861 2471 aliquoi
877 2437 955 2465 Domi

167 2480 265 2502 nostra:
281 2482 371 2510 erant,
391 2479 479 2514 inquit
497 2481 583 2514 lrene,
602 2489 690 2516 neque
716 2483 884 2511 audebamus
910 2484 954 2511 illa

166 2520 283 2549 (σοντες
301 2524 478 2557 quamobrem
497 2533 659 2561 magnopere
683 2528 859 2564 angebamur,
882 2530 955 2566 quod

165 2575 218 2595 non
232 2574 391 2604 poteramus
408 2575 490 2599 nocte
506 2579 538 2600 ac
554 2572 597 2600 die
612 2572 666 2602 illis
680 2581 789 2609 operam
815 2575 892 2610 dare,
916 2577 953 2606 si-

1011 2302 1085 2329 dere.
1102 2301 1195 2336 Itaque
1206 2308 1300 2329 sancta
1319 2302 1397 2330 lrene
1413 2302 1531 2337 psalmos
1559 2310 1671 2333 canens,
1701 2307 1727 2329 et
1751 2301 1798 2327 Dei

1010 2347 1123 2382 gloriam
1157 2347 1306 2378 celebrans,
1325 2347 1351 2374 iu
1379 2355 1472 2381 rogum
1503 2355 1533 2374 se
1553 2346 1673 2381 conjecit
1691 2355 1697 2373 :
1716 2351 1799 2377 atque

1009 2394 1047 2420 ita
1061 2399 1249 2420 consummata
1261 2398 1303 2420 est
1316 2394 1342 2420 in
1358 2393 1500 2420 consulatu
1515 2393 1672 2421 Diocletiani
1687 2392 1798 2427 Augusti

1010 2446 1092 2471 nono,
1117 2439 1271 2466 Maximiani
1289 2445 1380 2467 autem
1398 2439 1511 2475 Augusti
1537 2446 1643 2472 octavo,
1669 2438 1799 2467 Kalendis

1009 2484 1122 2519 Aprilis,
1139 2490 1270 2519 regnante
1288 2485 1313 2513 in
1333 2485 1431 2513 sarcula
1459 2486 1568 2513 Christo
1591 2485 1655 2513 Jesu
1683 2485 1798 2512 Dotuino

1008 2537 1101 2560 nostro
1114 2552 1122 2565 ,
1140 2539 1202 2559 cum
1220 2539 1275 2567 quo
1285 2532 1359 2559 Patri
1376 2537 1417 2560 est
1441 2532 1526 2566 gloria
1549 2537 1699 2568 saucloqtte
1733 2531 1798 2567 Spi—

1006 2577 1070 2605 ritui
1083 2578 1109 2606 in
1128 2578 1225 2606 saecula
1241 2578 1413 2608 iaculorum.
1436 2578 1534 2607 Amen.
