2023 3142
176 147 214 178 l5

792 145 881 176 VlTA
899 144 920 176 S
949 143 1182 174 THEODORE.
1781 146 1816 178 86

177 207 277 238 teram,
291 204 338 232 sed
356 204 548 239 Imperatorem
571 204 649 239 iussa
673 211 826 240 exsequar:
854 204 972 232 futurum
988 202 1013 232 Δ
1064 202 1096 230 ν.
1111 201 1207 230 Turba:
1219 207 1308 230 autem
1321 202 1372 230 illa
1382 209 1455 236 eam,
1468 209 1497 230 ut
1510 203 1565 239 lupi
1576 211 1684 238 agnam,
1697 204 1817 233 tinuat-

176 253 250 280 enim
271 252 430 278 existimans
454 255 483 278 ut
513 251 670 286 persuaderi
691 259 805 286 posses,
824 252 923 279 diutius
948 257 973 280 te

178 297 310 326 ferebam.
329 298 405 331 Quod
423 298 444 325 si
464 298 510 325 libi
537 306 654 332 parcens
669 319 676 331 ,
693 298 718 325 id
744 299 832 326 minus
853 298 970 332 cutalio,

180 344 253 378 quod
270 345 363 378 jussus
387 343 437 377 fui,
452 344 631 379 imperatores
655 350 830 374 contemnere
852 346 972 373 tidcbor.

176 389 215 418 llli
232 395 322 418 autem
340 391 484 421 Theodora
505 392 542 418 ita
560 392 716 427 respondit:
746 391 824 420 Sicut
851 393 906 427 ipse
922 393 973 419 im—

176 442 317 471 peratores
336 438 446 470 metuis,
473 437 600 473 quodque
618 439 653 465 ab
680 437 732 466 illis
753 440 845 474 jussus
869 447 918 472 es,
948 439 972 467 id

178 481 270 510 facere
282 483 387 515 studes;
410 483 446 511 ita
465 489 492 510 ct
507 491 558 518 ego
573 483 668 511 studeo
691 492 744 511 non
771 492 870 519 negare
890 485 972 512 Deum

177 537 280 562 meum,
293 529 376 556 linteo
390 531 462 557 enim
479 535 505 557 et
519 530 574 564 ipsa
587 537 679 557 verum
694 530 767 556 illum
781 531 972 564 imperatorem

177 575 265 603 Deum
283 581 468 604 contemnere.
483 575 660 603 Coutentiose
673 597 681 608 ,
698 577 786 611 inquit
799 577 898 612 judcx.
916 586 973 606 me-

177 629 240 649 cum
253 622 323 656 agis,
338 626 365 650 et
375 627 538 650 mternorutn
549 623 743 657 imperatorum
753 623 830 658 jussa
845 624 970 659 negligis,

178 672 206 694 et
221 675 276 698 me,
294 673 430 702 tamquam
446 668 579 695 imbellem
591 669 707 703 aliquem
721 669 850 703 despicis.
877 670 972 698 Adhuc

178 713 260 740 trium
281 714 386 741 dierum
410 719 518 750 tempus
535 714 583 742 tibi
609 715 733 743 condono
749 735 756 748 ,
780 723 810 744 ac
836 723 884 751 per
908 717 973 744 deos

177 767 285 791 omnes,
297 760 348 787 nisi
363 761 483 787 animum
500 766 590 788 mutes
607 765 634 788 et
648 761 797 794 sacriﬁces,
817 762 844 789 in
858 762 973 796 lupanar

179 811 205 832 te
221 807 338 838 tradam,
356 812 386 833 ut
402 807 532 834 mulieres
546 815 642 835 otnttes
655 812 681 834 te
695 808 731 835 ita
752 809 861 836 tractari
877 809 973 837 viden-

179 856 231 884 tes,
257 853 424 904 turpitudine
453 860 496 881 tua
518 855 695 890 castigentur.
723 855 758 882 At
779 857 921 884 Thodora:
940 857 973 884 Et
989 874 1011 904 Β

179 905 254 925 nunc
271 898 342 926 idem
362 901 431 927 Deus
446 906 496 934 est,
516 907 542 928 et
554 909 672 936 semper,
688 903 733 938 qui
750 910 802 930 non
819 904 970 938 permittet,

180 948 210 970 ut
223 951 284 971 eum
301 945 496 981 derelinquam.
522 947 588 975 Peto
605 953 694 976 autem
729 954 759 977 ut
780 950 909 977 intactam
940 959 972 979 ac

179 997 275 1024 puram
292 999 334 1018 me
350 992 452 1019 servari
467 992 572 1026 iubeas,
586 995 673 1028 quoad
686 995 853 1023 sententiam
867 996 972 1024 tttleris.

181 1035 260 1064 Tunc
274 1037 357 1071 judex
374 1038 413 1065 ait
426 1047 434 1066 :
449 1037 620 1066 Theodoram
638 1041 688 1068 sub
702 1046 758 1068 tuta
778 1042 901 1069 custodia
915 1050 974 1070 ser-

179 1089 241 1111 vato
255 1092 340 1119 usque
354 1086 388 1112 ad
405 1091 461 1113 tres
477 1087 534 1115 dies
545 1106 552 1118 ,
578 1088 601 1114 si
613 1087 685 1116 forte
712 1089 878 1123 resipiscens
891 1110 899 1122 ,
921 1090 972 1118 sibi

179 1130 237 1164 ipsa
253 1133 430 1164 persuaserit,
447 1137 474 1159 ut
487 1141 501 1158 a
514 1133 560 1160 tali
576 1134 747 1162 contentione
763 1135 886 1164 desistat.
902 1135 972 1168 Quin

181 1181 208 1202 et
226 1177 362 1211 praecipio,
381 1186 413 1204 tte
429 1180 590 1212 permittatis
607 1180 723 1215 aliquem
741 1182 774 1208 ad
787 1189 846 1208 eam
867 1182 970 1216 ingredi

178 1227 207 1248 et
224 1229 285 1249 cum
316 1222 373 1258 ipsa
392 1225 504 1258 versari,
520 1230 663 1260 propterea
684 1226 756 1261 quod
774 1227 874 1254 familia
889 1227 973 1256 nobili

181 1271 210 1295 et
222 1268 334 1296 hortesta
355 1276 416 1297 nata
437 1276 489 1298 est.

214 1312 260 1341 IV.
282 1314 347 1343 Post
365 1320 422 1344 tres
438 1317 496 1344 dies
510 1325 570 1344 cum
587 1318 668 1352 jndett
691 1319 717 1346 itt
742 1320 871 1349 tribunali
898 1323 976 1350 sede-

181 1363 243 1385 ret:
258 1360 427 1393 Adducatur,
443 1362 542 1396 inquit,
560 1362 712 1390 Theodora.
731 1365 836 1394 Cohors
852 1368 910 1394 ait:
926 1368 979 1396 Do-

181 1403 265 1436 mine,
286 1410 385 1436 praesto
400 1412 441 1433 est
455 1406 611 1435 Theodore.
626 1409 694 1436 Tum
710 1410 771 1438 ille:
784 1410 812 1438 Si
829 1413 977 1447 resipuistl,

179 1455 206 1476 et
220 1450 270 1477 tibi
288 1451 345 1486 jam
361 1454 532 1486 persuasisti,
548 1463 620 1482 nunc
646 1457 769 1485 sacriﬁca
781 1477 789 1490 ,
814 1463 841 1486 et
863 1465 922 1488 esto
944 1460 977 1488 ll-

180 1495 264 1528 bera;
291 1502 357 1530 puto
372 1500 445 1526 enim
462 1504 489 1527 te
504 1509 673 1537 nequaquam
687 1511 783 1537 sapere
795 1526 802 1539 ,
839 1506 865 1533 in
879 1509 974 1535 eodem

1027 249 1121 277 dantes
1133 270 1141 282 ,
1157 249 1281 276 certatim
1297 249 1443 277 studebant
1467 257 1516 284 pro
1531 258 1562 278 se
1576 251 1690 285 quisque
1704 250 1738 279 ad
1755 259 1814 278 earn

1027 295 1143 331 ingredi,
1161 300 1188 322 et
1205 300 1234 322 ut
1247 303 1329 322 canes
1343 294 1369 322 in
1384 294 1470 322 feram
1486 295 1616 331 aliquam.
1632 301 1660 325 et
1671 297 1817 333 accipitres

1027 342 1053 370 in
1068 341 1221 369 columbam
1236 363 1244 374 ,
1262 342 1298 369 ita
1313 341 1340 368 in
1353 349 1412 369 eam
1438 343 1524 369 turbae
1549 343 1685 372 inhiantes
1713 345 1816 378 ingredi

1026 387 1202 416 festinabant.
1216 388 1350 416 Caeterum
1366 394 1455 422 neque
1472 392 1536 416 tunc
1549 388 1673 416 Christus
1687 391 1743 424 ipse
1757 399 1817 419 cel-

1025 436 1113 468 sabat,
1129 436 1176 464 sed
1190 444 1250 463 cum
1262 435 1409 471 quemdam
1421 427 1453 462 es
1471 433 1611 462 Fratribus
1625 443 1816 471 prmparasut.

1029 484 1062 510 ad
1079 490 1138 509 eam
1155 482 1229 510 illttm
1245 482 1329 510 misit.
1353 482 1468 515 Quidam
1498 482 1570 509 enim
1599 482 1818 517 religiOsissitnus

1026 527 1133 559 Frater,
1149 529 1195 563 qui
1214 528 1260 555 Dei
1278 528 1385 561 negotia
1403 532 1523 555 tractare
1548 529 1648 563 optime
1665 529 1797 556 didicerat
1809 551 1817 560 .

1025 578 1052 600 et
1070 575 1298 608 quemadmodum
1311 574 1430 609 aliquem
1443 582 1476 601 ex
1493 574 1539 605 Dei
1558 574 1697 602 voluntate
1708 575 1817 602 divitem

1027 620 1084 648 tieri
1100 620 1220 653 deceret,
1237 620 1306 648 bene
1324 625 1436 648 noverat
1448 640 1457 654 ,
1475 620 1592 649 illecum
1608 629 1623 649 e
1635 622 1716 650 rebus
1739 621 1819 650 bonis

1026 674 1131 702 semper
1142 667 1241 702 aliquid
1255 667 1371 702 amplius
1384 672 1534 702 appeteret,
1555 668 1638 695 etsibi
1653 675 1814 702 comparare

1025 713 1158 744 studeret,
1169 713 1302 748 duplicem
1315 714 1438 749 martyrii
1450 721 1578 741 coronam
1590 714 1640 741 sibi
1651 715 1818 746 conciliavit,

1025 763 1054 786 et
1074 767 1187 794 regnum
1213 759 1344 787 ctelorum
1372 760 1424 788 ltoc
1448 760 1528 787 modo
1548 760 1648 795 rapuit.
1666 760 1734 788 Cum
1747 761 1820 789 enini

1025 805 1135 833 militari
1152 806 1245 833 habitu
1262 814 1290 834 se
1312 806 1456 837 induisset,
1471 807 1574 841 primus
1593 807 1626 834 ad
1644 814 1703 835 eam
1716 807 1821 842 ingres-

1026 861 1072 882 sus
1083 860 1134 886 est,
1154 855 1230 889 quasi
1249 862 1318 881 unus
1334 862 1366 881 ex
1382 854 1580 889 impudentium
1593 860 1619 882 et
1635 854 1820 889 intemperan-

1027 901 1093 928 tium
1112 901 1252 928 hominum
1266 909 1379 928 nttmcro
1400 906 1485 928 esset.
1508 901 1575 936 Ejus
1597 901 1680 935 igitur
1700 901 1820 929 hominis

1024 954 1121 975 novant
1136 952 1161 976 et
1174 947 1345 982 peregrinam
1359 946 1473 982 ﬁgurant
1486 953 1579 974 sancta
1591 948 1635 975 illa
1646 948 1722 982 virgo
1731 947 1821 975 Theo-

1024 993 1090 1021 dora
1104 1001 1164 1021 eum
1189 993 1324 1025 vidisset,
1350 993 1401 1020 fuit
1426 993 1590 1027 perterrita;
1612 1001 1645 1022 ea
1670 994 1742 1021 enim
1775 1002 1818 1022 res

1025 1040 1137 1066 multum
1145 1040 1248 1074 injuria
1259 1047 1289 1066 ac
1299 1039 1475 1073 turpitudinis
1485 1047 1541 1074 prae
1551 1047 1581 1067 se
1592 1039 1706 1068 ferebat.
1717 1041 1818 1073 Quam-

1025 1085 1118 1115 obrem
1142 1086 1252 1121 ancipiti
1276 1090 1303 1112 et
1329 1085 1412 1113 dubio
1439 1085 1532 1113 animo
1562 1087 1681 1113 carceris
1706 1087 1820 1121 angulos

1027 1130 1187 1158 circumibat
1199 1151 1206 1163 .
1224 1138 1315 1159 secum
1338 1131 1461 1167 cogitans
1475 1152 1483 1164 ,
1513 1138 1577 1159 num
1602 1138 1617 1158 a
1636 1131 1746 1159 Christo
1762 1132 1821 1166 ipso

1028 1178 1120 1204 relicta
1135 1182 1218 1204 esset.
1691 1177 1697 1184 ’

1066 1223 1108 1250 \‘l.
1128 1224 1161 1250 At
1175 1230 1288 1252 sanctus
1303 1224 1432 1260 Didymus
1449 1224 1506 1260 (its
1521 1223 1593 1252 enim
1611 1223 1780 1258 vocabatur)
1791 1227 1820 1252 ut

1026 1279 1176 1303 germanus
1204 1271 1298 1303 frater,
1322 1271 1455 1304 incipiens
1471 1279 1530 1299 eatn
1550 1270 1627 1298 all‘ari
1644 1278 1651 1298 :
1667 1270 1725 1298 Non
1749 1277 1820 1302 sum,

1028 1316 1126 1350 inquit,
1157 1316 1195 1348 id,
1224 1317 1295 1351 quod
1329 1317 1412 1345 vides.
1444 1317 1636 1345 Exstrinsecus
1652 1317 1724 1344 enim
1743 1317 1822 1352 lupus

1028 1361 1131 1394 videor,
1144 1362 1216 1389 intus
1231 1370 1297 1389 vero
1313 1370 1372 1390 sum
1389 1363 1448 1391 ovis
1466 1367 1619 1391 tnansneta.
1648 1363 1688 1392 Ne
1714 1370 1822 1397 spectes

1029 1407 1194 1435 exteriorem
1217 1408 1289 1434 hanc
1319 1413 1433 1440 restent,
1448 1409 1496 1435 sed
1512 1409 1670 1436 interiorem
1687 1413 1713 1436 et
1731 1417 1822 1444 prom-

1028 1460 1104 1490 ptum
1121 1454 1203 1481 animi
1229 1453 1356 1481 affectum
1377 1455 1549 1481 consideres.
1565 1453 1662 1481 Frater
1672 1455 1745 1482 enim
1759 1463 1820 1483 sum

1031 1502 1058 1528 in
1075 1501 1162 1528 aliena
1181 1501 1278 1535 figura,
1302 1505 1396 1527 contra
1418 1500 1553 1527 diabolum
1583 1502 1702 1535 sapiens,
1726 1509 1820 1529 eorum

181 1540 323 1575 PI'OPMilo
338 1544 539 1577 persistentem.
553 1546 703 1581 Respondit
713 1548 855 1578 Τιιεοιιοη
867 1559 873 1578 ε
887 1553 974 1580 Amen
990 1556 1012 1585 ο
1029 1547 1137 1581 quidem
1151 1553 1225 1574 veste
1246 1546 1368 1579 indutus,
1385 1547 1432 1581 qui
1448 1551 1513 1574 sunt
1537 1547 1608 1575 illius
1636 1548 1752 1576 ministri
1767 1569 1774 1581 ,
1792 1553 1822 1576 ut

181 1586 238 1614 dixi
254 1587 313 1620 tibi.
329 1593 356 1616 et
369 1598 439 1617 nunc
457 1593 554 1619 eadem
570 1593 663 1622 dicere
681 1603 734 1623 non
759 1604 856 1625 recuso
868 1618 876 1631 ,
893 1599 976 1626 casti-

183 1633 247 1659 tatis
266 1641 333 1661 meae
353 1636 548 1668 professionem
561 1659 568 1671 ,
591 1638 693 1668 Christi
714 1649 795 1670 causa
821 1650 974 1679 susceptam

186 1686 258 1711 esse,
271 1680 318 1714 qui
337 1680 386 1708 fuit
399 1682 563 1718 incorruptae
578 1685 640 1713 vitae
653 1688 823 1721 przedicstor,
835 1698 975 1725 meamque

181 1725 382 1771 confessionem
412 1728 499 1764 ipsius
527 1731 572 1758 Dei
599 1733 684 1765 gratia
710 1733 778 1761 fieri.
804 1735 870 1770 Ejus
894 1737 976 1771 igitur

183 1770 288 1798 Dan-iui
307 1778 332 1799 et
350 1773 396 1800 Dei
414 1775 550 1804 confessio
566 1785 614 1813 per
628 1787 670 1806 tne
685 1781 858 1814 praedicetur,
874 1770 975 1817 et/ipse

182 1816 273 1844 vident
289 1818 360 1852 (scit
374 1821 464 1855 enim)
482 1824 618 1856 quomodo
635 1832 710 1852 suam
734 1826 863 1861 virginem
880 1836 974 1861 puram

183 1869 338 1891 consertel.
357 1865 407 1892 Per
420 1866 486 1894 (leas
503 1868 586 1902 ipsos,
597 1869 790 1905 inquitjudex,
803 1874 974 1901 dominorum

181 1908 258 1944 jussa
278 1911 391 1944 veritus,
411 1921 444 1940 ne
458 1913 527 1941 forte
545 1915 597 1943 illis
609 1924 662 1943 non
679 1918 818 1952 obediens,
829 1921 974 1953 pericliter.

185 1956 316 1984 adtersus
333 1963 358 1984 te
376 1959 470 1986 faciam
495 1961 566 1995 quod
579 1963 749 1997 sumjussus.
762 1965 894 1997 Quoniam
910 1974 975 1994 vero

182 2001 210 2029 In
231 2002 346 2037 lupanar
365 2006 433 2032 tradi
452 2007 569 2034 maluisti
582 2029 590 2041 ,
603 2017 684 2042 quam
710 2011 761 2037 diis
784 2011 848 2046 ipsis
868 2014 975 2042 sacriﬁ-

181 2055 246 2074 care
259 2067 267 2079 ,
283 2050 422 2077 vidcautns
435 2071 443 2082 ,
460 2061 522 2079 num
539 2058 564 2081 te
583 2061 673 2082 servet
687 2055 813 2084 Christus
833 2059 877 2086 ille
893 2065 952 2087 tnus
967 2081 974 2093 ,

182 2097 293 2136 propter
305 2101 386 2126 quem
400 2095 426 2122 in
443 2100 618 2126 contentione
632 2100 679 2127 ista
695 2102 839 2136 persistere
853 2104 972 2134 voluisti.

181 2134 210 2162 Id
223 2144 284 2164 cum
299 2138 383 2173 jndes
403 2142 526 2175 dixisset,
544 2146 577 2171 ad
594 2146 731 2174 cohortem
748 2157 858 2179 versus:
873 2150 976 2178 Trada-

181 2186 237 2231 l_lll',
253 2184 348 2219 inquit,
367 2187 417 2215 ista
434 2189 459 2216 in
473 2189 593 2224 lupanar.
612 2192 688 2220 Tunc
702 2195 905 2225 ait'l‘heodora:
924 2197 974 2231 Tu,

1028 1594 1064 1619 ita
1078 1593 1130 1620 huc
1153 1592 1308 1627 ingrediens
1321 1599 1375 1619 non
1394 1599 1559 1626 agnoscerer
1576 1592 1674 1625 (erant
1686 1594 1758 1620 enim
1775 1595 1822 1628 qui

1028 1639 1081 1666 huc
1101 1638 1254 1665 venientem
1271 1637 1500 1671 speculabantur)
1516 1643 1546 1664 et
1562 1637 1669 1665 Domini
1687 1639 1740 1666 mei
1756 1647 1820 1672 pre-

1027 1686 1123 1713 tiosam
1145 1685 1355 1719 possessionem,
1369 1689 1396 1711 et
1409 1685 1454 1712 Dei
1469 1685 1622 1712 columbam
1634 1693 1694 1712 eant
1709 1693 1821 1713 servare

1027 1741 1145 1768 possem.
1165 1732 1218 1760 Sed
1236 1739 1286 1766 age
1307 1738 1411 1760 veSIem
1433 1737 1590 1766 mutemus;
1609 1733 1656 1760 tibi
1676 1732 1747 1760 Deus
1763 1733 1821 1767 ipso

1027 1779 1171 1806 vit-loriam
1198 1779 1312 1813 largitur
1328 1787 1336 1806 :
1353 1786 1395 1806 me
1418 1786 1483 1806 vero
1510 1784 1624 1806 coronat
1642 1783 1763 1809 sanctus,
1794 1784 1822 1806 et

1027 1826 1072 1860 qtti
1089 1826 1146 1852 sine
1166 1826 1268 1852 macula
1287 1830 1338 1858 est,
1359 1826 1451 1860 Agnus
1480 1825 1533 1858 ille,
1547 1825 1592 1860 qui
1619 1825 1688 1852 tollit
1712 1829 1821 1859 pert-sla

1027 1871 1133 1898 mundi.
1153 1871 1201 1898 Esi
1216 1877 1255 1904 to,
1273 1876 1312 1903 et,
1328 1872 1362 1898 ad
1381 1871 1525 1899 Dominum
1543 1872 1603 1899 ito:
1630 1871 1688 1906 Ego
1712 1877 1822 1906 promer

1028 1915 1172 1943 Dotninttm
1187 1917 1230 1943 hic
1244 1917 1404 1944 remattebo.
1421 1918 1478 1944 ilac
1497 1925 1556 1944 mea
1571 1924 1660 1949 veste,
1687 1926 1769 1950 quam
1784 1919 1820 1946 tl-

1029 1963 1132 1994 n-ehas,
1152 1963 1285 1990 induaris.
1298 1963 1364 1990 Esto
1379 1968 1406 1990 ttt
1421 1971 1468 1997 pro
1480 1971 1531 1994 me,
1548 1968 1576 1990 ttt
1592 1968 1633 1990 est
1647 1964 1680 1990 ah
1690 1964 1820 1998 Apostolo

1028 2008 1149 2035 dictum'
1166 2017 1173 2035 :
1192 2017 1201 2034 ι
1220 2009 1313 2036 Estole
1325 2013 1353 2034 ut
1368 2016 1427 2042 ego,
1440 2009 1570 2043 quoniam
1588 2014 1615 2036 et
1628 2016 1677 2042 ego
1693 2014 1722 2035 ut
1736 2016 1793 2037 vos.
1807 2019 1818 2037 ι

1028 2053 1076 2080 ille
1089 2055 1197 2087 quidem
1215 2053 1273 2081 lucc
1293 2054 1402 2081 dict-hat
1421 2062 1428 2080 :
1446 2053 1588 2080 Tlteodora
1616 2060 1686 2080 vero
1703 2054 1822 2082 libenter

1028 2101 1052 2127 ei
1073 2100 1289 2135 obtemperabat.
1303 2099 1383 2127 Novit
1399 2101 1471 2128 enim
1488 2100 1522 2127 ah
1538 2099 1583 2126 illo
1600 2099 1659 2134 ipso
1683 2099 1748 2132 Deo,
1773 2101 1819 2134 qui

1030 2146 1100 2173 misit
1119 2147 1145 2173 in
1162 2146 1248 2173 larum
1269 2147 1376 2174 leonum
1394 2147 1552 2181 prophetam
1570 2145 1707 2177 llahacttc,
1724 2152 1753 2172 ut
1767 2146 1820 2174 Da-

1031 2192 1092 2219 nieh
1108 2193 1128 2225 ',
1145 2193 1191 2227 qui
1209 2198 1234 2220 et
1250 2193 1307 2228 ipse
1321 2193 1452 2228 propheta
1464 2198 1533 2225 erat,
1549 2193 1638 2220 cilium
1653 2193 1817 2227 impertiret,

182 2227 264 2262 Deus,
280 2233 323 2264 qui
337 2235 459 2262 occultas
475 2244 517 2263 res
532 2238 653 2273 inspicis,
669 2241 713 2274 qui
741 2243 839 2270 novisti
861 2227 973 2279 omnia"
989 2231 1016 2261 D
1031 2239 1130 2273 quique
1145 2244 1171 2265 et
1187 2239 1295 2266 lcouunt
1310 2247 1356 2265 ora
1369 2238 1518 2270 obstruxit,
1532 2239 1643 2266 militent
1658 2239 1732 2266 illum
1755 2243 1818 2266 tunc

180 2276 338 2323 priusquam
357 2279 401 2306 illa
415 2280 490 2312 ﬁant,
506 2283 551 2317 qui
575 2286 606 2311 ad
621 2286 781 2314 hodiernum
804 2297 888 2323 usque
901 2276 970 2317 diem

180 2321 248 2348 mihi
260 2323 369 2356 aiTuisti,
381 2331 407 2353 et
419 2326 548 2355 intactam
565 2329 591 2356 itt
603 2338 634 2358 ea
649 2339 677 2358 rc
693 2341 735 2359 tnc
752 2321 875 2366 srrvasii,
890 2343 971 2369 qualn

181 2366 228 2410 tibi
243 2369 364 2400 promisi,
381 2371 438 2403 ipse
456 2377 481 2398 et
498 2374 609 2407 posthac
624 2383 665 2402 nte
681 2375 830 2407 custodias,
844 2382 871 2403 et
886 2366 974 2410 apro-

183 2408 254 2438 fanis
275 2416 302 2438 et
326 2414 424 2448 iniquis
449 2424 542 2444 eorum
572 2421 697 2446 manibus
711 2440 717 2451 ,
737 2421 781 2454 qtti
799 2422 885 2456 parati
912 2428 975 2450 sunt

179 2457 283 2483 ancilla.-
297 2462 347 2484 tua:
357 2460 483 2494 injurinm
497 2463 607 2496 inferre,
623 2466 783 2494 incolumem
797 2473 823 2494 et
836 2469 968 2504 integram

178 2509 282 2530 serves.
299 2503 360 2531 llaec
375 2513 435 2533 cum
453 2507 497 2535 illa
510 2510 632 2543 dixisset,
649 2513 682 2539 ad
701 2503 969 2552 Iupanarduetacst;

178 2549 290 2584 adquod
304 2552 437 2586 ingressa,
451 2555 511 2582 ocul
525 2563 544 2581 ts
552 2557 585 2582 ad
597 2558 695 2586 rcelutn
707 2561 803 2592 erexit,
817 2567 842 2588 et
853 2563 887 2588 ait
900 2571 907 2589 :
919 2549 969 2594 Tu,

179 2593 260 2622 Pater
281 2598 384 2625 Domini
399 2601 483 2626 nostri
496 2600 559 2628 Jusu
576 2602 691 2637 Christi,
704 2613 746 2632 tne
763 2607 869 2641 adjuva,
892 2613 920 2635 ut
936 2609 970 2636 ab

181 2641 223 2669 his
243 2644 356 2671 canibus
374 2645 484 2680 eripiar.
503 2647 541 2674 Ttt
557 2669 563 2680 ,
577 2651 621 2684 qui
637 2650 745 2678 Petrum
760 2653 784 2679 iu
800 2661 908 2681 carcere
923 2655 971 2682 atl-

179 2686 284 2721 ju'Jisti,
299 2698 416 2724 euntque
435 2692 469 2718 ah
484 2693 583 2727 injuria
600 2696 714 2723 liberum
735 2698 808 2724 illinc
830 2699 947 2727 cduxisti
963 2721 971 2734 ,

177 2737 204 2759 et
221 2741 263 2761 nte
279 2735 341 2763 hinc
352 2736 387 2764 ab
403 2739 500 2772 injuria
517 2739 679 2768 incolumem
694 2743 804 2776 educas,
823 2749 851 2772 ut
876 2753 970 2774 omnes

178 2779 298 2814 videant,
312 2790 408 2817 meque
426 2792 530 2812 serram
551 2791 622 2814 tuam
647 2796 708 2816 esse
719 2796 894 2824 cognoscant.

215 2864 223 2878 ‘
237 2862 326 2892 Galat.
345 2873 381 2900 μ’,
401 2866 444 2895 12.
482 2870 492 2885 ³
507 2870 576 2897 Dan.
594 2879 650 2905 ειν,
664 2872 698 2898 3-2
712 2880 792 2908 seqq.

1024 2286 1056 2310 ad
1071 2293 1102 2311 se
1119 2286 1241 2317 missum,
1269 2290 1298 2312 ut
1313 2286 1398 2320 ipsius
1415 2285 1508 2312 habitu
1525 2285 1671 2317 occultata,
1697 2289 1724 2312 et
1740 2285 1816 2312 illinc

1024 2336 1114 2364 erepta
1129 2331 1232 2357 servari
1253 2336 1354 2365 posset.

1061 2375 1118 2402 VII.
1148 2376 1194 2402 Illa
1212 2376 1294 2409 igitur
1315 2376 1390 2409 virgo
1416 2375 1511 2403 militis
1536 2375 1657 2402 habitum
1689 2376 1816 2409 sumpsit,

1024 2422 1176 2455 uitreisque,
1191 2422 1288 2455 quibus
1298 2427 1376 2448 antea
1390 2422 1467 2448 utiles
1480 2422 1517 2449 uti
1528 2426 1720 2454 consueverat,
1733 2429 1818 2449 crura

1026 2475 1075 2495 sua
1091 2468 1212 2495 contexit
1229 2477 1235 2496 :
1262 2475 1379 2503 cumque
1397 2468 1500 2502 rcliqtta
1518 2473 1594 2495 veste
1619 2475 1648 2495 se
1673 2468 1814 2502 induisset,

1025 2513 1106 2548 capiti
1124 2513 1227 2548 galeam
1244 2514 1384 2549 imposuit,
1400 2514 1512 2549 ejusque
1528 2514 1611 2541 armis
1623 2515 1753 2547 arccptis,
1769 2514 1815 2542 illo

1024 2560 1095 2596 ipso,
1111 2568 1202 2598 qpem.
1219 2561 1265 2595 qui
1277 2561 1301 2588 ei
1317 2562 1439 2588 astiterat
1454 2561 1592 2595 prrecepit,
1608 2565 1704 2588 ornatu
1722 2561 1813 2587 induta

1024 2614 1132 2640 egressa
1151 2615 1165 2634 e
1183 2612 1202 2634 t.
1220 2607 1365 2634 Admonita
1381 2608 1464 2634 etiam
1487 2606 1548 2639 fuit,
1565 2614 1599 2634 tte
1612 2613 1695 2641 quem
1710 2605 1813 2640 aspice-

1023 2659 1199 2688 ret,proptcr
1227 2661 1320 2681 eorum
1354 2654 1478 2688 luporum
1509 2653 1704 2688 impudentiam
1732 2656 1813 2686 atque

1022 2700 1175 2731 audaciam,
1201 2707 1269 2727 nere
1295 2700 1412 2734 aliquem
1437 2699 1645 2734 alloqneretur:
1667 2697 1714 2725 scd
1739 2702 1814 2734 recta

1019 2747 1053 2773 ad
1083 2751 1189 2780 portam
1216 2746 1339 2772 tenderet
1357 2766 1363 2778 ,
1396 2751 1422 2773 et
1451 2745 1542 2773 Jesum
1572 2745 1661 2780 ipsum
1686 2744 1736 2769 viae
1762 2741 1814 2769 du-

1019 2799 1077 2820 cent
1094 2792 1144 2819 sibi
1164 2796 1337 2828 proponeret.
1355 2791 1385 2818 Et
1404 2791 1450 2818 illa
1464 2790 1575 2826 quidem
1598 2789 1675 2817 illinc
1689 2792 1814 2830 egresfa,
