2023 3142
250 153 286 185 8⁸1
895 160 1028 192 MHNSIE

1082 161 1222 194 PBILIS.
1841 167 1882 199 88

250 215 280 238 ut
297 210 418 259 columba
433 210 551 259 quadam
561 212 629 259 alas
644 213 783 248 quatiens,
798 218 879 251 atque
896 215 923 244 in
938 217 1034 244 uelum
1051 218 1075 247 Δ
1089 217 1172 246 Deum
1184 219 1274 255 ipsum
1290 220 1357 249 satis
1371 221 1496 250 confessa
1510 221 1603 254 fuerit,
1617 221 1719 251 intacta
1745 230 1877 259 perman-

252 257 373 288 tendens,
395 263 426 283 ex
443 257 582 292 accipitris
599 267 659 291 ore.
682 260 723 289 vel
741 269 809 297 agna
823 269 838 290 e
853 262 960 290 leonum
976 263 1034 290 fau-

246 301 332 333 cibus,
345 301 444 329 evasit.
461 302 558 331 Frater
574 312 640 333 vero
654 306 700 333 ille
725 307 846 341 sedebat,
876 309 910 337 de
939 316 1034 337 sorore

245 352 297 372 non
311 347 430 381 amplius
445 348 589 383 sollicitus,
610 356 638 379 et
652 352 795 388 spirituale
819 354 964 389 prandium
986 362 1033 383 es-

245 397 386 426 spectans.
401 392 526 428 Cumque
552 403 583 422 se
602 397 699 431 capitis
718 403 872 433 legumento
889 399 1031 433 induisset.

245 443 278 462 eo
296 437 322 463 in
337 437 398 464 loco
413 439 535 467 sedebat.
555 440 621 468 Erat
637 447 726 469 autem
743 444 779 470 ita
799 449 956 477 coronatus,
968 446 1032 473 utsi

247 482 434 510 adversarium
451 485 538 520 ipsum
555 486 674 514 vicisset.
700 487 843 517 Intervallo
857 493 947 517 autem
964 495 1033 518 tem-

248 529 334 562 poris,
348 530 456 563 quidam
473 538 506 558 ex
518 532 711 561 insanientium
725 542 838 579 numerp
850 537 1034 570 intemperan-

249 574 293 601 tite
310 582 415 608 servus,
430 576 467 604 ita
481 583 508 604 ut
524 583 583 605 erat
606 580 758 615 impudens,
777 574 840 609 illuc
857 587 984 617 tanquam
998 584 1031 611 ad

248 619 379 654 virginem
397 621 502 657 ingredi
519 631 612 658 ausus,
642 633 702 652 cum
735 627 822 654 virum
849 635 898 663 pro
929 629 1033 664 virgine

246 665 416 700 oleiidisset,
440 675 530 697 mente
553 671 692 704 perculsus
707 679 797 699 secum
821 673 878 707 ipse
901 674 1031 703 dicebat:

246 710 371 746 Nunquid
390 714 506 748 virgines
520 715 545 742 in
559 716 632 744 viros
658 717 786 744 transfert
801 718 879 746 Jesns
895 720 969 747 iste?
985 720 1034 748 Mi-

247 757 285 785 les
301 758 356 792 ille,
368 761 413 795 qui
426 765 489 788 ante
506 769 548 790 me
559 762 613 791 huc
628 763 766 798 ingressus
779 771 832 798 εει,
858 766 936 794 exiit.
951 766 1032 800 Quis-

245 811 307 831 nam
325 805 406 840 igitur
418 806 461 833 hic
479 812 531 839 est,
557 809 602 843 qui
619 810 716 837 sedet?
733 810 848 838 Ubinam
874 812 950 848 virgo
975 813 1032 846 illa,

245 857 307 883 qua
335 851 378 878 hic
396 852 500 880 inclusa
518 854 602 882 erat?
620 855 720 883 Audivi
751 856 900 891 aliquando
924 866 939 885 a
967 857 1032 887 Iesu

1084 264 1130 298 sit,
1145 272 1226 300 qnam
1253 265 1326 295 Deus
1355 267 1413 302 ipse
1442 267 1605 296 incolumem
1625 273 1652 297 et
1668 276 1683 296 a
1701 269 1761 297 labe
1779 278 1877 305 puram

1084 312 1214 340 servavit.
1231 311 1324 348 Itaque
1337 314 1410 349 quod
1438 314 1537 342 factum
1564 320 1617 348 est,
1645 323 1698 343 non
1722 317 1800 350 mihi,
1827 318 1876 345 sed

1085 357 1139 384 Deo
1151 357 1200 392 ipsi
1222 359 1329 392 tribuo;
1356 361 1484 394 quoniam
1500 362 1647 389 secundum
1676 363 1754 389 ﬁdem
1788 363 1876 397 ipsius

1083 401 1148 429 fecit
1162 403 1199 430 illi
1217 403 1296 437 Deus,
1310 407 1537 438 quemadmodum
1554 411 1580 434 et
1595 408 1651 443 ipse
1663 409 1746 442 nosti,
1759 409 1780 436 si
1797 409 1876 437 fateri
1895 401 1899 413 ἱ

1084 448 1161 476 velis.
1181 448 1258 476 Tunc
1273 450 1310 477 ait
1322 450 1404 485 judex
1422 459 1429 478 :
1453 451 1604 486 Cuiusnam
1639 454 1720 481 sortis
1745 453 1827 480 homo
1846 460 1875 482 tu

1083 492 1135 520 es?
1149 493 1333 528 Christianus,
1347 496 1435 531 inquit
1450 497 1592 533 Didymus,
1603 505 1653 534 ego
1663 506 1722 526 sum
1736 507 1749 526 a
1763 499 1875 528 Christo

1087 538 1155 566 liber
1171 539 1268 568 factus.
1283 541 1316 568 At
1328 541 1431 576 judex:
1448 543 1573 571 Cruciate
1597 545 1678 572 istum
1696 545 1873 574 vehementer

1084 584 1188 612 duobus
1202 586 1300 619 modis,
1322 592 1433 622 propter
1447 588 1504 622 ejus
1524 589 1712 624 petulantiam.
1730 591 1813 625 Peto,
1829 593 1874 620 in-

1083 630 1143 665 quit
1160 631 1302 666 Didymus,
1319 637 1348 660 ut
1362 635 1434 669 quod
1447 634 1481 662 ab
1495 635 1702 669 imperatoribus
1715 637 1768 664 tuis
1780 638 1876 671 jussus

1083 684 1123 708 es,
1137 677 1264 706 celeriter
1278 679 1416 713 expedias.
1435 680 1486 708 Cui
1510 680 1594 716 judex
1611 690 1618 708 :
1635 681 1687 709 Per
1708 683 1773 709 deos
1787 684 1876 718 dupli-

1084 723 1126 748 cia
1143 727 1277 751 tormenta
1295 725 1343 752 tibi
1359 726 1476 760 reposita
1491 731 1556 754 sunt
1569 728 1620 755 nisi
1639 728 1691 755 diis
1706 728 1770 763 ipsis
1785 730 1874 757 sacri.

1085 767 1162 796 li‘ces.
1180 769 1257 802 Quod
1273 771 1296 797 ei
1313 769 1422 805 feceris,
1438 772 1513 806 prius
1531 772 1596 799 illud
1614 773 1722 801 facinus
1736 779 1810 801 tuum
1823 782 1874 802 au-

1084 815 1135 842 dax
1147 816 1357 846 condonabitur.
1373 817 1438 852 Ego,
1456 818 1542 853 inquit
1558 818 1701 854 Didymus,
1718 821 1806 855 reipsa
1825 821 1878 847 tibi

1084 863 1202 895 ostendi,
1222 870 1265 890 me
1278 863 1324 890 Dei
1337 864 1466 891 athletam
1478 872 1540 892 esse
1555 873 1563 892 :
1580 869 1690 900 propter
1704 865 1784 892 finem
1799 866 1873 894 enim

245 895 303 947 ipso
316 904 414 947 aquam
424 898 449 925 in
461 899 554 947 vinum
567 907 725 928 conversam
743 909 751 929 :
766 890 837 930 nunc
850 903 938 937 majus
955 905 1034 938 quid.
1047 890 1070 919 Β
1086 908 1150 935 mihi
1161 909 1307 943 repositum
1320 911 1371 937 hoc
1385 910 1475 938 facere
1487 890 1694 945 aggresrsuSrfui,
1713 916 1742 938 ut
1755 916 1782 939 et
1796 912 1874 947 virgo

244 941 306 968 dam
324 942 422 970 video:
444 943 575 980 virginem
592 947 663 973 enim
679 946 707 974 in
725 947 814 975 virum
839 950 966 977 mutavit.
985 951 1032 978 τί·

244 994 305 1014 meo
321 995 354 1015 ne
370 993 396 1016 et
413 997 455 1017 me
466 990 492 1017 in
507 991 648 1019 mulierem
660 999 812 1021 convertat.
827 994 874 1022 Ille
890 1003 955 1023 vero
969 1003 1031 1023 cum

242 1037 393 1067 opportune
406 1041 528 1062 sororem
556 1037 719 1072 eripuisset,
746 1038 847 1066 factum
874 1047 952 1067 suum
979 1049 1030 1068 non

239 1078 390 1106 occultavit
405 1088 414 1107 :
430 1082 478 1109 sed
494 1082 566 1110 clara
591 1091 679 1112 voce:
697 1083 759 1112 Non
784 1087 908 1120 mulavit,
931 1088 1030 1122 inquit,

240 1131 285 1152 me
309 1125 452 1159 Dominus,
482 1128 530 1155 sed
556 1133 584 1156 et
600 1130 666 1157 mihi
682 1135 709 1158 et
739 1124 785 1158 illi'
797 1139 924 1159 coronam
947 1134 1029 1162 dedit.

239 1171 323 1202 Quam
338 1171 419 1206 igitur
446 1173 590 1202 habebatis
602 1195 611 1209 ,
626 1183 686 1203 eam
703 1184 755 1204 non
775 1178 900 1211 habetis;
930 1180 1031 1215 quique

239 1216 319 1244 vobis
345 1225 400 1245 non
426 1224 496 1252 erat,
529 1228 591 1248 eum
617 1229 689 1250 nunc
719 1223 835 1250 habetis.
864 1223 946 1260 Virgo
973 1226 1028 1258 illa,

240 1263 316 1297 virgo
332 1268 384 1296 est,
396 1268 514 1293 utantea
533 1285 541 1298 ,
558 1267 636 1296 miles
650 1275 714 1297 vero
728 1269 832 1297 Christi
846 1269 910 1300 Iesu
928 1271 1028 1300 athleta

243 1316 317 1336 nunc
332 1315 385 1338 εει.

275 1355 345 1383 VIII.
362 1356 495 1390 Egressus
509 1359 600 1394 igitur,
617 1360 663 1395 qni
676 1359 765 1389 fuerat
791 1362 871 1396 paulo
900 1368 962 1391 ante
981 1364 1025 1392 iu-

238 1409 360 1437 gressus,
380 1405 451 1438 quod
472 1404 572 1433 laetum
588 1411 658 1439 erat,
673 1408 816 1435 nuntiavit.
834 1408 861 1434 ld
876 1414 965 1436 autem
976 1410 1021 1444 ju-

239 1451 288 1475 stas
302 1449 429 1483 audiens,
440 1451 522 1483 jussit
540 1460 602 1480 eum
627 1457 694 1480 ante
705 1453 823 1482 tribunal
852 1455 923 1482 sisti.
940 1456 1024 1489 Quem

238 1500 399 1527 prasentetn
427 1504 495 1524 cum
526 1498 650 1531 vidisset,
682 1506 742 1526 eum
770 1501 941 1535 interrogans
963 1503 1024 1530 ait:

240 1541 382 1574 Quodnam
409 1543 472 1593 tibi—
484 1552 580 1571 nomen
604 1545 668 1572 est?
685 1545 825 1582 Didymus,
857 1548 946 1583 inquit
970 1549 1026 1582 ille,
1042 1563 1063 1593 ο

238 1594 288 1620 rgo
302 1589 432 1622 appellor.
451 1588 518 1616 Tum
534 1590 620 1625 judex
635 1601 641 1618 :
655 1591 687 1618 Et
702 1593 831 1627 quisnam
848 1594 894 1620 tibi
912 1602 1025 1628 sugges-

239 1633 285 1665 sit,
301 1637 330 1660 ut
345 1634 415 1661 istud
432 1634 546 1669 faceres,
563 1644 595 1664 ae
617 1644 660 1665 me
676 1639 890 1666 contemneres?
906 1640 953 1666 Cui
976 1640 1022 1666 Di—

238 1679 334 1713 dyinus
352 1689 359 1706 :
378 1679 448 1708 Deus
466 1688 508 1708 Ine
522 1681 605 1716 misit,
620 1688 650 1710 ut
664 1684 714 1711 hoc
734 1683 863 1711 facerem.
878 1683 1026 1717 Confitere,

239 1723 325 1757 inquit
339 1726 432 1759 judcs,
453 1731 599 1760 antequam
622 1730 764 1756 tormentis
776 1729 942 1762 subjiciaris.
959 1730 1026 1758 Ubi-

239 1778 301 1798 nam
312 1777 354 1799 est
370 1770 513 1800 Tltrodora
541 1773 586 1800 illa
612 1773 708 1808 virgo!
726 1773 875 1808 Respondit
896 1775 934 1802 illi
952 1784 958 1802 :
978 1775 1029 1802 l‘er

237 1817 372 1845 Christum
394 1819 440 1846 Dei
455 1819 565 1852 Filium,
584 1820 627 1846 ubi
647 1827 677 1846 ea
695 1820 742 1850 sit.
759 1820 860 1847 nescio.
879 1820 945 1848 Illud
960 1822 1027 1854 scio,

236 1870 269 1891 ac
287 1871 446 1899 persuasum
475 1865 572 1899 habeo,
588 1865 660 1901 quod
676 1873 738 1892 cum
755 1865 803 1893 Dei
824 1867 862 1894 sit
886 1875 976 1900 serva,
1001 1873 1029 1895 et

245 1927 691 1940 O—n—u—u—

1084 953 1152 988 ipsa,
1166 954 1241 989 virgo
1255 959 1418 986 remaneret,
1436 960 1463 982 et
1479 963 1530 989 ego
1545 956 1590 983 Dei
1603 956 1799 984 confessionem
1814 965 1875 984 ma-

1083 1000 1181 1027 nifeste
1196 1000 1356 1034 profiterer;
1374 1009 1438 1028 nam
1452 1001 1480 1028 in
1500 1001 1545 1029 Dei
1566 1002 1617 1029 llde
1626 1010 1800 1036 permanens.
1818 1007 1873 1031 tor-

1083 1052 1173 1073 menta
1198 1054 1250 1074 non
1265 1048 1391 1075 sentiam.
1409 1047 1502 1082 Itaque
1522 1048 1649 1076 celeriter
1664 1048 1716 1080 fac.
1734 1050 1807 1084 quod
1827 1050 1871 1077 vi-

1083 1091 1162 1119 detur
1173 1113 1180 1125 ,
1198 1100 1252 1120 non
1267 1093 1338 1121 enim
1357 1095 1523 1122 (immunibus
1544 1095 1665 1122 immolo.
1682 1094 1748 1122 Nam
1763 1100 1790 1122 et
1801 1096 1822 1123 si
1840 1096 1870 1123 in

1083 1138 1171 1172 ignem
1190 1147 1231 1166 me
1249 1139 1356 1167 tradere
1369 1140 1497 1174 volueris,
1513 1141 1587 1168 illinc
1611 1141 1694 1168 etiam
1724 1142 1795 1169 Deus
1826 1149 1871 1170 me

1081 1189 1168 1218 potest
1183 1185 1300 1218 eripi-re.

1116 1229 1162 1258 lx.
1178 1229 1254 1258 Tunc
1272 1230 1310 1258 illi
1326 1231 1411 1266 judes
1432 1239 1440 1259 :
1454 1230 1548 1259 Tantas
1559 1231 1679 1259 audacize
1695 1239 1775 1260 causa
1787 1239 1870 1267 caput

1082 1275 1128 1303 tibi
1159 1277 1337 1304 abscindctur
1358 1283 1406 1305 :et
1426 1278 1553 1313 quoniam
1586 1279 1757 1306 dominorum
1789 1285 1871 1314 atque

1080 1320 1277 1355 imperatorum
1307 1327 1464 1350 nostrorum
1481 1328 1646 1358 praeceptum
1665 1324 1868 1358 contempsisti,

1079 1367 1200 1400 reliquiae
1213 1374 1264 1395 tua
1277 1369 1303 1395 in
1314 1369 1402 1403 ignem
1416 1369 1567 1396 tradentur.
1585 1369 1624 1396 Ad
1640 1369 1696 1396 haec
1717 1368 1843 1403 Didymus
1857 1377 1867 1393 :

1078 1411 1249 1446 Benedictus,
1274 1414 1372 1449 inquit,
1398 1415 1469 1442 Deus
1496 1418 1523 1441 et
1541 1413 1621 1441 Pater
1647 1413 1754 1441 Domini
1782 1411 1868 1439 nostri

1077 1457 1139 1485 Jcsu
1155 1459 1268 1492 Christi,
1292 1460 1336 1494 qui
1357 1460 1501 1487 consilium
1532 1467 1621 1486 meum
1649 1467 1702 1485 non
1732 1458 1869 1492 despexit,

1077 1505 1162 1531 sedet
1174 1505 1343 1532 Theodoram
1356 1506 1482 1532 ancillam
1499 1511 1575 1530 suam
1589 1504 1722 1538 integram
1738 1504 1871 1534 servavit,

1079 1553 1106 1576 et
1121 1556 1163 1575 me
1177 1556 1225 1583 per
1238 1549 1291 1575 duo
1307 1554 1442 1575 tormenta
1474 1547 1626 1575 coronabit.
1654 1545 1775 1580 Cumque
1804 1553 1871 1572 seu-

1084 1594 1196 1621 tentiam
1209 1602 1221 1620 a
1235 1593 1326 1628 judice
1345 1593 1426 1619 latam
1439 1591 1599 1626 accepisset,
1617 1591 1706 1618 securi
1723 1597 1869 1624 percussus

1080 1644 1133 1667 est.
1146 1639 1204 1671 Quo
1214 1638 1297 1670 facto,
1309 1638 1367 1671 eius
1376 1645 1475 1672 corpus
1486 1637 1513 1664 in
1530 1637 1619 1672 ignem
1634 1636 1684 1663 fuit
1698 1637 1867 1670 conjectum.

1079 1684 1209 1718 llartyrio
1222 1688 1311 1710 autent
1328 1684 1438 1711 functus
1457 1688 1498 1710 est
1512 1686 1623 1710 sanctus
1640 1682 1770 1717 Didymus
1782 1681 1869 1709 Nonis

1079 1730 1191 1764 Aprilis,
1220 1735 1352 1764 regnante
1380 1729 1406 1756 in
1437 1730 1513 1757 uelis
1543 1729 1658 1757 Domino
1683 1732 1775 1755 nostro
1801 1727 1866 1754 Jesu

1079 1775 1189 1803 Christo
1207 1783 1214 1802 :
1229 1775 1356 1809 quoniam
1374 1775 1423 1810 ipsi
1437 1781 1464 1802 et
1478 1775 1562 1810 gloria
1578 1783 1639 1803 cum
1664 1773 1743 1801 Patre
1764 1777 1791 1800 et
1803 1780 1868 1800 san-

1078 1826 1123 1849 cto
1139 1821 1242 1856 Spiritu
1257 1829 1338 1855 nunc,
1353 1827 1379 1849 et
1389 1829 1505 1856 semper,
1522 1826 1550 1850 et
1576 1821 1603 1849 in
1625 1820 1724 1848 secula
1750 1819 1867 1848 saculo-

1080 1876 1151 1895 rum.
1168 1868 1264 1896 Amen.

590 2016 1028 2076 MARTYRIUM
1073 2019 1133 2076 S.
1180 2021 1517 2078 THEBMES

514 2120 565 2151 ET
605 2121 827 2152 ΡΗΕΒΒΕΤᾸΞ
862 2122 955 2154 EJUS
986 2123 1156 2156 SORORIS
1186 2125 1359 2162 EJUSQUE
1391 2126 1583 2158 ANClLLIE.

468 2195 550 2230 (Anno
566 2196 622 2222 510.
635 2210 666 2216 ——
676 2196 748 2228 Apud
759 2198 860 2223 Surium
876 2198 906 2223 ad
918 2198 985 2224 diem
998 2199 1013 2224 5
1029 2199 1132 2231 Aprilis.
1148 2200 1234 2226 Graece
1245 2207 1294 2225 non
1308 2203 1393 2226 exstat
1407 2201 1433 2226 in
1451 2201 1522 2226 codd.
1540 2201 1632 2232 Paris.)

272 2324 291 2348 ῐ.
309 2321 440 2354 Tempore
455 2324 555 2348 nostra)
571 2321 780 2356 persecutionis,
796 2329 889 2357 regina
911 2327 1021 2357 repente
1038 2327 1061 2356 υ
1076 2325 1248 2352 constitutus.
1266 2324 1333 2353 Cum
1346 2327 1435 2352 autem
1448 2327 1540 2351 sancta
1555 2322 1671 2350 Therme
1682 2329 1743 2350 cum
1758 2321 1866 2351 duabus

235 2369 260 2396 in
281 2368 403 2395 morbum
431 2367 542 2400 incidit;
572 2375 631 2402 quat
655 2375 716 2395 cum
745 2367 898 2395 Judzeorum
931 2370 1021 2397 crucis

235 2414 402 2442 inimicorum
416 2417 488 2441 esset
499 2413 631 2446 studiosa,
659 2421 758 2448 eosque
773 2414 888 2441 libenter
903 2415 1019 2447 audiret,

234 2462 408 2486 accesserunt
422 2458 454 2484 ad
470 2465 530 2485 eam
544 2463 624 2493 atque
645 2458 780 2491 dixerunt,
807 2458 945 2486 Siuteonis
961 2460 1021 2493 epi-

234 2505 320 2539 scopi.
339 2509 516 2539 cognomento
543 2504 700 2540 Jomhaphzn
729 2513 848 2539 sorores,
875 2511 904 2532 ut
928 2506 1021 2534 fratris

234 2559 328 2579 necem
342 2550 546 2583 ulciscerentur,
563 2559 694 2578 venenum
720 2552 782 2586 ipsi,
809 2560 864 2586 quo
887 2552 1020 2584 interiret,

234 2599 388 2627 miscuisse.
406 2597 482 2630 Quod
497 2606 557 2625 cum
572 2599 606 2626 ad
632 2598 705 2633 regis
733 2605 815 2625 aures
844 2597 1024 2632 pervenisset,

231 2650 327 2672 sancta
340 2644 458 2671 Therme
474 2644 565 2672 statim
581 2652 643 2671 cum
662 2651 755 2670 sorore
779 2648 807 2670 et
837 2643 934 2670 ancilla
949 2650 1024 2670 com.

232 2691 365 2726 prehensa
388 2696 439 2722 est.
454 2690 518 2718 Erat
533 2695 624 2718 autem
638 2691 695 2716 huic
710 2689 786 2724 virgo
801 2690 888 2717 sacris
903 2689 929 2716 in
945 2690 1024 2717 rebus

232 2739 378 2766 exercitata
394 2747 402 2766 :
419 2738 473 2765 itno
488 2746 552 2765 vero
567 2745 664 2764 mnnes
691 2742 768 2762 erant
787 2737 812 2763 in
837 2735 902 2763 Jesu
920 2735 1021 2763 Christi

233 2785 285 2812 nde
301 2785 403 2820 optime
419 2784 562 2811 institutze.
578 2783 675 2810 llabita
687 2782 721 2810 de
734 2783 786 2810 illis
799 2783 911 2817 qnmstio
927 2781 977 2809 fuit
994 2782 1019 2809 in

234 2831 345 2867 palatio.
363 2831 472 2865 Maupta
489 2831 562 2858 enim
576 2830 716 2867 Magorum
735 2830 861 2865 princeps
877 2836 939 2856 cum
952 2829 1022 2856 duo-

234 2880 285 2907 bus
313 2877 374 2906 aliis
399 2876 568 2913 principibus
600 2877 671 2913 regis
686 2876 814 2905 mandato
834 2876 915 2911 judex
934 2875 1021 2903 fuerat

1078 2370 1191 2405 reliquis
1207 2371 1233 2397 in
1256 2369 1388 2404 judicium
1402 2374 1477 2398 esset
1492 2369 1619 2400 adducta,
1635 2372 1776 2403 perspecta
1790 2366 1865 2402 judi-

1075 2425 1121 2444 ces
1139 2417 1336 2452 pulchritudine
1354 2416 1439 2450 ipsius
1451 2417 1520 2449 (erat
1534 2415 1604 2443 enim
1621 2415 1707 2442 forma
1719 2414 1865 2441 admodum

1075 2461 1201 2498 vonusta)
1221 2463 1341 2498 improbo
1357 2462 1452 2497 singuli
1477 2469 1570 2490 amore
1587 2461 1761 2488 vehementer
1781 2468 1864 2487 exar-

1077 2513 1172 2536 serunt
1192 2517 1199 2535 :
1215 2515 1293 2535 nemo
1306 2513 1396 2536 tamen
1414 2508 1474 2535 aliis
1488 2515 1543 2535 rem
1555 2507 1696 2534 indicavit.
1711 2506 1757 2534 Sic
1779 2506 1862 2541 igitur

1078 2555 1137 2582 illas
1154 2560 1216 2582 sunt
1231 2555 1351 2582 allocuti.

1116 2601 1146 2628 11.
1163 2600 1218 2628 Cur
1230 2601 1305 2628 orbis
1324 2607 1457 2628 terrarum
1473 2602 1571 2635 regine
1587 2609 1619 2628 ac
1632 2601 1750 2628 demime
1764 2600 1864 2628 veneﬁ—

1074 2648 1144 2675 cium
1162 2646 1303 2682 parastis?
1328 2646 1386 2680 Quo
1414 2647 1520 2681 quidem
1542 2647 1656 2674 crimine
1685 2647 1772 2680 dignas
1797 2645 1865 2673 estis

1076 2694 1170 2721 mortis
1183 2693 1326 2728 supplicio.
1346 2692 1395 2720 llic
1411 2698 1504 2720 sancta
1533 2692 1651 2720 Therme
1669 2693 1837 2727 respondens
1853 2700 1862 2718 :

1074 2739 1129 2768 Cur
1141 2747 1200 2770 nos.
1218 2739 1314 2772 inquit,
1331 2738 1357 2765 in
1375 2738 1479 2764 crimen
1497 2739 1610 2768 vocatis.
1627 2739 1696 2772 quod
1719 2746 1733 2764 a
1748 2738 1865 2765 veritate

1075 2783 1154 2810 abest
1170 2790 1251 2816 quam
1270 2781 1446 2816 longissime?
1461 2781 1516 2809 Cur
1528 2782 1604 2809 nobis
1620 2783 1769 2810 calumnias
1780 2782 1864 2809 strui»

1076 2830 1132 2857 tis?
1146 2828 1174 2856 Si
1191 2829 1351 2864 sanguinem
1379 2832 1500 2855 nostrum
1524 2829 1615 2862 sititis,
1639 2829 1702 2863 quid
1718 2829 1794 2856 vobis
1810 2829 1862 2855 im-

1077 2875 1231 2910 pedimento
1247 2878 1297 2907 est,
1315 2873 1460 2908 quominus
1476 2872 1548 2902 illum
1561 2874 1683 2902 bibulis?
1699 2873 1726 2902 Si
1745 2878 1863 2901 mortem
