2023 3142
175 183 214 220 τε)
668 183 760 214 YlTA
780 184 809 213 S.
829 182 1003 212 THERMxE
1020 182 1068 212 ET
1089 183 1302 214 SOCIARUM.
1767 184 1802 214 90

175 247 297 272 nostram
312 238 422 275 οΡιΜίῧι
438 245 501 266 θεοῦ
516 244 612 265 manus
628 242 724 265 vestrae
742 237 863 272 quotidie
884 237 964 264 ρειαί·
977 237 1002 266 Α
1015 246 1031 266 e
1047 244 1117 266 terra
1136 239 1269 266 tollendas
1286 240 1504 274 pronuntiarunt,
1521 241 1592 274 quod
1605 241 1704 274 reginae
1721 241 1802 275 phar-

175 292 226 319 bus
241 287 450 321 coinquinentur
464 293 471 312 ε
488 289 514 311 et
532 291 583 311 nos
593 288 704 319 propter
727 283 810 310 Deum
840 288 962 310 nostrum

178 335 312 362 malumus
333 331 413 363 mori,
438 337 518 365 quam
536 329 624 364 ipsum
653 329 805 361 abnegare:
823 333 867 355 est
890 328 962 354 enim

175 383 230 410 vita
247 386 350 407 nostra.
379 378 411 405 Et
441 375 669 412 quemadmodum
699 374 829 408 scriptum
853 378 904 403 est.
934 377 963 400 nt

174 435 259 455 unum
274 425 358 452 Deum
375 423 530 454 adoremus,
545 426 571 448 et
587 420 624 447 illi
639 420 689 448 soli
714 418 866 446 serviamus
886 418 905 451 ',
924 418 964 445 sic

175 472 256 499 etiam
272 471 397 497 facimus.
416 468 516 494 Etcum
532 466 594 492 alibi
607 465 736 498 scriptum
753 464 787 492 sit
804 472 812 491 :
832 473 841 489 t
864 463 965 490 Maleﬁ-

176 526 223 545 (οε
239 524 290 544 ιιοιι
315 516 388 543 sines
413 514 502 541 vivere
515 513 524 528 ¹
538 533 546 544 ,
566 521 576 538 ι
590 510 725 546 quomodo
755 517 804 537 nos
825 508 964 541 maleﬁcae,

176 572 237 600 quae
251 563 342 601 scelus
357 562 382 588 id
412 560 521 596 gravius
535 565 617 594 prope
633 557 680 584 Dei
698 555 879 591 abnegatione
893 555 965 588 judi-

178 609 292 638 camus?
310 607 424 642 Utrique
443 605 565 641 profecto
592 603 700 632 crimini
729 610 802 629 mors
827 600 964 636 proposita

177 661 231 686 est.
247 655 400 682 Audiebant
419 652 525 688 judices
540 651 673 687 virginem
702 657 763 676 cum
777 649 915 683 voluptate
939 652 967 674 et

180 711 236 740 prae
254 700 464 739 pulchritudinis
474 705 556 734 atque
570 698 710 733 sapientia;
733 697 818 732 ipsius
845 695 965 722 admira-

179 750 253 777 tione
270 748 341 781 loqui
366 754 418 774 non
434 750 573 781 poterant.
588 745 642 772 Sed
658 743 774 778 quisque
791 749 883 769 seettm
909 741 966 775 ipse

177 794 219 821 sic
231 792 368 827 cogitabat
391 801 399 819 :
413 790 514 826 Regem
530 789 674 820 hortabor,
692 793 723 814 ut
738 787 797 814 illas
812 787 919 818 liberet,
939 790 966 812 et

179 839 251 867 hanc
277 838 343 865 mihi
362 844 475 863 uxorem
505 835 614 862 ducam.
637 833 760 868 Mauplas
788 838 875 859 autem
893 841 900 858 :
916 831 966 858 Vix

179 885 288 912 tandem
307 888 392 914 recte.
411 882 509 916 inquit,
527 880 627 912 diaisti,
643 879 723 907 vobis
736 887 790 906 non
806 878 889 905 licere
907 884 967 905 esse

181 930 312 958 maleﬁcia
327 937 334 961 ;
349 935 442 955 verum
459 926 587 953 fraterna:
601 926 695 952 mortis
709 924 871 952 ulciscendae
883 930 965 950 causa

180 976 206 1004 id
230 974 417 1009 perpetrastis.
442 973 483 999 Ad
500 973 557 999 lucc
577 972 652 1006 virgo
670 974 764 998 sancta
800 969 941 1004 respondit
958 977 965 996 :

180 1022 250 1055 Quid
269 1021 331 1048 mali
361 1019 438 1046 fratri
470 1023 566 1045 nostra
594 1017 703 1050 accidit,
730 1021 760 1044 ut
787 1024 837 1044 nos
859 1022 969 1051 propter

180 1069 267 1103 ipsum
282 1074 296 1093 ιι
314 1066 368 1093 Deo
383 1065 490 1092 vivente
513 1064 595 1090 vitam
625 1068 745 1089 nostram
762 1063 904 1096 sejungt-re
921 1063 969 1088 de-

181 1113 315 1142 beamus!
331 1111 461 1145 Quamvis
474 1110 547 1137 enim
562 1117 609 1136 vos
632 1109 706 1136 illum
728 1108 902 1142 improbitate
922 1113 968 1134 ve—

181 1165 238 1188 stra
256 1164 283 1186 et
307 1158 480 1186 aemulatione
506 1156 711 1187 interfeceritis,
739 1159 829 1182 tamen
851 1155 926 1186 vivit,
943 1157 970 1180 et

180 1207 279 1242 gaudet
291 1206 317 1232 in
329 1211 410 1240 regno
423 1202 526 1231 emicsti
543 1211 550 1229 :
568 1202 638 1236 quod
649 1201 758 1236 quidem
778 1207 901 1234 regnum,
921 1207 970 1233 po-

181 1254 293 1280 tentiam
307 1256 334 1278 et
345 1250 491 1284 imperium
509 1253 630 1276 vestrum
644 1252 758 1274 evertet.
773 1246 837 1279 Qua'
855 1245 897 1272 illa
908 1253 968 1272 cum

181 1299 295 1331 diceret,
310 1297 452 1332 jusserunt
471 1302 518 1322 eas
534 1295 561 1321 in
581 1300 719 1321 carcerem
738 1293 810 1324 duci,
833 1296 860 1319 et
882 1297 972 1319 custo-

181 1345 243 1373 diri.

219 1389 263 1416 lll.
278 1388 402 1416 Dilttculo
417 1392 506 1414 autem
532 1386 607 1413 misit
622 1385 656 1412 ad
675 1392 736 1412 eam
754 1384 876 1418 Mauptas
903 1390 973 1410 nun-

185 1435 263 1467 tium,
284 1434 330 1469 qui
347 1434 471 1460 diceret:
488 1432 516 1460 Si
536 1432 588 1462 vis,
607 1431 692 1458 orabo
706 1438 808 1464 regem,
828 1435 857 1456 ut
877 1429 973 1456 liberet

184 1489 233 1509 vos
245 1489 260 1508 a
278 1486 375 1512 morte,
393 1485 419 1506 et
431 1479 485 1506 eris
501 1479 566 1506 mihi
585 1485 663 1504 uxor.
676 1477 780 1510 Quibus
792 1476 882 1503 verbis
894 1475 972 1502 audi-

185 1530 230 1560 tis,
247 1534 356 1556 strenua
378 1527 464 1560 virgo,
489 1516 539 1552 eisi
552 1533 606 1552 non
619 1525 706 1559 potuit
724 1531 778 1551 non
796 1523 971 1554 commoveri,

185 1581 273 1603 tamen
288 1575 323 1601 ita
342 1572 502 1608 respondit:
521 1571 558 1599 Os
579 1576 654 1598 tuum
673 1571 796 1601 obstrue,
823 1569 899 1595 canis
922 1568 970 1594 im-
986 1582 1008 1611 ε

187 1622 296 1653 munde,
312 1620 421 1647 inimice
434 1619 491 1650 Dei.
505 1623 534 1646 et
547 1618 637 1645 omnis
650 1616 773 1644 veritatis
787 1623 794 1649 ;
812 1623 863 1642 nec
873 1615 973 1642 audeas

187 1669 303 1704 amplius
319 1667 430 1694 verbum
443 1667 578 1700 impurum
592 1663 730 1691 ell‘undere
746 1663 771 1689 iu
790 1669 872 1689 aures
887 1668 971 1688 meas.

186 1715 280 1749 Neque
298 1715 370 1742 enim
385 1714 438 1740 ista
459 1712 591 1747 cogitatio
607 1710 681 1738 cadit
695 1710 721 1736 in
739 1714 856 1736 mentem
874 1715 972 1735 meam.

185 1764 275 1790 Absit.
290 1761 380 1788 Semel
393 1761 466 1787 enim
482 1760 570 1786 dicata
582 1766 641 1785 sunt
657 1757 768 1784 Christo
793 1756 916 1786 Domino,
930 1755 973 1782 cui

187 1809 373 1845 virginitatem
400 1814 486 1834 meam
514 1813 604 1838 servo,
629 1810 656 1832 et
676 1804 755 1831 Iidem
780 1810 812 1830 ac
832 1805 972 1828 veritatem

187 1855 259 1883 tueri
278 1854 373 1882 studeo
387 1861 395 1886 ;
411 1852 485 1880 solus
499 1852 571 1878 enim
593 1855 635 1878 est
652 1850 710 1878 sine
729 1852 851 1884 peccato,
863 1851 891 1875 et
908 1847 974 1874 Iibe-

187 1908 250 1930 rare
268 1907 310 1928 me
325 1903 413 1935 potest
428 1898 462 1925 ab
478 1897 625 1924 immundis
649 1896 786 1926 manibus,
812 1899 840 1922 et
863 1893 974 1928 impuris

186 1947 397 1984 cogitationibus
412 1945 519 1972 vestris.
538 1943 604 1970 Mori
623 1950 675 1970 non
701 1942 795 1974 timeo,
819 1948 870 1968 nec
890 1940 972 1967 ullum

185 1994 268 2022 cedis
278 1999 363 2025 genus
381 1990 542 2018 reformido.
559 1988 622 2015 ilice
636 1986 709 2015 enim
726 1986 782 2019 via,
804 1993 884 2020 quam
908 1985 973 2012 mihi

187 2037 339 2068 adornatis,
352 2045 395 2064 tne
408 2036 488 2063 ducet
504 2036 537 2062 ad
552 2033 742 2061 cliarissimutn
758 2032 869 2060 fratrem
883 2039 973 2060 meum

187 2085 357 2115 Simeonem,
373 2087 401 2108 ut
415 2082 538 2108 dolorum
557 2084 584 2108 et
597 2081 758 2115 gemituum,
772 2086 838 2114 quos
852 2083 909 2114 post
925 2086 974 2106 ne-

187 2139 245 2158 rem
261 2130 348 2164 ipsius
358 2128 469 2163 pertulit
483 2127 574 2154 anima
587 2134 658 2158 mea,
670 2125 796 2154 solatium
811 2129 839 2152 et
850 2125 974 2152 consola-

187 2177 287 2203 tionem
307 2174 449 2208 accipiam.
471 2171 601 2199 Miserunt
627 2171 719 2198 itidem
745 2170 778 2197 ad
801 2177 860 2200 eam
877 2169 973 2203 reliqui

186 2222 239 2249 duo
256 2220 392 2255 principes
414 2218 522 2245 nuntios
539 2227 546 2245 :
561 2225 631 2253 quos
645 2217 690 2245 illa
709 2217 812 2252 pariter
826 2224 887 2243 cum
901 2215 973 2243 iudi-

1016 292 1091 311 maca
1107 289 1315 319 praeparassent,
1336 285 1433 318 quibus
1451 286 1586 312 interiret.
1603 285 1700 313 Statim
1721 287 1803 321 igitur
1823 317 1824 321 η

1016 338 1063 357 rex
1077 330 1183 357 hanciu
1201 338 1248 357 eas
1261 331 1423 357 sententiam
1438 331 1510 360 tulit,
1529 336 1557 357 ut
1571 339 1623 364 quo
1645 332 1739 358 mortis
1754 338 1802 363 κο·
1824 328 1826 331 ’

1016 384 1081 404 nere
1099 376 1167 410 magi
1183 376 1279 402 vellent
1295 375 1477 402 adicerentur.
1496 375 1637 409 Negahaut
1660 377 1732 403 enim
1754 377 1804 403 kn-

1016 422 1103 449 miues
1121 422 1194 456 impii
1219 427 1300 456 atque
1329 422 1438 454 impuri,
1467 421 1524 447 ileri
1545 428 1635 453 posse,
1657 427 1685 447 ut
1711 422 1802 455 regina

1017 467 1230 500 convalesceret,
1246 467 1298 494 nisi
1313 467 1446 501 virginum
1466 473 1579 500 corpora
1596 466 1663 492 duas
1676 467 1700 491 iu
1714 472 1804 499 partes

1017 513 1053 540 ita
1070 513 1282 544 dissecareutur,
1310 516 1338 538 ut
1366 512 1458 546 regina
1488 519 1535 546 per
1560 511 1678 537 medium
1698 511 1803 538 illarum

1018 559 1168 587 incederet.
1186 558 1239 585 Sed
1257 557 1379 592 Mauptas
1397 565 1502 588 rursus,
1513 564 1572 583 cum
1590 555 1623 582 ad
1644 555 1803 590 suppliciqu

1017 607 1190 637 ducerentur,
1203 605 1236 632 ad
1255 609 1377 631 sanctam
1397 603 1481 636 misit,
1497 603 1541 636 qui
1560 602 1674 634 diceret,
1687 603 1710 627 si
1725 600 1805 628 veilet

1017 651 1068 679 sibi
1089 651 1214 685 obsequi,
1239 655 1411 680 curaturum,
1429 654 1456 675 ut
1473 656 1521 676 nec
1539 648 1606 681 ipsa,
1626 654 1674 674 nec
1695 647 1806 679 reliqua:

1017 697 1111 732 puella:
1130 696 1357 723 interficerentur.
1373 695 1407 721 At
1420 695 1494 729 virgo
1504 699 1609 723 sancta,
1628 692 1700 719 clara
1717 700 1782 719 voce
1798 700 1805 720 :

1017 743 1108 775 Canis,
1119 742 1219 777 inquit,
1236 741 1385 771 immundo.
1398 747 1449 767 cur
1464 740 1522 767 haec
1535 739 1665 773 loqueris,
1682 745 1741 773 qua:
1756 745 1807 773 ego

1017 791 1110 816 audire
1127 797 1179 816 non
1195 795 1301 823 possum
1313 787 1327 814 ἲ
1339 787 1378 814 Ad
1389 787 1472 813 tinem
1488 787 1560 813 enim
1576 785 1657 819 huius
1671 787 1730 811 vitae
1745 790 1807 818 pe:-

1018 836 1112 863 veuire
1127 835 1219 870 cupio,
1240 838 1267 860 ut
1280 838 1410 868 perpetuo
1428 833 1528 859 vivam.
1553 832 1645 863 Absit,
1676 835 1704 856 ut
1724 831 1808 857 cadu-

1020 890 1078 909 cam
1104 883 1174 909 hanc
1194 881 1259 908 mihi
1273 880 1355 907 vitam
1370 887 1474 915 parem,
1506 885 1557 913 qua
1586 882 1674 905 morte
1699 883 1807 911 peream

1019 929 1195 963 sempiterna.

1057 976 1089 1003 V.
1108 975 1267 1002 Eduxerunt
1282 974 1366 1009 igitur
1383 973 1444 1000 illas
1461 976 1537 999 extra
1551 971 1700 1001 civitatem,
1719 975 1744 996 et
1759 976 1808 1004 pro

1020 1029 1183 1056 unaquaque
1197 1021 1317 1055 ipsarum
1339 1020 1416 1046 binos
1435 1019 1511 1052 palos
1537 1019 1573 1045 ita
1594 1018 1758 1048 deﬁxcrunt,
1779 1021 1809 1042 ut

1021 1067 1066 1094 uni
1082 1074 1173 1093 eorum
1192 1066 1301 1096 collum,
1317 1065 1393 1092 alteri
1412 1065 1494 1099 pedes
1512 1071 1606 1090 eorum
1633 1063 1775 1097 alligarent
1799 1070 1806 1088 :

1020 1119 1047 1141 et
1061 1121 1121 1140 cum
1132 1120 1178 1139 eas
1198 1113 1237 1138 sic
1250 1113 1447 1141 extendissent,
1464 1115 1602 1142 assumpta
1617 1117 1690 1137 serra
1707 1107 1807 1140 fabrili,

1022 1159 1142 1192 singulas
1159 1159 1184 1184 in
1209 1157 1287 1184 bitias
1302 1161 1394 1192 partes
1408 1156 1607 1182 dissecuerunt.
1624 1153 1657 1180 Et
1674 1158 1748 1180 terna
1775 1153 1809 1179 li-

1022 1213 1073 1240 gna
1090 1211 1202 1238 procera
1217 1204 1242 1229 iu
1256 1211 1307 1230 una
1326 1208 1403 1237 parte
1420 1202 1479 1234 viaa,
1496 1206 1574 1228 terna
1596 1201 1622 1226 in
1636 1200 1720 1226 altera
1744 1206 1809 1225 cort-

1022 1252 1181 1282 stituerunt,
1215 1249 1323 1283 illisqlte
1351 1252 1506 1274 sant-tarum
1536 1246 1670 1280 virginum
1695 1251 1809 1277 corpora

1022 1296 1232 1330 suspenderunt.
1251 1294 1468 1329 Osper-taculum
1485 1292 1649 1320 horrendum
1670 1298 1701 1317 ac
1727 1290 1809 1316 misc-

1024 1342 1120 1373 rabile,
1142 1342 1324 1376 spectaculum
1340 1341 1476 1375 larrymis,
1490 1340 1574 1369 luctu,
1594 1344 1704 1371 stupore
1720 1341 1746 1362 ιιι
1763 1343 1810 1369 ge-

1024 1387 1090 1414 mitu
1114 1387 1344 1421 prosequendum.
1371 1385 1398 1412 Si
1414 1385 1475 1419 quis
1496 1385 1629 1419 Iacrymas
1646 1390 1698 1408 non
1715 1382 1808 1410 habet,

1025 1433 1146 1464 accedat,
1162 1436 1188 1458 et
1203 1434 1349 1464 erumpent
1361 1438 1392 1456 ex
1406 1429 1491 1456 oculis
1503 1429 1561 1462 ejus
1577 1427 1665 1454 futiles
1678 1427 1812 1459 lacryma—

1025 1488 1095 1507 rum.
1109 1479 1178 1506 Ecce
1192 1485 1304 1512 cerpora
1328 1477 1442 1504 candida
1468 1480 1495 1502 et
1513 1480 1607 1501 sancta
1627 1477 1756 1506 tropaeum
1783 1471 1809 1497 in

1025 1527 1067 1552 via
1082 1525 1295 1554 constituerunt,
1322 1524 1348 1549 iit
1366 1523 1463 1556 quibus
1492 1521 1543 1547 illae
1567 1519 1640 1547 omni
1665 1518 1726 1544 vita:
1755 1524 1810 1543 sua:

1026 1577 1145 1605 tempore
1169 1570 1329 1604 gravitatem
1354 1573 1380 1595 et
1397 1568 1577 1601 virginitatem
1595 1565 1747 1592 coluerunt.
1767 1563 1812 1589 Li-

1025 1619 1118 1645 bertas
1132 1617 1158 1643 in
1175 1616 1351 1650 ignominiam
1372 1621 1448 1640 versa
1463 1618 1502 1639 est
1522 1619 1626 1643 earum,
1644 1618 1703 1644 qua:
1718 1610 1811 1635 mode-

1024 1664 1103 1691 stiam
1115 1668 1142 1690 et
1155 1664 1311 1697 mquitatem
1331 1662 1357 1687 in
1371 1660 1480 1695 proprio
1497 1659 1616 1686 thalamo
1633 1657 1809 1684 exercebant.

1025 1709 1094 1737 Ecce
1109 1709 1192 1741 gloria
1206 1713 1307 1735 mutata
1339 1712 1379 1734 est
1401 1709 1427 1733 in
1453 1704 1658 1732 contumeliam.
1685 1702 1811 1736 Qnaudiu

1025 1757 1145 1790 quiescet
1158 1760 1183 1781 et
1197 1753 1367 1788 exspectabit
1382 1752 1472 1779 divina
1489 1751 1615 1785 iustitia?
1633 1750 1685 1777 Sed
1700 1757 1760 1775 cum
1779 1749 1814 1775 ad

1022 1803 1198 1838 judicandum
1226 1804 1365 1835 exsurget,
1398 1805 1452 1825 non
1481 1802 1573 1832 parcet
1604 1796 1731 1830 amplius,
1762 1802 1812 1822 nec

1026 1848 1210 1876 miserebitur.
1230 1847 1316 1879 Quam
1337 1845 1420 1872 multa
1435 1845 1514 1871 au-lel
1534 1844 1658 1878 superbia
1675 1849 1753 1877 :quai
1771 1846 1812 1867 ta-

1025 1901 1087 1921 men
1106 1901 1166 1919 cuni
1182 1891 1323 1922 ceciderit,
1339 1898 1388 1918 nec
1404 1893 1559 1922 consurget,
1574 1896 1622 1915 nec
1642 1888 1751 1915 habebit
1767 1887 1813 1914 ubi

1026 1939 1168 1967 consistat.
1196 1937 1257 1964 llaec
1271 1936 1393 1971 profecto
1422 1940 1576 1963 sanctarum
1605 1935 1676 1967 ligna
1710 1934 1814 1960 fruetus

1023 1984 1137 2018 iustitia),
1149 1983 1249 2010 ferunt.
1268 1981 1337 2009 Vere
1352 1982 1394 2009 isti
1411 1986 1473 2008 sunt
1488 1980 1594 2007 Arabiae
1607 1980 1659 2013 lupi
1677 1978 1812 2008 crudeles.

1025 2031 1204 2063 bibentesque
1217 2027 1388 2062 sanguinem,
1405 2027 1450 2061 qui
1468 2026 1587 2060 virgines
1601 2025 1650 2051 has
1663 2028 1813 2051 secuerunt

1025 2085 1057 2105 ac
1071 2076 1281 2111 suspenderunt.
1292 2073 1331 2101 De
1343 2073 1409 2108 ipsis
1425 2071 1559 2105 cogitabat
1573 2071 1667 2097 beatus
1678 2068 1814 2103 Propheta

1025 2131 1086 2152 cum
1098 2123 1200 2152 diceret
1218 2130 1225 2149 :
1243 2130 1252 2147 t
1273 2119 1402 2147 Viventes
1418 2118 1510 2152 utique
1525 2116 1728 2143 absorbuissent
1747 2121 1808 2140 nos.

1026 2171 1094 2198 Cum
1111 2170 1276 2196 irasceretur
1291 2166 1368 2194 furor
1384 2172 1477 2192 eorum
1499 2163 1526 2190 in
1551 2171 1610 2195 nos,
1626 2163 1750 2188 viventes
1781 2160 1816 2187 ad

1027 2217 1129 2244 inferos
1143 2215 1300 2243 deduxisset
1316 2221 1365 2239 nos
1380 2213 1401 2239 ⁸,
1422 2220 1431 2237 ›
1450 2211 1515 2244 Quis
1535 2213 1590 2236 tam
1609 2208 1732 2236 horribili
1749 2206 1816 2233 faci-

182 2267 313 2302 guatione
330 2265 433 2300 rcjecit.
455 2264 638 2297 Quamobrem
655 2271 717 2290 cum
733 2270 763 2291 se
779 2263 867 2290 vietos
883 2263 916 2289 ah
929 2262 970 2288 illa

1029 2271 1095 2291 nore
1108 2262 1194 2289 laetari
1213 2260 1320 2294 potuit?
1341 2258 1408 2291 Quis
1424 2261 1478 2284 tam
1495 2255 1613 2282 immane
1626 2254 1814 2289 spectaculum

186 2313 384 2348 perspicerent,
410 2315 439 2338 et
467 2310 643 2345 cupiditatem
675 2317 750 2336 suam
780 2309 889 2335 inanem
915 2314 975 2334 esse

185 2359 447 2389 animadverterent.
465 2357 609 2388 consilium
624 2356 754 2385 inierunt,
773 2359 801 2381 et
817 2354 916 2380 falsum
934 2358 976 2379 at-

185 2412 237 2439 que
253 2405 375 2438 iniquum
394 2404 427 2429 ad
443 2410 532 2436 regem
549 2401 732 2448 temimouium
746 2399 912 2430 detulerunt,
927 2405 974 2424 eas

185 2460 246 2482 esse
260 2452 407 2483 maleﬁcas,
422 2455 588 2477 asserentes.

221 2497 267 2526 IV.
285 2497 344 2530 Quo
361 2503 406 2522 rex
425 2495 527 2526 audito,
547 2493 678 2524 decrevit.
693 2496 723 2519 ut
739 2492 791 2519 nisi
805 2491 861 2519 Soli
877 2491 973 2518 immo-

186 2544 287 2576 iarent,
309 2541 510 2570 occiderentur.
528 2539 604 2573 Quod
629 2538 737 2574 quidem
753 2538 892 2565 decretura
911 2545 972 2564 cum

186 2591 219 2618 ad
234 2597 280 2618 eas
300 2588 433 2624 perlatum
452 2592 534 2619 esset,
554 2586 760 2621 responderunt,
774 2592 803 2612 se
817 2583 899 2611 Deum
909 2583 970 2611 coeli

186 2645 217 2664 ac
233 2642 314 2665 terra;
328 2635 483 2663 ell‘ectorem
499 2634 631 2666 adorare;
649 2631 721 2659 nolle
735 2635 825 2658 autent
839 2631 970 2658 honorem

187 2683 241 2710 Deo
253 2682 384 2714 debitum,
398 2681 454 2708 Soli
467 2681 500 2707 ab
519 2680 577 2714 ipso
595 2682 740 2714 procreato
760 2678 881 2704 tribuere
898 2685 904 2702 :
925 2683 974 2704 nec

188 2728 249 2755 ullis
270 2728 350 2754 minis
364 2734 443 2762 posse
460 2733 474 2752 a
489 2726 622 2753 cliaritate
640 2724 790 2751 Salvatoris
811 2726 839 2750 et
864 2722 970 2750 Domini

189 2774 234 2802 sui
247 2773 311 2802 Jesu
327 2773 425 2800 Christi
440 2772 573 2800 revocari.
590 2771 656 2805 Quae
668 2778 731 2798 cum
751 2769 887 2797 dixissent
911 2776 976 2796 san~

187 2826 238 2848 απ
255 2819 383 2855 virgines,
399 2825 452 2847 uno
476 2818 546 2854 magi
565 2825 703 2846 censensu
733 2822 886 2852 magnaque
909 2822 977 2843 voce

222 2905 327 2942 ‘VDeut.
343 2913 380 2941 vt,
396 2914 423 2934 ι.

462 2906 472 2922 ’
487 2905 574 2935 Exod.
586 2913 679 2940 uvut,
694 2905 737 2934 t8.
757 2906 787 2945 j
801 2904 872 2933 i’sal.
891 2911 982 2938 cum,
995 2904 1022 2932 t.

1024 2309 1084 2337 sine
1103 2308 1232 2343 lacrymis
1255 2305 1375 2333 intueri?
1390 2303 1474 2331 Nemo
1491 2302 1622 2336 profecto.
1643 2302 1692 2327 Aut
1717 2301 1739 2326 si
1753 2299 1818 2333 quis

1025 2355 1122 2389 potuit,
1139 2355 1162 2381 is
1176 2354 1209 2380 ab
1223 2352 1342 2380 hominis
1355 2354 1453 2378 natura
1470 2354 1513 2376 est
1522 2348 1639 2380 alienus,
1656 2354 1706 2374 nec
1720 2353 1753 2372 ex
1769 2352 1816 2381 ge-

1026 2410 1089 2430 nere
1100 2402 1184 2428 Adatn
1202 2401 1336 2432 prolectus
1352 2403 1404 2425 est.

1062 2447 1103 2474 Vl.
1121 2445 1252 2473 Tuleruut
1277 2445 1358 2480 igitur
1377 2443 1522 2473 ,inl'elicem
1555 2441 1696 2477 Reginam,
1712 2448 1772 2475 qua;
1788 2439 1816 2468 in

1028 2500 1059 2521 ea
1073 2493 1115 2520 via
1128 2499 1177 2527 per
1189 2496 1346 2518 sanctarum
1361 2498 1474 2524 corpora
1493 2489 1611 2520 transiit,
1627 2494 1724 2521 magna
1741 2487 1816 2513 illam

1028 2544 1134 2567 caterva
1152 2542 1342 2572 prosequente.
1360 2537 1415 2564 Rex
1431 2536 1502 2563 enim
1519 2536 1589 2562 diem
1602 2534 1676 2561 illum
1693 2532 1814 2561 celebra-

1026 2585 1081 2612 bat.
1108 2584 1237 2620 Martyrio
1261 2588 1391 2611 coronata
1413 2586 1453 2609 est
1475 2585 1568 2608 saneta
1584 2579 1723 2610 Thermo,
1752 2583 1813 2604 cum

1025 2638 1120 2659 sorore
1134 2635 1162 2657 et
1173 2629 1283 2660 ancilla.
1300 2629 1384 2656 Nonis
1396 2627 1497 2663 Aprilis
1511 2627 1538 2653 in
1553 2626 1662 2653 Christo
1678 2624 1741 2651 Jesu
1760 2623 1814 2650 Do-

1025 2677 1099 2704 mino
1114 2682 1206 2704 nostro
1221 2685 1228 2709 ;
1247 2675 1290 2702 cui
1312 2675 1396 2710 gloria
1415 2681 1477 2701 cum
1493 2672 1666 2700 sanctissimo
1682 2669 1771 2699 Patre.
1784 2669 1812 2695 c‘t

1025 2723 1221 2757 benignissimo
1251 2721 1334 2756 ipsius
1364 2720 1467 2755 Spiritu
1485 2719 1546 2746 vitae
1569 2717 1707 2751 largitore,
1726 2720 1810 2747 nunc,

1025 2774 1052 2798 et
1065 2777 1182 2805 seraper,
1197 2772 1224 2797 et
1251 2768 1277 2795 in
1291 2767 1389 2795 saecula
1402 2766 1576 2794 saeculorum.
1590 2763 1686 2790 Amen.
