2023 3142
222 136 254 169 91

871 136 1013 167 MENSIS
1031 137 1197 166 APRlLlS.

1512 211 1844 223 _——-——-—_

581 306 662 383 S.
728 305 1208 383 CALLIOPII
1263 302 1495 381 VlTA

787 450 862 494 ET
898 448 1288 494 MARTYRIUM.

492 548 590 582 (Latine
602 548 667 580 apud
679 547 779 574 Surium
789 548 820 574 ad
831 548 897 573 diem
910 549 923 573 '1
941 547 1044 579 Aprilis.
1062 548 1149 574 Graec
1167 549 1192 573 in
1205 548 1259 572 cod.
1273 546 1352 573 Paris.
1366 554 1416 572 Ion
1428 547 1590 578 invenimus.)

265 701 286 728 l.
302 699 428 727 Theoclia
456 700 553 728 mulier
562 701 685 735 quautam
702 702 754 734 pia.
767 708 799 728 ac
813 701 910 728 timens
927 700 1012 728 Deum
1028 702 1052 731 Α
1067 701 1118 728 lem
1131 708 1162 728 ac
1177 701 1242 728 deos
1258 707 1363 732 omnes,
1395 699 1541 735 [inuectus
1563 700 1663 735 inquit,
1688 702 1711 728 si
1737 702 1778 728 vis
1801 709 1869 730 ess.

227 754 290 773 rum
308 752 362 774 tota
378 746 477 772 familia
496 754 556 779 sua,
577 746 679 773 multas
695 745 1017 782 iaciebatclecnmsynas,

229 798 257 819 et
283 796 376 819 sancte
403 792 520 819 vivebat.
537 792 602 820 Hazc
620 793 678 820 viro
701 793 792 827 nupsit
808 793 957 825 senatorio,
972 794 1018 828 qui

229 839 319 866 null-as
340 847 373 866 ex
388 847 431 872 ea,
447 839 575 873 quoniam
606 844 668 866 erat
683 840 795 872 sterilis,
817 840 917 867 liberos
930 841 1019 867 susci-

228 886 320 920 piebat
335 894 342 913 :
365 886 412 913 Dei
439 891 531 914 tamen
562 894 676 914 munere
692 888 800 914 tandem
815 888 949 920 concepit.
967 887 1019 914 Sed

227 940 289 958 cum
308 932 396 959 adhuc
416 937 523 959 uterum
541 938 658 967 gereret,
678 933 791 960 maritus
804 933 862 967 ejus
878 933 1021 960 dciunctus

229 983 282 1004 est.
301 977 485 1011 Quamobrem
500 979 525 1005 in
543 986 638 1013 inagna
654 979 793 1014 opulentia
806 979 891 1006 ﬁlium
905 980 1020 1013 peperit,

227 1028 254 1049 et
271 1023 428 1058 Calliopium
440 1024 595 1058 appellavit,
605 1025 650 1058 qui
664 1026 691 1052 in
706 1025 780 1052 omni
793 1024 948 1052 divinarum
962 1025 1021 1053 Lit-

229 1073 349 1095 terarum
376 1069 509 1104 sapientia
526 1070 656 1098 educatus
673 1075 725 1098 est.
743 1070 807 1098 Erat
821 1076 911 1098 atttetn
930 1070 1022 1106 Perge

229 1114 395 1151 Pamphylia:
407 1117 538 1150 patricius
549 1125 556 1150 ;
567 1125 661 1144 verum
679 1125 740 1145 cttm
753 1125 785 1145 eo
799 1123 921 1151 tempore
935 1118 1023 1146 centi-

229 1161 326 1196 gisset,
342 1167 371 1188 ut
386 1162 545 1190 idololatria:
560 1171 638 1190 error
650 1165 766 1199 vigeret,
789 1170 816 1192 et
844 1165 945 1192 veritas
959 1172 1024 1192 con-

232 1207 355 1240 deretur,
371 1213 398 1235 et
417 1209 494 1235 multi
508 1209 698 1237 sacriﬁcarent
715 1210 806 1242 idolis,
821 1216 934 1238 sanctus
958 1211 1024 1238 Cal-

233 1252 334 1286 liopius
343 1253 572 1290 assiduejcjuuiis
584 1261 611 1283 et
625 1257 826 1291 precationibus
837 1257 1019 1286 incumbebat.

233 1297 313 1331 Quod
327 1307 388 1327 cum
400 1300 433 1327 ad
442 1301 546 1336 judiccs
555 1302 672 1330 delatum
682 1308 765 1336 esset,
779 1303 855 1331 beata
870 1309 956 1332 mater
965 1304 1025 1339 eius

235 1345 363 1375 Theoclia
393 1349 530 1375 consuluit
548 1349 613 1382 lilio.
634 1354 663 1377 ut
692 1351 793 1378 vitandi
817 1351 911 1386 judicii
928 1360 1022 1386 causa,
1039 1369 1062 1399 Β

233 1400 342 1427 aurum,
378 1396 551 1429 vestimenta,
582 1404 728 1432 servosque
750 1404 880 1432 sumeret,
903 1405 931 1426 et
949 1400 1022 1428 illinc

231 1440 384 1476 navigaret.
399 1441 608 1478 Pompeiopolim
633 1443 716 1478 igitur
732 1444 833 1473 Cilicia:
850 1453 880 1474 se
896 1448 1021 1481 contulit,

233 1487 278 1513 ubi
305 1494 367 1514 cum
396 1488 495 1523 impius
518 1490 663 1524 pra-fectus
689 1491 822 1520 Maximus
834 1492 1023 1528 Bacchanalia,

231 1537 260 1560 et
272 1533 361 1566 ludos,
379 1538 406 1560 et
418 1535 545 1568 choreas,
559 1541 587 1563 et
617 1537 741 1565 convivia
769 1538 849 1566 idolis
863 1540 1024 1571 celebraret,

233 1579 423 1607 admirabatur
446 1582 506 1615 pius
524 1582 693 1617 adolescens,
717 1593 841 1619 quamam
862 1585 906 1612 illa
921 1590 1024 1614 essent.

234 1625 297 1660 Ipse
313 1627 385 1654 enim
396 1628 507 1663 jejuniis
526 1637 656 1664 perpetuo
681 1633 803 1660 vacabat.
815 1633 918 1660 Abillis
932 1633 1025 1667 igitur,

235 1673 283 1705 qui
297 1673 421 1706 aderant,
441 1681 616 1708 percontatus
644 1682 698 1710 est,
713 1678 776 1712 quid
795 1678 859 1704 illud
876 1684 958 1705 esset.
975 1678 1026 1711 Qui

235 1725 298 1744 cum
313 1718 528 1754 respondissent,
541 1721 651 1749 deorum
659 1730 719 1750 esse
732 1723 934 1750 celebritatem:
950 1723 1026 1756 Veni,

236 1764 373 1799 inquiunt,
390 1772 417 1794 et
445 1772 481 1800 tu,
500 1771 529 1794 ut
545 1769 663 1796 convivii
682 1771 819 1803 particeps
832 1768 892 1795 ﬁas.
908 1768 942 1794 At
958 1769 1001 1795 ille
1019 1777 1026 1795 :

237 1811 417 1846 Christianus,
438 1814 533 1849 inquit,
552 1823 623 1845 sum,
645 1820 674 1842 et
691 1813 830 1842 Christum
844 1815 956 1848 jejuniis
983 1822 1028 1842 ce-

237 1858 324 1892 icbro,
340 1867 389 1888 nec
403 1867 463 1894 quae
486 1865 550 1888 sunt
563 1861 705 1896 ﬂagitiosis
720 1866 803 1894 atque
820 1861 934 1894 impuris
949 1861 1030 1889 idolis

239 1903 377 1932 immolata
408 1905 473 1933 licet
499 1906 525 1932 in
541 1913 572 1933 os
588 1913 694 1937 eorum,
708 1905 754 1939 qui
770 1904 910 1932 Christum
926 1905 1028 1939 colunt,

238 1947 354 1983 ingredi.

275 1995 308 2024 ll.
330 1995 392 2024 Haec
407 2005 467 2024 cum
477 1997 510 2024 ad
526 2004 606 2024 aures
623 1996 744 2031 praefecti
762 1998 962 2032 pervenissent,
973 1999 1030 2027 ira—

238 2043 337 2070 cundia
351 2043 458 2078 plenus,
474 2041 556 2076 jussit
567 2051 629 2069 eum
641 2042 778 2077 injudicio
791 2044 861 2072 sisti.
877 2045 953 2079 Quod
967 2054 1028 2074 cum
1044 2051 1069 2084 ο

238 2093 312 2116 esset
329 2087 429 2115 factum
445 2097 453 2115 ς
470 2087 591 2121 Ecquod,
620 2087 709 2122 inquit
721 2089 864 2122 Maximus,
879 2099 977 2120 nomen
989 2098 1032 2123 est

240 2135 314 2163 tibi?
331 2135 504 2162 Christianus
521 2142 592 2166 sutn,
610 2135 707 2170 inquit,
719 2142 746 2163 et
772 2137 918 2172 Calliopius
938 2147 1030 2170 vocor.

238 2181 306 2214 Cur,
323 2181 361 2207 ait
374 2179 507 2206 Maximus
521 2180 676 2214 praefectus,
689 2190 749 2210 cum
765 2191 812 2218 per
823 2186 915 2212 orbcm
925 2187 1032 2213 univer-

241 2235 303 2255 sum
332 2227 445 2252 deorum
460 2226 604 2256 celebritas
619 2235 775 2265 peragatur,
791 2236 818 2257 ιιι
836 2232 861 2258 in
874 2231 927 2259 isto
939 2240 1033 2261 errore

242 2271 391 2308 persistis'.’
406 2271 470 2305 Vos,
502 2273 588 2308 inquit
611 2274 767 2310 Callinpius,
786 2285 880 2305 errore
897 2279 1034 2306 tenebris-

244 2327 299 2354 que
311 2321 467 2353 versamini,
481 2321 540 2356 qui,
562 2321 655 2350 relicto
669 2323 722 2350 Deo
738 2323 856 2357 vivente,
871 2325 914 2359 qui
932 2325 1031 2353 cmlum

245 2371 273 2394 et
302 2369 410 2400 terram,
427 2372 453 2395 et
485 2377 544 2403 qua:
562 2368 587 2395 in
603 2369 642 2396 eis
654 2375 717 2397 sunt
735 2371 825 2398 omnia
849 2371 933 2399 verbo
970 2380 1034 2407 pro-

245 2413 360 2445 creavit,
373 2422 437 2441 saxa
453 2421 549 2442 sensus
563 2416 698 2450 expertia,
711 2422 739 2444 et
752 2417 823 2452 ligna
840 2419 956 2451 putrida,
974 2425 1035 2453 qua:

246 2464 311 2488 sunt
326 2467 454 2487 manuum
474 2461 620 2495 impiarum
644 2470 737 2496 opera,
755 2464 843 2491 colitis
861 2469 888 2490 et
903 2464 1034 2491 adoratis.

247 2506 450 2538 Adolescentia.
466 2507 556 2541 inquit
574 2508 730 2542 prrcfectus,
748 2515 774 2537 te
790 2510 957 2544 petulantem
974 2511 1036 2538 red-

245 2554 298 2585 dit,
314 2557 342 2580 et
362 2559 475 2587 magnos
504 2553 552 2579 tibi
584 2554 723 2581 cruciatus
752 2559 838 2589 parat.
858 2554 904 2582 Dic
916 2555 1008 2590 igitur,
1023 2563 1038 2583 c

243 2608 297 2636 qua
314 2606 394 2635 gente
409 2599 458 2632 sis,
473 2603 501 2627 et
513 2607 547 2626 ex
563 2607 616 2634 quo
631 2607 739 2635 genere.
758 2601 778 2627 E
792 2601 947 2636 Pamphylia
963 2609 1037 2635 sum,

244 2648 333 2683 inquit
349 2647 509 2681 Calliopius.
525 2651 552 2674 et
574 2646 704 2682 patricius
721 2655 832 2681 genere,
848 2653 885 2680 el,
902 2649 972 2682 quod
992 2656 1039 2675 no—

243 2693 409 2723 hilissimum
426 2697 478 2727 est,
492 2693 675 2720 Christianus.
690 2692 738 2720 Dic
750 2694 825 2726 mihi,
839 2694 983 2727 praefectus
998 2694 1039 2720 in-

1071 748 1132 782 pius
1143 752 1170 774 et
1185 748 1236 774 diis
1261 747 1414 779 immolare,
1429 747 1524 779 tiliam,
1541 755 1621 782 quam
1636 748 1746 775 unicam
1763 749 1867 783 habeo,

1072 793 1118 820 tibi
1136 801 1246 820 uxorem
1260 793 1340 820 dabo.
1358 792 1389 820 Si
1401 800 1524 826 uxorem,
1540 793 1629 827 inquit
1642 793 1803 827 Calliopius,
1814 798 1869 822 du-

1071 847 1133 867 cere
1145 839 1336 871 decrevissem,
1346 847 1400 866 non
1416 840 1491 874 prius
1511 840 1592 866 ﬁliam
1608 846 1680 866 tuam
1693 842 1844 874 acciperem
1858 863 1867 874 ,

1073 893 1155 920 quam
1169 890 1255 912 mater
1267 893 1325 912 mea
1340 886 1366 913 id
1382 886 1464 913 sciret
1477 891 1505 913 et
1517 887 1691 920 approbaret.
1707 887 1808 915 Verum
1824 889 1869 915 sic

1073 932 1185 963 habeto,
1205 940 1250 960 me
1276 932 1389 960 Christo
1415 939 1477 959 meo
1492 933 1653 965 credidisse,
1671 936 1700 960 et
1726 933 1869 967 pulverem

1073 978 1156 1012 Illinc,
1182 986 1263 1013 quem
1292 978 1364 1006 Deus
1389 978 1528 1010 conﬂavit,
1543 984 1570 1005 et
1595 979 1628 1005 ad
1659 979 1869 1007 similitudinem

1073 1032 1150 1052 suam
1168 1025 1243 1056 fecit,
1261 1032 1358 1058 purum
1372 1029 1401 1052 et
1414 1024 1475 1051 sine
1489 1024 1591 1051 tuacula
1616 1029 1677 1051 ante
1691 1024 1792 1052 Christi
1813 1026 1868 1052 tri-

1073 1071 1156 1099 bunal
1174 1072 1323 1099 sistendum
1339 1079 1408 1099 esse.
1428 1071 1610 1104 Quamobrem
1627 1070 1680 1103 fac,
1694 1078 1754 1103 qua
1768 1072 1814 1098 tibi
1830 1073 1872 1098 vi-

1075 1119 1174 1146 dentur
1189 1127 1196 1146 :
1215 1126 1265 1151 ego
1279 1118 1351 1144 enim
1363 1117 1538 1146 Christianus
1556 1126 1628 1144 sum.

1110 1164 1156 1192 ΙΙΙ.
1181 1164 1399 1197 Scelestissime,
1427 1165 1514 1200 inquit
1543 1164 1677 1192 Maximus
1707 1165 1868 1199 prtefectus,

1076 1210 1228 1238 istiusmodi
1255 1211 1345 1238 verbis
1365 1210 1485 1238 futurum
1501 1217 1589 1246 putas,
1603 1216 1632 1238 ut
1645 1211 1683 1238 ira
1702 1217 1870 1243 commotus.

1076 1262 1104 1285 te
1120 1258 1202 1285 celeri
1218 1258 1352 1292 supplicio
1372 1259 1524 1286 necandum
1547 1265 1638 1286 curem
1651 1258 1663 1285 ἲ
1676 1258 1798 1286 Falleris.
1813 1259 1874 1285 Ne-

1076 1312 1130 1340 que
1150 1305 1223 1333 enim
1242 1305 1266 1332 id
1284 1305 1380 1332 faciam
1397 1314 1404 1332 :
1422 1305 1469 1332 sed
1485 1312 1584 1340 corpus
1610 1310 1684 1332 tuum
1702 1304 1775 1331 omni
1802 1311 1875 1330 cru—

1076 1350 1196 1378 ciatuum
1227 1358 1326 1386 genere
1353 1352 1517 1383 confectum,
1540 1351 1566 1378 in
1594 1351 1683 1384 ignem
1713 1349 1875 1383 conjiciam.

1077 1397 1193 1431 Quanto,
1210 1397 1297 1432 inquit
1316 1398 1475 1432 Calliopius,
1506 1398 1629 1432 pluribus
1657 1404 1700 1423 me
1729 1394 1877 1423 tormentis

1077 1446 1258 1476 excruciabis,
1275 1450 1349 1472 tanto
1367 1445 1432 1471 tnihi
1445 1452 1476 1471 ea
1502 1443 1649 1483 perferenti
1664 1449 1765 1468 corona
1779 1441 1878 1473 splen-

1078 1490 1168 1518 didior
1188 1494 1359 1518 context-tur.
1375 1490 1461 1516 Nemo
1485 1489 1568 1519 enim,
1584 1492 1616 1514 ut
1635 1487 1767 1520 scriptum
1793 1491 1834 1512 est
1852 1486 1878 1518 ⁸,

1079 1537 1267 1568 coronabitur,
1291 1536 1342 1562 nisi
1372 1535 1494 1569 legitime
1521 1533 1676 1559 certaverit.
1700 1531 1774 1558 Tunc
1789 1531 1879 1560 Maxi-

1079 1590 1140 1610 mus
1158 1582 1239 1616 jussit
1251 1585 1279 1607 ut.
1296 1582 1320 1607 ei
1334 1581 1427 1607 vincto
1447 1579 1593 1611 plumbatis
1608 1577 1689 1611 virgis
1703 1576 1791 1604 omnia
1809 1585 1876 1606 ossa

1081 1628 1330 1661 couiringerentur.
1350 1625 1451 1652 Beatus
1466 1630 1557 1651 autem
1573 1623 1730 1658 Callinpius,
1749 1624 1812 1650 dum
1827 1631 1879 1649 va-

1081 1674 1188 1710 pularet
1203 1682 1210 1700 :
1225 1672 1345 1703 Gratias,
1362 1672 1460 1707 inquit,
1485 1678 1535 1706 ago
1551 1671 1609 1702 tibi,
1622 1669 1738 1702 Christe,
1753 1670 1815 1704 quia
1833 1670 1879 1697 di-

1082 1729 1149 1756 gnus
1167 1720 1280 1748 eifectus
1296 1727 1366 1752 sum,
1383 1718 1428 1753 qui
1439 1723 1550 1753 propter
1566 1721 1748 1744 nomentuum
1760 1717 1875 1743 verber-

1082 1767 1258 1796 sustineretn.
1285 1765 1360 1799 Mihi,
1375 1765 1463 1799 inquit
1495 1763 1627 1791 Maximus
1654 1763 1808 1797 praefectus,
1824 1762 1878 1789 ob-

1083 1818 1203 1847 tempera
1217 1816 1245 1840 et
1259 1812 1312 1840 diis
1340 1811 1461 1843 immola,
1474 1816 1502 1837 ut
1517 1811 1634 1844 patriam
1655 1809 1760 1841 videas,
1775 1814 1802 1835 et
1815 1815 1873 1834 ma-

1084 1865 1153 1887 trem
1170 1864 1256 1891 tuam,
1267 1863 1295 1886 et
1310 1866 1344 1886 ne
1371 1856 1496 1892 spolieris
1514 1856 1615 1883 divitiis
1629 1863 1662 1882 ac
1677 1855 1793 1882 fortunis
1809 1855 1876 1881 tuis.

1084 1906 1297 1934 Tormentorum
1310 1905 1382 1932 enim
1393 1904 1480 1931 sentis
1492 1903 1680 1931 acerbitatem.
1689 1901 1877 1934 Dulcedinem,

1085 1953 1172 1988 inquit
1189 1952 1345 1987 Calliopius,
1360 1951 1500 1985 promissa:
1515 1957 1530 1976 a
1546 1948 1658 1977 Christo
1675 1949 1773 1983 quietis
1790 1949 1878 1982 degu-

1085 2005 1137 2032 sto,
1153 2005 1181 2028 et
1195 2003 1329 2026 tormenta
1349 2005 1402 2025 non
1421 1997 1522 2025 sentio.
1539 1996 1593 2023 Nec
1605 1996 1632 2022 in
1653 1995 1739 2023 aliena
1768 1995 1879 2029 regione

1085 2055 1128 2074 me
1142 2054 1203 2074 esse
1219 2050 1295 2081 puto,
1311 2053 1374 2073 cum
1401 2043 1509 2071 Domini
1526 2044 1562 2070 sit
1577 2048 1662 2074 terra,
1680 2047 1707 2070 et
1737 2041 1880 2077 plenitudo

1082 2093 1173 2128 ejus”.
1191 2092 1225 2120 Et
1241 2092 1285 2119 hic
1309 2097 1420 2126 quoque
1448 2089 1564 2124 patriam
1589 2096 1683 2121 cerno,
1710 2092 1880 2122 matremque

1083 2147 1181 2167 meam.
1208 2138 1276 2166 Nam
1299 2143 1385 2165 mater
1414 2144 1483 2169 mea,
1504 2140 1546 2162 est
1564 2135 1667 2162 Christi
1689 2134 1810 2161 Ecclesia
1833 2140 1880 2160 sa-

1083 2190 1226 2213 crosancta
1241 2189 1286 2212 :ct
1299 2184 1385 2219 patria
1401 2182 1649 2215 mea,estcmlestis
1664 2181 1706 2207 illa
1718 2180 1878 2207 Jerusalem.

1086 2232 1183 2259 Nostra
1198 2232 1270 2259 enim
1285 2230 1457 2258 conversatio
1471 2230 1498 2256 in
1517 2229 1594 2257 ctelis
1606 2234 1647 2256 est
1658 2229 1678 2256 '.
1691 2227 1769 2261 Quod
1780 2228 1801 2254 si
1814 2227 1879 2253 mihi

1085 2286 1244 2314 corpoream
1274 2281 1388 2304 matrem
1420 2276 1543 2311 objicias,
1573 2276 1635 2302 audi
1664 2275 1730 2308 quid
1757 2275 1880 2301 Christus

1086 2324 1157 2351 Deus
1173 2331 1250 2350 meus
1267 2323 1341 2350 dicat
1355 2331 1362 2350 :
1380 2331 1389 2348 (
1407 2321 1458 2354 Qui
1474 2325 1548 2348 amat
1575 2326 1678 2355 patrem
1705 2325 1751 2347 aut
1767 2325 1880 2346 matrem

1085 2370 1230 2405 plusquam
1243 2377 1295 2402 me,
1314 2376 1367 2396 non
1382 2373 1422 2396 est
1437 2375 1479 2395 me
1496 2367 1595 2403 dignus
1611 2367 1631 2395 ⁸.
1650 2376 1659 2392 ι
1678 2365 1746 2392 Nam
1762 2366 1832 2399 quod
1848 2366 1882 2392 ad

1087 2417 1198 2444 divitias
1213 2417 1340 2451 pertinet,
1353 2423 1401 2443 eas
1413 2415 1531 2451 neglige,
1550 2420 1578 2442 et
1597 2415 1668 2442 malo
1682 2414 1783 2441 Christi
1802 2421 1882 2441 cruce

1089 2462 1182 2495 amigi,
1197 2469 1278 2496 quam
1296 2462 1407 2490 caducis
1431 2462 1507 2489 stulti
1533 2462 1626 2488 mumli
1643 2461 1749 2488 deliciis
1765 2460 1828 2487 l'rni.
1855 2457 1873 2471 "

1125 2507 1172 2534 IV.
1190 2507 1323 2534 Maximus
1350 2508 1495 2542 praefectus
1512 2516 1518 2535 :
1537 2508 1623 2540 Quam
1646 2512 1700 2539 est,
1719 2507 1817 2538 inquit,
1836 2513 1883 2532 ex-

1089 2561 1160 2581 cors.
1173 2553 1272 2581 Crudis
1286 2554 1376 2581 nervis
1391 2558 1513 2581 ventrem
1537 2553 1597 2586 ejus
1613 2553 1722 2584 cedite,
1737 2553 1859 2579 dicentes
1875 2559 1882 2578 :

1089 2600 1148 2628 Noli
1165 2609 1249 2628 unum
1262 2609 1312 2635 pro
1331 2601 1385 2629 alio
1400 2601 1484 2628 stulte
1509 2602 1683 2633 respondere,
1705 2600 1751 2627 sed
1774 2605 1835 2634 apte
1850 2599 1883 2626 ad

1091 2647 1265 2681 interrogata.
1282 2647 1387 2678 lnsane,
1400 2647 1489 2681 inquit
1510 2645 1704 2680 Calliopins,et
1714 2645 1811 2680 quavis
1828 2644 1884 2671 fera

1091 2695 1237 2727 crudelior,
1254 2699 1280 2721 et
1295 2703 1309 2722 a
1323 2694 1425 2722 Christi
1445 2694 1554 2728 pietate,
1564 2693 1608 2727 qui
1623 2693 1649 2720 in
1661 2693 1740 2720 ccelis
1752 2697 1805 2723 est,
1818 2691 1884 2719 alie.

247 2740 306 2776 quit
321 2758 328 2773 ,
345 2745 473 2775 parentes
486 2740 592 2767 habes?
615 2739 711 2772 Mater,
728 2726 867 2774 respmidit
880 2740 1036 2775 Calliopius,
1051 2726 1079 2758 Ῑ)
1097 2748 1140 2773 ue,
1167 2740 1214 2767 tibi
1244 2740 1368 2767 veritatis
1383 2726 1516 2767 rationem
1532 2726 1648 2773 expono,
1661 2746 1742 2774 quam
1759 2742 1787 2764 tu
1802 2736 1885 2764 animi

248 2792 394 2823 superest;
410 2794 473 2814 nam
487 2791 565 2821 pater
576 2786 633 2822 jam
645 2787 691 2815 diu
701 2786 845 2814 defunctus
859 2791 910 2814 cst.
928 2785 979 2813 Per
995 2793 1040 2814 so-

1094 2787 1181 2815 oculis
1211 2795 1264 2814 non
1278 2787 1381 2819 cernis,
1391 2792 1472 2815 aures
1488 2784 1642 2819 occludens,
1660 2791 1694 2813 ne
1708 2783 1816 2814 Domini
1828 2789 1886 2812 ser-

285 2879 295 2896 ¹
310 2877 334 2907 ιι
350 2877 422 2908 Tim.
435 2885 466 2914 tt,
483 2877 511 2907 ε.
549 2880 560 2896 ¹
575 2878 648 2909 Psal.
679 2886 758 2914 mn,
772 2879 805 2926 t._
837 2881 846 2896 ³
861 2879 981 2916 Philipp.
999 2888 1029 2909 tu

1081 2879 1107 2908 0.
1147 2878 1157 2894 ⁸
1170 2879 1269 2908 Matth.
1285 2887 1313 2914 ι,
1331 2877 1377 2907 31.
