  <div class='ocr_page' id='page_1' title='image "/cluster/home/n/w/nwhite01/storage/ocr_20150623/115/njp.32101077772976/063.png"; bbox 0 0 2023 3142; ppageno 0'>
   <div class='ocr_carea' id='block_1_1' title="bbox 282 191 1066 228">
    <p class='ocr_par' dir='ltr' id='par_1_1' title="bbox 282 191 1066 228">
     <span class='ocr_line' id='line_1_1' title="bbox 282 191 1066 228; baseline -0.004 -8"><span class='ocrx_word' id='word_1_1' title='bbox 282 192 402 224; x_wconf 72' lang='lat' dir='ltr'><strong>recondit</strong></span> <span class='ocrx_word' id='word_1_2' title='bbox 415 196 442 218; x_wconf 88' lang='lat' dir='ltr'><strong>et</strong></span> <span class='ocrx_word' id='word_1_3' title='bbox 453 197 571 218; x_wconf 84' lang='lat' dir='ltr'><strong>reservat</strong></span> <span class='ocrx_word' id='word_1_4' title='bbox 590 191 623 219; x_wconf 90' lang='lat' dir='ltr'><strong>iis</strong></span> <span class='ocrx_word' id='word_1_5' title='bbox 637 191 682 226; x_wconf 87' lang='lat' dir='ltr'><strong>qui</strong></span> <span class='ocrx_word' id='word_1_6' title='bbox 704 192 789 226; x_wconf 84' lang='lat' dir='ltr'><strong>ipsam</strong></span> <span class='ocrx_word' id='word_1_7' title='bbox 802 192 925 224; x_wconf 66' lang='lat' dir='ltr'><strong>diligunt.</strong></span> <span class='ocrx_word' id='word_1_8' title='bbox 943 191 971 218; x_wconf 88' lang='lat' dir='ltr'><strong>in</strong></span> <span class='ocrx_word' id='word_1_9' title='bbox 990 200 1066 228; x_wconf 46' lang='lat' dir='ltr'><strong>sum:</strong></span> 
     </span>
    </p>
   </div>
   <div class='ocr_carea' id='block_1_2' title="bbox 284 236 1067 269">
    <p class='ocr_par' dir='ltr' id='par_1_2' title="bbox 284 236 1067 269">
     <span class='ocr_line' id='line_1_2' title="bbox 284 236 1067 269; baseline 0 -5"><span class='ocrx_word' id='word_1_10' title='bbox 284 246 324 264; x_wconf 80' lang='lat' dir='ltr'><strong>ma</strong></span> <span class='ocrx_word' id='word_1_11' title='bbox 341 241 440 269; x_wconf 84' lang='lat' dir='ltr'><strong>autem,</strong></span> <span class='ocrx_word' id='word_1_12' title='bbox 464 236 486 262; x_wconf 88' lang='lat' dir='ltr'><strong>si</strong></span> <span class='ocrx_word' id='word_1_13' title='bbox 518 236 586 263; x_wconf 88' lang='lat' dir='ltr'><strong>velis</strong></span> <span class='ocrx_word' id='word_1_14' title='bbox 613 243 740 263; x_wconf 74' lang='lat' dir='ltr'><strong>accurate</strong></span> <span class='ocrx_word' id='word_1_15' title='bbox 775 237 924 269; x_wconf 89' lang='lat' dir='ltr'><strong>attendere,</strong></span> <span class='ocrx_word' id='word_1_16' title='bbox 946 237 1067 265; x_wconf 85' lang='lat' dir='ltr'><strong>invenies</strong></span> 
     </span>
    </p>
   </div>
   <div class='ocr_carea' id='block_1_3' title="bbox 278 282 1065 318">
    <p class='ocr_par' dir='ltr' id='par_1_3' title="bbox 278 282 1065 318">
     <span class='ocr_line' id='line_1_3' title="bbox 278 282 1065 318; baseline 0 -9"><span class='ocrx_word' id='word_1_17' title='bbox 278 283 387 310; x_wconf 79' lang='lat' dir='ltr'><strong>uttntiuo</strong></span> <span class='ocrx_word' id='word_1_18' title='bbox 400 288 426 309; x_wconf 91' lang='lat' dir='ltr'><strong>tu</strong></span> <span class='ocrx_word' id='word_1_19' title='bbox 441 290 549 318; x_wconf 89' lang='lat' dir='ltr'><strong>quoque</strong></span> <span class='ocrx_word' id='word_1_20' title='bbox 563 290 621 314; x_wconf 83' lang='lat' dir='ltr'><strong>eos,</strong></span> <span class='ocrx_word' id='word_1_21' title='bbox 636 283 681 316; x_wconf 88' lang='lat' dir='ltr'><strong>qui</strong></span> <span class='ocrx_word' id='word_1_22' title='bbox 700 282 770 316; x_wconf 88' lang='lat' dir='ltr'><strong>apud</strong></span> <span class='ocrx_word' id='word_1_23' title='bbox 784 290 831 309; x_wconf 85' lang='lat' dir='ltr'><strong>vos</strong></span> <span class='ocrx_word' id='word_1_24' title='bbox 841 282 977 314; x_wconf 84' lang='lat' dir='ltr'><strong>coluntur,</strong></span> <span class='ocrx_word' id='word_1_25' title='bbox 990 283 1065 314; x_wconf 80' lang='lat' dir='ltr'><strong>deos,</strong></span> 
     </span>
    </p>
   </div>
   <div class='ocr_carea' id='block_1_4' title="bbox 278 329 1065 364">
    <p class='ocr_par' dir='ltr' id='par_1_4' title="bbox 278 329 1065 364">
     <span class='ocr_line' id='line_1_4' title="bbox 278 329 1065 364; baseline -0.001 -9"><span class='ocrx_word' id='word_1_26' title='bbox 278 329 427 356; x_wconf 78' lang='lat' dir='ltr'><strong>nihilnliud</strong></span> <span class='ocrx_word' id='word_1_27' title='bbox 451 336 512 356; x_wconf 85' lang='lat' dir='ltr'><strong>esse</strong></span> <span class='ocrx_word' id='word_1_28' title='bbox 543 336 624 362; x_wconf 86' lang='lat' dir='ltr'><strong>quam</strong></span> <span class='ocrx_word' id='word_1_29' title='bbox 654 336 736 364; x_wconf 82' lang='lat' dir='ltr'><strong>opera</strong></span> <span class='ocrx_word' id='word_1_30' title='bbox 770 337 896 356; x_wconf 81' lang='lat' dir='ltr'><strong>manttutn</strong></span> <span class='ocrx_word' id='word_1_31' title='bbox 926 329 1065 356; x_wconf 86' lang='lat' dir='ltr'><strong>hominum</strong></span> 
     </span>
    </p>
   </div>
   <div class='ocr_carea' id='block_1_5' title="bbox 278 374 1065 409">
    <p class='ocr_par' dir='ltr' id='par_1_5' title="bbox 278 374 1065 409">
     <span class='ocr_line' id='line_1_5' title="bbox 278 374 1065 409; baseline -0.001 -8"><span class='ocrx_word' id='word_1_32' title='bbox 278 375 397 401; x_wconf 87' lang='lat' dir='ltr'><strong>inanima</strong></span> <span class='ocrx_word' id='word_1_33' title='bbox 426 379 453 401; x_wconf 86' lang='lat' dir='ltr'><strong>et</strong></span> <span class='ocrx_word' id='word_1_34' title='bbox 485 374 580 406; x_wconf 87' lang='lat' dir='ltr'><strong>surda,</strong></span> <span class='ocrx_word' id='word_1_35' title='bbox 599 382 659 409; x_wconf 67' lang='lat' dir='ltr'><strong>qua:</strong></span> <span class='ocrx_word' id='word_1_36' title='bbox 687 375 753 402; x_wconf 86' lang='lat' dir='ltr'><strong>nihil</strong></span> <span class='ocrx_word' id='word_1_37' title='bbox 782 375 970 406; x_wconf 91' lang='lat' dir='ltr'><strong>ontnino,non</strong></span> <span class='ocrx_word' id='word_1_38' title='bbox 987 376 1065 401; x_wconf 90' lang='lat' dir='ltr'><strong>modo</strong></span> 
     </span>
    </p>
   </div>
   <div class='ocr_carea' id='block_1_6' title="bbox 277 421 1061 455">
    <p class='ocr_par' dir='ltr' id='par_1_6' title="bbox 277 421 1061 455">
     <span class='ocr_line' id='line_1_6' title="bbox 277 421 1061 455; baseline 0.003 -9"><span class='ocrx_word' id='word_1_39' title='bbox 277 422 350 453; x_wconf 74' lang='lat' dir='ltr'><strong>aliis,</strong></span> <span class='ocrx_word' id='word_1_40' title='bbox 367 421 412 448; x_wconf 85' lang='lat' dir='ltr'><strong>sed</strong></span> <span class='ocrx_word' id='word_1_41' title='bbox 427 429 459 448; x_wconf 92' lang='lat' dir='ltr'><strong>ne</strong></span> <span class='ocrx_word' id='word_1_42' title='bbox 471 421 522 448; x_wconf 85' lang='lat' dir='ltr'><strong>sibi</strong></span> <span class='ocrx_word' id='word_1_43' title='bbox 536 421 642 455; x_wconf 78' lang='lat' dir='ltr'><strong>quidem</strong></span> <span class='ocrx_word' id='word_1_44' title='bbox 661 421 736 455; x_wconf 77' lang='lat' dir='ltr'><strong>ipsis,</strong></span> <span class='ocrx_word' id='word_1_45' title='bbox 757 421 861 455; x_wconf 87' lang='lat' dir='ltr'><strong>possint</strong></span> <span class='ocrx_word' id='word_1_46' title='bbox 878 422 938 455; x_wconf 87' lang='lat' dir='ltr'><strong>opis</strong></span> <span class='ocrx_word' id='word_1_47' title='bbox 954 421 1061 448; x_wconf 83' lang='lat' dir='ltr'><strong>aﬂ&#39;erre.</strong></span> 
     </span>
    </p>
   </div>
   <div class='ocr_carea' id='block_1_7' title="bbox 277 466 1064 501">
    <p class='ocr_par' dir='ltr' id='par_1_7' title="bbox 277 466 1064 501">
     <span class='ocr_line' id='line_1_7' title="bbox 277 466 1064 501; baseline 0 -8"><span class='ocrx_word' id='word_1_48' title='bbox 277 466 304 494; x_wconf 90' lang='lat' dir='ltr'><strong>Si</strong></span> <span class='ocrx_word' id='word_1_49' title='bbox 322 475 387 501; x_wconf 76' lang='lat' dir='ltr'><strong>ergo</strong></span> <span class='ocrx_word' id='word_1_50' title='bbox 403 467 483 494; x_wconf 77' lang='lat' dir='ltr'><strong>homo</strong></span> <span class='ocrx_word' id='word_1_51' title='bbox 512 467 620 501; x_wconf 85' lang='lat' dir='ltr'><strong>quidem</strong></span> <span class='ocrx_word' id='word_1_52' title='bbox 639 473 679 494; x_wconf 87' lang='lat' dir='ltr'><strong>est</strong></span> <span class='ocrx_word' id='word_1_53' title='bbox 707 467 752 494; x_wconf 87' lang='lat' dir='ltr'><strong>Dei</strong></span> <span class='ocrx_word' id='word_1_54' title='bbox 784 475 861 500; x_wconf 75' lang='lat' dir='ltr'><strong>opus,</strong></span> <span class='ocrx_word' id='word_1_55' title='bbox 876 471 905 494; x_wconf 92' lang='lat' dir='ltr'><strong>ut</strong></span> <span class='ocrx_word' id='word_1_56' title='bbox 920 467 966 501; x_wconf 89' lang='lat' dir='ltr'><strong>qui</strong></span> <span class='ocrx_word' id='word_1_57' title='bbox 982 467 1016 494; x_wconf 88' lang='lat' dir='ltr'><strong>ab</strong></span> <span class='ocrx_word' id='word_1_58' title='bbox 1031 475 1064 494; x_wconf 85' lang='lat' dir='ltr'><strong>eo</strong></span> 
     </span>
    </p>
   </div>
   <div class='ocr_carea' id='block_1_8' title="bbox 275 512 1064 547">
    <p class='ocr_par' dir='ltr' id='par_1_8' title="bbox 275 512 1064 547">
     <span class='ocr_line' id='line_1_8' title="bbox 275 512 1064 547; baseline -0.001 -7"><span class='ocrx_word' id='word_1_59' title='bbox 275 514 310 540; x_wconf 80' lang='lat' dir='ltr'><strong>sit</strong></span> <span class='ocrx_word' id='word_1_60' title='bbox 325 513 441 546; x_wconf 81' lang='lat' dir='ltr'><strong>eﬂictus,</strong></span> <span class='ocrx_word' id='word_1_61' title='bbox 470 521 528 547; x_wconf 83' lang='lat' dir='ltr'><strong>quae</strong></span> <span class='ocrx_word' id='word_1_62' title='bbox 541 520 586 540; x_wconf 81' lang='lat' dir='ltr'><strong>vos</strong></span> <span class='ocrx_word' id='word_1_63' title='bbox 599 518 688 540; x_wconf 89' lang='lat' dir='ltr'><strong>autem</strong></span> <span class='ocrx_word' id='word_1_64' title='bbox 700 512 845 539; x_wconf 72' lang='lat' dir='ltr'><strong>simulacra</strong></span> <span class='ocrx_word' id='word_1_65' title='bbox 860 513 989 546; x_wconf 86' lang='lat' dir='ltr'><strong>adoratis,</strong></span> <span class='ocrx_word' id='word_1_66' title='bbox 1001 518 1064 540; x_wconf 91' lang='lat' dir='ltr'><strong>sunt</strong></span> 
     </span>
    </p>
   </div>
   <div class='ocr_carea' id='block_1_9' title="bbox 274 559 1062 595">
    <p class='ocr_par' dir='ltr' id='par_1_9' title="bbox 274 559 1062 595">
     <span class='ocr_line' id='line_1_9' title="bbox 274 559 1062 595; baseline -0.004 -7"><span class='ocrx_word' id='word_1_67' title='bbox 274 567 357 595; x_wconf 87' lang='lat' dir='ltr'><strong>opera</strong></span> <span class='ocrx_word' id='word_1_68' title='bbox 372 567 470 586; x_wconf 83' lang='lat' dir='ltr'><strong>manus</strong></span> <span class='ocrx_word' id='word_1_69' title='bbox 485 560 610 586; x_wconf 78' lang='lat' dir='ltr'><strong>humana:</strong></span> <span class='ocrx_word' id='word_1_70' title='bbox 627 567 634 586; x_wconf 87' lang='lat'>:</span> <span class='ocrx_word' id='word_1_71' title='bbox 652 561 786 592; x_wconf 76' lang='lat' dir='ltr'><strong>quomodo</strong></span> <span class='ocrx_word' id='word_1_72' title='bbox 805 559 876 594; x_wconf 85' lang='lat' dir='ltr'><strong>quis,</strong></span> <span class='ocrx_word' id='word_1_73' title='bbox 906 560 956 587; x_wconf 86' lang='lat' dir='ltr'><strong>nisi</strong></span> <span class='ocrx_word' id='word_1_74' title='bbox 980 559 1062 587; x_wconf 78' lang='lat' dir='ltr'><strong>fuerit</strong></span> 
     </span>
    </p>
   </div>
   <div class='ocr_carea' id='block_1_10' title="bbox 271 604 1060 640">
    <p class='ocr_par' dir='ltr' id='par_1_10' title="bbox 271 604 1060 640">
     <span class='ocr_line' id='line_1_10' title="bbox 271 604 1060 640; baseline 0 -8"><span class='ocrx_word' id='word_1_75' title='bbox 271 606 356 640; x_wconf 81' lang='lat' dir='ltr'><strong>plane</strong></span> <span class='ocrx_word' id='word_1_76' title='bbox 370 604 441 632; x_wconf 88' lang='lat' dir='ltr'><strong>nullo</strong></span> <span class='ocrx_word' id='word_1_77' title='bbox 452 612 532 632; x_wconf 83' lang='lat' dir='ltr'><strong>sensu</strong></span> <span class='ocrx_word' id='word_1_78' title='bbox 548 605 685 639; x_wconf 67' lang='lat' dir='ltr'><strong>prtcditus,</strong></span> <span class='ocrx_word' id='word_1_79' title='bbox 701 609 728 631; x_wconf 88' lang='lat' dir='ltr'><strong>et</strong></span> <span class='ocrx_word' id='word_1_80' title='bbox 742 605 821 639; x_wconf 87' lang='lat' dir='ltr'><strong>plane</strong></span> <span class='ocrx_word' id='word_1_81' title='bbox 838 605 886 632; x_wconf 84' lang='lat' dir='ltr'><strong>bos</strong></span> <span class='ocrx_word' id='word_1_82' title='bbox 902 610 928 632; x_wconf 91' lang='lat' dir='ltr'><strong>ct</strong></span> <span class='ocrx_word' id='word_1_83' title='bbox 955 605 1060 638; x_wconf 79' lang='lat' dir='ltr'><strong>asinus,</strong></span> 
     </span>
    </p>
   </div>
   <div class='ocr_carea' id='block_1_11' title="bbox 276 649 1061 685">
    <p class='ocr_par' dir='ltr' id='par_1_11' title="bbox 276 649 1061 685">
     <span class='ocr_line' id='line_1_11' title="bbox 276 649 1061 685; baseline 0 -7"><span class='ocrx_word' id='word_1_84' title='bbox 276 652 320 684; x_wconf 91' lang='lat' dir='ltr'><strong>iis,</strong></span> <span class='ocrx_word' id='word_1_85' title='bbox 335 659 394 685; x_wconf 74' lang='lat' dir='ltr'><strong>qua:</strong></span> <span class='ocrx_word' id='word_1_86' title='bbox 406 650 464 685; x_wconf 89' lang='lat' dir='ltr'><strong>ipse</strong></span> <span class='ocrx_word' id='word_1_87' title='bbox 473 655 515 677; x_wconf 83' lang='lat' dir='ltr'><strong>est</strong></span> <span class='ocrx_word' id='word_1_88' title='bbox 527 649 685 681; x_wconf 77' lang='lat' dir='ltr'><strong>fabricatus,</strong></span> <span class='ocrx_word' id='word_1_89' title='bbox 696 649 824 677; x_wconf 83' lang='lat' dir='ltr'><strong>honorem</strong></span> <span class='ocrx_word' id='word_1_90' title='bbox 842 650 985 677; x_wconf 81' lang='lat' dir='ltr'><strong>tribuerit?</strong></span> <span class='ocrx_word' id='word_1_91' title='bbox 999 659 1061 678; x_wconf 89' lang='lat' dir='ltr'><strong>eum</strong></span> 
     </span>
    </p>
   </div>
   <div class='ocr_carea' id='block_1_12' title="bbox 274 694 1061 730">
    <p class='ocr_par' dir='ltr' id='par_1_12' title="bbox 274 694 1061 730">
     <span class='ocr_line' id='line_1_12' title="bbox 274 694 1061 730; baseline 0 -7"><span class='ocrx_word' id='word_1_92' title='bbox 274 695 468 730; x_wconf 84' lang='lat' dir='ltr'><strong>oporteretan</strong></span> <span class='ocrx_word' id='word_1_93' title='bbox 487 695 572 728; x_wconf 79' lang='lat' dir='ltr'><strong>magis</strong></span> <span class='ocrx_word' id='word_1_94' title='bbox 583 701 648 721; x_wconf 90' lang='lat' dir='ltr'><strong>suos</strong></span> <span class='ocrx_word' id='word_1_95' title='bbox 665 695 798 721; x_wconf 83' lang='lat' dir='ltr'><strong>honorare</strong></span> <span class='ocrx_word' id='word_1_96' title='bbox 809 694 932 729; x_wconf 82' lang='lat' dir='ltr'><strong>opiﬁces.</strong></span> <span class='ocrx_word' id='word_1_97' title='bbox 951 695 974 722; x_wconf 87' lang='lat' dir='ltr'><strong>si</strong></span> <span class='ocrx_word' id='word_1_98' title='bbox 998 696 1061 730; x_wconf 88' lang='lat' dir='ltr'><strong>quis</strong></span> 
     </span>
    </p>
   </div>
   <div class='ocr_carea' id='block_1_13' title="bbox 273 740 1060 775">
    <p class='ocr_par' dir='ltr' id='par_1_13' title="bbox 273 740 1060 775">
     <span class='ocr_line' id='line_1_13' title="bbox 273 740 1060 775; baseline 0.001 -7"><span class='ocrx_word' id='word_1_99' title='bbox 273 742 377 769; x_wconf 85' lang='lat' dir='ltr'><strong>inesset</strong></span> <span class='ocrx_word' id='word_1_100' title='bbox 405 741 445 768; x_wconf 85' lang='lat' dir='ltr'><strong>eis</strong></span> <span class='ocrx_word' id='word_1_101' title='bbox 473 740 736 773; x_wconf 77' lang='lat' dir='ltr'><strong>settsus?Quoniatn</strong></span> <span class='ocrx_word' id='word_1_102' title='bbox 767 747 832 775; x_wconf 82' lang='lat' dir='ltr'><strong>ergo</strong></span> <span class='ocrx_word' id='word_1_103' title='bbox 860 741 1002 770; x_wconf 79' lang='lat' dir='ltr'><strong>confessus</strong></span> <span class='ocrx_word' id='word_1_104' title='bbox 1019 749 1060 775; x_wconf 84' lang='lat' dir='ltr'><strong>es,</strong></span> 
     </span>
    </p>
   </div>
   <div class='ocr_carea' id='block_1_14' title="bbox 275 784 1061 820">
    <p class='ocr_par' dir='ltr' id='par_1_14' title="bbox 275 784 1061 820">
     <span class='ocr_line' id='line_1_14' title="bbox 275 784 1061 820; baseline 0.001 -9"><span class='ocrx_word' id='word_1_105' title='bbox 275 793 324 812; x_wconf 91' lang='lat' dir='ltr'><strong>nos</strong></span> <span class='ocrx_word' id='word_1_106' title='bbox 342 792 405 812; x_wconf 88' lang='lat' dir='ltr'><strong>esse</strong></span> <span class='ocrx_word' id='word_1_107' title='bbox 417 784 624 819; x_wconf 56' lang='lat' dir='ltr'><strong>,intelligeutes,</strong></span> <span class='ocrx_word' id='word_1_108' title='bbox 639 788 666 810; x_wconf 91' lang='lat' dir='ltr'><strong>et</strong></span> <span class='ocrx_word' id='word_1_109' title='bbox 682 784 747 816; x_wconf 89' lang='lat' dir='ltr'><strong>scis,</strong></span> <span class='ocrx_word' id='word_1_110' title='bbox 762 785 832 818; x_wconf 87' lang='lat' dir='ltr'><strong>quod</strong></span> <span class='ocrx_word' id='word_1_111' title='bbox 846 785 939 817; x_wconf 88' lang='lat' dir='ltr'><strong>hotno,</strong></span> <span class='ocrx_word' id='word_1_112' title='bbox 957 785 1003 820; x_wconf 90' lang='lat' dir='ltr'><strong>qui</strong></span> <span class='ocrx_word' id='word_1_113' title='bbox 1020 790 1061 812; x_wconf 82' lang='lat' dir='ltr'><strong>est</strong></span> 
     </span>
    </p>
   </div>
   <div class='ocr_carea' id='block_1_15' title="bbox 274 830 1058 865">
    <p class='ocr_par' dir='ltr' id='par_1_15' title="bbox 274 830 1058 865">
     <span class='ocr_line' id='line_1_15' title="bbox 274 830 1058 865; baseline 0 -8"><span class='ocrx_word' id='word_1_114' title='bbox 274 838 347 857; x_wconf 78' lang='lat' dir='ltr'><strong>sana:</strong></span> <span class='ocrx_word' id='word_1_115' title='bbox 360 830 469 861; x_wconf 81' lang='lat' dir='ltr'><strong>utentis.</strong></span> <span class='ocrx_word' id='word_1_116' title='bbox 487 837 624 864; x_wconf 77' lang='lat' dir='ltr'><strong>nunquam</strong></span> <span class='ocrx_word' id='word_1_117' title='bbox 641 830 748 857; x_wconf 83' lang='lat' dir='ltr'><strong>veritati</strong></span> <span class='ocrx_word' id='word_1_118' title='bbox 766 830 802 863; x_wconf 96' lang='lat' dir='ltr'><strong>id,</strong></span> <span class='ocrx_word' id='word_1_119' title='bbox 813 831 884 865; x_wconf 87' lang='lat' dir='ltr'><strong>quod</strong></span> <span class='ocrx_word' id='word_1_120' title='bbox 897 835 936 858; x_wconf 84' lang='lat' dir='ltr'><strong>est</strong></span> <span class='ocrx_word' id='word_1_121' title='bbox 951 831 1058 864; x_wconf 81' lang='lat' dir='ltr'><strong>falsum,</strong></span> 
     </span>
    </p>
   </div>
   <div class='ocr_carea' id='block_1_16' title="bbox 264 876 1059 911">
    <p class='ocr_par' dir='ltr' id='par_1_16' title="bbox 264 876 1059 911">
     <span class='ocr_line' id='line_1_16' title="bbox 264 876 1059 911; baseline 0.003 -8"><span class='ocrx_word' id='word_1_122' title='bbox 264 876 432 911; x_wconf 68' lang='lat' dir='ltr'><strong>~prmtulerit,</strong></span> <span class='ocrx_word' id='word_1_123' title='bbox 450 877 559 903; x_wconf 86' lang='lat' dir='ltr'><strong>adverte</strong></span> <span class='ocrx_word' id='word_1_124' title='bbox 574 876 706 908; x_wconf 90' lang='lat' dir='ltr'><strong>aninnnu,</strong></span> <span class='ocrx_word' id='word_1_125' title='bbox 724 881 749 903; x_wconf 91' lang='lat' dir='ltr'><strong>et</strong></span> <span class='ocrx_word' id='word_1_126' title='bbox 767 877 799 903; x_wconf 96' lang='lat' dir='ltr'><strong>de</strong></span> <span class='ocrx_word' id='word_1_127' title='bbox 814 883 856 909; x_wconf 87' lang='lat' dir='ltr'><strong>eo,</strong></span> <span class='ocrx_word' id='word_1_128' title='bbox 873 877 917 911; x_wconf 87' lang='lat' dir='ltr'><strong>qui</strong></span> <span class='ocrx_word' id='word_1_129' title='bbox 943 884 1005 905; x_wconf 77' lang='lat' dir='ltr'><strong>vere</strong></span> <span class='ocrx_word' id='word_1_130' title='bbox 1019 883 1059 905; x_wconf 89' lang='lat' dir='ltr'><strong>est</strong></span> 
     </span>
    </p>
   </div>
   <div class='ocr_carea' id='block_1_17' title="bbox 271 922 949 958">
    <p class='ocr_par' dir='ltr' id='par_1_17' title="bbox 271 922 949 958">
     <span class='ocr_line' id='line_1_17' title="bbox 271 922 949 958; baseline -0.001 -7"><span class='ocrx_word' id='word_1_131' title='bbox 271 922 368 958; x_wconf 76' lang='lat' dir='ltr'><strong>Opifex</strong></span> <span class='ocrx_word' id='word_1_132' title='bbox 381 923 581 955; x_wconf 83' lang='lat' dir='ltr'><strong>universorum,</strong></span> <span class='ocrx_word' id='word_1_133' title='bbox 597 923 670 949; x_wconf 85' lang='lat' dir='ltr'><strong>disce</strong></span> <span class='ocrx_word' id='word_1_134' title='bbox 683 930 699 949; x_wconf 85' lang='lat' dir='ltr'><strong>a</strong></span> <span class='ocrx_word' id='word_1_135' title='bbox 718 922 844 949; x_wconf 79' lang='lat' dir='ltr'><strong>veridicis</strong></span> <span class='ocrx_word' id='word_1_136' title='bbox 856 923 949 951; x_wconf 79' lang='lat' dir='ltr'><strong>labris.</strong></span> 
     </span>
    </p>
   </div>
   <div class='ocr_carea' id='block_1_18' title="bbox 309 968 1056 1003">
    <p class='ocr_par' dir='ltr' id='par_1_18' title="bbox 309 968 1056 1003">
     <span class='ocr_line' id='line_1_18' title="bbox 309 968 1056 1003; baseline 0.001 -8"><span class='ocrx_word' id='word_1_137' title='bbox 309 968 354 997; x_wconf 69' lang='lat' dir='ltr'><strong>Vl.</strong></span> <span class='ocrx_word' id='word_1_138' title='bbox 368 968 438 996; x_wconf 82' lang='lat' dir='ltr'><strong>Deus</strong></span> <span class='ocrx_word' id='word_1_139' title='bbox 454 973 548 1003; x_wconf 76' lang='lat' dir='ltr'><strong>suapte</strong></span> <span class='ocrx_word' id='word_1_140' title='bbox 560 972 657 995; x_wconf 83' lang='lat' dir='ltr'><strong>natura</strong></span> <span class='ocrx_word' id='word_1_141' title='bbox 673 976 724 995; x_wconf 91' lang='lat' dir='ltr'><strong>non</strong></span> <span class='ocrx_word' id='word_1_142' title='bbox 740 972 830 1003; x_wconf 93' lang='lat' dir='ltr'><strong>potest</strong></span> <span class='ocrx_word' id='word_1_143' title='bbox 850 968 1035 996; x_wconf 80' lang='lat' dir='ltr'><strong>circumscribi</strong></span> <span class='ocrx_word' id='word_1_144' title='bbox 1049 977 1056 996; x_wconf 86' lang='lat'><strong>:</strong></span> 
     </span>
    </p>
   </div>
   <div class='ocr_carea' id='block_1_19' title="bbox 272 1013 1058 1048">
    <p class='ocr_par' dir='ltr' id='par_1_19' title="bbox 272 1013 1058 1048">
     <span class='ocr_line' id='line_1_19' title="bbox 272 1013 1058 1048; baseline 0 -6"><span class='ocrx_word' id='word_1_145' title='bbox 272 1020 313 1042; x_wconf 81' lang='lat' dir='ltr'><strong>est</strong></span> <span class='ocrx_word' id='word_1_146' title='bbox 325 1014 396 1042; x_wconf 86' lang='lat' dir='ltr'><strong>enim</strong></span> <span class='ocrx_word' id='word_1_147' title='bbox 408 1014 552 1048; x_wconf 75' lang='lat' dir='ltr'><strong>ejusmodi.</strong></span> <span class='ocrx_word' id='word_1_148' title='bbox 568 1019 596 1040; x_wconf 91' lang='lat' dir='ltr'><strong>ttt</strong></span> <span class='ocrx_word' id='word_1_149' title='bbox 606 1014 631 1040; x_wconf 93' lang='lat' dir='ltr'><strong>in</strong></span> <span class='ocrx_word' id='word_1_150' title='bbox 646 1023 706 1040; x_wconf 81' lang='lat' dir='ltr'><strong>cum</strong></span> <span class='ocrx_word' id='word_1_151' title='bbox 720 1021 773 1041; x_wconf 88' lang='lat' dir='ltr'><strong>nou</strong></span> <span class='ocrx_word' id='word_1_152' title='bbox 787 1013 866 1041; x_wconf 89' lang='lat' dir='ltr'><strong>cadat</strong></span> <span class='ocrx_word' id='word_1_153' title='bbox 881 1014 991 1042; x_wconf 82' lang='lat' dir='ltr'><strong>Omnino</strong></span> <span class='ocrx_word' id='word_1_154' title='bbox 1006 1015 1058 1042; x_wconf 87' lang='lat' dir='ltr'><strong>cir-</strong></span> 
     </span>
    </p>
   </div>
   <div class='ocr_carea' id='block_1_20' title="bbox 272 1060 1058 1096">
    <p class='ocr_par' dir='ltr' id='par_1_20' title="bbox 272 1060 1058 1096">
     <span class='ocr_line' id='line_1_20' title="bbox 272 1060 1058 1096; baseline 0 -8"><span class='ocrx_word' id='word_1_155' title='bbox 272 1061 460 1096; x_wconf 79' lang='lat' dir='ltr'><strong>cumscriptio,</strong></span> <span class='ocrx_word' id='word_1_156' title='bbox 490 1066 517 1088; x_wconf 86' lang='lat' dir='ltr'><strong>et</strong></span> <span class='ocrx_word' id='word_1_157' title='bbox 539 1064 649 1095; x_wconf 89' lang='lat' dir='ltr'><strong>supcrat</strong></span> <span class='ocrx_word' id='word_1_158' title='bbox 665 1068 784 1093; x_wconf 86' lang='lat' dir='ltr'><strong>onmem,</strong></span> <span class='ocrx_word' id='word_1_159' title='bbox 801 1068 861 1095; x_wconf 67' lang='lat' dir='ltr'><strong>qua:</strong></span> <span class='ocrx_word' id='word_1_160' title='bbox 879 1060 905 1087; x_wconf 90' lang='lat' dir='ltr'><strong>itt</strong></span> <span class='ocrx_word' id='word_1_161' title='bbox 937 1065 1058 1095; x_wconf 85' lang='lat' dir='ltr'><strong>tempore</strong></span> 
     </span>
    </p>
   </div>
   <div class='ocr_carea' id='block_1_21' title="bbox 271 1105 1058 1142">
    <p class='ocr_par' dir='ltr' id='par_1_21' title="bbox 271 1105 1058 1142">
     <span class='ocr_line' id='line_1_21' title="bbox 271 1105 1058 1142; baseline -0.001 -8"><span class='ocrx_word' id='word_1_162' title='bbox 271 1107 427 1142; x_wconf 83' lang='lat' dir='ltr'><strong>suscipitur,</strong></span> <span class='ocrx_word' id='word_1_163' title='bbox 440 1106 640 1142; x_wconf 65' lang='lat' dir='ltr'><strong>cositationem.</strong></span> <span class='ocrx_word' id='word_1_164' title='bbox 651 1105 771 1140; x_wconf 83' lang='lat' dir='ltr'><strong>Namque</strong></span> <span class='ocrx_word' id='word_1_165' title='bbox 784 1110 934 1140; x_wconf 84' lang='lat' dir='ltr'><strong>temporqu</strong></span> <span class='ocrx_word' id='word_1_166' title='bbox 944 1105 1058 1133; x_wconf 85' lang='lat' dir='ltr'><strong>Creator</strong></span> 
     </span>
    </p>
   </div>
   <div class='ocr_carea' id='block_1_22' title="bbox 273 1151 1056 1187">
    <p class='ocr_par' dir='ltr' id='par_1_22' title="bbox 273 1151 1056 1187">
     <span class='ocr_line' id='line_1_22' title="bbox 273 1151 1056 1187; baseline -0.003 -7"><span class='ocrx_word' id='word_1_167' title='bbox 273 1162 325 1180; x_wconf 82' lang='lat' dir='ltr'><strong>non</strong></span> <span class='ocrx_word' id='word_1_168' title='bbox 334 1152 477 1187; x_wconf 75' lang='lat' dir='ltr'><strong>subjicitur</strong></span> <span class='ocrx_word' id='word_1_169' title='bbox 487 1152 609 1186; x_wconf 83' lang='lat' dir='ltr'><strong>tempori.</strong></span> <span class='ocrx_word' id='word_1_170' title='bbox 619 1151 798 1184; x_wconf 78' lang='lat' dir='ltr'><strong>Quamobrem</strong></span> <span class='ocrx_word' id='word_1_171' title='bbox 806 1159 854 1178; x_wconf 85' lang='lat' dir='ltr'><strong>uec</strong></span> <span class='ocrx_word' id='word_1_172' title='bbox 862 1151 1056 1186; x_wconf 71' lang='lat' dir='ltr'><strong>ctepilquidem</strong></span> 
     </span>
    </p>
   </div>
   <div class='ocr_carea' id='block_1_23' title="bbox 272 1197 1054 1232">
    <p class='ocr_par' dir='ltr' id='par_1_23' title="bbox 272 1197 1054 1232">
     <span class='ocr_line' id='line_1_23' title="bbox 272 1197 1054 1232; baseline -0.003 -6"><span class='ocrx_word' id='word_1_173' title='bbox 272 1197 452 1226; x_wconf 68' lang='lat' dir='ltr'><strong>esse.&#39;0ntnia</strong></span> <span class='ocrx_word' id='word_1_174' title='bbox 467 1203 567 1230; x_wconf 84' lang='lat' dir='ltr'><strong>autem,</strong></span> <span class='ocrx_word' id='word_1_175' title='bbox 583 1204 636 1224; x_wconf 86' lang='lat' dir='ltr'><strong>tam</strong></span> <span class='ocrx_word' id='word_1_176' title='bbox 652 1205 711 1232; x_wconf 75' lang='lat' dir='ltr'><strong>qua:</strong></span> <span class='ocrx_word' id='word_1_177' title='bbox 725 1197 776 1225; x_wconf 74' lang='lat' dir='ltr'><strong>sub</strong></span> <span class='ocrx_word' id='word_1_178' title='bbox 790 1202 928 1232; x_wconf 83' lang='lat' dir='ltr'><strong>aspeclunt</strong></span> <span class='ocrx_word' id='word_1_179' title='bbox 946 1199 1054 1231; x_wconf 83' lang='lat' dir='ltr'><strong>cadunt,</strong></span> 
     </span>
    </p>
   </div>
   <div class='ocr_carea' id='block_1_24' title="bbox 272 1243 1054 1279">
    <p class='ocr_par' dir='ltr' id='par_1_24' title="bbox 272 1243 1054 1279">
     <span class='ocr_line' id='line_1_24' title="bbox 272 1243 1054 1279; baseline 0 -9"><span class='ocrx_word' id='word_1_180' title='bbox 272 1252 354 1279; x_wconf 89' lang='lat' dir='ltr'><strong>quant</strong></span> <span class='ocrx_word' id='word_1_181' title='bbox 369 1251 428 1278; x_wconf 79' lang='lat' dir='ltr'><strong>qua:</strong></span> <span class='ocrx_word' id='word_1_182' title='bbox 443 1248 532 1270; x_wconf 87' lang='lat' dir='ltr'><strong>tnonte</strong></span> <span class='ocrx_word' id='word_1_183' title='bbox 545 1243 740 1278; x_wconf 81' lang='lat' dir='ltr'><strong>percipiuntur,</strong></span> <span class='ocrx_word' id='word_1_184' title='bbox 757 1244 789 1270; x_wconf 89' lang='lat' dir='ltr'><strong>ad</strong></span> <span class='ocrx_word' id='word_1_185' title='bbox 815 1244 878 1275; x_wconf 87' lang='lat' dir='ltr'><strong>hoc,</strong></span> <span class='ocrx_word' id='word_1_186' title='bbox 896 1244 967 1278; x_wconf 87' lang='lat' dir='ltr'><strong>quod</strong></span> <span class='ocrx_word' id='word_1_187' title='bbox 991 1244 1054 1277; x_wconf 80' lang='lat' dir='ltr'><strong>sint,</strong></span> 
     </span>
    </p>
   </div>
   <div class='ocr_carea' id='block_1_25' title="bbox 274 1288 1056 1324">
    <p class='ocr_par' dir='ltr' id='par_1_25' title="bbox 274 1288 1056 1324">
     <span class='ocr_line' id='line_1_25' title="bbox 274 1288 1056 1324; baseline 0 -8"><span class='ocrx_word' id='word_1_188' title='bbox 274 1290 411 1324; x_wconf 73' lang='lat' dir='ltr'><strong>produxit.</strong></span> <span class='ocrx_word' id='word_1_189' title='bbox 432 1289 516 1316; x_wconf 87' lang='lat' dir='ltr'><strong>llonto</strong></span> <span class='ocrx_word' id='word_1_190' title='bbox 530 1296 593 1322; x_wconf 81' lang='lat' dir='ltr'><strong>ergo</strong></span> <span class='ocrx_word' id='word_1_191' title='bbox 609 1297 670 1316; x_wconf 86' lang='lat' dir='ltr'><strong>eum</strong></span> <span class='ocrx_word' id='word_1_192' title='bbox 686 1293 756 1316; x_wconf 81' lang='lat' dir='ltr'><strong>esset</strong></span> <span class='ocrx_word' id='word_1_193' title='bbox 781 1296 795 1315; x_wconf 87' lang='lat' dir='ltr'><strong>a</strong></span> <span class='ocrx_word' id='word_1_194' title='bbox 815 1289 868 1316; x_wconf 90' lang='lat' dir='ltr'><strong>Deo</strong></span> <span class='ocrx_word' id='word_1_195' title='bbox 892 1288 1004 1322; x_wconf 74' lang='lat' dir='ltr'><strong>eﬂictus,</strong></span> <span class='ocrx_word' id='word_1_196' title='bbox 1029 1295 1056 1317; x_wconf 83' lang='lat' dir='ltr'><strong>et</strong></span> 
     </span>
    </p>
   </div>
   <div class='ocr_carea' id='block_1_26' title="bbox 271 1334 1056 1370">
    <p class='ocr_par' dir='ltr' id='par_1_26' title="bbox 271 1334 1056 1370">
     <span class='ocr_line' id='line_1_26' title="bbox 271 1334 1056 1370; baseline 0 -8"><span class='ocrx_word' id='word_1_197' title='bbox 271 1335 296 1362; x_wconf 88' lang='lat' dir='ltr'><strong>ci</strong></span> <span class='ocrx_word' id='word_1_198' title='bbox 312 1340 384 1362; x_wconf 79' lang='lat' dir='ltr'><strong>esset</strong></span> <span class='ocrx_word' id='word_1_199' title='bbox 402 1335 530 1362; x_wconf 90' lang='lat' dir='ltr'><strong>tributum</strong></span> <span class='ocrx_word' id='word_1_200' title='bbox 546 1339 574 1361; x_wconf 91' lang='lat' dir='ltr'><strong>ut</strong></span> <span class='ocrx_word' id='word_1_201' title='bbox 592 1334 724 1361; x_wconf 77' lang='lat' dir='ltr'><strong>habitaret</strong></span> <span class='ocrx_word' id='word_1_202' title='bbox 740 1336 905 1370; x_wconf 78' lang='lat' dir='ltr'><strong>paradisum,</strong></span> <span class='ocrx_word' id='word_1_203' title='bbox 919 1341 945 1362; x_wconf 89' lang='lat' dir='ltr'><strong>et</strong></span> <span class='ocrx_word' id='word_1_204' title='bbox 959 1336 1056 1362; x_wconf 86' lang='lat' dir='ltr'><strong>adma-</strong></span> 
     </span>
    </p>
   </div>
   <div class='ocr_carea' id='block_1_27' title="bbox 267 1378 1052 1414">
    <p class='ocr_par' dir='ltr' id='par_1_27' title="bbox 267 1378 1052 1414">
     <span class='ocr_line' id='line_1_27' title="bbox 267 1378 1052 1414; baseline -0.001 -6"><span class='ocrx_word' id='word_1_205' title='bbox 267 1381 334 1413; x_wconf 90' lang='lat' dir='ltr'><strong>joris</strong></span> <span class='ocrx_word' id='word_1_206' title='bbox 346 1378 482 1414; x_wconf 79' lang='lat' dir='ltr'><strong>profectus</strong></span> <span class='ocrx_word' id='word_1_207' title='bbox 493 1379 714 1406; x_wconf 77' lang='lat' dir='ltr'><strong>exercitationem</strong></span> <span class='ocrx_word' id='word_1_208' title='bbox 727 1380 874 1414; x_wconf 86' lang='lat' dir='ltr'><strong>accepisset</strong></span> <span class='ocrx_word' id='word_1_209' title='bbox 884 1381 1052 1414; x_wconf 77' lang='lat' dir='ltr'><strong>mandatum,</strong></span> 
     </span>
    </p>
   </div>
   <div class='ocr_carea' id='block_1_28' title="bbox 271 1424 1052 1458">
    <p class='ocr_par' dir='ltr' id='par_1_28' title="bbox 271 1424 1052 1458">
     <span class='ocr_line' id='line_1_28' title="bbox 271 1424 1052 1458; baseline 0.004 -7"><span class='ocrx_word' id='word_1_210' title='bbox 271 1426 370 1452; x_wconf 82' lang='lat' dir='ltr'><strong>invidia</strong></span> <span class='ocrx_word' id='word_1_211' title='bbox 399 1424 497 1453; x_wconf 87' lang='lat' dir='ltr'><strong>diaboli</strong></span> <span class='ocrx_word' id='word_1_212' title='bbox 527 1424 640 1451; x_wconf 76' lang='lat' dir='ltr'><strong>aﬁ&#39;ectus</strong></span> <span class='ocrx_word' id='word_1_213' title='bbox 665 1425 759 1452; x_wconf 89' lang='lat' dir='ltr'><strong>tnorbo</strong></span> <span class='ocrx_word' id='word_1_214' title='bbox 786 1425 984 1458; x_wconf 83' lang='lat' dir='ltr'><strong>inobedicntia:,</strong></span> <span class='ocrx_word' id='word_1_215' title='bbox 1000 1435 1052 1454; x_wconf 85' lang='lat' dir='ltr'><strong>non</strong></span> 
     </span>
    </p>
   </div>
   <div class='ocr_carea' id='block_1_29' title="bbox 269 1469 1054 1504">
    <p class='ocr_par' dir='ltr' id='par_1_29' title="bbox 269 1469 1054 1504">
     <span class='ocr_line' id='line_1_29' title="bbox 269 1469 1054 1504; baseline 0.004 -9"><span class='ocrx_word' id='word_1_216' title='bbox 269 1478 349 1504; x_wconf 82' lang='lat' dir='ltr'><strong>posse</strong></span> <span class='ocrx_word' id='word_1_217' title='bbox 374 1469 497 1501; x_wconf 89' lang='lat' dir='ltr'><strong>interire,</strong></span> <span class='ocrx_word' id='word_1_218' title='bbox 515 1469 676 1504; x_wconf 84' lang='lat' dir='ltr'><strong>permutavit</strong></span> <span class='ocrx_word' id='word_1_219' title='bbox 695 1469 804 1497; x_wconf 90' lang='lat' dir='ltr'><strong>interitu</strong></span> <span class='ocrx_word' id='word_1_220' title='bbox 820 1479 828 1497; x_wconf 87' lang='lat'><strong>:</strong></span> <span class='ocrx_word' id='word_1_221' title='bbox 845 1475 874 1498; x_wconf 86' lang='lat' dir='ltr'><strong>et</strong></span> <span class='ocrx_word' id='word_1_222' title='bbox 888 1479 949 1497; x_wconf 90' lang='lat' dir='ltr'><strong>cum</strong></span> <span class='ocrx_word' id='word_1_223' title='bbox 965 1473 1054 1498; x_wconf 77' lang='lat' dir='ltr'><strong>carnis</strong></span> 
     </span>
    </p>
   </div>
   <div class='ocr_carea' id='block_1_30' title="bbox 935 137 1258 170">
    <p class='ocr_par' dir='ltr' id='par_1_30' title="bbox 935 137 1258 170">
     <span class='ocr_line' id='line_1_30' title="bbox 935 137 1258 170; baseline 0.009 -3"><span class='ocrx_word' id='word_1_224' title='bbox 935 137 1077 168; x_wconf 83' lang='lat' dir='ltr'><strong>MENSIS</strong></span> <span class='ocrx_word' id='word_1_225' title='bbox 1095 138 1258 170; x_wconf 78' lang='lat' dir='ltr'><strong>APRlLlS.</strong></span> 
     </span>
    </p>
   </div>
   <div class='ocr_carea' id='block_1_31' title="bbox 1855 140 1910 171">
    <p class='ocr_par' dir='ltr' id='par_1_31' title="bbox 1855 140 1910 171">
     <span class='ocr_line' id='line_1_31' title="bbox 1855 140 1910 171; baseline 0 -1"><span class='ocrx_word' id='word_1_226' title='bbox 1855 140 1910 171; x_wconf 79' lang='lat'><strong>112</strong></span> 
     </span>
    </p>
   </div>
   <div class='ocr_carea' id='block_1_32' title="bbox 1081 197 1908 240">
    <p class='ocr_par' dir='ltr' id='par_1_32' title="bbox 1081 197 1908 240">
     <span class='ocr_line' id='line_1_32' title="bbox 1081 197 1908 240; baseline 0.001 -10"><span class='ocrx_word' id='word_1_227' title='bbox 1081 197 1101 222; x_wconf 68' lang='grc' dir='ltr'>Α</span> <span class='ocrx_word' id='word_1_228' title='bbox 1118 203 1150 230; x_wconf 73' lang='grc' dir='ltr'>σὺ</span> <span class='ocrx_word' id='word_1_229' title='bbox 1162 205 1225 235; x_wconf 66' lang='grc' dir='ltr'>τοὺς</span> <span class='ocrx_word' id='word_1_230' title='bbox 1242 204 1306 239; x_wconf 75' lang='grc' dir='ltr'>παρ’</span> <span class='ocrx_word' id='word_1_231' title='bbox 1324 204 1387 238; x_wconf 80' lang='grc' dir='ltr'>ὗμιν</span> <span class='ocrx_word' id='word_1_232' title='bbox 1403 204 1579 238; x_wconf 67' lang='grc' dir='ltr'>τιμωμένους</span> <span class='ocrx_word' id='word_1_233' title='bbox 1594 203 1672 235; x_wconf 69' lang='grc' dir='ltr'>θεοὺς</span> <span class='ocrx_word' id='word_1_234' title='bbox 1688 203 1765 230; x_wconf 72' lang='grc' dir='ltr'>οὐδὲν</span> <span class='ocrx_word' id='word_1_235' title='bbox 1782 204 1878 240; x_wconf 71' lang='grc' dir='ltr'>ἕτερον</span> <span class='ocrx_word' id='word_1_236' title='bbox 1892 206 1908 240; x_wconf 79' lang='grc' dir='ltr'>ἦ</span> 
     </span>
    </p>
   </div>
   <div class='ocr_carea' id='block_1_33' title="bbox 1117 247 1907 283">
    <p class='ocr_par' dir='ltr' id='par_1_33' title="bbox 1117 247 1907 283">
     <span class='ocr_line' id='line_1_33' title="bbox 1117 247 1907 283; baseline 0.001 -10"><span class='ocrx_word' id='word_1_237' title='bbox 1117 248 1185 282; x_wconf 81' lang='grc' dir='ltr'>ἔργα</span> <span class='ocrx_word' id='word_1_238' title='bbox 1197 249 1297 283; x_wconf 85' lang='grc' dir='ltr'>χειρῶν</span> <span class='ocrx_word' id='word_1_239' title='bbox 1313 247 1466 283; x_wconf 76' lang='grc' dir='ltr'>ἀνθρώπων</span> <span class='ocrx_word' id='word_1_240' title='bbox 1490 248 1582 283; x_wconf 66' lang='grc' dir='ltr'>ἀψυχα</span> <span class='ocrx_word' id='word_1_241' title='bbox 1607 249 1654 274; x_wconf 69' lang='grc' dir='ltr'><strong>καὶ</strong></span> <span class='ocrx_word' id='word_1_242' title='bbox 1668 248 1757 282; x_wconf 70' lang='grc' dir='ltr'>κωφὰ,</span> <span class='ocrx_word' id='word_1_243' title='bbox 1774 249 1804 275; x_wconf 76' lang='grc' dir='ltr'><strong>ού</strong></span> <span class='ocrx_word' id='word_1_244' title='bbox 1823 249 1907 283; x_wconf 83' lang='grc' dir='ltr'>μόνον</span> 
     </span>
    </p>
   </div>
   <div class='ocr_carea' id='block_1_34' title="bbox 1115 291 1908 326">
    <p class='ocr_par' dir='ltr' id='par_1_34' title="bbox 1115 291 1908 326">
     <span class='ocr_line' id='line_1_34' title="bbox 1115 291 1908 326; baseline 0 -8"><span class='ocrx_word' id='word_1_245' title='bbox 1115 292 1206 324; x_wconf 78' lang='grc' dir='ltr'>ἄλλοις</span> <span class='ocrx_word' id='word_1_246' title='bbox 1231 292 1285 319; x_wconf 81' lang='grc' dir='ltr'><strong>οὐδ’</strong></span> <span class='ocrx_word' id='word_1_247' title='bbox 1300 291 1400 325; x_wconf 80' lang='grc' dir='ltr'><strong>ὁτιοῦν,</strong></span> <span class='ocrx_word' id='word_1_248' title='bbox 1432 291 1500 318; x_wconf 81' lang='grc' dir='ltr'><strong>ἀλλά</strong></span> <span class='ocrx_word' id='word_1_249' title='bbox 1532 291 1579 318; x_wconf 79' lang='grc' dir='ltr'>καὶ</span> <span class='ocrx_word' id='word_1_250' title='bbox 1606 292 1712 322; x_wconf 77' lang='grc' dir='ltr'>ἑαυτοῖς</span> <span class='ocrx_word' id='word_1_251' title='bbox 1730 291 1863 326; x_wconf 75' lang='grc' dir='ltr'>βοηθῆσαι</span> <span class='ocrx_word' id='word_1_252' title='bbox 1876 292 1908 318; x_wconf 79' lang='grc' dir='ltr'>τὸ</span> 
     </span>
    </p>
   </div>
   <div class='ocr_carea' id='block_1_35' title="bbox 1116 330 1928 372">
    <p class='ocr_par' dir='ltr' id='par_1_35' title="bbox 1116 330 1928 372">
     <span class='ocr_line' id='line_1_35' title="bbox 1116 330 1928 372; baseline -0.002 -8"><span class='ocrx_word' id='word_1_253' title='bbox 1116 338 1247 372; x_wconf 81' lang='grc' dir='ltr'>παράπαν</span> <span class='ocrx_word' id='word_1_254' title='bbox 1260 337 1290 363; x_wconf 85' lang='grc' dir='ltr'>οὐ</span> <span class='ocrx_word' id='word_1_255' title='bbox 1312 337 1490 371; x_wconf 77' lang='grc' dir='ltr'><strong>δυναμένους.</strong></span> <span class='ocrx_word' id='word_1_256' title='bbox 1522 336 1554 363; x_wconf 85' lang='grc' dir='ltr'><strong>Εἰ</strong></span> <span class='ocrx_word' id='word_1_257' title='bbox 1569 337 1659 362; x_wconf 84' lang='grc' dir='ltr'>τοίνυν</span> <span class='ocrx_word' id='word_1_258' title='bbox 1685 335 1829 370; x_wconf 81' lang='grc' dir='ltr'>ἄνθρωπος</span> <span class='ocrx_word' id='word_1_259' title='bbox 1854 337 1906 370; x_wconf 65' lang='grc' dir='ltr'>μιν</span> <span class='ocrx_word' id='word_1_260' title='bbox 1925 330 1928 334; x_wconf 65' lang='grc'><strong>’</strong></span> 
     </span>
    </p>
   </div>
   <div class='ocr_carea' id='block_1_36' title="bbox 1115 381 1905 418">
    <p class='ocr_par' dir='ltr' id='par_1_36' title="bbox 1115 381 1905 418">
     <span class='ocr_line' id='line_1_36' title="bbox 1115 381 1905 418; baseline -0.004 -8"><span class='ocrx_word' id='word_1_261' title='bbox 1115 383 1238 418; x_wconf 76' lang='grc' dir='ltr'>πλάσμα,</span> <span class='ocrx_word' id='word_1_262' title='bbox 1255 383 1273 409; x_wconf 80' lang='grc' dir='ltr'><strong>ἃ.</strong></span> <span class='ocrx_word' id='word_1_263' title='bbox 1289 383 1318 409; x_wconf 72' lang='grc' dir='ltr'><strong>δὲ</strong></span> <span class='ocrx_word' id='word_1_264' title='bbox 1331 383 1411 418; x_wconf 83' lang='grc' dir='ltr'><strong>ὑμεῖς</strong></span> <span class='ocrx_word' id='word_1_265' title='bbox 1428 381 1526 410; x_wconf 77' lang='grc' dir='ltr'>εἴδωλα</span> <span class='ocrx_word' id='word_1_266' title='bbox 1553 383 1744 416; x_wconf 71' lang='grc' dir='ltr'><strong>προσκυνεῖτε,</strong></span> <span class='ocrx_word' id='word_1_267' title='bbox 1762 381 1905 416; x_wconf 74' lang='grc' dir='ltr'>ἀνθρωπίο</span> 
     </span>
    </p>
   </div>
   <div class='ocr_carea' id='block_1_37' title="bbox 1114 427 1904 465">
    <p class='ocr_par' dir='ltr' id='par_1_37' title="bbox 1114 427 1904 465">
     <span class='ocr_line' id='line_1_37' title="bbox 1114 427 1904 465; baseline -0.003 -10"><span class='ocrx_word' id='word_1_268' title='bbox 1114 438 1164 465; x_wconf 87' lang='grc' dir='ltr'><strong>νης</strong></span> <span class='ocrx_word' id='word_1_269' title='bbox 1180 429 1249 455; x_wconf 68' lang='grc' dir='ltr'>εἰςιν</span> <span class='ocrx_word' id='word_1_270' title='bbox 1261 429 1331 464; x_wconf 79' lang='grc' dir='ltr'>ἔργα</span> <span class='ocrx_word' id='word_1_271' title='bbox 1347 428 1449 463; x_wconf 77' lang='grc' dir='ltr'>χειρὸς,</span> <span class='ocrx_word' id='word_1_272' title='bbox 1466 428 1524 459; x_wconf 83' lang='grc' dir='ltr'>πῶς</span> <span class='ocrx_word' id='word_1_273' title='bbox 1541 428 1573 454; x_wconf 78' lang='grc' dir='ltr'><strong>ἀν</strong></span> <span class='ocrx_word' id='word_1_274' title='bbox 1585 436 1636 458; x_wconf 80' lang='grc' dir='ltr'>τις.</span> <span class='ocrx_word' id='word_1_275' title='bbox 1653 428 1677 453; x_wconf 80' lang='grc' dir='ltr'>εἰ</span> <span class='ocrx_word' id='word_1_276' title='bbox 1695 427 1733 462; x_wconf 84' lang='grc' dir='ltr'>μὴ</span> <span class='ocrx_word' id='word_1_277' title='bbox 1751 427 1812 454; x_wconf 82' lang='grc' dir='ltr'>λίαν</span> <span class='ocrx_word' id='word_1_278' title='bbox 1825 428 1904 454; x_wconf 84' lang='grc' dir='ltr'>ἀναί-</span> 
     </span>
    </p>
   </div>
   <div class='ocr_carea' id='block_1_38' title="bbox 1114 471 1904 509">
    <p class='ocr_par' dir='ltr' id='par_1_38' title="bbox 1114 471 1904 509">
     <span class='ocr_line' id='line_1_38' title="bbox 1114 471 1904 509; baseline -0.001 -9"><span class='ocrx_word' id='word_1_279' title='bbox 1114 475 1212 509; x_wconf 78' lang='grc' dir='ltr'>σθητος</span> <span class='ocrx_word' id='word_1_280' title='bbox 1223 475 1279 508; x_wconf 81' lang='grc' dir='ltr'>εἴη,</span> <span class='ocrx_word' id='word_1_281' title='bbox 1293 476 1339 501; x_wconf 78' lang='grc' dir='ltr'>καὶ</span> <span class='ocrx_word' id='word_1_282' title='bbox 1355 474 1418 509; x_wconf 82' lang='grc' dir='ltr'>βοῦς</span> <span class='ocrx_word' id='word_1_283' title='bbox 1433 474 1595 508; x_wconf 66' lang='grc' dir='ltr'>αὐτόχρημα</span> <span class='ocrx_word' id='word_1_284' title='bbox 1614 473 1660 499; x_wconf 73' lang='grc' dir='ltr'>καὶ</span> <span class='ocrx_word' id='word_1_285' title='bbox 1677 473 1748 504; x_wconf 75' lang='grc' dir='ltr'>ὗνος,</span> <span class='ocrx_word' id='word_1_286' title='bbox 1764 474 1819 504; x_wconf 81' lang='grc' dir='ltr'>τοῖς</span> <span class='ocrx_word' id='word_1_287' title='bbox 1836 471 1904 508; x_wconf 79' lang='grc' dir='ltr'>παρ’</span> 
     </span>
    </p>
   </div>
   <div class='ocr_carea' id='block_1_39' title="bbox 1113 518 1904 555">
    <p class='ocr_par' dir='ltr' id='par_1_39' title="bbox 1113 518 1904 555">
     <span class='ocr_line' id='line_1_39' title="bbox 1113 518 1904 555; baseline -0.001 -9"><span class='ocrx_word' id='word_1_288' title='bbox 1113 520 1196 546; x_wconf 78' lang='grc' dir='ltr'>αὑτοῦ</span> <span class='ocrx_word' id='word_1_289' title='bbox 1211 520 1490 555; x_wconf 78' lang='grc' dir='ltr'>δεδημιουργημένοις</span> <span class='ocrx_word' id='word_1_290' title='bbox 1508 520 1558 554; x_wconf 82' lang='grc' dir='ltr'>τὴν</span> <span class='ocrx_word' id='word_1_291' title='bbox 1569 519 1651 553; x_wconf 78' lang='grc' dir='ltr'>τιμὴν</span> <span class='ocrx_word' id='word_1_292' title='bbox 1666 518 1822 553; x_wconf 77' lang='grc' dir='ltr'>ἀπονείμοι,</span> <span class='ocrx_word' id='word_1_293' title='bbox 1841 520 1904 545; x_wconf 77' lang='grc' dir='ltr'>δέον</span> 
     </span>
    </p>
   </div>
   <div class='ocr_carea' id='block_1_40' title="bbox 1112 565 1905 601">
    <p class='ocr_par' dir='ltr' id='par_1_40' title="bbox 1112 565 1905 601">
     <span class='ocr_line' id='line_1_40' title="bbox 1112 565 1905 601; baseline 0 -9"><span class='ocrx_word' id='word_1_294' title='bbox 1112 567 1205 593; x_wconf 77' lang='grc' dir='ltr'>ἐκεῖνα</span> <span class='ocrx_word' id='word_1_295' title='bbox 1222 566 1323 601; x_wconf 75' lang='grc' dir='ltr'>μᾶλλον</span> <span class='ocrx_word' id='word_1_296' title='bbox 1348 567 1411 597; x_wconf 79' lang='grc' dir='ltr'>τοὺς</span> <span class='ocrx_word' id='word_1_297' title='bbox 1434 565 1551 596; x_wconf 87' lang='grc' dir='ltr'>οίκείους</span> <span class='ocrx_word' id='word_1_298' title='bbox 1566 565 1649 600; x_wconf 82' lang='grc' dir='ltr'>τιμᾷν</span> <span class='ocrx_word' id='word_1_299' title='bbox 1665 565 1862 600; x_wconf 76' lang='grc' dir='ltr'>δημιουργοὺς,</span> <span class='ocrx_word' id='word_1_300' title='bbox 1878 566 1905 592; x_wconf 69' lang='lat' dir='ltr'><strong>at</strong></span> 
     </span>
    </p>
   </div>
   <div class='ocr_carea' id='block_1_41' title="bbox 1111 611 1902 647">
    <p class='ocr_par' dir='ltr' id='par_1_41' title="bbox 1111 611 1902 647">
     <span class='ocr_line' id='line_1_41' title="bbox 1111 611 1902 647; baseline -0.004 -8"><span class='ocrx_word' id='word_1_301' title='bbox 1111 621 1154 644; x_wconf 82' lang='grc' dir='ltr'><strong>τις</strong></span> <span class='ocrx_word' id='word_1_302' title='bbox 1176 613 1268 644; x_wconf 73' lang='grc' dir='ltr'>αὐτοῖς</span> <span class='ocrx_word' id='word_1_303' title='bbox 1281 612 1427 647; x_wconf 79' lang='grc' dir='ltr'>αἴσθησις;</span> <span class='ocrx_word' id='word_1_304' title='bbox 1450 612 1559 646; x_wconf 77' lang='grc' dir='ltr'>Ἐπειδὴ</span> <span class='ocrx_word' id='word_1_305' title='bbox 1574 611 1663 637; x_wconf 77' lang='grc' dir='ltr'>τοίνυν</span> <span class='ocrx_word' id='word_1_306' title='bbox 1684 611 1810 642; x_wconf 73' lang='grc' dir='ltr'>συνετοὺς</span> <span class='ocrx_word' id='word_1_307' title='bbox 1825 612 1902 646; x_wconf 75' lang='grc' dir='ltr'>ἡμᾶς</span> 
     </span>
    </p>
   </div>
   <div class='ocr_carea' id='block_1_42' title="bbox 1110 657 1902 695">
    <p class='ocr_par' dir='ltr' id='par_1_42' title="bbox 1110 657 1902 695">
     <span class='ocr_line' id='line_1_42' title="bbox 1110 657 1902 695; baseline -0.001 -9"><span class='ocrx_word' id='word_1_308' title='bbox 1110 659 1291 695; x_wconf 75' lang='grc' dir='ltr'><strong>ὡμολόγησας</strong></span> <span class='ocrx_word' id='word_1_309' title='bbox 1306 660 1353 686; x_wconf 77' lang='grc' dir='ltr'>καὶ</span> <span class='ocrx_word' id='word_1_310' title='bbox 1365 657 1439 690; x_wconf 80' lang='grc' dir='ltr'>οἶδας</span> <span class='ocrx_word' id='word_1_311' title='bbox 1451 657 1488 690; x_wconf 83' lang='grc' dir='ltr'><strong>ὡς</strong></span> <span class='ocrx_word' id='word_1_312' title='bbox 1501 658 1551 685; x_wconf 82' lang='grc' dir='ltr'>οὐκ</span> <span class='ocrx_word' id='word_1_313' title='bbox 1563 658 1595 685; x_wconf 73' lang='grc' dir='ltr'>ἄν</span> <span class='ocrx_word' id='word_1_314' title='bbox 1611 666 1676 684; x_wconf 81' lang='grc' dir='ltr'>ποτε</span> <span class='ocrx_word' id='word_1_315' title='bbox 1692 658 1792 693; x_wconf 70' lang='grc' dir='ltr'>φρενὸς</span> <span class='ocrx_word' id='word_1_316' title='bbox 1806 658 1902 692; x_wconf 77' lang='grc' dir='ltr'>ὑγιοῦς</span> 
     </span>
    </p>
   </div>
   <div class='ocr_carea' id='block_1_43' title="bbox 1111 703 1900 740">
    <p class='ocr_par' dir='ltr' id='par_1_43' title="bbox 1111 703 1900 740">
     <span class='ocr_line' id='line_1_43' title="bbox 1111 703 1900 740; baseline -0.001 -8"><span class='ocrx_word' id='word_1_317' title='bbox 1111 705 1255 740; x_wconf 79' lang='grc' dir='ltr'>ἄνθρωπος</span> <span class='ocrx_word' id='word_1_318' title='bbox 1277 704 1374 740; x_wconf 72' lang='grc' dir='ltr'>ψεῦδος</span> <span class='ocrx_word' id='word_1_319' title='bbox 1406 704 1468 731; x_wconf 76' lang='grc' dir='ltr'>ἀντὶ</span> <span class='ocrx_word' id='word_1_320' title='bbox 1494 704 1545 739; x_wconf 80' lang='grc' dir='ltr'>τῆς</span> <span class='ocrx_word' id='word_1_321' title='bbox 1579 703 1712 737; x_wconf 77' lang='grc' dir='ltr'>ἀληθείας</span> <span class='ocrx_word' id='word_1_322' title='bbox 1745 704 1900 739; x_wconf 75' lang='grc' dir='ltr'><strong>προέλοιτο,</strong></span> 
     </span>
    </p>
   </div>
   <div class='ocr_carea' id='block_1_44' title="bbox 1111 749 1900 786">
    <p class='ocr_par' dir='ltr' id='par_1_44' title="bbox 1111 749 1900 786">
     <span class='ocr_line' id='line_1_44' title="bbox 1111 749 1900 786; baseline -0.001 -9"><span class='ocrx_word' id='word_1_323' title='bbox 1111 751 1259 786; x_wconf 75' lang='grc' dir='ltr'>ἐπίστησον</span> <span class='ocrx_word' id='word_1_324' title='bbox 1281 750 1330 786; x_wconf 76' lang='grc' dir='ltr'>τὴν</span> <span class='ocrx_word' id='word_1_325' title='bbox 1358 750 1479 777; x_wconf 79' lang='grc' dir='ltr'>διάνοιαν</span> <span class='ocrx_word' id='word_1_326' title='bbox 1495 749 1588 776; x_wconf 77' lang='grc' dir='ltr'>καὶτὰ</span> <span class='ocrx_word' id='word_1_327' title='bbox 1605 749 1669 784; x_wconf 73' lang='grc' dir='ltr'>περὶ</span> <span class='ocrx_word' id='word_1_328' title='bbox 1692 749 1739 775; x_wconf 86' lang='grc' dir='ltr'>τοῦ</span> <span class='ocrx_word' id='word_1_329' title='bbox 1751 749 1834 781; x_wconf 76' lang='grc' dir='ltr'>ὅντως</span> <span class='ocrx_word' id='word_1_330' title='bbox 1849 750 1900 784; x_wconf 85' lang='grc' dir='ltr'><strong>δη-</strong></span> 
     </span>
    </p>
   </div>
   <div class='ocr_carea' id='block_1_45' title="bbox 1112 794 1900 832">
    <p class='ocr_par' dir='ltr' id='par_1_45' title="bbox 1112 794 1900 832">
     <span class='ocr_line' id='line_1_45' title="bbox 1112 794 1900 832; baseline -0.001 -9"><span class='ocrx_word' id='word_1_331' title='bbox 1112 797 1243 832; x_wconf 72' lang='grc' dir='ltr'>μιουργοῦ</span> <span class='ocrx_word' id='word_1_332' title='bbox 1255 796 1308 823; x_wconf 86' lang='grc' dir='ltr'><strong>τῶν</strong></span> <span class='ocrx_word' id='word_1_333' title='bbox 1323 796 1392 823; x_wconf 81' lang='grc' dir='ltr'>ὅλων</span> <span class='ocrx_word' id='word_1_334' title='bbox 1412 795 1481 822; x_wconf 78' lang='grc' dir='ltr'>Θεοῦ</span> <span class='ocrx_word' id='word_1_335' title='bbox 1500 796 1552 823; x_wconf 76' lang='grc' dir='ltr'>ὑπὸ</span> <span class='ocrx_word' id='word_1_336' title='bbox 1568 794 1677 831; x_wconf 82' lang='grc' dir='ltr'>ἀληθῶν</span> <span class='ocrx_word' id='word_1_337' title='bbox 1693 794 1806 830; x_wconf 81' lang='grc' dir='ltr'>χειλέων</span> <span class='ocrx_word' id='word_1_338' title='bbox 1822 795 1900 822; x_wconf 77' lang='grc' dir='ltr'><strong>διδά-</strong></span> 
     </span>
    </p>
   </div>
   <div class='ocr_carea' id='block_1_46' title="bbox 1075 843 1202 891">
    <p class='ocr_par' dir='ltr' id='par_1_46' title="bbox 1075 843 1202 891">
     <span class='ocr_line' id='line_1_46' title="bbox 1075 843 1202 891; baseline 0.008 -22"><span class='ocrx_word' id='word_1_339' title='bbox 1075 860 1098 891; x_wconf 75' lang='lat' dir='ltr'><strong>B</strong></span> <span class='ocrx_word' id='word_1_340' title='bbox 1111 843 1202 878; x_wconf 85' lang='grc' dir='ltr'>χθητι.</span> 
     </span>
    </p>
   </div>
   <div class='ocr_carea' id='block_1_47' title="bbox 1144 973 1898 1009">
    <p class='ocr_par' dir='ltr' id='par_1_47' title="bbox 1144 973 1898 1009">
     <span class='ocr_line' id='line_1_47' title="bbox 1144 973 1898 1009; baseline -0.001 -7"><span class='ocrx_word' id='word_1_341' title='bbox 1144 975 1190 1008; x_wconf 75' lang='grc' dir='ltr'><strong>ς’.</strong></span> <span class='ocrx_word' id='word_1_342' title='bbox 1206 975 1272 1006; x_wconf 78' lang='grc' dir='ltr'>Θεὸς</span> <span class='ocrx_word' id='word_1_343' title='bbox 1294 973 1325 1000; x_wconf 79' lang='grc' dir='ltr'><strong>ού</strong></span> <span class='ocrx_word' id='word_1_344' title='bbox 1345 974 1449 1009; x_wconf 77' lang='grc' dir='ltr'>πέφυκε</span> <span class='ocrx_word' id='word_1_345' title='bbox 1477 973 1713 1009; x_wconf 71' lang='grc' dir='ltr'><strong>περιγράφεσθαι·</strong></span> <span class='ocrx_word' id='word_1_346' title='bbox 1741 974 1898 1009; x_wconf 79' lang='grc' dir='ltr'>ἀπερίγρα-</span> 
     </span>
    </p>
   </div>
   <div class='ocr_carea' id='block_1_48' title="bbox 1109 1020 1897 1055">
    <p class='ocr_par' dir='ltr' id='par_1_48' title="bbox 1109 1020 1897 1055">
     <span class='ocr_line' id='line_1_48' title="bbox 1109 1020 1897 1055; baseline 0 -8"><span class='ocrx_word' id='word_1_347' title='bbox 1109 1030 1174 1052; x_wconf 78' lang='grc' dir='ltr'>τττος</span> <span class='ocrx_word' id='word_1_348' title='bbox 1189 1021 1243 1055; x_wconf 69' lang='grc' dir='ltr'><strong>γὰρ</strong></span> <span class='ocrx_word' id='word_1_349' title='bbox 1268 1021 1356 1055; x_wconf 81' lang='grc' dir='ltr'>πάντη</span> <span class='ocrx_word' id='word_1_350' title='bbox 1371 1021 1419 1047; x_wconf 74' lang='grc' dir='ltr'>καὶ</span> <span class='ocrx_word' id='word_1_351' title='bbox 1442 1020 1608 1055; x_wconf 74' lang='grc' dir='ltr'>ὑψηλότερος</span> <span class='ocrx_word' id='word_1_352' title='bbox 1626 1020 1757 1055; x_wconf 83' lang='grc' dir='ltr'>χρονικῆς</span> <span class='ocrx_word' id='word_1_353' title='bbox 1783 1021 1897 1055; x_wconf 68' lang='grc' dir='ltr'>ἁπάσης</span> 
     </span>
    </p>
   </div>
   <div class='ocr_carea' id='block_1_49' title="bbox 1107 1065 1897 1101">
    <p class='ocr_par' dir='ltr' id='par_1_49' title="bbox 1107 1065 1897 1101">
     <span class='ocr_line' id='line_1_49' title="bbox 1107 1065 1897 1101; baseline 0.001 -9"><span class='ocrx_word' id='word_1_354' title='bbox 1107 1066 1212 1096; x_wconf 73' lang='grc' dir='ltr'>ἑννοίας</span> <span class='ocrx_word' id='word_1_355' title='bbox 1223 1074 1230 1082; x_wconf 87' lang='grc'>·</span> <span class='ocrx_word' id='word_1_356' title='bbox 1248 1065 1362 1100; x_wconf 83' lang='grc' dir='ltr'>ποιητὴς</span> <span class='ocrx_word' id='word_1_357' title='bbox 1380 1065 1434 1100; x_wconf 75' lang='grc' dir='ltr'>γὰρ</span> <span class='ocrx_word' id='word_1_358' title='bbox 1450 1065 1565 1101; x_wconf 80' lang='grc' dir='ltr'><strong>χρόνων,</strong></span> <span class='ocrx_word' id='word_1_359' title='bbox 1580 1066 1630 1100; x_wconf 81' lang='grc' dir='ltr'><strong>ούχ</strong></span> <span class='ocrx_word' id='word_1_360' title='bbox 1647 1066 1697 1092; x_wconf 77' lang='grc' dir='ltr'><strong>ὑπὸ</strong></span> <span class='ocrx_word' id='word_1_361' title='bbox 1710 1066 1806 1101; x_wconf 74' lang='grc' dir='ltr'>χρόνον</span> <span class='ocrx_word' id='word_1_362' title='bbox 1816 1075 1822 1081; x_wconf 71' lang='grc'><strong><em>⁸</em></strong></span> <span class='ocrx_word' id='word_1_363' title='bbox 1832 1067 1897 1093; x_wconf 71' lang='grc' dir='ltr'>ὅθεν</span> 
     </span>
    </p>
   </div>
   <div class='ocr_carea' id='block_1_50' title="bbox 1107 1107 1896 1146">
    <p class='ocr_par' dir='ltr' id='par_1_50' title="bbox 1107 1107 1896 1146">
     <span class='ocr_line' id='line_1_50' title="bbox 1107 1107 1896 1146; baseline 0 -9"><span class='ocrx_word' id='word_1_364' title='bbox 1107 1111 1168 1138; x_wconf 73' lang='grc' dir='ltr'>οὐδὲ</span> <span class='ocrx_word' id='word_1_365' title='bbox 1186 1110 1233 1137; x_wconf 81' lang='grc' dir='ltr'>τοῦ</span> <span class='ocrx_word' id='word_1_366' title='bbox 1257 1107 1326 1136; x_wconf 78' lang='grc' dir='ltr'>εἶναι</span> <span class='ocrx_word' id='word_1_367' title='bbox 1350 1110 1468 1145; x_wconf 68' lang='grc' dir='ltr'>ἤρξατο·</span> <span class='ocrx_word' id='word_1_368' title='bbox 1489 1110 1578 1137; x_wconf 75' lang='grc' dir='ltr'>πάντα</span> <span class='ocrx_word' id='word_1_369' title='bbox 1603 1110 1631 1136; x_wconf 77' lang='grc' dir='ltr'><strong>δὲ</strong></span> <span class='ocrx_word' id='word_1_370' title='bbox 1651 1110 1685 1136; x_wconf 85' lang='grc' dir='ltr'>τά</span> <span class='ocrx_word' id='word_1_371' title='bbox 1703 1118 1731 1136; x_wconf 86' lang='grc' dir='ltr'><strong>τε</strong></span> <span class='ocrx_word' id='word_1_372' title='bbox 1746 1111 1831 1146; x_wconf 79' lang='grc' dir='ltr'>ὀρατὰ</span> <span class='ocrx_word' id='word_1_373' title='bbox 1846 1111 1896 1137; x_wconf 83' lang='grc' dir='ltr'>καὶ</span> 
     </span>
    </p>
   </div>
   <div class='ocr_carea' id='block_1_51' title="bbox 1107 1154 1896 1191">
    <p class='ocr_par' dir='ltr' id='par_1_51' title="bbox 1107 1154 1896 1191">
     <span class='ocr_line' id='line_1_51' title="bbox 1107 1154 1896 1191; baseline 0 -7"><span class='ocrx_word' id='word_1_374' title='bbox 1107 1157 1240 1191; x_wconf 80' lang='grc' dir='ltr'><strong>νοούμενα</strong></span> <span class='ocrx_word' id='word_1_375' title='bbox 1256 1157 1296 1188; x_wconf 86' lang='grc' dir='ltr'><strong>εἰς</strong></span> <span class='ocrx_word' id='word_1_376' title='bbox 1320 1157 1351 1182; x_wconf 77' lang='grc' dir='ltr'><strong>τὺ</strong></span> <span class='ocrx_word' id='word_1_377' title='bbox 1367 1154 1436 1184; x_wconf 77' lang='grc' dir='ltr'>εἶναι</span> <span class='ocrx_word' id='word_1_378' title='bbox 1452 1157 1533 1189; x_wconf 68' lang='grc' dir='ltr'>αὐτὸς</span> <span class='ocrx_word' id='word_1_379' title='bbox 1552 1157 1726 1191; x_wconf 76' lang='grc' dir='ltr'>παρήγαγεν.</span> <span class='ocrx_word' id='word_1_380' title='bbox 1760 1157 1790 1184; x_wconf 93' lang='lat'><strong>&#39;0</strong></span> <span class='ocrx_word' id='word_1_381' title='bbox 1803 1158 1896 1184; x_wconf 86' lang='grc' dir='ltr'>τοίνυν</span> 
     </span>
    </p>
   </div>
   <div class='ocr_carea' id='block_1_52' title="bbox 1106 1201 1894 1238">
    <p class='ocr_par' dir='ltr' id='par_1_52' title="bbox 1106 1201 1894 1238">
     <span class='ocr_line' id='line_1_52' title="bbox 1106 1201 1894 1238; baseline 0 -8"><span class='ocrx_word' id='word_1_382' title='bbox 1106 1203 1249 1238; x_wconf 78' lang='grc' dir='ltr'>ἄνθρωπος</span> <span class='ocrx_word' id='word_1_383' title='bbox 1265 1202 1380 1238; x_wconf 79' lang='grc' dir='ltr'>πλάσμα</span> <span class='ocrx_word' id='word_1_384' title='bbox 1395 1201 1462 1229; x_wconf 87' lang='grc' dir='ltr'><strong>Θεοῦ</strong></span> <span class='ocrx_word' id='word_1_385' title='bbox 1476 1202 1596 1236; x_wconf 87' lang='grc' dir='ltr'>γεγονὼς</span> <span class='ocrx_word' id='word_1_386' title='bbox 1618 1202 1664 1229; x_wconf 82' lang='grc' dir='ltr'>τὸν</span> <span class='ocrx_word' id='word_1_387' title='bbox 1681 1203 1847 1238; x_wconf 70' lang='grc' dir='ltr'>παράδεισον</span> <span class='ocrx_word' id='word_1_388' title='bbox 1864 1211 1894 1230; x_wconf 76' lang='grc' dir='ltr'><strong>τι</strong></span> 
     </span>
    </p>
   </div>
   <div class='ocr_carea' id='block_1_53' title="bbox 1106 1248 1889 1284">
    <p class='ocr_par' dir='ltr' id='par_1_53' title="bbox 1106 1248 1889 1284">
     <span class='ocr_line' id='line_1_53' title="bbox 1106 1248 1889 1284; baseline -0.004 -8"><span class='ocrx_word' id='word_1_389' title='bbox 1106 1250 1191 1277; x_wconf 80' lang='grc' dir='ltr'>οίκεῖν</span> <span class='ocrx_word' id='word_1_390' title='bbox 1203 1248 1354 1284; x_wconf 70' lang='grc' dir='ltr'>κληρωθεὶς</span> <span class='ocrx_word' id='word_1_391' title='bbox 1365 1248 1412 1274; x_wconf 69' lang='grc' dir='ltr'>καὶ</span> <span class='ocrx_word' id='word_1_392' title='bbox 1425 1248 1514 1275; x_wconf 78' lang='grc' dir='ltr'>λαϐὼν</span> <span class='ocrx_word' id='word_1_393' title='bbox 1530 1248 1639 1283; x_wconf 76' lang='grc' dir='ltr'>ἐντολὴν</span> <span class='ocrx_word' id='word_1_394' title='bbox 1657 1249 1722 1283; x_wconf 83' lang='grc' dir='ltr'>πρὸς</span> <span class='ocrx_word' id='word_1_395' title='bbox 1737 1249 1889 1282; x_wconf 75' lang='grc' dir='ltr'>γυμνασίαν</span> 
     </span>
    </p>
   </div>
   <div class='ocr_carea' id='block_1_54' title="bbox 1106 1293 1897 1331">
    <p class='ocr_par' dir='ltr' id='par_1_54' title="bbox 1106 1293 1897 1331">
     <span class='ocr_line' id='line_1_54' title="bbox 1106 1293 1897 1331; baseline -0.004 -9"><span class='ocrx_word' id='word_1_396' title='bbox 1106 1295 1249 1331; x_wconf 80' lang='grc' dir='ltr'>προκοπῆς</span> <span class='ocrx_word' id='word_1_397' title='bbox 1268 1294 1401 1329; x_wconf 77' lang='grc' dir='ltr'>μείζονος,</span> <span class='ocrx_word' id='word_1_398' title='bbox 1415 1294 1506 1328; x_wconf 69' lang='grc' dir='ltr'>φθόνῳ</span> <span class='ocrx_word' id='word_1_399' title='bbox 1517 1293 1641 1320; x_wconf 75' lang='grc' dir='ltr'>διαϐόλου</span> <span class='ocrx_word' id='word_1_400' title='bbox 1657 1293 1798 1328; x_wconf 74' lang='grc' dir='ltr'>παρακοήν</span> <span class='ocrx_word' id='word_1_401' title='bbox 1814 1294 1897 1328; x_wconf 73' lang='grc' dir='ltr'>νοσή-</span> 
     </span>
    </p>
   </div>
   <div class='ocr_carea' id='block_1_55' title="bbox 1106 1338 1897 1376">
    <p class='ocr_par' dir='ltr' id='par_1_55' title="bbox 1106 1338 1897 1376">
     <span class='ocr_line' id='line_1_55' title="bbox 1106 1338 1897 1376; baseline -0.006 -9"><span class='ocrx_word' id='word_1_402' title='bbox 1106 1349 1167 1372; x_wconf 83' lang='grc' dir='ltr'>σας,</span> <span class='ocrx_word' id='word_1_403' title='bbox 1178 1340 1228 1376; x_wconf 82' lang='grc' dir='ltr'>τὴν</span> <span class='ocrx_word' id='word_1_404' title='bbox 1246 1339 1349 1374; x_wconf 80' lang='grc' dir='ltr'>φθορὰν</span> <span class='ocrx_word' id='word_1_405' title='bbox 1362 1339 1411 1374; x_wconf 79' lang='grc' dir='ltr'>τῆς</span> <span class='ocrx_word' id='word_1_406' title='bbox 1426 1338 1580 1374; x_wconf 80' lang='grc' dir='ltr'>ἀφθαρσίας</span> <span class='ocrx_word' id='word_1_407' title='bbox 1596 1339 1731 1373; x_wconf 70' lang='grc' dir='ltr'>ἠλλάξατο</span> <span class='ocrx_word' id='word_1_408' title='bbox 1745 1338 1792 1365; x_wconf 73' lang='grc' dir='ltr'>καὶ</span> <span class='ocrx_word' id='word_1_409' title='bbox 1808 1338 1897 1372; x_wconf 68' lang='grc' dir='ltr'>θελη-</span> 
     </span>
    </p>
   </div>
   <div class='ocr_carea' id='block_1_56' title="bbox 1106 1382 1894 1422">
    <p class='ocr_par' dir='ltr' id='par_1_56' title="bbox 1106 1382 1894 1422">
     <span class='ocr_line' id='line_1_56' title="bbox 1106 1382 1894 1422; baseline -0.006 -9"><span class='ocrx_word' id='word_1_410' title='bbox 1106 1395 1173 1422; x_wconf 81' lang='grc' dir='ltr'>μασι</span> <span class='ocrx_word' id='word_1_411' title='bbox 1192 1386 1292 1421; x_wconf 82' lang='grc' dir='ltr'>σαρκὸς</span> <span class='ocrx_word' id='word_1_412' title='bbox 1305 1384 1459 1419; x_wconf 63' lang='grc' dir='ltr'>ὑποκύψας,</span> <span class='ocrx_word' id='word_1_413' title='bbox 1473 1384 1525 1410; x_wconf 72' lang='grc' dir='ltr'><strong>ὑπὸ</strong></span> <span class='ocrx_word' id='word_1_414' title='bbox 1544 1385 1623 1418; x_wconf 80' lang='grc' dir='ltr'>χεῖρα</span> <span class='ocrx_word' id='word_1_415' title='bbox 1639 1384 1734 1417; x_wconf 73' lang='grc' dir='ltr'>γέγονε</span> <span class='ocrx_word' id='word_1_416' title='bbox 1751 1383 1790 1417; x_wconf 88' lang='grc' dir='ltr'>τῷ</span> <span class='ocrx_word' id='word_1_417' title='bbox 1805 1382 1894 1409; x_wconf 77' lang='grc' dir='ltr'>θανά-</span> 
     </span>
    </p>
   </div>
   <div class='ocr_carea' id='block_1_57' title="bbox 1104 1427 1894 1467">
    <p class='ocr_par' dir='ltr' id='par_1_57' title="bbox 1104 1427 1894 1467">
     <span class='ocr_line' id='line_1_57' title="bbox 1104 1427 1894 1467; baseline -0.008 -9"><span class='ocrx_word' id='word_1_418' title='bbox 1104 1440 1159 1467; x_wconf 85' lang='grc' dir='ltr'><strong>τῳ·</strong></span> <span class='ocrx_word' id='word_1_419' title='bbox 1179 1431 1227 1458; x_wconf 78' lang='grc' dir='ltr'>καὶ</span> <span class='ocrx_word' id='word_1_420' title='bbox 1240 1432 1254 1457; x_wconf 83' lang='grc' dir='ltr'>ὁ</span> <span class='ocrx_word' id='word_1_421' title='bbox 1279 1432 1329 1466; x_wconf 78' lang='grc' dir='ltr'>τῆς</span> <span class='ocrx_word' id='word_1_422' title='bbox 1347 1430 1496 1465; x_wconf 80' lang='grc' dir='ltr'>βασκανίας</span> <span class='ocrx_word' id='word_1_423' title='bbox 1521 1429 1611 1463; x_wconf 81' lang='grc' dir='ltr'>πατὴρ</span> <span class='ocrx_word' id='word_1_424' title='bbox 1627 1429 1687 1454; x_wconf 72' lang='grc' dir='ltr'>οὐδὲ</span> <span class='ocrx_word' id='word_1_425' title='bbox 1714 1429 1800 1463; x_wconf 69' lang='grc' dir='ltr'>τούτῳ</span> <span class='ocrx_word' id='word_1_426' title='bbox 1818 1427 1894 1462; x_wconf 61' lang='grc' dir='ltr'>μόυῳ</span> 
     </span>
    </p>
   </div>
   <div class='ocr_carea' id='block_1_58' title="bbox 1104 1474 1894 1511">
    <p class='ocr_par' dir='ltr' id='par_1_58' title="bbox 1104 1474 1894 1511">
     <span class='ocr_line' id='line_1_58' title="bbox 1104 1474 1894 1511; baseline -0.008 -7"><span class='ocrx_word' id='word_1_427' title='bbox 1104 1477 1152 1504; x_wconf 86' lang='grc' dir='ltr'>τοῦ</span> <span class='ocrx_word' id='word_1_428' title='bbox 1169 1476 1349 1511; x_wconf 77' lang='grc' dir='ltr'>φθονηθέντος</span> <span class='ocrx_word' id='word_1_429' title='bbox 1363 1475 1486 1510; x_wconf 70' lang='grc' dir='ltr'>ἠρκέσθη</span> <span class='ocrx_word' id='word_1_430' title='bbox 1505 1475 1542 1508; x_wconf 77' lang='grc' dir='ltr'>τῷ</span> <span class='ocrx_word' id='word_1_431' title='bbox 1555 1474 1691 1507; x_wconf 78' lang='grc' dir='ltr'><strong>πτώματι,</strong></span> <span class='ocrx_word' id='word_1_432' title='bbox 1708 1475 1776 1500; x_wconf 71' lang='grc' dir='ltr'>ἀλλὰ.</span> <span class='ocrx_word' id='word_1_433' title='bbox 1793 1474 1838 1500; x_wconf 73' lang='grc' dir='ltr'>καὶ</span> <span class='ocrx_word' id='word_1_434' title='bbox 1851 1475 1894 1505; x_wconf 77' lang='grc' dir='ltr'>εἰς</span> 
     </span>
    </p>
   </div>
   <div class='ocr_carea' id='block_1_59' title="bbox 269 1515 1054 1560">
    <p class='ocr_par' dir='ltr' id='par_1_59' title="bbox 269 1515 1054 1551">
     <span class='ocr_line' id='line_1_59' title="bbox 269 1515 1054 1551; baseline 0.001 -9"><span class='ocrx_word' id='word_1_435' title='bbox 269 1516 398 1543; x_wconf 83' lang='lat' dir='ltr'><strong>subiisset</strong></span> <span class='ocrx_word' id='word_1_436' title='bbox 426 1515 600 1548; x_wconf 84' lang='lat' dir='ltr'><strong>voluntatem,</strong></span> <span class='ocrx_word' id='word_1_437' title='bbox 622 1515 674 1542; x_wconf 92' lang='lat' dir='ltr'><strong>l&#39;uit</strong></span> <span class='ocrx_word' id='word_1_438' title='bbox 701 1515 841 1551; x_wconf 81' lang='lat' dir='ltr'><strong>subjectus</strong></span> <span class='ocrx_word' id='word_1_439' title='bbox 859 1516 950 1543; x_wconf 86' lang='lat' dir='ltr'><strong>morti.</strong></span> <span class='ocrx_word' id='word_1_440' title='bbox 968 1516 1054 1544; x_wconf 71' lang='lat' dir='ltr'><strong>Crete-</strong></span> 
     </span>
    </p>
   </div>
   <div class='ocr_carea' id='block_1_60' title="bbox 1103 1515 1893 1560">
    <p class='ocr_par' dir='ltr' id='par_1_60' title="bbox 1104 1518 1893 1558">
     <span class='ocr_line' id='line_1_60' title="bbox 1104 1518 1893 1558; baseline -0.005 -9"><span class='ocrx_word' id='word_1_441' title='bbox 1104 1523 1201 1558; x_wconf 85' lang='grc' dir='ltr'>λήθην,</span> <span class='ocrx_word' id='word_1_442' title='bbox 1216 1522 1290 1557; x_wconf 74' lang='grc' dir='ltr'>οἶμοι</span> <span class='ocrx_word' id='word_1_443' title='bbox 1301 1522 1307 1548; x_wconf 89' lang='lat' dir='ltr'><strong>i</strong></span> <span class='ocrx_word' id='word_1_444' title='bbox 1320 1521 1387 1548; x_wconf 81' lang='grc' dir='ltr'>Θεοῦ</span> <span class='ocrx_word' id='word_1_445' title='bbox 1404 1521 1466 1551; x_wconf 72' lang='grc' dir='ltr'>τοὺς</span> <span class='ocrx_word' id='word_1_446' title='bbox 1480 1521 1512 1546; x_wconf 76' lang='grc' dir='ltr'>ἐκ</span> <span class='ocrx_word' id='word_1_447' title='bbox 1525 1519 1572 1545; x_wconf 72' lang='grc' dir='ltr'>τοῦ</span> <span class='ocrx_word' id='word_1_448' title='bbox 1584 1518 1665 1544; x_wconf 80' lang='grc' dir='ltr'>αὑτοῦ</span> <span class='ocrx_word' id='word_1_449' title='bbox 1682 1518 1781 1551; x_wconf 68' lang='grc' dir='ltr'>φύντας</span> <span class='ocrx_word' id='word_1_450' title='bbox 1795 1519 1893 1552; x_wconf 74' lang='grc' dir='ltr'>γένους</span> 
     </span>
    </p>
   </div>
   <div class='ocr_carea' id='block_1_61' title="bbox 271 1560 1053 1595">
    <p class='ocr_par' dir='ltr' id='par_1_61' title="bbox 271 1560 1053 1595">
     <span class='ocr_line' id='line_1_61' title="bbox 271 1560 1053 1595; baseline 0.001 -8"><span class='ocrx_word' id='word_1_451' title='bbox 271 1570 330 1588; x_wconf 87' lang='lat' dir='ltr'><strong>rum</strong></span> <span class='ocrx_word' id='word_1_452' title='bbox 361 1565 436 1595; x_wconf 88' lang='lat' dir='ltr'><strong>pater</strong></span> <span class='ocrx_word' id='word_1_453' title='bbox 452 1560 560 1588; x_wconf 73' lang='lat' dir='ltr'><strong>invidiae</strong></span> <span class='ocrx_word' id='word_1_454' title='bbox 573 1568 625 1588; x_wconf 87' lang='lat' dir='ltr'><strong>nott</strong></span> <span class='ocrx_word' id='word_1_455' title='bbox 648 1561 698 1588; x_wconf 77' lang='lat' dir='ltr'><strong>fuit</strong></span> <span class='ocrx_word' id='word_1_456' title='bbox 715 1565 860 1589; x_wconf 88' lang='lat' dir='ltr'><strong>contentus</strong></span> <span class='ocrx_word' id='word_1_457' title='bbox 873 1561 923 1589; x_wconf 90' lang='lat' dir='ltr'><strong>hoc</strong></span> <span class='ocrx_word' id='word_1_458' title='bbox 940 1561 998 1588; x_wconf 83' lang='lat' dir='ltr'><strong>solo</strong></span> <span class='ocrx_word' id='word_1_459' title='bbox 1015 1562 1053 1588; x_wconf 89' lang='lat' dir='ltr'><strong>la-</strong></span> 
     </span>
    </p>
   </div>
   <div class='ocr_carea' id='block_1_62' title="bbox 269 1607 1053 1642">
    <p class='ocr_par' dir='ltr' id='par_1_62' title="bbox 269 1607 1053 1642">
     <span class='ocr_line' id='line_1_62' title="bbox 269 1607 1053 1642; baseline 0.001 -8"><span class='ocrx_word' id='word_1_460' title='bbox 269 1615 320 1642; x_wconf 83' lang='lat' dir='ltr'><strong>psu</strong></span> <span class='ocrx_word' id='word_1_461' title='bbox 335 1607 405 1642; x_wconf 85' lang='lat' dir='ltr'><strong>ejus,</strong></span> <span class='ocrx_word' id='word_1_462' title='bbox 426 1607 468 1634; x_wconf 92' lang='lat' dir='ltr'><strong>cui</strong></span> <span class='ocrx_word' id='word_1_463' title='bbox 489 1607 624 1635; x_wconf 61' lang='lat' dir='ltr'><strong>invidebat</strong></span> <span class='ocrx_word' id='word_1_464' title='bbox 639 1615 646 1634; x_wconf 87' lang='lat'><strong>:</strong></span> <span class='ocrx_word' id='word_1_465' title='bbox 659 1607 705 1635; x_wconf 89' lang='lat' dir='ltr'><strong>sed</strong></span> <span class='ocrx_word' id='word_1_466' title='bbox 726 1607 808 1634; x_wconf 90' lang='lat' dir='ltr'><strong>etiatn</strong></span> <span class='ocrx_word' id='word_1_467' title='bbox 837 1607 871 1634; x_wconf 89' lang='lat' dir='ltr'><strong>ad</strong></span> <span class='ocrx_word' id='word_1_468' title='bbox 897 1607 954 1638; x_wconf 83' lang='lat' dir='ltr'><strong>Dei,</strong></span> <span class='ocrx_word' id='word_1_469' title='bbox 986 1609 1053 1642; x_wconf 92' lang='lat' dir='ltr'><strong>proh</strong></span> 
     </span>
    </p>
   </div>
   <div class='ocr_carea' id='block_1_63' title="bbox 269 1652 1053 1687">
    <p class='ocr_par' dir='ltr' id='par_1_63' title="bbox 269 1652 1053 1687">
     <span class='ocr_line' id='line_1_63' title="bbox 269 1652 1053 1687; baseline 0 -8"><span class='ocrx_word' id='word_1_470' title='bbox 269 1653 542 1680; x_wconf 79' lang='lat' dir='ltr'><strong>dolorloblivionent</strong></span> <span class='ocrx_word' id='word_1_471' title='bbox 569 1660 617 1680; x_wconf 82' lang='lat' dir='ltr'><strong>eos</strong></span> <span class='ocrx_word' id='word_1_472' title='bbox 646 1652 766 1684; x_wconf 77' lang='lat' dir='ltr'><strong>deduxit,</strong></span> <span class='ocrx_word' id='word_1_473' title='bbox 797 1652 844 1686; x_wconf 89' lang='lat' dir='ltr'><strong>qui</strong></span> <span class='ocrx_word' id='word_1_474' title='bbox 876 1658 966 1687; x_wconf 86' lang='lat' dir='ltr'><strong>postea</strong></span> <span class='ocrx_word' id='word_1_475' title='bbox 997 1653 1053 1680; x_wconf 84' lang='lat' dir='ltr'><strong>nati</strong></span> 
     </span>
    </p>
   </div>
   <div class='ocr_carea' id='block_1_64' title="bbox 268 1695 1052 1734">
    <p class='ocr_par' dir='ltr' id='par_1_64' title="bbox 268 1695 1052 1734">
     <span class='ocr_line' id='line_1_64' title="bbox 268 1695 1052 1734; baseline 0.001 -9"><span class='ocrx_word' id='word_1_476' title='bbox 268 1695 334 1726; x_wconf 65' lang='lat' dir='ltr'><strong>sunt</strong></span> <span class='ocrx_word' id='word_1_477' title='bbox 356 1706 388 1726; x_wconf 80' lang='lat' dir='ltr'><strong>ex</strong></span> <span class='ocrx_word' id='word_1_478' title='bbox 417 1699 509 1726; x_wconf 79' lang='lat' dir='ltr'><strong>eodem</strong></span> <span class='ocrx_word' id='word_1_479' title='bbox 536 1705 644 1734; x_wconf 74' lang='lat' dir='ltr'><strong>genere,</strong></span> <span class='ocrx_word' id='word_1_480' title='bbox 659 1702 688 1724; x_wconf 93' lang='lat' dir='ltr'><strong>ut</strong></span> <span class='ocrx_word' id='word_1_481' title='bbox 710 1705 763 1724; x_wconf 94' lang='lat' dir='ltr'><strong>non</strong></span> <span class='ocrx_word' id='word_1_482' title='bbox 779 1697 865 1725; x_wconf 87' lang='lat' dir='ltr'><strong>solum</strong></span> <span class='ocrx_word' id='word_1_483' title='bbox 881 1698 1052 1733; x_wconf 87' lang='lat' dir='ltr'><strong>corporibus,</strong></span> 
     </span>
    </p>
   </div>
   <div class='ocr_carea' id='block_1_65' title="bbox 269 1742 1053 1778">
    <p class='ocr_par' dir='ltr' id='par_1_65' title="bbox 269 1742 1053 1778">
     <span class='ocr_line' id='line_1_65' title="bbox 269 1742 1053 1778; baseline -0.001 -7"><span class='ocrx_word' id='word_1_484' title='bbox 269 1746 315 1772; x_wconf 76' lang='lat' dir='ltr'><strong>sed</strong></span> <span class='ocrx_word' id='word_1_485' title='bbox 331 1745 412 1772; x_wconf 86' lang='lat' dir='ltr'><strong>etiam</strong></span> <span class='ocrx_word' id='word_1_486' title='bbox 427 1744 526 1772; x_wconf 87' lang='lat' dir='ltr'><strong>animis</strong></span> <span class='ocrx_word' id='word_1_487' title='bbox 541 1751 614 1771; x_wconf 88' lang='lat' dir='ltr'><strong>mors</strong></span> <span class='ocrx_word' id='word_1_488' title='bbox 631 1743 827 1770; x_wconf 85' lang='lat' dir='ltr'><strong>dominaretur.</strong></span> <span class='ocrx_word' id='word_1_489' title='bbox 845 1742 950 1770; x_wconf 80' lang='lat' dir='ltr'><strong>Relicto</strong></span> <span class='ocrx_word' id='word_1_490' title='bbox 964 1744 1053 1778; x_wconf 84' lang='lat' dir='ltr'><strong>itaque</strong></span> 
     </span>
    </p>
   </div>
   <div class='ocr_carea' id='block_1_66' title="bbox 269 1787 1051 1822">
    <p class='ocr_par' dir='ltr' id='par_1_66' title="bbox 269 1787 1051 1822">
     <span class='ocr_line' id='line_1_66' title="bbox 269 1787 1051 1822; baseline 0 -6"><span class='ocrx_word' id='word_1_491' title='bbox 269 1787 331 1817; x_wconf 78' lang='lat' dir='ltr'><strong>vero</strong></span> <span class='ocrx_word' id='word_1_492' title='bbox 349 1790 413 1822; x_wconf 84' lang='lat' dir='ltr'><strong>Deo,</strong></span> <span class='ocrx_word' id='word_1_493' title='bbox 427 1794 454 1817; x_wconf 89' lang='lat' dir='ltr'><strong>et</strong></span> <span class='ocrx_word' id='word_1_494' title='bbox 477 1789 513 1816; x_wconf 84' lang='lat' dir='ltr'><strong>ad</strong></span> <span class='ocrx_word' id='word_1_495' title='bbox 539 1788 625 1816; x_wconf 90' lang='lat' dir='ltr'><strong>lucem</strong></span> <span class='ocrx_word' id='word_1_496' title='bbox 645 1787 767 1815; x_wconf 81' lang='lat' dir='ltr'><strong>veritatis</strong></span> <span class='ocrx_word' id='word_1_497' title='bbox 791 1795 839 1815; x_wconf 79' lang='lat' dir='ltr'><strong>sua</strong></span> <span class='ocrx_word' id='word_1_498' title='bbox 865 1793 962 1822; x_wconf 85' lang='lat' dir='ltr'><strong>sponte</strong></span> <span class='ocrx_word' id='word_1_499' title='bbox 978 1788 1051 1816; x_wconf 84' lang='lat' dir='ltr'><strong>clau-</strong></span> 
     </span>
    </p>
   </div>
   <div class='ocr_carea' id='block_1_67' title="bbox 268 1831 1050 1865">
    <p class='ocr_par' dir='ltr' id='par_1_67' title="bbox 268 1831 1050 1865">
     <span class='ocr_line' id='line_1_67' title="bbox 268 1831 1050 1865; baseline -0.001 -3"><span class='ocrx_word' id='word_1_500' title='bbox 268 1836 362 1862; x_wconf 78' lang='lat' dir='ltr'><strong>dentes</strong></span> <span class='ocrx_word' id='word_1_501' title='bbox 391 1834 494 1865; x_wconf 84' lang='lat' dir='ltr'><strong>oculos,</strong></span> <span class='ocrx_word' id='word_1_502' title='bbox 519 1832 608 1861; x_wconf 89' lang='lat' dir='ltr'><strong>cultus</strong></span> <span class='ocrx_word' id='word_1_503' title='bbox 631 1831 839 1859; x_wconf 81' lang='lat' dir='ltr'><strong>simulacrorum</strong></span> <span class='ocrx_word' id='word_1_504' title='bbox 851 1832 959 1861; x_wconf 81' lang='lat' dir='ltr'><strong>subiere</strong></span> <span class='ocrx_word' id='word_1_505' title='bbox 975 1839 1050 1861; x_wconf 81' lang='lat' dir='ltr'><strong>tene-</strong></span> 
     </span>
    </p>
   </div>
   <div class='ocr_carea' id='block_1_68' title="bbox 268 1876 1050 1916">
    <p class='ocr_par' dir='ltr' id='par_1_68' title="bbox 268 1876 1050 1916">
     <span class='ocr_line' id='line_1_68' title="bbox 268 1876 1050 1916; baseline -0.001 -8"><span class='ocrx_word' id='word_1_506' title='bbox 268 1876 339 1909; x_wconf 76' lang='lat' dir='ltr'><strong>bras.</strong></span> <span class='ocrx_word' id='word_1_507' title='bbox 356 1881 501 1916; x_wconf 68' lang='lat' dir='ltr'><strong>Propterea</strong></span> <span class='ocrx_word' id='word_1_508' title='bbox 528 1886 593 1913; x_wconf 74' lang='lat' dir='ltr'><strong>ergo</strong></span> <span class='ocrx_word' id='word_1_509' title='bbox 621 1878 692 1905; x_wconf 87' lang='lat' dir='ltr'><strong>idetn</strong></span> <span class='ocrx_word' id='word_1_510' title='bbox 714 1878 800 1906; x_wconf 85' lang='lat' dir='ltr'><strong>nostri</strong></span> <span class='ocrx_word' id='word_1_511' title='bbox 822 1879 929 1913; x_wconf 72' lang='lat' dir='ltr'><strong>generis</strong></span> <span class='ocrx_word' id='word_1_512' title='bbox 944 1879 1050 1914; x_wconf 79' lang='lat' dir='ltr'><strong>Opifex,</strong></span> 
     </span>
    </p>
   </div>
   <div class='ocr_carea' id='block_1_69' title="bbox 265 1923 1050 1961">
    <p class='ocr_par' dir='ltr' id='par_1_69' title="bbox 265 1923 1050 1961">
     <span class='ocr_line' id='line_1_69' title="bbox 265 1923 1050 1961; baseline 0.001 -10"><span class='ocrx_word' id='word_1_513' title='bbox 265 1926 312 1960; x_wconf 84' lang='lat' dir='ltr'><strong>qui</strong></span> <span class='ocrx_word' id='word_1_514' title='bbox 325 1925 449 1961; x_wconf 78' lang='lat' dir='ltr'><strong>benignis</strong></span> <span class='ocrx_word' id='word_1_515' title='bbox 464 1923 612 1951; x_wconf 84' lang='lat' dir='ltr'><strong>visceribus</strong></span> <span class='ocrx_word' id='word_1_516' title='bbox 627 1929 675 1950; x_wconf 87' lang='lat' dir='ltr'><strong>nos</strong></span> <span class='ocrx_word' id='word_1_517' title='bbox 690 1923 817 1957; x_wconf 81' lang='lat' dir='ltr'><strong>produxit</strong></span> <span class='ocrx_word' id='word_1_518' title='bbox 830 1930 862 1951; x_wconf 84' lang='lat' dir='ltr'><strong>ex</strong></span> <span class='ocrx_word' id='word_1_519' title='bbox 883 1924 978 1958; x_wconf 90' lang='lat' dir='ltr'><strong>nihilo,</strong></span> <span class='ocrx_word' id='word_1_520' title='bbox 997 1932 1050 1952; x_wconf 91' lang='lat' dir='ltr'><strong>non</strong></span> 
     </span>
    </p>
   </div>
   <div class='ocr_carea' id='block_1_70' title="bbox 266 1968 1049 2005">
    <p class='ocr_par' dir='ltr' id='par_1_70' title="bbox 266 1968 1049 2005">
     <span class='ocr_line' id='line_1_70' title="bbox 266 1968 1049 2005; baseline -0.001 -7"><span class='ocrx_word' id='word_1_521' title='bbox 266 1969 357 1998; x_wconf 78' lang='lat' dir='ltr'><strong>ferens</strong></span> <span class='ocrx_word' id='word_1_522' title='bbox 371 1970 462 1997; x_wconf 86' lang='lat' dir='ltr'><strong>videre</strong></span> <span class='ocrx_word' id='word_1_523' title='bbox 489 1968 624 1996; x_wconf 84' lang='lat' dir='ltr'><strong>hominem</strong></span> <span class='ocrx_word' id='word_1_524' title='bbox 638 1969 752 2003; x_wconf 88' lang='lat' dir='ltr'><strong>oppritni</strong></span> <span class='ocrx_word' id='word_1_525' title='bbox 770 1969 879 2003; x_wconf 77' lang='lat' dir='ltr'><strong>maligni</strong></span> <span class='ocrx_word' id='word_1_526' title='bbox 897 1970 1049 2005; x_wconf 80' lang='lat' dir='ltr'><strong>tyrannide,</strong></span> 
     </span>
    </p>
   </div>
   <div class='ocr_carea' id='block_1_71' title="bbox 265 2014 1048 2048">
    <p class='ocr_par' dir='ltr' id='par_1_71' title="bbox 265 2014 1048 2048">
     <span class='ocr_line' id='line_1_71' title="bbox 265 2014 1048 2048; baseline 0 -5"><span class='ocrx_word' id='word_1_527' title='bbox 265 2022 293 2044; x_wconf 68' lang='grc' dir='ltr'>κι</span> <span class='ocrx_word' id='word_1_528' title='bbox 309 2025 324 2043; x_wconf 88' lang='lat' dir='ltr'><strong>a</strong></span> <span class='ocrx_word' id='word_1_529' title='bbox 344 2017 461 2043; x_wconf 80' lang='lat' dir='ltr'><strong>Paterno</strong></span> <span class='ocrx_word' id='word_1_530' title='bbox 477 2014 538 2042; x_wconf 84' lang='lat' dir='ltr'><strong>sinu</strong></span> <span class='ocrx_word' id='word_1_531' title='bbox 552 2022 604 2042; x_wconf 89' lang='lat' dir='ltr'><strong>non</strong></span> <span class='ocrx_word' id='word_1_532' title='bbox 635 2015 761 2048; x_wconf 82' lang='lat' dir='ltr'><strong>excessit,</strong></span> <span class='ocrx_word' id='word_1_533' title='bbox 785 2019 813 2043; x_wconf 87' lang='lat' dir='ltr'><strong>et</strong></span> <span class='ocrx_word' id='word_1_534' title='bbox 838 2016 929 2043; x_wconf 86' lang='lat' dir='ltr'><strong>omnia</strong></span> <span class='ocrx_word' id='word_1_535' title='bbox 950 2016 1048 2048; x_wconf 79' lang='lat' dir='ltr'><strong>factus,</strong></span> 
     </span>
    </p>
   </div>
   <div class='ocr_carea' id='block_1_72' title="bbox 267 2057 1048 2096">
    <p class='ocr_par' dir='ltr' id='par_1_72' title="bbox 267 2057 1048 2096">
     <span class='ocr_line' id='line_1_72' title="bbox 267 2057 1048 2096; baseline 0 -7"><span class='ocrx_word' id='word_1_536' title='bbox 267 2057 411 2093; x_wconf 81' lang='lat' dir='ltr'><strong>sicutnos,</strong></span> <span class='ocrx_word' id='word_1_537' title='bbox 429 2065 526 2095; x_wconf 65' lang='lat' dir='ltr'><strong>praeter</strong></span> <span class='ocrx_word' id='word_1_538' title='bbox 541 2059 628 2088; x_wconf 89' lang='lat' dir='ltr'><strong>solum</strong></span> <span class='ocrx_word' id='word_1_539' title='bbox 653 2065 804 2095; x_wconf 89' lang='lat' dir='ltr'><strong>peccatum,</strong></span> <span class='ocrx_word' id='word_1_540' title='bbox 821 2062 893 2089; x_wconf 89' lang='lat' dir='ltr'><strong>cruci</strong></span> <span class='ocrx_word' id='word_1_541' title='bbox 923 2060 1048 2096; x_wconf 66' lang='lat' dir='ltr'><strong>anigitur,</strong></span> 
     </span>
    </p>
   </div>
   <div class='ocr_carea' id='block_1_73' title="bbox 267 2104 1047 2139">
    <p class='ocr_par' dir='ltr' id='par_1_73' title="bbox 267 2104 1047 2139">
     <span class='ocr_line' id='line_1_73' title="bbox 267 2104 1047 2139; baseline -0.003 -5"><span class='ocrx_word' id='word_1_542' title='bbox 267 2112 295 2134; x_wconf 85' lang='lat' dir='ltr'><strong>ct</strong></span> <span class='ocrx_word' id='word_1_543' title='bbox 325 2106 447 2139; x_wconf 86' lang='lat' dir='ltr'><strong>moritur,</strong></span> <span class='ocrx_word' id='word_1_544' title='bbox 464 2113 479 2132; x_wconf 88' lang='lat' dir='ltr'><strong>a</strong></span> <span class='ocrx_word' id='word_1_545' title='bbox 510 2104 585 2139; x_wconf 87' lang='lat' dir='ltr'><strong>lapsu</strong></span> <span class='ocrx_word' id='word_1_546' title='bbox 612 2105 717 2139; x_wconf 88' lang='lat' dir='ltr'><strong>peccati</strong></span> <span class='ocrx_word' id='word_1_547' title='bbox 749 2113 798 2133; x_wconf 90' lang='lat' dir='ltr'><strong>nos</strong></span> <span class='ocrx_word' id='word_1_548' title='bbox 815 2105 908 2133; x_wconf 87' lang='lat' dir='ltr'><strong>volens</strong></span> <span class='ocrx_word' id='word_1_549' title='bbox 923 2106 1047 2133; x_wconf 84' lang='lat' dir='ltr'><strong>liberare.</strong></span> 
     </span>
    </p>
   </div>
   <div class='ocr_carea' id='block_1_74' title="bbox 265 2149 1048 2186">
    <p class='ocr_par' dir='ltr' id='par_1_74' title="bbox 265 2149 1048 2186">
     <span class='ocr_line' id='line_1_74' title="bbox 265 2149 1048 2186; baseline 0.001 -9"><span class='ocrx_word' id='word_1_550' title='bbox 265 2151 333 2178; x_wconf 84' lang='lat' dir='ltr'><strong>Cum</strong></span> <span class='ocrx_word' id='word_1_551' title='bbox 359 2157 423 2185; x_wconf 78' lang='lat' dir='ltr'><strong>ergo</strong></span> <span class='ocrx_word' id='word_1_552' title='bbox 438 2157 485 2177; x_wconf 86' lang='lat' dir='ltr'><strong>sua</strong></span> <span class='ocrx_word' id='word_1_553' title='bbox 502 2154 589 2177; x_wconf 86' lang='lat' dir='ltr'><strong>morte</strong></span> <span class='ocrx_word' id='word_1_554' title='bbox 603 2149 686 2176; x_wconf 91' lang='lat' dir='ltr'><strong>nostri</strong></span> <span class='ocrx_word' id='word_1_555' title='bbox 703 2149 794 2185; x_wconf 85' lang='lat' dir='ltr'><strong>lapsus</strong></span> <span class='ocrx_word' id='word_1_556' title='bbox 820 2155 958 2178; x_wconf 84' lang='lat' dir='ltr'><strong>auctorem</strong></span> <span class='ocrx_word' id='word_1_557' title='bbox 973 2150 1048 2186; x_wconf 85' lang='lat' dir='ltr'><strong>deje-</strong></span> 
     </span>
    </p>
   </div>
   <div class='ocr_carea' id='block_1_75' title="bbox 267 2195 1087 2231">
    <p class='ocr_par' dir='ltr' id='par_1_75' title="bbox 267 2195 1087 2231">
     <span class='ocr_line' id='line_1_75' title="bbox 267 2195 1087 2231; baseline 0.001 -8"><span class='ocrx_word' id='word_1_558' title='bbox 267 2197 359 2227; x_wconf 86' lang='lat' dir='ltr'><strong>cisset,</strong></span> <span class='ocrx_word' id='word_1_559' title='bbox 372 2195 429 2231; x_wconf 84' lang='lat' dir='ltr'><strong>ipse</strong></span> <span class='ocrx_word' id='word_1_560' title='bbox 445 2200 472 2223; x_wconf 91' lang='lat' dir='ltr'><strong>et</strong></span> <span class='ocrx_word' id='word_1_561' title='bbox 486 2196 512 2222; x_wconf 89' lang='lat' dir='ltr'><strong>in</strong></span> <span class='ocrx_word' id='word_1_562' title='bbox 525 2195 609 2222; x_wconf 65' lang='lat' dir='ltr'><strong>caelos</strong></span> <span class='ocrx_word' id='word_1_563' title='bbox 632 2195 764 2229; x_wconf 85' lang='lat' dir='ltr'><strong>ascendit,</strong></span> <span class='ocrx_word' id='word_1_564' title='bbox 779 2202 794 2222; x_wconf 93' lang='lat' dir='ltr'><strong>e</strong></span> <span class='ocrx_word' id='word_1_565' title='bbox 809 2195 908 2230; x_wconf 85' lang='lat' dir='ltr'><strong>quibus</strong></span> <span class='ocrx_word' id='word_1_566' title='bbox 934 2196 1047 2224; x_wconf 75' lang='lat' dir='ltr'><strong>descea-</strong></span> <span class='ocrx_word' id='word_1_567' title='bbox 1062 2199 1087 2230; x_wconf 75' lang='grc' dir='ltr'><strong><em>υ</em></strong></span> 
     </span>
    </p>
   </div>
   <div class='ocr_carea' id='block_1_76' title="bbox 266 2240 1047 2280">
    <p class='ocr_par' dir='ltr' id='par_1_76' title="bbox 266 2240 1047 2280">
     <span class='ocr_line' id='line_1_76' title="bbox 266 2240 1047 2280; baseline 0.001 -12"><span class='ocrx_word' id='word_1_568' title='bbox 266 2241 343 2268; x_wconf 83' lang='lat' dir='ltr'><strong>derat</strong></span> <span class='ocrx_word' id='word_1_569' title='bbox 360 2245 408 2269; x_wconf 71' lang='grc' dir='ltr'><strong>εει</strong></span> <span class='ocrx_word' id='word_1_570' title='bbox 425 2248 474 2269; x_wconf 91' lang='lat' dir='ltr'><strong>nos</strong></span> <span class='ocrx_word' id='word_1_571' title='bbox 483 2240 547 2280; x_wconf 86' lang='lat' dir='ltr'><strong>illuc</strong></span> <span class='ocrx_word' id='word_1_572' title='bbox 560 2245 649 2272; x_wconf 86' lang='lat' dir='ltr'><strong>vocat,</strong></span> <span class='ocrx_word' id='word_1_573' title='bbox 668 2244 696 2267; x_wconf 88' lang='lat' dir='ltr'><strong>ut</strong></span> <span class='ocrx_word' id='word_1_574' title='bbox 710 2240 756 2275; x_wconf 89' lang='lat' dir='ltr'><strong>qui</strong></span> <span class='ocrx_word' id='word_1_575' title='bbox 772 2240 850 2268; x_wconf 89' lang='lat' dir='ltr'><strong>nobis</strong></span> <span class='ocrx_word' id='word_1_576' title='bbox 862 2241 896 2268; x_wconf 84' lang='lat' dir='ltr'><strong>ad</strong></span> <span class='ocrx_word' id='word_1_577' title='bbox 912 2248 941 2268; x_wconf 87' lang='lat' dir='ltr'><strong>se</strong></span> <span class='ocrx_word' id='word_1_578' title='bbox 954 2249 1047 2269; x_wconf 85' lang='lat' dir='ltr'><strong>ascen-</strong></span> 
     </span>
    </p>
   </div>
   <div class='ocr_carea' id='block_1_77' title="bbox 265 2285 1047 2322">
    <p class='ocr_par' dir='ltr' id='par_1_77' title="bbox 265 2285 1047 2322">
     <span class='ocr_line' id='line_1_77' title="bbox 265 2285 1047 2322; baseline 0.003 -9"><span class='ocrx_word' id='word_1_579' title='bbox 265 2294 325 2314; x_wconf 88' lang='lat' dir='ltr'><strong>sum</strong></span> <span class='ocrx_word' id='word_1_580' title='bbox 341 2286 499 2315; x_wconf 85' lang='lat' dir='ltr'><strong>ostenderit.</strong></span> <span class='ocrx_word' id='word_1_581' title='bbox 517 2285 635 2314; x_wconf 88' lang='lat' dir='ltr'><strong>Potesne</strong></span> <span class='ocrx_word' id='word_1_582' title='bbox 651 2290 678 2313; x_wconf 93' lang='lat' dir='ltr'><strong>tu</strong></span> <span class='ocrx_word' id='word_1_583' title='bbox 696 2293 804 2321; x_wconf 87' lang='lat' dir='ltr'><strong>quoque</strong></span> <span class='ocrx_word' id='word_1_584' title='bbox 819 2286 870 2314; x_wconf 84' lang='lat' dir='ltr'><strong>tale</strong></span> <span class='ocrx_word' id='word_1_585' title='bbox 884 2287 947 2322; x_wconf 90' lang='lat' dir='ltr'><strong>quid</strong></span> <span class='ocrx_word' id='word_1_586' title='bbox 956 2292 1047 2315; x_wconf 84' lang='lat' dir='ltr'><strong>osten-</strong></span> 
     </span>
    </p>
   </div>
   <div class='ocr_carea' id='block_1_78' title="bbox 265 2331 1045 2368">
    <p class='ocr_par' dir='ltr' id='par_1_78' title="bbox 265 2331 1045 2368">
     <span class='ocr_line' id='line_1_78' title="bbox 265 2331 1045 2368; baseline 0.003 -8"><span class='ocrx_word' id='word_1_587' title='bbox 265 2333 340 2366; x_wconf 86' lang='lat' dir='ltr'><strong>dere,</strong></span> <span class='ocrx_word' id='word_1_588' title='bbox 354 2333 424 2368; x_wconf 85' lang='lat' dir='ltr'><strong>quod</strong></span> <span class='ocrx_word' id='word_1_589' title='bbox 441 2339 455 2360; x_wconf 83' lang='lat' dir='ltr'><strong>a</strong></span> <span class='ocrx_word' id='word_1_590' title='bbox 477 2331 529 2361; x_wconf 85' lang='lat' dir='ltr'><strong>tuis</strong></span> <span class='ocrx_word' id='word_1_591' title='bbox 540 2332 592 2360; x_wconf 85' lang='lat' dir='ltr'><strong>diis</strong></span> <span class='ocrx_word' id='word_1_592' title='bbox 606 2332 705 2359; x_wconf 79' lang='lat' dir='ltr'><strong>factum</strong></span> <span class='ocrx_word' id='word_1_593' title='bbox 716 2332 762 2365; x_wconf 85' lang='lat' dir='ltr'><strong>sit,</strong></span> <span class='ocrx_word' id='word_1_594' title='bbox 780 2339 814 2359; x_wconf 87' lang='lat' dir='ltr'><strong>an</strong></span> <span class='ocrx_word' id='word_1_595' title='bbox 833 2332 920 2367; x_wconf 85' lang='lat' dir='ltr'><strong>tejam</strong></span> <span class='ocrx_word' id='word_1_596' title='bbox 938 2341 985 2362; x_wconf 90' lang='lat' dir='ltr'><strong>eos</strong></span> <span class='ocrx_word' id='word_1_597' title='bbox 997 2341 1045 2362; x_wconf 89' lang='lat' dir='ltr'><strong>vo-</strong></span> 
     </span>
    </p>
   </div>
   <div class='ocr_carea' id='block_1_79' title="bbox 263 2378 1044 2414">
    <p class='ocr_par' dir='ltr' id='par_1_79' title="bbox 263 2378 1044 2414">
     <span class='ocr_line' id='line_1_79' title="bbox 263 2378 1044 2414; baseline 0 -8"><span class='ocrx_word' id='word_1_598' title='bbox 263 2386 327 2408; x_wconf 82' lang='lat' dir='ltr'><strong>care</strong></span> <span class='ocrx_word' id='word_1_599' title='bbox 339 2379 453 2414; x_wconf 82' lang='lat' dir='ltr'><strong>poenitet</strong></span> <span class='ocrx_word' id='word_1_600' title='bbox 464 2379 477 2406; x_wconf 71' lang='grc'><strong>7</strong></span> <span class='ocrx_word' id='word_1_601' title='bbox 493 2378 696 2406; x_wconf 79' lang='lat' dir='ltr'><strong>Possessionum</strong></span> <span class='ocrx_word' id='word_1_602' title='bbox 712 2383 802 2406; x_wconf 88' lang='lat' dir='ltr'><strong>autem</strong></span> <span class='ocrx_word' id='word_1_603' title='bbox 819 2383 846 2406; x_wconf 86' lang='lat' dir='ltr'><strong>et</strong></span> <span class='ocrx_word' id='word_1_604' title='bbox 860 2380 1044 2414; x_wconf 88' lang='lat' dir='ltr'><strong>pecuniarum,</strong></span> 
     </span>
    </p>
   </div>
   <div class='ocr_carea' id='block_1_80' title="bbox 257 2425 1046 2461">
    <p class='ocr_par' dir='ltr' id='par_1_80' title="bbox 257 2425 1046 2461">
     <span class='ocr_line' id='line_1_80' title="bbox 257 2425 1046 2461; baseline -0.001 -8"><span class='ocrx_word' id='word_1_605' title='bbox 257 2437 285 2459; x_wconf 78' lang='grc' dir='ltr'><strong>ει</strong></span> <span class='ocrx_word' id='word_1_606' title='bbox 304 2426 414 2454; x_wconf 86' lang='lat' dir='ltr'><strong>honoris</strong></span> <span class='ocrx_word' id='word_1_607' title='bbox 441 2425 510 2460; x_wconf 80' lang='lat' dir='ltr'><strong>apud</strong></span> <span class='ocrx_word' id='word_1_608' title='bbox 535 2425 722 2460; x_wconf 82' lang='lat' dir='ltr'><strong>imperatores,</strong></span> <span class='ocrx_word' id='word_1_609' title='bbox 737 2432 797 2461; x_wconf 67' lang='lat' dir='ltr'><strong>qua:</strong></span> <span class='ocrx_word' id='word_1_610' title='bbox 825 2430 888 2453; x_wconf 90' lang='lat' dir='ltr'><strong>sunt</strong></span> <span class='ocrx_word' id='word_1_611' title='bbox 900 2430 1000 2459; x_wconf 86' lang='lat' dir='ltr'><strong>vestra,</strong></span> <span class='ocrx_word' id='word_1_612' title='bbox 1017 2431 1046 2453; x_wconf 91' lang='lat' dir='ltr'><strong>ut</strong></span> 
     </span>
    </p>
   </div>
   <div class='ocr_carea' id='block_1_81' title="bbox 257 2471 1045 2507">
    <p class='ocr_par' dir='ltr' id='par_1_81' title="bbox 257 2471 1045 2507">
     <span class='ocr_line' id='line_1_81' title="bbox 257 2471 1045 2507; baseline -0.001 -8"><span class='ocrx_word' id='word_1_613' title='bbox 257 2472 366 2505; x_wconf 60' lang='lat' dir='ltr'><strong>(licitis,</strong></span> <span class='ocrx_word' id='word_1_614' title='bbox 384 2472 464 2504; x_wconf 89' lang='lat' dir='ltr'><strong>bona,</strong></span> <span class='ocrx_word' id='word_1_615' title='bbox 481 2479 529 2499; x_wconf 85' lang='lat' dir='ltr'><strong>nos</strong></span> <span class='ocrx_word' id='word_1_616' title='bbox 542 2479 651 2507; x_wconf 88' lang='lat' dir='ltr'><strong>parvam</strong></span> <span class='ocrx_word' id='word_1_617' title='bbox 664 2479 756 2499; x_wconf 88' lang='lat' dir='ltr'><strong>curam</strong></span> <span class='ocrx_word' id='word_1_618' title='bbox 768 2471 896 2507; x_wconf 79' lang='lat' dir='ltr'><strong>gerimus.</strong></span> <span class='ocrx_word' id='word_1_619' title='bbox 912 2476 941 2499; x_wconf 92' lang='lat' dir='ltr'><strong>ut</strong></span> <span class='ocrx_word' id='word_1_620' title='bbox 952 2472 997 2507; x_wconf 90' lang='lat' dir='ltr'><strong>qui</strong></span> <span class='ocrx_word' id='word_1_621' title='bbox 1015 2479 1045 2498; x_wconf 90' lang='lat' dir='ltr'><strong>ea</strong></span> 
     </span>
    </p>
   </div>
   <div class='ocr_carea' id='block_1_82' title="bbox 256 2516 1045 2552">
    <p class='ocr_par' dir='ltr' id='par_1_82' title="bbox 256 2516 1045 2552">
     <span class='ocr_line' id='line_1_82' title="bbox 256 2516 1045 2552; baseline -0.005 -5"><span class='ocrx_word' id='word_1_622' title='bbox 256 2533 270 2548; x_wconf 87' lang='grc' dir='ltr'><strong>ιι</strong></span> <span class='ocrx_word' id='word_1_623' title='bbox 281 2525 316 2545; x_wconf 88' lang='lat' dir='ltr'><strong>on</strong></span> <span class='ocrx_word' id='word_1_624' title='bbox 333 2521 460 2552; x_wconf 87' lang='lat' dir='ltr'><strong>tanquam</strong></span> <span class='ocrx_word' id='word_1_625' title='bbox 475 2516 573 2544; x_wconf 84' lang='lat' dir='ltr'><strong>stantia</strong></span> <span class='ocrx_word' id='word_1_626' title='bbox 585 2516 716 2551; x_wconf 78' lang='lat' dir='ltr'><strong>judicare,</strong></span> <span class='ocrx_word' id='word_1_627' title='bbox 732 2517 780 2544; x_wconf 85' lang='lat' dir='ltr'><strong>sed</strong></span> <span class='ocrx_word' id='word_1_628' title='bbox 796 2521 922 2551; x_wconf 86' lang='lat' dir='ltr'><strong>tanquam</strong></span> <span class='ocrx_word' id='word_1_629' title='bbox 935 2516 1045 2552; x_wconf 77' lang='lat' dir='ltr'><strong>&#39;iugien-</strong></span> 
     </span>
    </p>
   </div>
   <div class='ocr_carea' id='block_1_83' title="bbox 262 2562 1045 2597">
    <p class='ocr_par' dir='ltr' id='par_1_83' title="bbox 262 2562 1045 2597">
     <span class='ocr_line' id='line_1_83' title="bbox 262 2562 1045 2597; baseline -0.001 -7"><span class='ocrx_word' id='word_1_630' title='bbox 262 2564 310 2597; x_wconf 81' lang='lat' dir='ltr'><strong>tia,</strong></span> <span class='ocrx_word' id='word_1_631' title='bbox 328 2567 400 2590; x_wconf 87' lang='lat' dir='ltr'><strong>recte</strong></span> <span class='ocrx_word' id='word_1_632' title='bbox 426 2562 600 2590; x_wconf 89' lang='lat' dir='ltr'><strong>didicerimus</strong></span> <span class='ocrx_word' id='word_1_633' title='bbox 615 2570 630 2589; x_wconf 88' lang='lat' dir='ltr'><strong>a</strong></span> <span class='ocrx_word' id='word_1_634' title='bbox 651 2562 795 2597; x_wconf 85' lang='lat' dir='ltr'><strong>propheta,</strong></span> <span class='ocrx_word' id='word_1_635' title='bbox 807 2567 834 2589; x_wconf 92' lang='lat' dir='ltr'><strong>et</strong></span> <span class='ocrx_word' id='word_1_636' title='bbox 852 2563 966 2589; x_wconf 82' lang='lat' dir='ltr'><strong>maxime</strong></span> <span class='ocrx_word' id='word_1_637' title='bbox 984 2569 1045 2589; x_wconf 92' lang='lat' dir='ltr'><strong>cum</strong></span> 
     </span>
    </p>
   </div>
   <div class='ocr_carea' id='block_1_84' title="bbox 262 2607 1045 2644">
    <p class='ocr_par' dir='ltr' id='par_1_84' title="bbox 262 2607 1045 2644">
     <span class='ocr_line' id='line_1_84' title="bbox 262 2607 1045 2644; baseline -0.005 -7"><span class='ocrx_word' id='word_1_638' title='bbox 262 2610 288 2637; x_wconf 86' lang='lat' dir='ltr'><strong>in</strong></span> <span class='ocrx_word' id='word_1_639' title='bbox 304 2609 388 2637; x_wconf 85' lang='lat' dir='ltr'><strong>Deum</strong></span> <span class='ocrx_word' id='word_1_640' title='bbox 412 2609 500 2644; x_wconf 75' lang='lat' dir='ltr'><strong>ipsum</strong></span> <span class='ocrx_word' id='word_1_641' title='bbox 529 2615 602 2642; x_wconf 83' lang='lat' dir='ltr'><strong>spem</strong></span> <span class='ocrx_word' id='word_1_642' title='bbox 626 2607 859 2641; x_wconf 85' lang='lat' dir='ltr'><strong>collocaverimus,</strong></span> <span class='ocrx_word' id='word_1_643' title='bbox 884 2612 911 2634; x_wconf 88' lang='lat' dir='ltr'><strong>et</strong></span> <span class='ocrx_word' id='word_1_644' title='bbox 929 2607 962 2634; x_wconf 91' lang='lat' dir='ltr'><strong>ab</strong></span> <span class='ocrx_word' id='word_1_645' title='bbox 975 2607 1045 2634; x_wconf 85' lang='lat' dir='ltr'><strong>illius</strong></span> 
     </span>
    </p>
   </div>
   <div class='ocr_carea' id='block_1_85' title="bbox 260 2651 1045 2688">
    <p class='ocr_par' dir='ltr' id='par_1_85' title="bbox 260 2651 1045 2688">
     <span class='ocr_line' id='line_1_85' title="bbox 260 2651 1045 2688; baseline -0.005 -6"><span class='ocrx_word' id='word_1_646' title='bbox 260 2655 345 2688; x_wconf 67' lang='lat' dir='ltr'><strong>gloria</strong></span> <span class='ocrx_word' id='word_1_647' title='bbox 362 2654 409 2682; x_wconf 91' lang='lat' dir='ltr'><strong>loti</strong></span> <span class='ocrx_word' id='word_1_648' title='bbox 427 2653 603 2688; x_wconf 83' lang='lat' dir='ltr'><strong>pendeamus,</strong></span> <span class='ocrx_word' id='word_1_649' title='bbox 621 2658 733 2688; x_wconf 89' lang='lat' dir='ltr'><strong>propter</strong></span> <span class='ocrx_word' id='word_1_650' title='bbox 757 2659 835 2687; x_wconf 86' lang='lat' dir='ltr'><strong>quem</strong></span> <span class='ocrx_word' id='word_1_651' title='bbox 851 2651 934 2679; x_wconf 90' lang='lat' dir='ltr'><strong>etiam</strong></span> <span class='ocrx_word' id='word_1_652' title='bbox 948 2658 1045 2685; x_wconf 78' lang='lat' dir='ltr'><strong>magno</strong></span> 
     </span>
    </p>
   </div>
   <div class='ocr_carea' id='block_1_86' title="bbox 259 2700 707 2735">
    <p class='ocr_par' dir='ltr' id='par_1_86' title="bbox 259 2700 707 2735">
     <span class='ocr_line' id='line_1_86' title="bbox 259 2700 707 2735; baseline -0.007 -6"><span class='ocrx_word' id='word_1_653' title='bbox 259 2709 291 2729; x_wconf 83' lang='lat' dir='ltr'><strong>ac</strong></span> <span class='ocrx_word' id='word_1_654' title='bbox 307 2700 370 2728; x_wconf 75' lang='lat' dir='ltr'><strong>{orti</strong></span> <span class='ocrx_word' id='word_1_655' title='bbox 387 2701 476 2727; x_wconf 92' lang='lat' dir='ltr'><strong>animo</strong></span> <span class='ocrx_word' id='word_1_656' title='bbox 488 2701 542 2735; x_wconf 90' lang='lat' dir='ltr'><strong>pati</strong></span> <span class='ocrx_word' id='word_1_657' title='bbox 551 2700 707 2728; x_wconf 84' lang='lat' dir='ltr'><strong>statuimus.</strong></span> 
     </span>
    </p>
   </div>
   <div class='ocr_carea' id='block_1_87' title="bbox 287 2744 1043 2777">
    <p class='ocr_par' dir='ltr' id='par_1_87' title="bbox 287 2744 1043 2777">
     <span class='ocr_line' id='line_1_87' title="bbox 287 2744 1043 2777; baseline -0.004 -3"><span class='ocrx_word' id='word_1_658' title='bbox 287 2746 343 2775; x_wconf 78' lang='lat' dir='ltr'><strong>Vll.</strong></span> <span class='ocrx_word' id='word_1_659' title='bbox 350 2745 477 2773; x_wconf 74' lang='lat' dir='ltr'><strong>Ilzcccum</strong></span> <span class='ocrx_word' id='word_1_660' title='bbox 486 2744 753 2777; x_wconf 77' lang='lat' dir='ltr'><strong>audiissetValerius,</strong></span> <span class='ocrx_word' id='word_1_661' title='bbox 762 2748 788 2771; x_wconf 81' lang='lat' dir='ltr'><strong>ct</strong></span> <span class='ocrx_word' id='word_1_662' title='bbox 795 2745 953 2777; x_wconf 62' lang='lat' dir='ltr'><strong>reatitudine</strong></span> <span class='ocrx_word' id='word_1_663' title='bbox 961 2744 1043 2771; x_wconf 86' lang='lat' dir='ltr'><strong>animi</strong></span> 
     </span>
    </p>
   </div>
   <div class='ocr_carea' id='block_1_88' title="bbox 259 2790 1044 2828">
    <p class='ocr_par' dir='ltr' id='par_1_88' title="bbox 259 2790 1044 2828">
     <span class='ocr_line' id='line_1_88' title="bbox 259 2790 1044 2828; baseline -0.004 -8"><span class='ocrx_word' id='word_1_664' title='bbox 259 2793 310 2820; x_wconf 74' lang='lat' dir='ltr'><strong>fuit</strong></span> <span class='ocrx_word' id='word_1_665' title='bbox 325 2792 449 2826; x_wconf 66' lang='lat' dir='ltr'><strong>allectus,</strong></span> <span class='ocrx_word' id='word_1_666' title='bbox 461 2798 488 2821; x_wconf 88' lang='lat' dir='ltr'><strong>et</strong></span> <span class='ocrx_word' id='word_1_667' title='bbox 505 2793 566 2828; x_wconf 66' lang='lat' dir='ltr'><strong>igne</strong></span> <span class='ocrx_word' id='word_1_668' title='bbox 591 2790 703 2819; x_wconf 70' lang='lat' dir='ltr'><strong>insania:</strong></span> <span class='ocrx_word' id='word_1_669' title='bbox 726 2790 861 2818; x_wconf 84' lang='lat' dir='ltr'><strong>incensus.</strong></span> <span class='ocrx_word' id='word_1_670' title='bbox 877 2791 909 2818; x_wconf 82' lang='lat' dir='ltr'><strong>Et</strong></span> <span class='ocrx_word' id='word_1_671' title='bbox 921 2790 1044 2825; x_wconf 88' lang='lat' dir='ltr'><strong>protinus</strong></span> 
     </span>
    </p>
   </div>
   <div class='ocr_carea' id='block_1_89' title="bbox 260 2835 1040 2873">
    <p class='ocr_par' dir='ltr' id='par_1_89' title="bbox 260 2835 1040 2873">
     <span class='ocr_line' id='line_1_89' title="bbox 260 2835 1040 2873; baseline -0.003 -8"><span class='ocrx_word' id='word_1_672' title='bbox 260 2846 361 2867; x_wconf 79' lang='lat' dir='ltr'><strong>exuens</strong></span> <span class='ocrx_word' id='word_1_673' title='bbox 376 2838 464 2866; x_wconf 82' lang='lat' dir='ltr'><strong>ﬁctam</strong></span> <span class='ocrx_word' id='word_1_674' title='bbox 494 2837 637 2873; x_wconf 83' lang='lat' dir='ltr'><strong>personam</strong></span> <span class='ocrx_word' id='word_1_675' title='bbox 663 2835 885 2870; x_wconf 83' lang='lat' dir='ltr'><strong>mansuetudinis,</strong></span> <span class='ocrx_word' id='word_1_676' title='bbox 901 2835 1040 2863; x_wconf 87' lang='lat' dir='ltr'><strong>&#39;internatn</strong></span> 
     </span>
    </p>
   </div>
   <div class='ocr_carea' id='block_1_90' title="bbox 1105 1564 1893 1603">
    <p class='ocr_par' dir='ltr' id='par_1_90' title="bbox 1105 1564 1893 1603">
     <span class='ocr_line' id='line_1_90' title="bbox 1105 1564 1893 1603; baseline -0.005 -8"><span class='ocrx_word' id='word_1_677' title='bbox 1105 1568 1221 1603; x_wconf 70' lang='grc' dir='ltr'>ὕστερον</span> <span class='ocrx_word' id='word_1_678' title='bbox 1248 1567 1364 1602; x_wconf 72' lang='grc' dir='ltr'>ἢγαγεν,</span> <span class='ocrx_word' id='word_1_679' title='bbox 1395 1566 1432 1597; x_wconf 83' lang='grc' dir='ltr'>ὠς</span> <span class='ocrx_word' id='word_1_680' title='bbox 1447 1565 1484 1600; x_wconf 78' lang='grc' dir='ltr'>μὴ</span> <span class='ocrx_word' id='word_1_681' title='bbox 1501 1564 1634 1599; x_wconf 77' lang='grc' dir='ltr'>σωμάτων</span> <span class='ocrx_word' id='word_1_682' title='bbox 1655 1564 1743 1599; x_wconf 76' lang='grc' dir='ltr'>μόνον,</span> <span class='ocrx_word' id='word_1_683' title='bbox 1755 1565 1824 1590; x_wconf 79' lang='grc' dir='ltr'>ἀλλὰ</span> <span class='ocrx_word' id='word_1_684' title='bbox 1843 1566 1893 1591; x_wconf 77' lang='grc' dir='ltr'>καὶ</span> 
     </span>
    </p>
   </div>
   <div class='ocr_carea' id='block_1_91' title="bbox 1103 1609 1892 1650">
    <p class='ocr_par' dir='ltr' id='par_1_91' title="bbox 1103 1609 1892 1650">
     <span class='ocr_line' id='line_1_91' title="bbox 1103 1609 1892 1650; baseline -0.003 -10"><span class='ocrx_word' id='word_1_685' title='bbox 1103 1614 1196 1650; x_wconf 67' lang='grc' dir='ltr'>ψυχῶν</span> <span class='ocrx_word' id='word_1_686' title='bbox 1227 1613 1317 1640; x_wconf 80' lang='grc' dir='ltr'>αὐτῶν</span> <span class='ocrx_word' id='word_1_687' title='bbox 1335 1612 1472 1647; x_wconf 70' lang='grc' dir='ltr'>κυριεύειν</span> <span class='ocrx_word' id='word_1_688' title='bbox 1497 1611 1630 1638; x_wconf 76' lang='grc' dir='ltr'>θάνατον’</span> <span class='ocrx_word' id='word_1_689' title='bbox 1664 1609 1757 1644; x_wconf 76' lang='grc' dir='ltr'>ἀμέλει</span> <span class='ocrx_word' id='word_1_690' title='bbox 1773 1611 1819 1637; x_wconf 76' lang='grc' dir='ltr'>καὶ</span> <span class='ocrx_word' id='word_1_691' title='bbox 1843 1611 1892 1638; x_wconf 68' lang='grc' dir='ltr'>τὶν</span> 
     </span>
    </p>
   </div>
   <div class='ocr_carea' id='block_1_92' title="bbox 1103 1656 1890 1694">
    <p class='ocr_par' dir='ltr' id='par_1_92' title="bbox 1103 1656 1890 1694">
     <span class='ocr_line' id='line_1_92' title="bbox 1103 1656 1890 1694; baseline -0.005 -8"><span class='ocrx_word' id='word_1_692' title='bbox 1103 1660 1193 1694; x_wconf 83' lang='grc' dir='ltr'>ἀληθῆ</span> <span class='ocrx_word' id='word_1_693' title='bbox 1212 1659 1279 1686; x_wconf 81' lang='grc' dir='ltr'>Θεδν</span> <span class='ocrx_word' id='word_1_694' title='bbox 1300 1657 1481 1689; x_wconf 81' lang='grc' dir='ltr'>ἀπολιπόντες</span> <span class='ocrx_word' id='word_1_695' title='bbox 1509 1657 1557 1684; x_wconf 72' lang='grc' dir='ltr'>καὶ</span> <span class='ocrx_word' id='word_1_696' title='bbox 1586 1656 1652 1691; x_wconf 70' lang='grc' dir='ltr'>πρὸς</span> <span class='ocrx_word' id='word_1_697' title='bbox 1683 1657 1711 1682; x_wconf 61' lang='grc' dir='ltr'><strong>τὸ</strong></span> <span class='ocrx_word' id='word_1_698' title='bbox 1726 1657 1825 1690; x_wconf 81' lang='grc' dir='ltr'>φέγγος</span> <span class='ocrx_word' id='word_1_699' title='bbox 1839 1657 1890 1690; x_wconf 75' lang='grc' dir='ltr'>τῆς</span> 
     </span>
    </p>
   </div>
   <div class='ocr_carea' id='block_1_93' title="bbox 1103 1702 1891 1740">
    <p class='ocr_par' dir='ltr' id='par_1_93' title="bbox 1103 1702 1891 1740">
     <span class='ocr_line' id='line_1_93' title="bbox 1103 1702 1891 1740; baseline -0.006 -8"><span class='ocrx_word' id='word_1_700' title='bbox 1103 1705 1234 1740; x_wconf 73' lang='grc' dir='ltr'>ἀληθείας</span> <span class='ocrx_word' id='word_1_701' title='bbox 1257 1704 1348 1731; x_wconf 79' lang='grc' dir='ltr'>ἑκοντὶ</span> <span class='ocrx_word' id='word_1_702' title='bbox 1371 1704 1518 1739; x_wconf 77' lang='grc' dir='ltr'>μύσαντες,</span> <span class='ocrx_word' id='word_1_703' title='bbox 1536 1702 1581 1729; x_wconf 86' lang='grc' dir='ltr'><strong>τὺν</strong></span> <span class='ocrx_word' id='word_1_704' title='bbox 1595 1704 1642 1738; x_wconf 83' lang='grc' dir='ltr'>τῆς</span> <span class='ocrx_word' id='word_1_705' title='bbox 1663 1702 1891 1738; x_wconf 79' lang='grc' dir='ltr'>εἰδωλολατρείας</span> 
     </span>
    </p>
   </div>
   <div class='ocr_carea' id='block_1_94' title="bbox 1103 1747 1878 1786">
    <p class='ocr_par' dir='ltr' id='par_1_94' title="bbox 1103 1747 1878 1786">
     <span class='ocr_line' id='line_1_94' title="bbox 1103 1747 1878 1786; baseline -0.008 -8"><span class='ocrx_word' id='word_1_706' title='bbox 1103 1751 1199 1778; x_wconf 72' lang='grc' dir='ltr'>σκότον</span> <span class='ocrx_word' id='word_1_707' title='bbox 1214 1750 1344 1786; x_wconf 78' lang='grc' dir='ltr'>ὺπῆλθον.</span> <span class='ocrx_word' id='word_1_708' title='bbox 1365 1749 1414 1776; x_wconf 72' lang='grc' dir='ltr'>Διὰ</span> <span class='ocrx_word' id='word_1_709' title='bbox 1427 1749 1514 1776; x_wconf 81' lang='grc' dir='ltr'>ταῦτα</span> <span class='ocrx_word' id='word_1_710' title='bbox 1524 1748 1612 1775; x_wconf 80' lang='grc' dir='ltr'>τοίνυν</span> <span class='ocrx_word' id='word_1_711' title='bbox 1623 1748 1701 1779; x_wconf 68' lang='grc' dir='ltr'>αὐτὸς</span> <span class='ocrx_word' id='word_1_712' title='bbox 1714 1749 1727 1774; x_wconf 74' lang='grc'>6</span> <span class='ocrx_word' id='word_1_713' title='bbox 1741 1747 1788 1773; x_wconf 83' lang='grc' dir='ltr'>τοῦ</span> <span class='ocrx_word' id='word_1_714' title='bbox 1809 1748 1878 1782; x_wconf 78' lang='grc' dir='ltr'>ἡμε-</span> 
     </span>
    </p>
   </div>
   <div class='ocr_carea' id='block_1_95' title="bbox 1101 1793 1890 1833">
    <p class='ocr_par' dir='ltr' id='par_1_95' title="bbox 1101 1793 1890 1833">
     <span class='ocr_line' id='line_1_95' title="bbox 1101 1793 1890 1833; baseline -0.008 -9"><span class='ocrx_word' id='word_1_715' title='bbox 1101 1797 1182 1833; x_wconf 81' lang='grc' dir='ltr'>τέρου</span> <span class='ocrx_word' id='word_1_716' title='bbox 1195 1796 1289 1831; x_wconf 77' lang='grc' dir='ltr'>γένους</span> <span class='ocrx_word' id='word_1_717' title='bbox 1300 1794 1471 1831; x_wconf 80' lang='grc' dir='ltr'>Δημιουργὺς</span> <span class='ocrx_word' id='word_1_718' title='bbox 1483 1795 1496 1821; x_wconf 85' lang='grc' dir='ltr'>ὁ</span> <span class='ocrx_word' id='word_1_719' title='bbox 1507 1793 1708 1829; x_wconf 79' lang='grc' dir='ltr'>φιλανθρώποις</span> <span class='ocrx_word' id='word_1_720' title='bbox 1723 1793 1890 1828; x_wconf 70' lang='grc' dir='ltr'>σπλάγχνοις</span> 
     </span>
    </p>
   </div>
   <div class='ocr_carea' id='block_1_96' title="bbox 1101 1839 1888 1877">
    <p class='ocr_par' dir='ltr' id='par_1_96' title="bbox 1101 1839 1888 1877">
     <span class='ocr_line' id='line_1_96' title="bbox 1101 1839 1888 1877; baseline -0.005 -8"><span class='ocrx_word' id='word_1_721' title='bbox 1101 1843 1135 1869; x_wconf 80' lang='grc' dir='ltr'>ἐκ</span> <span class='ocrx_word' id='word_1_722' title='bbox 1159 1841 1207 1868; x_wconf 72' lang='grc' dir='ltr'><strong>τού</strong></span> <span class='ocrx_word' id='word_1_723' title='bbox 1234 1842 1272 1877; x_wconf 81' lang='grc' dir='ltr'>μὴ</span> <span class='ocrx_word' id='word_1_724' title='bbox 1296 1841 1372 1873; x_wconf 70' lang='grc' dir='ltr'>ὄντος</span> <span class='ocrx_word' id='word_1_725' title='bbox 1394 1839 1575 1876; x_wconf 83' lang='grc' dir='ltr'>παραγαγὼν,</span> <span class='ocrx_word' id='word_1_726' title='bbox 1594 1839 1631 1874; x_wconf 84' lang='grc' dir='ltr'>μὴ</span> <span class='ocrx_word' id='word_1_727' title='bbox 1649 1839 1740 1874; x_wconf 65' lang='grc' dir='ltr'>φέρων</span> <span class='ocrx_word' id='word_1_728' title='bbox 1760 1839 1811 1865; x_wconf 72' lang='grc' dir='ltr'>ὑπὸ</span> <span class='ocrx_word' id='word_1_729' title='bbox 1839 1839 1888 1865; x_wconf 74' lang='grc' dir='ltr'>τοῦ</span> 
     </span>
    </p>
   </div>
   <div class='ocr_carea' id='block_1_97' title="bbox 1101 1885 1887 1924">
    <p class='ocr_par' dir='ltr' id='par_1_97' title="bbox 1101 1885 1887 1924">
     <span class='ocr_line' id='line_1_97' title="bbox 1101 1885 1887 1924; baseline -0.008 -8"><span class='ocrx_word' id='word_1_730' title='bbox 1101 1888 1222 1924; x_wconf 75' lang='grc' dir='ltr'>πονηροῦ</span> <span class='ocrx_word' id='word_1_731' title='bbox 1239 1888 1285 1915; x_wconf 85' lang='grc' dir='ltr'>τδν</span> <span class='ocrx_word' id='word_1_732' title='bbox 1299 1888 1444 1922; x_wconf 77' lang='grc' dir='ltr'>ἄνθρωπον</span> <span class='ocrx_word' id='word_1_733' title='bbox 1459 1887 1524 1922; x_wconf 74' lang='grc' dir='ltr'>ὁρᾷν</span> <span class='ocrx_word' id='word_1_734' title='bbox 1541 1886 1769 1921; x_wconf 77' lang='grc' dir='ltr'>τυραννούμενον,</span> <span class='ocrx_word' id='word_1_735' title='bbox 1787 1885 1839 1911; x_wconf 84' lang='grc' dir='ltr'>τῶν</span> <span class='ocrx_word' id='word_1_736' title='bbox 1855 1893 1887 1911; x_wconf 75' lang='grc' dir='ltr'>τι</span> 
     </span>
    </p>
   </div>
   <div class='ocr_carea' id='block_1_98' title="bbox 1101 1929 1889 1968">
    <p class='ocr_par' dir='ltr' id='par_1_98' title="bbox 1101 1929 1889 1968">
     <span class='ocr_line' id='line_1_98' title="bbox 1101 1929 1889 1968; baseline -0.009 -8"><span class='ocrx_word' id='word_1_737' title='bbox 1101 1932 1249 1968; x_wconf 81' lang='grc' dir='ltr'>Πατρικῶν</span> <span class='ocrx_word' id='word_1_738' title='bbox 1264 1932 1313 1959; x_wconf 72' lang='grc' dir='ltr'>οὒκ</span> <span class='ocrx_word' id='word_1_739' title='bbox 1330 1931 1429 1966; x_wconf 77' lang='grc' dir='ltr'>ἐξέστη</span> <span class='ocrx_word' id='word_1_740' title='bbox 1444 1931 1562 1963; x_wconf 74' lang='grc' dir='ltr'>κόλπων,</span> <span class='ocrx_word' id='word_1_741' title='bbox 1583 1930 1630 1956; x_wconf 76' lang='grc' dir='ltr'>καὶ</span> <span class='ocrx_word' id='word_1_742' title='bbox 1648 1929 1736 1956; x_wconf 82' lang='grc' dir='ltr'>πάντα</span> <span class='ocrx_word' id='word_1_743' title='bbox 1751 1929 1821 1963; x_wconf 79' lang='grc' dir='ltr'>πλὴν</span> <span class='ocrx_word' id='word_1_744' title='bbox 1838 1929 1889 1963; x_wconf 73' lang='lat' dir='ltr'><strong>p.6—</strong></span> 
     </span>
    </p>
   </div>
   <div class='ocr_carea' id='block_1_99' title="bbox 1101 1975 1887 2015">
    <p class='ocr_par' dir='ltr' id='par_1_99' title="bbox 1101 1975 1887 2015">
     <span class='ocr_line' id='line_1_99' title="bbox 1101 1975 1887 2015; baseline -0.006 -8"><span class='ocrx_word' id='word_1_745' title='bbox 1101 1989 1149 2015; x_wconf 81' lang='grc' dir='ltr'><strong>νης</strong></span> <span class='ocrx_word' id='word_1_746' title='bbox 1163 1979 1213 2014; x_wconf 78' lang='grc' dir='ltr'>τῆς</span> <span class='ocrx_word' id='word_1_747' title='bbox 1228 1978 1365 2014; x_wconf 79' lang='grc' dir='ltr'>ἁμαρτίας</span> <span class='ocrx_word' id='word_1_748' title='bbox 1389 1977 1451 2004; x_wconf 84' lang='grc' dir='ltr'>καθ’</span> <span class='ocrx_word' id='word_1_749' title='bbox 1476 1978 1548 2012; x_wconf 75' lang='grc' dir='ltr'>ἡμᾶς</span> <span class='ocrx_word' id='word_1_750' title='bbox 1565 1975 1696 2010; x_wconf 77' lang='grc' dir='ltr'>γεγονὼς,</span> <span class='ocrx_word' id='word_1_751' title='bbox 1717 1975 1887 2009; x_wconf 73' lang='grc' dir='ltr'>σταυροῦται</span> 
     </span>
    </p>
   </div>
   <div class='ocr_carea' id='block_1_100' title="bbox 1100 2021 1888 2060">
    <p class='ocr_par' dir='ltr' id='par_1_100' title="bbox 1100 2021 1888 2060">
     <span class='ocr_line' id='line_1_100' title="bbox 1100 2021 1888 2060; baseline -0.006 -8"><span class='ocrx_word' id='word_1_752' title='bbox 1100 2026 1148 2052; x_wconf 74' lang='grc' dir='ltr'>καὶ</span> <span class='ocrx_word' id='word_1_753' title='bbox 1170 2024 1291 2060; x_wconf 81' lang='grc' dir='ltr'>θνήσκει,</span> <span class='ocrx_word' id='word_1_754' title='bbox 1314 2023 1362 2051; x_wconf 81' lang='grc' dir='ltr'><strong>τοῦ</strong></span> <span class='ocrx_word' id='word_1_755' title='bbox 1379 2023 1429 2058; x_wconf 80' lang='grc' dir='ltr'>τῆς</span> <span class='ocrx_word' id='word_1_756' title='bbox 1459 2021 1596 2058; x_wconf 77' lang='grc' dir='ltr'>ἁμαρτίας</span> <span class='ocrx_word' id='word_1_757' title='bbox 1614 2021 1760 2056; x_wconf 77' lang='grc' dir='ltr'>πτώματος</span> <span class='ocrx_word' id='word_1_758' title='bbox 1783 2021 1888 2047; x_wconf 75' lang='grc' dir='ltr'>ἐθέλων</span> 
     </span>
    </p>
   </div>
   <div class='ocr_carea' id='block_1_101' title="bbox 1099 2063 1887 2106">
    <p class='ocr_par' dir='ltr' id='par_1_101' title="bbox 1099 2063 1887 2106">
     <span class='ocr_line' id='line_1_101' title="bbox 1099 2063 1887 2106; baseline -0.01 -9"><span class='ocrx_word' id='word_1_759' title='bbox 1099 2070 1173 2106; x_wconf 73' lang='grc' dir='ltr'>ἡμᾶς</span> <span class='ocrx_word' id='word_1_760' title='bbox 1188 2067 1394 2096; x_wconf 82' lang='grc' dir='ltr'>ἀνασώσασθαι.</span> <span class='ocrx_word' id='word_1_761' title='bbox 1423 2066 1468 2101; x_wconf 87' lang='grc' dir='ltr'><strong>Τῷ</strong></span> <span class='ocrx_word' id='word_1_762' title='bbox 1492 2065 1591 2092; x_wconf 74' lang='grc' dir='ltr'>ἑαυτοῦ</span> <span class='ocrx_word' id='word_1_763' title='bbox 1609 2064 1755 2099; x_wconf 80' lang='grc' dir='ltr'>τοιγαροῦν</span> <span class='ocrx_word' id='word_1_764' title='bbox 1774 2063 1887 2099; x_wconf 82' lang='grc' dir='ltr'>θανάτῳ</span> 
     </span>
    </p>
   </div>
   <div class='ocr_carea' id='block_1_102' title="bbox 1098 2108 1884 2148">
    <p class='ocr_par' dir='ltr' id='par_1_102' title="bbox 1098 2108 1884 2148">
     <span class='ocr_line' id='line_1_102' title="bbox 1098 2108 1884 2148; baseline -0.011 -6"><span class='ocrx_word' id='word_1_765' title='bbox 1098 2115 1144 2142; x_wconf 76' lang='grc' dir='ltr'>τὸν</span> <span class='ocrx_word' id='word_1_766' title='bbox 1165 2114 1252 2141; x_wconf 72' lang='grc' dir='ltr'>αἴτιον</span> <span class='ocrx_word' id='word_1_767' title='bbox 1268 2113 1315 2140; x_wconf 83' lang='grc' dir='ltr'><strong>τοῦ</strong></span> <span class='ocrx_word' id='word_1_768' title='bbox 1333 2112 1467 2148; x_wconf 78' lang='grc' dir='ltr'>ἡμετέρου</span> <span class='ocrx_word' id='word_1_769' title='bbox 1485 2111 1631 2146; x_wconf 82' lang='grc' dir='ltr'>πτώματος</span> <span class='ocrx_word' id='word_1_770' title='bbox 1659 2108 1884 2142; x_wconf 76' lang='grc' dir='ltr'>καταὸεεληκὼς,</span> 
     </span>
    </p>
   </div>
   <div class='ocr_carea' id='block_1_103' title="bbox 1099 2151 1887 2193">
    <p class='ocr_par' dir='ltr' id='par_1_103' title="bbox 1099 2151 1887 2193">
     <span class='ocr_line' id='line_1_103' title="bbox 1099 2151 1887 2193; baseline -0.008 -7"><span class='ocrx_word' id='word_1_771' title='bbox 1099 2159 1179 2191; x_wconf 80' lang='grc' dir='ltr'>αὑτός</span> <span class='ocrx_word' id='word_1_772' title='bbox 1194 2168 1223 2186; x_wconf 81' lang='grc' dir='ltr'><strong>τε</strong></span> <span class='ocrx_word' id='word_1_773' title='bbox 1238 2159 1279 2190; x_wconf 80' lang='grc' dir='ltr'><strong>εις</strong></span> <span class='ocrx_word' id='word_1_774' title='bbox 1303 2157 1434 2193; x_wconf 67' lang='grc' dir='ltr'>οὐρανοὺς</span> <span class='ocrx_word' id='word_1_775' title='bbox 1457 2156 1627 2192; x_wconf 83' lang='grc' dir='ltr'>ἀνεληλύθει,</span> <span class='ocrx_word' id='word_1_776' title='bbox 1643 2154 1690 2189; x_wconf 71' lang='grc' dir='ltr'>ἀφ’</span> <span class='ocrx_word' id='word_1_777' title='bbox 1706 2151 1743 2182; x_wconf 82' lang='grc' dir='ltr'>ὧν</span> <span class='ocrx_word' id='word_1_778' title='bbox 1755 2155 1802 2181; x_wconf 74' lang='grc' dir='ltr'>καὶ</span> <span class='ocrx_word' id='word_1_779' title='bbox 1817 2163 1887 2181; x_wconf 85' lang='grc' dir='ltr'>κατ-</span> 
     </span>
    </p>
   </div>
   <div class='ocr_carea' id='block_1_104' title="bbox 1099 2199 1886 2238">
    <p class='ocr_par' dir='ltr' id='par_1_104' title="bbox 1099 2199 1886 2238">
     <span class='ocr_line' id='line_1_104' title="bbox 1099 2199 1886 2238; baseline -0.006 -9"><span class='ocrx_word' id='word_1_780' title='bbox 1099 2203 1192 2238; x_wconf 83' lang='grc' dir='ltr'>ῆλθεν,</span> <span class='ocrx_word' id='word_1_781' title='bbox 1206 2202 1253 2229; x_wconf 77' lang='grc' dir='ltr'>καὶ</span> <span class='ocrx_word' id='word_1_782' title='bbox 1267 2202 1341 2237; x_wconf 77' lang='grc' dir='ltr'>ἡμᾶς</span> <span class='ocrx_word' id='word_1_783' title='bbox 1360 2202 1448 2228; x_wconf 72' lang='grc' dir='ltr'>ἐκεῖσε</span> <span class='ocrx_word' id='word_1_784' title='bbox 1462 2201 1549 2233; x_wconf 75' lang='grc' dir='ltr'>καλεῖ,</span> <span class='ocrx_word' id='word_1_785' title='bbox 1566 2200 1615 2235; x_wconf 71' lang='grc' dir='ltr'>τὴν</span> <span class='ocrx_word' id='word_1_786' title='bbox 1630 2200 1697 2235; x_wconf 67' lang='grc' dir='ltr'>πρὸς</span> <span class='ocrx_word' id='word_1_787' title='bbox 1717 2199 1798 2226; x_wconf 74' lang='grc' dir='ltr'>αὑτὸν</span> <span class='ocrx_word' id='word_1_788' title='bbox 1816 2200 1886 2233; x_wconf 73' lang='grc' dir='ltr'>ἡμῖν</span> 
     </span>
    </p>
   </div>
   <div class='ocr_carea' id='block_1_105' title="bbox 1099 2244 1884 2282">
    <p class='ocr_par' dir='ltr' id='par_1_105' title="bbox 1099 2244 1884 2282">
     <span class='ocr_line' id='line_1_105' title="bbox 1099 2244 1884 2282; baseline -0.005 -6"><span class='ocrx_word' id='word_1_789' title='bbox 1099 2249 1192 2276; x_wconf 71' lang='grc' dir='ltr'>ἄνοδον</span> <span class='ocrx_word' id='word_1_790' title='bbox 1225 2247 1379 2280; x_wconf 74' lang='grc' dir='ltr'>ὑποδείξας.</span> <span class='ocrx_word' id='word_1_791' title='bbox 1413 2247 1505 2282; x_wconf 78' lang='grc' dir='ltr'>Ἔχεις</span> <span class='ocrx_word' id='word_1_792' title='bbox 1524 2255 1550 2272; x_wconf 82' lang='grc' dir='ltr'><strong>τι</strong></span> <span class='ocrx_word' id='word_1_793' title='bbox 1580 2246 1628 2272; x_wconf 73' lang='grc' dir='ltr'>καὶ</span> <span class='ocrx_word' id='word_1_794' title='bbox 1657 2245 1737 2277; x_wconf 75' lang='grc' dir='ltr'>αὐτὸς</span> <span class='ocrx_word' id='word_1_795' title='bbox 1760 2244 1884 2272; x_wconf 75' lang='grc' dir='ltr'>τοιοῦτον</span> 
     </span>
    </p>
   </div>
   <div class='ocr_carea' id='block_1_106' title="bbox 1098 2290 1883 2329">
    <p class='ocr_par' dir='ltr' id='par_1_106' title="bbox 1098 2290 1883 2329">
     <span class='ocr_line' id='line_1_106' title="bbox 1098 2290 1883 2329; baseline -0.006 -8"><span class='ocrx_word' id='word_1_796' title='bbox 1098 2294 1284 2327; x_wconf 80' lang='grc' dir='ltr'>ἀντεπιδεῖξαι</span> <span class='ocrx_word' id='word_1_797' title='bbox 1304 2293 1380 2329; x_wconf 76' lang='grc' dir='ltr'>παρὰ</span> <span class='ocrx_word' id='word_1_798' title='bbox 1405 2293 1459 2319; x_wconf 85' lang='grc' dir='ltr'>τῶν</span> <span class='ocrx_word' id='word_1_799' title='bbox 1475 2292 1615 2327; x_wconf 76' lang='grc' dir='ltr'>ὑμετέρων</span> <span class='ocrx_word' id='word_1_800' title='bbox 1628 2291 1696 2317; x_wconf 83' lang='grc' dir='ltr'>θεῶν</span> <span class='ocrx_word' id='word_1_801' title='bbox 1713 2290 1859 2325; x_wconf 77' lang='grc' dir='ltr'>γενόμενον</span> <span class='ocrx_word' id='word_1_802' title='bbox 1875 2299 1883 2322; x_wconf 87' lang='lat'>;</span> 
     </span>
    </p>
   </div>
   <div class='ocr_carea' id='block_1_107' title="bbox 1098 2337 1882 2377">
    <p class='ocr_par' dir='ltr' id='par_1_107' title="bbox 1098 2337 1882 2377">
     <span class='ocr_line' id='line_1_107' title="bbox 1098 2337 1882 2377; baseline -0.009 -8"><span class='ocrx_word' id='word_1_803' title='bbox 1098 2341 1113 2377; x_wconf 75' lang='grc' dir='ltr'>ἧ</span> <span class='ocrx_word' id='word_1_804' title='bbox 1130 2342 1178 2369; x_wconf 80' lang='grc' dir='ltr'>καὶ</span> <span class='ocrx_word' id='word_1_805' title='bbox 1196 2341 1226 2368; x_wconf 79' lang='grc' dir='ltr'>τὸ</span> <span class='ocrx_word' id='word_1_806' title='bbox 1248 2341 1327 2372; x_wconf 75' lang='grc' dir='ltr'>θεοὺς</span> <span class='ocrx_word' id='word_1_807' title='bbox 1339 2340 1389 2375; x_wconf 80' lang='grc' dir='ltr'><strong>ἠδη</strong></span> <span class='ocrx_word' id='word_1_808' title='bbox 1413 2338 1524 2370; x_wconf 75' lang='grc' dir='ltr'>τούτους</span> <span class='ocrx_word' id='word_1_809' title='bbox 1549 2338 1642 2364; x_wconf 83' lang='grc' dir='ltr'>καλεῖν</span> <span class='ocrx_word' id='word_1_810' title='bbox 1659 2337 1805 2372; x_wconf 82' lang='grc' dir='ltr'>μεταμέλει</span> <span class='ocrx_word' id='word_1_811' title='bbox 1820 2345 1882 2369; x_wconf 77' lang='grc' dir='ltr'>σοις</span> 
     </span>
    </p>
   </div>
   <div class='ocr_carea' id='block_1_108' title="bbox 1097 2382 1883 2422">
    <p class='ocr_par' dir='ltr' id='par_1_108' title="bbox 1097 2382 1883 2422">
     <span class='ocr_line' id='line_1_108' title="bbox 1097 2382 1883 2422; baseline -0.006 -9"><span class='ocrx_word' id='word_1_812' title='bbox 1097 2386 1248 2422; x_wconf 82' lang='grc' dir='ltr'>κτημάτων</span> <span class='ocrx_word' id='word_1_813' title='bbox 1262 2386 1290 2412; x_wconf 80' lang='grc' dir='ltr'><strong>δὲ</strong></span> <span class='ocrx_word' id='word_1_814' title='bbox 1302 2386 1349 2413; x_wconf 69' lang='grc' dir='ltr'>καὶ</span> <span class='ocrx_word' id='word_1_815' title='bbox 1363 2384 1513 2420; x_wconf 71' lang='grc' dir='ltr'>χρημάτων</span> <span class='ocrx_word' id='word_1_816' title='bbox 1527 2384 1572 2410; x_wconf 80' lang='grc' dir='ltr'>καὶ</span> <span class='ocrx_word' id='word_1_817' title='bbox 1586 2386 1636 2418; x_wconf 81' lang='grc' dir='ltr'>τῆς</span> <span class='ocrx_word' id='word_1_818' title='bbox 1653 2383 1726 2419; x_wconf 80' lang='grc' dir='ltr'>παρὰ</span> <span class='ocrx_word' id='word_1_819' title='bbox 1739 2382 1883 2417; x_wconf 80' lang='grc' dir='ltr'>βασιλεῦσι</span> 
     </span>
    </p>
   </div>
   <div class='ocr_carea' id='block_1_109' title="bbox 1097 2428 1884 2467">
    <p class='ocr_par' dir='ltr' id='par_1_109' title="bbox 1097 2428 1884 2467">
     <span class='ocr_line' id='line_1_109' title="bbox 1097 2428 1884 2467; baseline -0.006 -9"><span class='ocrx_word' id='word_1_820' title='bbox 1097 2433 1179 2467; x_wconf 86' lang='grc' dir='ltr'>τιμῆς</span> <span class='ocrx_word' id='word_1_821' title='bbox 1193 2432 1247 2458; x_wconf 86' lang='grc' dir='ltr'>τῶν</span> <span class='ocrx_word' id='word_1_822' title='bbox 1263 2431 1415 2466; x_wconf 83' lang='grc' dir='ltr'>ὑμετέρων,</span> <span class='ocrx_word' id='word_1_823' title='bbox 1446 2429 1483 2461; x_wconf 80' lang='grc' dir='ltr'>ὣς</span> <span class='ocrx_word' id='word_1_824' title='bbox 1503 2438 1584 2463; x_wconf 75' lang='grc' dir='ltr'>φατε,</span> <span class='ocrx_word' id='word_1_825' title='bbox 1610 2429 1700 2455; x_wconf 76' lang='grc' dir='ltr'>καλῶν</span> <span class='ocrx_word' id='word_1_826' title='bbox 1722 2428 1799 2462; x_wconf 81' lang='grc' dir='ltr'>λόγος</span> <span class='ocrx_word' id='word_1_827' title='bbox 1815 2428 1884 2463; x_wconf 80' lang='grc' dir='ltr'>ἡμῖν</span> 
     </span>
    </p>
   </div>
   <div class='ocr_carea' id='block_1_110' title="bbox 1097 2474 1883 2512">
    <p class='ocr_par' dir='ltr' id='par_1_110' title="bbox 1097 2474 1883 2512">
     <span class='ocr_line' id='line_1_110' title="bbox 1097 2474 1883 2512; baseline -0.005 -9"><span class='ocrx_word' id='word_1_828' title='bbox 1097 2478 1197 2511; x_wconf 73' lang='grc' dir='ltr'>ὀλίγος,</span> <span class='ocrx_word' id='word_1_829' title='bbox 1213 2478 1262 2512; x_wconf 83' lang='grc' dir='ltr'>οὐχ</span> <span class='ocrx_word' id='word_1_830' title='bbox 1277 2476 1314 2508; x_wconf 86' lang='grc' dir='ltr'>ὡς</span> <span class='ocrx_word' id='word_1_831' title='bbox 1338 2476 1443 2503; x_wconf 81' lang='grc' dir='ltr'>ἑστῶτα</span> <span class='ocrx_word' id='word_1_832' title='bbox 1469 2475 1582 2511; x_wconf 82' lang='grc' dir='ltr'>κρίνειν,</span> <span class='ocrx_word' id='word_1_833' title='bbox 1613 2475 1670 2501; x_wconf 74' lang='grc' dir='ltr'>ἀλλ’</span> <span class='ocrx_word' id='word_1_834' title='bbox 1693 2474 1730 2506; x_wconf 81' lang='grc' dir='ltr'>ὡς</span> <span class='ocrx_word' id='word_1_835' title='bbox 1745 2474 1883 2509; x_wconf 78' lang='grc' dir='ltr'>φεύγοντα.</span> 
     </span>
    </p>
   </div>
   <div class='ocr_carea' id='block_1_111' title="bbox 1097 2517 1883 2553">
    <p class='ocr_par' dir='ltr' id='par_1_111' title="bbox 1097 2517 1883 2553">
     <span class='ocr_line' id='line_1_111' title="bbox 1097 2517 1883 2553; baseline -0.004 -8"><span class='ocrx_word' id='word_1_836' title='bbox 1097 2519 1188 2551; x_wconf 77' lang='grc' dir='ltr'>καλῶς</span> <span class='ocrx_word' id='word_1_837' title='bbox 1213 2519 1265 2545; x_wconf 71' lang='grc' dir='ltr'>ὑπὸ</span> <span class='ocrx_word' id='word_1_838' title='bbox 1289 2519 1335 2545; x_wconf 82' lang='grc' dir='ltr'>τοῦ</span> <span class='ocrx_word' id='word_1_839' title='bbox 1361 2519 1501 2553; x_wconf 74' lang='grc' dir='ltr'>προφήτου</span> <span class='ocrx_word' id='word_1_840' title='bbox 1528 2518 1614 2545; x_wconf 83' lang='grc' dir='ltr'>ταῦτα</span> <span class='ocrx_word' id='word_1_841' title='bbox 1640 2517 1883 2552; x_wconf 80' lang='grc' dir='ltr'>πεπαιδευμένοις,</span> 
     </span>
    </p>
   </div>
   <div class='ocr_carea' id='block_1_112' title="bbox 1097 2562 1884 2598">
    <p class='ocr_par' dir='ltr' id='par_1_112' title="bbox 1097 2562 1884 2598">
     <span class='ocr_line' id='line_1_112' title="bbox 1097 2562 1884 2598; baseline -0.005 -7"><span class='ocrx_word' id='word_1_842' title='bbox 1097 2565 1183 2596; x_wconf 78' lang='grc' dir='ltr'>ἄλλως</span> <span class='ocrx_word' id='word_1_843' title='bbox 1207 2573 1236 2591; x_wconf 83' lang='grc' dir='ltr'><strong>τε</strong></span> <span class='ocrx_word' id='word_1_844' title='bbox 1251 2564 1278 2590; x_wconf 86' lang='grc' dir='ltr'><strong>δὲ</strong></span> <span class='ocrx_word' id='word_1_845' title='bbox 1297 2564 1344 2591; x_wconf 71' lang='grc' dir='ltr'>καὶ</span> <span class='ocrx_word' id='word_1_846' title='bbox 1359 2565 1398 2596; x_wconf 78' lang='grc' dir='ltr'><strong>εἰς</strong></span> <span class='ocrx_word' id='word_1_847' title='bbox 1426 2564 1492 2590; x_wconf 84' lang='grc' dir='ltr'>Θεὸν</span> <span class='ocrx_word' id='word_1_848' title='bbox 1508 2564 1557 2598; x_wconf 71' lang='grc' dir='ltr'><strong>ἠδη</strong></span> <span class='ocrx_word' id='word_1_849' title='bbox 1578 2563 1673 2589; x_wconf 80' lang='grc' dir='ltr'>ἐλπίδα</span> <span class='ocrx_word' id='word_1_850' title='bbox 1691 2563 1817 2597; x_wconf 80' lang='grc' dir='ltr'>θεμένοις</span> <span class='ocrx_word' id='word_1_851' title='bbox 1833 2562 1884 2587; x_wconf 81' lang='grc' dir='ltr'>καὶ</span> 
     </span>
    </p>
   </div>
   <div class='ocr_carea' id='block_1_113' title="bbox 1096 2607 1884 2645">
    <p class='ocr_par' dir='ltr' id='par_1_113' title="bbox 1096 2607 1884 2645">
     <span class='ocr_line' id='line_1_113' title="bbox 1096 2607 1884 2645; baseline -0.003 -9"><span class='ocrx_word' id='word_1_852' title='bbox 1096 2610 1144 2645; x_wconf 84' lang='grc' dir='ltr'>τῆς</span> <span class='ocrx_word' id='word_1_853' title='bbox 1175 2609 1279 2636; x_wconf 84' lang='grc' dir='ltr'>ἐκεῖθεν</span> <span class='ocrx_word' id='word_1_854' title='bbox 1302 2610 1381 2645; x_wconf 77' lang='grc' dir='ltr'>δόξης</span> <span class='ocrx_word' id='word_1_855' title='bbox 1403 2609 1471 2640; x_wconf 81' lang='grc' dir='ltr'>ὅλως</span> <span class='ocrx_word' id='word_1_856' title='bbox 1499 2608 1681 2644; x_wconf 75' lang='grc' dir='ltr'>ὲξεχομένοις,</span> <span class='ocrx_word' id='word_1_857' title='bbox 1697 2607 1730 2634; x_wconf 86' lang='grc' dir='ltr'><strong>δι’</strong></span> <span class='ocrx_word' id='word_1_858' title='bbox 1745 2608 1774 2634; x_wconf 81' lang='grc' dir='ltr'>ὃν</span> <span class='ocrx_word' id='word_1_859' title='bbox 1795 2607 1840 2634; x_wconf 69' lang='grc' dir='ltr'>καὶ</span> <span class='ocrx_word' id='word_1_860' title='bbox 1850 2608 1884 2634; x_wconf 79' lang='grc' dir='ltr'>τὸ</span> 
     </span>
    </p>
   </div>
   <div class='ocr_carea' id='block_1_114' title="bbox 1096 2654 1488 2690">
    <p class='ocr_par' dir='ltr' id='par_1_114' title="bbox 1096 2654 1488 2690">
     <span class='ocr_line' id='line_1_114' title="bbox 1096 2654 1488 2690; baseline -0.003 -9"><span class='ocrx_word' id='word_1_861' title='bbox 1096 2655 1193 2681; x_wconf 76' lang='grc' dir='ltr'>παθεῖν</span> <span class='ocrx_word' id='word_1_862' title='bbox 1209 2655 1333 2690; x_wconf 61' lang='grc' dir='ltr'>εὐψύχως</span> <span class='ocrx_word' id='word_1_863' title='bbox 1349 2654 1488 2690; x_wconf 70' lang='grc' dir='ltr'>εἱλόμεθα.</span> 
     </span>
    </p>
   </div>
   <div class='ocr_carea' id='block_1_115' title="bbox 1131 2747 1882 2784">
    <p class='ocr_par' dir='ltr' id='par_1_115' title="bbox 1131 2747 1882 2784">
     <span class='ocr_line' id='line_1_115' title="bbox 1131 2747 1882 2784; baseline 0 -10"><span class='ocrx_word' id='word_1_864' title='bbox 1131 2748 1167 2775; x_wconf 90' lang='lat' dir='ltr'><strong>Z&#39;.</strong></span> <span class='ocrx_word' id='word_1_865' title='bbox 1184 2747 1294 2775; x_wconf 77' lang='grc' dir='ltr'>Τούτων</span> <span class='ocrx_word' id='word_1_866' title='bbox 1311 2747 1432 2779; x_wconf 79' lang='grc' dir='ltr'>ἀκούσας</span> <span class='ocrx_word' id='word_1_867' title='bbox 1452 2747 1609 2782; x_wconf 73' lang='grc' dir='ltr'>Οὐαλέριος,</span> <span class='ocrx_word' id='word_1_868' title='bbox 1626 2749 1730 2784; x_wconf 77' lang='grc' dir='ltr'>ἀθυμίᾳ</span> <span class='ocrx_word' id='word_1_869' title='bbox 1744 2757 1772 2775; x_wconf 89' lang='grc' dir='ltr'><strong>τε</strong></span> <span class='ocrx_word' id='word_1_870' title='bbox 1790 2749 1882 2783; x_wconf 79' lang='grc' dir='ltr'>εἴχετο</span> 
     </span>
    </p>
   </div>
   <div class='ocr_carea' id='block_1_116' title="bbox 1095 2793 1882 2829">
    <p class='ocr_par' dir='ltr' id='par_1_116' title="bbox 1095 2793 1882 2829">
     <span class='ocr_line' id='line_1_116' title="bbox 1095 2793 1882 2829; baseline 0.001 -10"><span class='ocrx_word' id='word_1_871' title='bbox 1095 2794 1143 2820; x_wconf 84' lang='grc' dir='ltr'>καὶ</span> <span class='ocrx_word' id='word_1_872' title='bbox 1160 2793 1226 2829; x_wconf 72' lang='grc' dir='ltr'>πυρὶ</span> <span class='ocrx_word' id='word_1_873' title='bbox 1245 2793 1342 2828; x_wconf 82' lang='grc' dir='ltr'>μανίας</span> <span class='ocrx_word' id='word_1_874' title='bbox 1358 2793 1496 2827; x_wconf 74' lang='grc' dir='ltr'>ἐφλέγετο,</span> <span class='ocrx_word' id='word_1_875' title='bbox 1516 2795 1561 2820; x_wconf 66' lang='grc' dir='ltr'>καὶ</span> <span class='ocrx_word' id='word_1_876' title='bbox 1579 2796 1750 2829; x_wconf 78' lang='grc' dir='ltr'>παραχρῆμα</span> <span class='ocrx_word' id='word_1_877' title='bbox 1777 2796 1806 2820; x_wconf 82' lang='grc' dir='ltr'>τὸ</span> <span class='ocrx_word' id='word_1_878' title='bbox 1818 2795 1882 2821; x_wconf 75' lang='grc' dir='ltr'>ἐπί-</span> 
     </span>
    </p>
   </div>
   <div class='ocr_carea' id='block_1_117' title="bbox 1094 2839 1884 2876">
    <p class='ocr_par' dir='ltr' id='par_1_117' title="bbox 1094 2839 1884 2876">
     <span class='ocr_line' id='line_1_117' title="bbox 1094 2839 1884 2876; baseline 0.001 -10"><span class='ocrx_word' id='word_1_879' title='bbox 1094 2839 1213 2866; x_wconf 77' lang='grc' dir='ltr'>πλαστον</span> <span class='ocrx_word' id='word_1_880' title='bbox 1229 2841 1277 2876; x_wconf 82' lang='grc' dir='ltr'>τῆς</span> <span class='ocrx_word' id='word_1_881' title='bbox 1292 2840 1462 2875; x_wconf 73' lang='grc' dir='ltr'>ἡμερότητος</span> <span class='ocrx_word' id='word_1_882' title='bbox 1479 2842 1649 2874; x_wconf 72' lang='grc' dir='ltr'>προσωπεῖον</span> <span class='ocrx_word' id='word_1_883' title='bbox 1661 2841 1818 2874; x_wconf 69' lang='grc' dir='ltr'>ἀποϐαλὼν,</span> <span class='ocrx_word' id='word_1_884' title='bbox 1830 2841 1884 2876; x_wconf 72' lang='grc' dir='ltr'>τὴν</span> 
     </span>
    </p>
   </div>
  </div>
