2023 3142
196 140 242 171 191

716 136 804 166 νιΤΑ
825 136 854 165 S.
872 134 984 164 CARPI
1007 134 1053 163 ET
1069 133 1281 166 SOCIORUM.

1771 133 1821 165 122

193 196 244 229 τὴν
258 194 439 230 προσεδρείαν
450 200 457 207 ·
479 194 512 220 τὰ
526 193 555 220 δὲ
577 193 657 226 κωφὰ
674 192 754 226 κωφὰ
770 191 817 227 ἦν,
840 192 888 218 καὶ
900 191 940 226 τῷ
956 192 980 217 ὲ)

1043 192 1118 217 Vanis
1142 197 1272 226 perpetuo
1295 193 1459 220 assidt-hant.
1489 193 1574 220 Surda
1602 199 1708 223 autem.
1739 191 1825 218 surda

195 240 294 274 μέρους
308 238 494 272 τυφλώττοντι
505 238 619 272 οὐδεμία
632 237 744 272 βοήθεια
757 237 833 271 παρὰ
847 236 901 262 τῶν
915 236 984 266 ὅλως

195 285 413 319 πεπηρωμένων.
424 282 457 309 Τί
474 283 520 310 οὖν
532 283 546 310 ἧ
560 283 608 310 τοῦ
621 283 739 318 Χριστοῦ
758 283 880 318 μάρτυ;;
899 281 983 317 Ὀμοῦ

194 331 243 357 σὺν
257 331 314 361 τοῖς
330 329 437 365 ὄμμασι
461 330 512 364 τῆς
528 329 630 365 σαρκὸς
646 329 694 355 καὶ
719 328 752 355 τὰ
765 329 814 363 τῆς
838 328 927 363 ψυχῆς
945 328 982 359 είς

192 376 324 410 οὐρανοὺς
336 377 416 410 ἄρας,
433 376 479 402 τὸν
493 376 592 402 ἑαυτοῦ
607 375 676 410 πρὸς
692 375 766 401 ἔλεον
775 374 867 401 ικάλει
883 373 984 400 Δεσπᾶ-

192 430 252 456 την.
270 419 336 448 Εἶτα
354 420 398 454 τίς
429 421 467 448 Τὸ
493 421 540 448 τοῦ
567 421 687 456 σταυροῦ
703 423 816 455 σημεῖον
843 420 983 446 ἐπιϐάλλει

192 469 253 498 ταῖς
267 467 374 501 ὕψεσιν,
396 467 513 493 ἅπτεται
524 468 557 501 τῇ
579 466 663 501 χειρὶ,
679 466 728 493 καὶ
755 467 788 501 τῇ
806 466 862 501 ἁφῇ
879 466 910 492 τὺ
926 466 984 499 φῶς

194 512 345 546 ἠκολούθει,
367 513 415 538 καὶ
442 512 456 537 ὁ
483 511 608 542 σϐεσθεὶς
634 511 773 546 ὀφθαλμὸς
792 511 857 546 ῥᾷον
878 511 895 546 ἢ
915 511 983 545 πρὸς

195 558 279 584 ὕπνον
295 557 502 592 συγκαλυφθεὶς
524 556 689 591 ἀνεῴγνυτο,
719 558 767 584 καὶ
786 557 816 583 τὸ
831 556 863 591 δὴ
880 556 982 591 μεῖζον,

195 605 243 630 καὶ
257 605 273 638 ἡ
290 604 378 638 ψυχῆς
391 603 488 630 ἐλύετο
505 603 642 638 πήρωσις,
659 603 706 629 καὶ
717 601 857 628 πιστεύων
872 599 917 637 ἦν,
937 602 983 627 καὶ

194 650 225 675 τὸ
242 649 300 682 φῶς
315 649 346 675 τὸ
364 648 492 683 ἀληθινὸν
505 647 590 682 ἑώρα,
610 647 624 674 δ
647 646 760 682 φωτίζει
777 646 866 673 πάντα
878 645 983 680 ἄνθρω-

197 703 247 721 πον
263 694 408 729 ἐρχόμενον
421 695 461 725 ιίς
471 695 517 720 τὸν
526 694 640 728 κόσμον,
653 693 701 720 καὶ
713 692 772 728 ἅμα
787 692 896 727 πολὺζτι
912 692 983 726 πλῆ-

195 740 240 771 Θος
253 740 406 775 ἀνθρώπων
419 739 459 775 τῷ
487 740 608 774 θαύματι
635 739 705 774 προς
724 739 774 774 τὴν
789 738 839 773 τῆς
854 738 983 773 ἀληθείας

195 787 344 820 ἐπίγνωσιν
375 787 598 821 εχειραγωγεῖτο.
630 786 698 812 Τίνα
716 786 750 812 ἂν
775 785 806 812 οὗ
837 785 983 820 μετέϐαλον

195 833 291 866 ταῦτα,
306 833 354 859 καὶ
366 832 407 864 τίς
425 834 438 859 ό
454 832 503 868 τὴν
525 833 602 867 ἰσχὺν
620 832 689 866 ἔχων
707 831 810 866 ταύτην
822 830 982 866 ξὲκζητῆσαι

1036 241 1130 264 erant:
1147 242 1173 263 et
1186 237 1209 263 ei
1224 258 1230 264 .
1249 237 1292 271 qui
1309 246 1340 264 ex
1357 244 1432 271 parte
1452 239 1610 266 rmcutiebat
1638 237 1738 264 nullum
1763 241 1822 263 ent

1036 283 1163 310 auxilium
1188 285 1221 310 ab
1241 284 1274 310 iis
1293 284 1337 317 qui
1353 288 1429 310 erant
1443 285 1505 311 caeci
1530 286 1646 319 penitus.
1669 284 1738 317 Quid
1756 291 1821 318 ergo
1844 303 1846 312 ι

1036 330 1137 357 Christi
1160 329 1282 356 servus?
1308 329 1394 356 Simul
1416 337 1476 356 eum
1500 330 1590 357 carnis
1614 329 1699 356 oculis
1723 328 1822 355 animae

1036 383 1142 410 quoque
1156 375 1249 402 oculos
1264 375 1297 401 ad
1314 374 1412 401 cmlum
1431 374 1538 405 tollens,
1553 375 1585 401 ad
1604 373 1820 401 miscricordiam

1036 429 1114 448 suum
1140 421 1285 448 invocabat
1310 420 1466 448 Dominum.
1494 420 1595 447 Deinde
1618 419 1701 453 quid?
1724 419 1819 446 Crueis

1035 467 1140 501 signum
1165 466 1286 494 immittit
1312 466 1416 498 oculis,
1434 473 1517 493 manu
1547 465 1652 500 tangit.
1675 469 1701 491 et
1719 469 1820 491 tactum

1035 514 1079 540 lux
1095 519 1136 541 est
1148 518 1294 541 consecuta
1309 533 1316 546 ,
1331 518 1358 540 et
1373 516 1525 540 exstinctus
1540 512 1635 539 oculus
1657 511 1763 538 facilius
1780 516 1822 538 est

1035 565 1144 594 apertus
1157 580 1164 592 ,
1182 567 1262 593 quam
1279 559 1301 586 si
1322 567 1418 586 somno
1435 558 1530 586 fuisset
1551 563 1676 592 opertus:
1702 562 1729 583 et
1749 557 1821 590 quod

1036 606 1121 640 majus
1132 609 1184 636 est,
1202 605 1270 639 ejus.
1283 605 1327 640 qui
1341 605 1474 632 beneﬂcio
1490 604 1602 631 affectus
1614 603 1712 634 fuerat,
1723 603 1821 628 anitute

1034 659 1141 686 quoque
1153 651 1240 678 ablata
1251 656 1291 678 est
1302 651 1421 681 caecitas.
1432 656 1544 685 eratque
1559 649 1681 682 credens,
1693 653 1720 676 et
1729 654 1820 674 veram

1035 696 1121 724 lucem
1139 697 1292 724 intuebatttr
1306 716 1313 728 ,
1330 704 1390 730 qua:
1405 696 1539 723 illuminat
1553 702 1662 722 omnem
1682 694 1819 723 hominem

1034 743 1185 769 venientem
1201 741 1228 768 in
1240 742 1311 768 hunc
1329 742 1456 768 mundum
1472 750 1478 768 :
1495 745 1522 767 et
1536 740 1615 766 simul
1626 740 1707 767 etiam
1724 745 1821 773 magna

1035 788 1173 815 hominum
1193 787 1334 814 multitudo
1350 787 1463 813 deducta
1480 791 1520 813 est
1538 785 1668 812 miraculo
1686 785 1717 812 ad
1745 784 1820 818 agni-

1035 835 1133 860 tionem
1146 833 1277 860 veritatis.
1296 832 1380 865 Quem
1396 840 1449 859 nou
1467 833 1523 859 haec
1548 835 1695 858 mutassrnt
1709 851 1716 863 ,
1740 835 1766 857 et
1778 830 1819 856 el-

195 877 243 903 καὶ
270 877 366 911 μαθεῖν
389 877 612 911 παρεσκεύασεν;
645 877 714 903 Ἀλλ’
745 877 769 903 εί
791 877 838 903 καὶ
865 877 980 908 πάντας,

1034 880 1161 908 fecissent
1179 886 1301 913 qua‘rere
1316 883 1343 905 et
1356 879 1459 906 disrere
1473 899 1480 909 .
1508 878 1632 912 quisnam
1657 878 1679 904 is
1696 877 1730 904 sit
1743 898 1750 909 ,
1773 876 1819 910 qui

195 923 343 958 Οὐαλέριον
369 922 435 957 γοῦν
459 923 595 957 οὐδαμῶς,
624 922 693 949 ἀλλά
720 922 769 949 καὶ
792 923 858 949 πολὺ
879 922 980 957 μᾶλλον

194 969 380 1004 ἀπηνέστερον
397 968 494 995 ἑαυτοῦ
507 969 690 1004 πεποιήκασι,
706 968 834 1004 καθάπερ
849 968 980 1004 ἐνηόὀμε-

194 1024 239 1041 νον
262 1016 293 1050 τῇ
321 1014 446 1049 ἀπωλείᾳ.
463 1015 513 1048 τῆς
529 1014 632 1050 πλάνης
652 1015 700 1042 καὶ
719 1014 848 1049 οὐδαμῶς
864 1015 982 1042 ἐκκαλυ-

195 1061 294 1096 ῳθῆναι
310 1062 359 1096 τὴν
376 1061 508 1095 ἀλήθειαν
520 1060 701 1095 ἀνεχόμενον·
719 1060 780 1088 ὅθεν
792 1061 895 1087 καὶτὸν
911 1061 981 1096 μάρ-

193 1115 262 1142 τυρα
280 1107 382 1142 ταύτης
401 1108 446 1133 ἐπὶ
466 1107 545 1140 ξύλου
563 1107 744 1142 μετεωρίσας,
770 1108 908 1140 αἰκίζεται
922 1108 981 1142 δρι-

195 1154 332 1186 μυτὰτως,
362 1154 490 1185 τοιαύτας
519 1152 593 1188 αύτῷ
608 1153 658 1184 τὰς
680 1153 800 1189 ἀμοιϐὰς
814 1154 864 1189 τῆς
880 1155 920 1186 είς
935 1153 982 1181 τὸν

194 1197 379 1232 συγκάθεδρον
394 1197 555 1233 εὐεργεσίας
571 1197 725 1230 ἀποδιδούς.

229 1286 277 1313 1Δ’.
299 1286 434 1319 Ἐξαίνετο
450 1288 501 1321 μὲν
514 1284 561 1314 οὖν
577 1287 608 1314 τὸ
623 1287 704 1314 καλὸν
724 1289 813 1316 ἐκεῖνο
829 1289 908 1324 σῶμα
920 1289 982 1320 ταῖς

195 1332 316 1365 μάστιξι.
345 1331 471 1357 Πάπυλον
487 1331 516 1357 δὲ
541 1331 571 1357 οὺ
590 1332 670 1358 τοῦτο
687 1332 794 1364 ἐλύπει,
811 1333 868 1359 ἀλλ’
879 1334 929 1367 ίὸτι
944 1335 981 1368 μὴ

194 1376 382 1410 χαλεπώτεραι
419 1376 520 1410 μᾶλλον
554 1377 690 1411 ἐπήγοντο
718 1377 850 1412 βάσανοι,
888 1379 983 1410 δεινῶς

194 1421 328 1456 ἤσχαλλεν
340 1429 346 1436 ·
371 1421 466 1455 ὥσπερ
482 1421 548 1454 γοῦν
560 1422 607 1448 ἀπ’
628 1422 754 1454 ἐναντίας
768 1423 816 1449 καὶ
832 1424 982 1459 Οὐαλέριος

194 1467 352 1502 ἡττωμένοις
364 1466 434 1502 ὁρῶν
451 1467 531 1494 πάλιν
547 1468 596 1499 τὰς
607 1468 688 1494 αὐτοῦ
706 1468 840 1503 βασάνους
851 1470 920 1504 πρὸς
932 1470 983 1505 τὴν

191 1512 239 1539 τοῦ
260 1512 399 1547 μάρτυρος
414 1512 560 1547 εὐψυχίαν,
578 1512 664 1544 πάθος
681 1514 747 1540 ἴδιον
767 1512 823 1549 εἷχε
837 1514 916 1542 τοῦτο
932 1516 979 1543 καὶ

193 1558 299 1592 πικρῶς
316 1558 396 1593 ἔφερε
407 1565 414 1574 ·
431 1558 577 1592 τοιγαροῦν
588 1559 742 1593 προσετίθει
759 1561 807 1586 καὶ
822 1560 915 1594 ἄλλας,
932 1561 980 1587 καὶ

193 1605 248 1638 πῦρ
265 1605 324 1635 ταῖς
339 1603 421 1630 αὐτοῦ
434 1604 564 1638 πλευραῖς
582 1604 736 1631 ὑπανάπτει
754 1605 803 1631 καὶ
818 1604 903 1637 λίθοις
915 1605 982 1640 βάλ-

191 1649 286 1676 λεσθαι
301 1649 424 1675 κελεύει·
442 1649 510 1676 ἀλλὰ
530 1649 576 1675 καὶ
593 1650 662 1683 προς
681 1650 712 1676 τὸ
736 1650 793 1686 πῦρ
815 1652 829 1677 ό
847 1651 982 1686 μακάριος

191 1696 268 1722 οὐδὲν
285 1695 386 1721 ἔπαθεν
402 1695 525 1728 ἀγεννὲς,
539 1695 586 1722 καὶ
600 1696 624 1722 οἱ
637 1695 706 1722 λίθοι
720 1696 845 1732 καθάπερ
854 1697 981 1732 αἰδούμε-

192 1750 232 1768 νοι
245 1741 275 1768 τὸ
288 1741 332 1767 διὰ
343 1740 462 1775 Χριστὸν
473 1740 560 1772 οὕτως
572 1741 747 1775 αἰκιζόμενον
760 1742 850 1776 σῶμα,
864 1742 981 1777 ἀλλαχοῦ

195 1788 245 1821 μὲν
258 1786 447 1821 ἠκοντίζοντο,
469 1786 532 1813 κατ’
550 1787 634 1814 αὑτοῦ
657 1787 685 1814 δὲ
701 1787 826 1822 οὐδαμῶς
841 1788 980 1822 ἐφέροντο.

201 1835 276 1861 Ἐπεὶ
299 1832 346 1860 οὖν
370 1833 562 1868 ἀπηγόρευσεν
580 1833 728 1868 υὺαλέριος
755 1833 807 1869 ἤδη
833 1835 880 1860 καὶ
906 1835 982 1861 οὐδὲν

194 1878 280 1916 εἶχεν,
294 1880 308 1907 ὃ
325 1880 462 1914 ἐπαγάγοι
485 1881 540 1912 τοῖς
561 1880 650 1914 ἁγίοις
671 1880 711 1911 είς
725 1880 871 1915 τιμωρίαν,
887 1881 982 1916 καιρὸν

194 1927 278 1953 ἐδίδου
289 1926 345 1956 τοῖς
357 1924 674 1960 μώλιινψι,’λογιζόμενος
690 1926 767 1957 ἴσως,
783 1925 821 1956 ὡς
841 1926 868 1952 εί
880 1934 911 1959 γε
935 1927 982 1952 καὶ

195 1971 292 2007 μικρὸν
316 1970 404 2002 οὕτως
426 1970 548 1997 ἁνεθεῖεν
574 1970 599 1996 οί
629 1970 779 2005 μάρτυρες,
793 1971 981 2006 ,δριμυτέραις

193 2018 292 2049 αὐτοὺς
306 2018 330 2044 οἱ
342 2017 476 2052 μώλωπες
491 2016 686 2050 περιϐαλοῦσιν
705 2016 813 2048 ὀδύναις
830 2017 881 2052 ήδη
898 2017 981 2051 φλεγ-

195 2064 331 2098 μήναντες
346 2063 393 2089 καὶ
407 2062 480 2089 οὕτω
493 2062 672 2098 χαυνοτέρους
685 2063 753 2097 πρὸς
770 2063 820 2095 τὰς
833 2063 981 2098 μελλούσας

193 2109 332 2141 ἐξετάσεις
345 2109 520 2143 παρέξονται.
546 2108 616 2135 Ἀλλ’
632 2105 706 2135 οὗτοι
728 2109 773 2136 τὸν
792 2110 885 2145 ίατρὺν
897 2111 981 2145 ἐγγὺς

192 2155 310 2190 ἔχοντες,
342 2155 376 2182 δι’
396 2154 426 2181 ὃν
441 2155 489 2182 καὶ
515 2155 565 2187 τὰς
580 2154 688 2190 πληγὰς
702 2155 787 2190 ἡδέως
803 2156 937 2190 ἐδέχοντο,
949 2158 980 2184 οὺ

992 1539 1014 1568 C

1033 930 1106 952 tanta
1124 929 1166 952 est
1181 925 1279 951 virtute
1293 923 1439 958 praeditus?
1454 922 1506 949 Sed
1521 927 1548 949 et
1563 921 1584 948 si
1600 928 1704 953 omnes
1715 926 1822 954 nequa-

1032 979 1112 1007 quam
1131 970 1239 1005 quidem
1251 975 1324 997 certe
1340 969 1487 1000 Valerium,
1504 969 1557 995 imo
1569 975 1630 994 eum
1646 967 1726 994 etiam
1737 973 1767 992 se
1777 966 1820 999 ip-

1032 1027 1081 1054 pso
1098 1018 1220 1045 fecerunt
1236 1016 1312 1051 longe
1324 1017 1474 1047 saeviurem,
1491 1014 1602 1049 perinde
1617 1013 1672 1040 acsi
1697 1012 1820 1040 delecta-

1034 1071 1109 1092 retur
1121 1072 1216 1092 errore
1232 1086 1239 1098 ,
1256 1069 1282 1091 et
1298 1069 1465 1097 nequaquam
1480 1061 1627 1088 tustineret
1648 1059 1747 1094 aperiri
1774 1065 1821 1086 ve-

1033 1113 1149 1139 ritatem.
1166 1111 1244 1139 Unde
1260 1111 1342 1138 etiam
1356 1116 1416 1135 cttm
1432 1108 1491 1142 ejus
1505 1111 1650 1141 martyrem
1675 1104 1820 1131 sublimem

1032 1166 1112 1193 supra
1129 1158 1230 1194 lignum
1249 1157 1411 1188 sustulisset,
1425 1155 1552 1180 verberat
1565 1151 1741 1178 :tcerbiSsime
1753 1169 1760 1180 .
1776 1155 1818 1176 ta—

1033 1206 1070 1233 les
1085 1206 1109 1232 ei
1127 1205 1240 1232 reddens
1266 1201 1498 1230 retnttneratioues
1523 1206 1571 1233 pro
1593 1197 1736 1229 beneﬁcio,
1764 1203 1823 1230 quo

1034 1253 1092 1286 ejus
1108 1250 1234 1278 all'ecerat
1250 1255 1431 1277 assessorem.

1067 1296 1136 1324 XIV.
1155 1297 1186 1324 Et
1213 1295 1326 1329 [last-llis
1355 1294 1462 1328 quidem
1492 1292 1651 1319 cmdcbatur
1677 1289 1820 1325 pulchrum

1033 1342 1095 1368 illud
1106 1348 1219 1375 corpus:
1234 1339 1362 1374 Papylum
1375 1343 1463 1365 autem
1478 1344 1530 1363 non
1545 1337 1594 1363 hoc
1612 1336 1680 1362 tuale
1693 1334 1819 1364 habebat,

1032 1388 1078 1414 sed
1096 1386 1168 1420 quod
1181 1393 1233 1412 non
1246 1385 1370 1420 graviora
1388 1383 1575 1418 inﬂigereutur
1588 1386 1733 1413 tot-mental
1746 1388 1819 1414 :egre

1033 1433 1155 1460 ferebat:
1172 1431 1308 1465 quomodo
1323 1434 1418 1456 contra
1429 1428 1564 1460 Valerius,
1579 1428 1648 1454 victa
1665 1427 1758 1453 videns
1771 1433 1819 1452 sua

1034 1482 1165 1504 tormenta
1182 1484 1196 1502 a
1216 1476 1342 1510 martyris
1364 1474 1445 1501 animi
1462 1473 1657 1508 magnitudine,
1671 1471 1777 1498 dolebat
1793 1475 1821 1496 et
1842 1499 1849 1505 I

1033 1523 1130 1550 acerbe
1160 1521 1302 1549 tolerabat.
1327 1519 1431 1553 Adiecit
1455 1519 1548 1552 itaque
1577 1517 1661 1544 etiutn
1691 1516 1760 1546 alia;
1793 1520 1822 1542 et

1035 1570 1122 1604 ignem
1137 1567 1259 1594 accendit
1274 1567 1334 1600 ejus
1351 1565 1491 1597 lateribus,
1506 1570 1532 1591 et
1545 1563 1621 1597 jubet
1650 1570 1710 1588 eum
1728 1561 1821 1594 appeti

1034 1615 1176 1650 lapidibus.
1191 1614 1244 1641 Sed
1262 1621 1312 1640 nec
1325 1613 1453 1639 adversus
1469 1612 1557 1644 ignem
1590 1618 1620 1637 se
1642 1610 1724 1643 gessit
1749 1616 1821 1634 :nar-

1035 1665 1080 1694 lyr
1097 1660 1212 1694 ignave:
1229 1663 1255 1684 et
1272 1657 1374 1692 lapides
1386 1655 1465 1683 veluti
1482 1655 1589 1682 reveriti
1601 1661 1699 1688 corpus
1714 1674 1722 1685 ,
1748 1653 1822 1686 quod

1033 1707 1074 1733 sic
1087 1714 1135 1740 pro
1151 1705 1262 1732 Christo
1280 1703 1467 1738 torquebatur.
1486 1701 1540 1728 alio
1553 1701 1660 1735 quidem
1677 1699 1818 1732 iacieban-

1035 1755 1087 1780 tur,
1118 1755 1286 1782 nequaquam
1304 1753 1394 1773 autem
1414 1747 1440 1772 in
1462 1746 1548 1780 ipsum
1569 1745 1736 1771 ferebantur.
1750 1742 1819 1769 Cum

1032 1802 1097 1828 (ιι-ενι
1109 1794 1165 1828 jatn
1181 1793 1304 1820 defessus
1318 1797 1388 1819 esset
1403 1791 1538 1822 Valerius.
1554 1798 1603 1817 nee
1626 1790 1681 1823 jam
1695 1789 1817 1819 haberet.

1034 1840 1104 1873 quod
1121 1839 1222 1865 sanctis
1234 1837 1346 1864 inferret
1359 1838 1391 1863 atl
1408 1835 1570 1870 supplicium
1585 1854 1593 1866 ,
1621 1833 1702 1861 dabat
1713 1837 1819 1867 tempus

1034 1885 1174 1915 vibicibus,
1190 1889 1315 1918 reputans
1331 1882 1456 1914 fortasse,
1475 1882 1546 1915 quod
1558 1882 1579 1908 si
1593 1888 1687 1915 parum
1711 1879 1817 1906 dimissi

1033 1932 1072 1958 sic
1104 1930 1204 1956 fuerint
1228 1934 1372 1963 martyres,
1396 1927 1555 1954 inflammati
1578 1927 1633 1960 jatn
1656 1926 1757 1952 vibices
1771 1933 1818 1952 eos

1033 1975 1204 2011 gravioribus
1230 1974 1366 2002 adicerent
1394 1972 1543 2003 doloribus,
1561 1977 1589 1999 et
1605 1972 1645 1998 sic
1674 1971 1820 1998 redderent

1034 2022 1172 2049 molliores
1201 2021 1235 2047 ad
1266 2019 1382 2053 futuram
1415 2018 1603 2052 quaestionem.
1631 2017 1683 2044 Sed
1711 2015 1729 2042 ii
1757 2022 1818 2042 cum

1033 2076 1115 2102 prope
1131 2067 1262 2094 haberent
1286 2065 1430 2096 Medicum,
1455 2068 1563 2099 propter
1587 2070 1666 2098 quem
1683 2061 1774 2096 plagas
1787 2060 1820 2087 li-

1033 2113 1127 2140 benter
1157 2111 1337 2144 accipiebant,
1367 2117 1418 2137 nou
1444 2109 1530 2135 solum
1562 2116 1576 2134 a
1601 2106 1749 2138 doloribus,
1772 2105 1819 2133 sed

1032 2161 1114 2188 etiam
1128 2168 1142 2186 a
1159 2158 1314 2185 vulneribus
1327 2157 1430 2184 liberati
1451 2160 1513 2184 suttt
1531 2155 1610 2183 simul
1633 2161 1693 2180 cum
1707 2152 1821 2180 cicatrio

191 2201 246 2228 τῶν
261 2200 362 2228 ὀδυνῶν
381 2200 472 2236 μόνον.
487 2200 556 2228 ἀλλὰ
572 2201 621 2228 καὶ
635 2201 690 2228 τῶν
706 2202 871 2237 τραυμάτων
882 2204 978 2234 αὑταῖς

1033 2207 1119 2239 cibus,
1134 2213 1168 2233 ne
1182 2205 1263 2232 ullutn
1277 2204 1386 2239 quidem
1403 2204 1428 2230 in
1449 2211 1478 2230 se
1496 2210 1589 2229 eorum
1607 2200 1723 2228 ferentes
1734 2198 1818 2227 vesti-

190 2248 284 2279 οὐλαῖς
294 2247 511 2282 ἀπηλλάττοντο,
526 2247 594 2282 μηδὲ
607 2247 680 2281 ἴχνος
695 2255 722 2273 τι
742 2248 845 2275 τούτων
857 2248 900 2282 ἐφ’
916 2249 980 2275 ἑαυ-

191 2294 246 2320 τῶν
273 2293 482 2329 περιφέροντες,
505 2292 576 2320 ὦστε
594 2292 724 2320 ἐλάνθανε
739 2293 866 2328 πλήττων
883 2294 980 2320 ἑαυτὸν

190 2338 349 2373 ούαλέριος,
364 2338 394 2364 οὐ
408 2338 472 2369 τοὺς
493 2338 635 2373 μάρτυρας
648 2346 654 2354 ·
668 2338 723 2373 ὅσῳ
737 2338 791 2372 γὰρ
805 2337 980 2372 ὲκουφίζοντο

190 2384 245 2410 τῶν
262 2383 349 2409 πόνων
364 2384 482 2416 ὲκείοεν,
493 2383 614 2417 τοσούτῳ
629 2383 678 2418 τὴν
690 2383 805 2418 καρδίαν
820 2383 903 2415 αὐτὸς
915 2384 981 2419 ὲμα-

193 2429 309 2461 στίζετο,
321 2429 368 2466 καὶ
379 2429 464 2462 θυμὸς
475 2429 558 2455 αὑτὸν
573 2429 619 2455 τσα
636 2429 684 2455 καὶ
699 2429 766 2464 πυρὶ
782 2428 951 2464 κατεπὶπρα.

226 2475 276 2502 IE'.
291 2474 383 2509 Βραχὺ
393 2473 424 2500 τὸ
436 2474 539 2508 μεταξὺ
551 2475 598 2501 καὶ
615 2474 696 2501 πάλιν
715 2475 730 2501 ὁ
750 2474 800 2510 μὲν
816 2476 859 2510 ἐφ’
876 2475 978 2510 ὑψηλοῦ

188 2520 363 2555 προκάθηται
376 2519 510 2553 βήματος,
519 2519 630 2553 φονικόν
639 2528 668 2546 τε
678 2521 724 2547 καὶ
734 2521 849 2556 μανικὸν
859 2522 976 2557 βλέπων,

189 2567 236 2593 καὶ
249 2566 294 2593 διὰ
307 2565 354 2592 τοῦ
378 2565 428 2600 τῆς
442 2564 532 2600 ψυχῆς
556 2567 722 2601 κατόπτρου,
748 2568 800 2593 τῶν
817 2568 976 2603 ὀφθαλμῶν,

189 2612 237 2647 τὴν
253 2612 325 2638 ἔνδον
350 2611 509 2645 ὑποφαίνων
537 2612 667 2646 πικρίαν,
696 2614 742 2640 καὶ
767 2613 827 2652 ούδὲ
842 2615 976 2649 προσιτὸς

190 2659 246 2689 τοῖς
264 2657 385 2684 πλείοσιν
404 2657 459 2684 ὢν·
491 2658 665 2693 περιίσταται
689 2659 718 2686 δὲ
745 2659 825 2688 αὐτδν
847 2661 902 2687 πᾶν
915 2661 978 2688 ὅσον

192 2704 356 2738 ὑπηρετικὸν
374 2701 431 2739 εἶχε
442 2704 491 2739 τῆς
507 2705 642 2739 σφετέρας
658 2705 818 2738 ἀλαζονείας
829 2715 835 2721 ·
850 2707 974 2740 εἰσάγον-

191 2758 236 2776 ται
250 2750 278 2776 δὲ
297 2750 321 2776 οἱ
343 2751 490 2784 γεννάδαι·
520 2750 620 2785 μᾶλλον
639 2751 668 2778 δὲ
696 2751 797 2779 εἰσίασι
821 2752 973 2787 πρόθυμοι·

191 2793 267 2826 εἶπες
281 2795 313 2821 ἂν
322 2795 419 2827 αὐτοὺς
434 2797 473 2826 εἰς
493 2796 622 2831 εὐωχίαν,
638 2797 689 2824 οὐκ
714 2798 754 2829 είς
771 2798 865 2832 ἀγῶνα
883 2798 974 2825 καλεί-

193 2840 272 2868 οθαι”
290 2842 336 2868 καὶ
351 2843 365 2867 ὀ
381 2841 429 2876 μὲν
441 2843 625 2878 καταπλήξειν
651 2844 749 2875 αὖτοὺς
767 2844 813 2871 καὶ
840 2844 893 2879 πρὸ
920 2844 973 2871 τῶν

1031 2254 1113 2289 gium.
1129 2252 1219 2285 Quare
1235 2251 1354 2285 scipsum
1379 2250 1534 2283 imprudens
1551 2248 1664 2274 feriebat
1686 2245 1817 2276 Valerius,

1031 2306 1084 2325 non
1100 2303 1244 2332 martyres.
1264 2296 1322 2328 Quo
1340 2295 1412 2322 enim
1431 2295 1467 2320 illi
1483 2295 1568 2328 magis
1599 2293 1754 2320 levabantur
1780 2291 1819 2317 la-

1031 2343 1152 2374 boribus,
1170 2350 1202 2368 eo
1215 2341 1299 2375 magis
1319 2348 1367 2367 cor
1389 2339 1447 2373 ejus
1460 2339 1613 2366 caedebatur
1629 2347 1636 2365 :
1653 2337 1758 2371 iraque,
1770 2343 1818 2371 pe-

1032 2389 1109 2415 rinde
1121 2396 1152 2415 ac
1164 2388 1244 2421 ignis,
1259 2394 1321 2415 eum
1335 2385 1511 2413 accendebat.

1065 2476 1123 2503 XV.
1139 2475 1223 2503 Breve
1239 2480 1344 2510 tempus
1362 2474 1528 2505 intercessit,
1545 2478 1570 2500 et
1592 2480 1685 2500 rursus
1698 2472 1742 2499 ille
1754 2472 1800 2506 qui

1030 2524 1089 2551 dem
1103 2521 1230 2557 prazsidct
1246 2521 1273 2548 in
1286 2521 1394 2548 excelso
1415 2519 1553 2552 tribunali,
1569 2523 1644 2546 torvo
1661 2523 1687 2546 et
1713 2519 1813 2545 (‘mticnt

1029 2569 1149 2603 spirante
1165 2571 1274 2602 aspectu
1287 2567 1406 2598 intuens,
1419 2571 1446 2593 et
1469 2574 1516 2601 per
1538 2566 1634 2593 animae
1662 2567 1814 2600 speculum,

1028 2614 1132 2645 oculos,
1160 2612 1292 2639 internata
1322 2611 1470 2639 ostendens
1494 2611 1680 2642 acerbitatem,
1710 2615 1737 2635 et
1765 2615 1813 2634 nec

1029 2659 1149 2694 pluribus
1161 2658 1268 2692 quidem
1286 2657 1328 2684 sui
1342 2657 1464 2692 pralbens
1478 2656 1591 2683 adeundi
1605 2655 1710 2689 copiam
1721 2653 1811 2680 :illutn

1030 2711 1119 2732 autem
1145 2709 1250 2731 tantum
1269 2704 1486 2735 circumsistunt,
1507 2703 1662 2736 quicunque
1673 2701 1814 2727 erantmi-

1029 2751 1106 2778 uistri
1127 2750 1186 2785 ejus
1210 2750 1381 2784 arrogantiae.
1403 2749 1614 2776 ltttroducttutur
1641 2751 1732 2774 autem
1759 2746 1810 2773 viri

1028 2798 1161 2832 prmclari,
1182 2796 1222 2824 vel
1240 2795 1328 2830 potius
1347 2795 1535 2829 ingrediuntur
1551 2797 1673 2828 prompto
1685 2795 1713 2819 et
1728 2791 1810 2818 alat-ri

1029 2845 1128 2872 animo.
1149 2844 1258 2872 Diceres
1285 2850 1331 2871 eos
1346 2834 1444 2870 vocari
1464 2842 1496 2868 ad
1513 2841 1681 2873 convivium,
1693 2847 1746 2867 non
1763 2845 1808 2866 au—
