2023 3142
153 174 205 206 129

747 173 772 205 Υ
779 171 842 201 ιΤΑ
862 171 893 200 S.
915 170 1139 200 ELEUTHERI
1147 171 1169 201 l.

1724 171 1774 202 130

148 232 238 263 Εὐθὺς
254 229 301 258 οὖν
312 229 395 265 Φίληξ
410 237 450 261 τις
461 229 517 256 τῶν
533 229 707 264 στρατιωτῶν
725 230 876 264 πέμπεται,
892 229 926 255 τδν

989 227 1028 254 dit
1046 228 1077 254 tle
1094 228 1183 254 medio
1210 228 1304 255 tollere
1320 228 1515 262 Eleutherium,
1532 237 1563 257 ex
1592 230 1642 264 piis
1664 231 1775 257 stutlens

155 276 324 310 Ἐλευθέριον
335 275 375 311 τῷ
387 274 520 310 βασιλικῷ
538 274 641 308 βήματι
655 274 829 309 παραστῆναι
853 283 930 301 κεκε-

148 322 306 356 λευσμένος.
329 321 358 347 ’0
370 321 398 347 δὲ
418 320 468 355 τὴν
483 320 633 354 ἐκκλησίαν
648 319 932 354 καταλαϐὼν,πλὴθει

146 376 176 394 τι
192 366 468 401 περικυκλωσάμενος
499 365 686 401 στρατιωτῶν,
707 366 754 392 καὶ
781 365 828 391 τὸν
853 365 930 399 ἅγιον

145 412 220 439 ἔνδον
236 411 392 443 ἀπολαϐὼν,
409 409 469 438 εἶτα
481 412 528 438 καὶ
543 410 684 443 εἰσελθὼν,
700 411 747 438 καὶ
769 411 858 446 ἀγρίῳ
883 411 931 446 μὲν

144 459 261 493 δμματι,
273 458 435 493 ἀγριωτέρῳ
445 457 472 484 δὲ
486 457 642 492 φρονήματι
653 459 710 489 τοῖς
721 457 807 492 epam
823 457 929 491 φανείς·

142 503 180 535 ὡς
195 503 222 530 δὲ
237 502 306 530 εἴδον
326 503 407 530 αὑτὸν
422 506 452 530 τὸ
464 505 513 538 τῆς
528 503 705 534 διδασκαλίας
731 503 840 538 ἥδιστον
856 503 931 537 νᾶμα

144 549 306 584 προχέοντα.
321 550 368 576 καὶ
383 549 431 576 σὺν
442 549 577 584 εὐκοσμίᾳ
590 548 674 584 πολλῇ
690 550 745 580 τοῖς
760 548 870 575 συνοῦσι
882 550 932 583 τὴν

144 595 286 622 εὐσέϐειαν
300 595 530 629 καταγγέλλοντα,
547 595 596 630 τὴν
612 594 659 621 τοῦ
678 593 797 628 Χριστοῦ
815 594 929 628 δύναμιν

144 641 292 676 θαυμάζων
308 639 352 675 ἦν.
367 641 421 667 Καὶ
438 640 599 675 μεταϐαλὼν
616 639 716 666 αὐτίκα
731 641 780 674 τῆς
797 639 928 674 ἀγριότη-

144 695 199 719 τος,
216 686 351 722 πρόϐατον
363 687 422 714 ἀντὶ
434 685 529 718 λύκου,
546 686 591 712 καὶ
604 685 727 720 μαθητὴς
741 685 801 711 ἀντὶ
814 684 928 711 διώκτου

142 732 263 766 γίνεται·
281 734 328 759 καὶ
343 732 465 767 ὑπερορᾷ
483 733 533 766 μὲν
546 731 628 758 αὐτοῦ
647 731 792 766 βασιλέως,
813 730 929 766 προσπί-

142 778 242 804 πτειδὲ
257 780 314 809 τοῖς
328 778 389 804 ποσὶ
404 777 451 804 τοῦ
470 777 558 810 ἁγίου,
579 777 626 803 καὶ
640 777 669 802 τδ
686 776 739 803 ἀπὸ
751 776 827 802 τοῦδε
847 777 928 810 συνῆν

142 823 216 858 αὐτῷ
233 825 290 854 τοῖς
305 824 410 850 ἑκείνου
426 823 515 856 λόγοις
532 823 600 857 πρὸς
612 822 661 855 τὴν
678 821 818 848 εὐσέϐειαν
835 830 930 856 στηρι-

142 869 265 903 ζόμενος.
291 869 360 895 Ἀλλ’
383 868 453 895 οὕτω
468 868 519 902 μὲν
541 869 555 894 ὁ
569 868 653 902 Φίληξ
670 868 768 900 ἑποίει,
797 867 845 894 καὶ
863 868 932 902 πρὸς

985 274 1124 301 demetere
1134 281 1192 305 eos,
1207 275 1253 308 qtti
1270 281 1348 302 erant
1361 275 1531 310 ittsigniurt-s,
1547 282 1673 310 tanquam
1687 277 1775 311 spicas

985 319 1116 354 quasdam
1134 321 1240 347 cteteris
1255 321 1456 355 prastat-tiores
1473 330 1478 348 :
1496 323 1625 349 etstatim
1644 330 1705 349 cuin
1723 328 1775 349 ιρι·-

986 364 1057 391 ribili
1067 364 1200 399 legatione
1218 365 1335 391 tttittitur
1344 364 1419 391 Felix
1431 365 1552 399 quidam,
1568 374 1637 393 unus
1650 374 1682 393 ex
1699 366 1774 393 duci-

984 410 1035 436 bus
1060 410 1204 442 exercitus,
1220 410 1311 443 jussus
1327 415 1355 437 ut
1379 418 1426 445 per
1448 411 1500 437 vim
1516 408 1633 440 adducat
1648 412 1774 439 Eleuthe-

985 456 1067 488 rium,
1083 461 1111 483 et
1126 464 1187 483 eum
1201 457 1278 483 sistat
1291 462 1353 483 ante
1366 457 1484 484 tribunal
1497 457 1712 491 imperatorium.
1722 458 1775 492 Qui

983 509 1045 528 cum
1055 502 1087 528 ad
1098 502 1196 529 Christi
1211 502 1348 529 tuandram
1359 503 1538 536 pervenisset,
1551 503 1704 536 ecclesiam,
1713 512 1773 531 eam

983 550 1157 575 extrinsecus
1188 548 1360 575 circumsidet
1392 548 1563 576 multitudine
1591 549 1774 577 ntilitutnzet

983 602 1043 620 cum
1061 595 1133 621 intus
1150 594 1338 628 interceptsset
1354 595 1550 628 Eleutlterium,
1568 600 1693 630 tanquam
1706 605 1775 631 pra:-

983 641 1044 666 dam
1056 640 1171 675 aliquam
1189 641 1313 668 studebat
1323 641 1424 669 habere
1439 649 1535 676 agnum
1549 642 1660 668 Christi.
1674 641 1774 670 Deinde

984 686 1114 721 templutn
1133 686 1282 722 ingressus,
1299 692 1325 714 et
1341 687 1499 714 truculentis
1515 687 1624 722 quidem
1640 689 1729 716 orulis
1746 695 1773 716 et

984 735 1176 762 truculentiore
1187 736 1267 762 etiam
1282 736 1520 771 spiritu,tanquam
1540 737 1599 772 ipso
1613 737 1687 764 vultu
1703 736 1773 771 ejus,

983 781 1028 814 qui
1046 781 1332 816 miserat.siguilicans
1353 783 1498 815 szevitiatn,
1516 790 1545 810 se
1569 784 1715 810 ostendens
1729 783 1774 816 iis,

984 826 1032 860 qui
1051 826 1178 854 videbant
1196 837 1202 854 :
1224 831 1364 862 postquam
1382 829 1446 855 vidit
1464 829 1649 856 Eleutheriunt
1664 829 1772 857 suavis-

982 871 1081 897 simum
1101 871 1230 898 doctrina:
1249 871 1378 899 ﬂuentum
1402 873 1618 906 profundentem,
1639 880 1666 902 et
1689 882 1772 900 (ιι-ηο-

141 913 188 940 τδν
208 914 410 941 ἀποστείλαντα
433 914 559 948 οὐδαμῶς
591 914 774 948 ἀναστρέφειν
792 913 903 947 ἠγάπα·
919 914 926 939 t'

986 916 1089 944 tissime
1115 917 1242 950 pietatem
1272 919 1475 946 aununtiantetn
1506 919 1550 951 iis,
1583 920 1629 954 qui
1652 926 1713 946 cum
1740 926 1773 946 eo

141 958 213 990 θεῖος
228 958 257 985 δὲ
279 958 450 994 Ἐλευθέριος
462 958 706 994 παρρησιάσασθαι
720 958 770 994 τὴν
785 957 931 984 εὐσέϐειαν

140 1004 376 1040 προθυμούμενος,
404 1004 519 1039 πορείας
535 1004 616 1036 εὐθὺς
640 1004 740 1040 εἴχετο,
765 1004 812 1030 καὶ
828 1003 873 1030 τὸν
883 1003 930 1030 Φί-

139 1050 212 1086 ληκα
223 1051 408 1086 συνεπόμενον
424 1051 505 1086 ἔχων.
526 1051 570 1082 Ὠς
588 1050 617 1077 δὲ
635 1050 706 1078 κατὰ
716 1050 765 1086 τὴν
781 1050 839 1078 ὁδὸν
853 1050 931 1077 ὕδατι

138 1097 312 1132 περιέτυχον,
339 1097 418 1128 ἄλλος
432 1094 511 1128 οὗτος
527 1097 674 1131 Κανδάκης
688 1097 702 1123 ὸ
714 1095 797 1131 Φίληξ
811 1096 930 1130 γίνεται,

139 1143 187 1170 καὶ
198 1143 274 1178 παρὰ
285 1143 420 1170 Φιλίππου
435 1143 484 1170 τοῦ
502 1142 575 1170 θείου
601 1142 772 1178 Ἐλευθερίου
793 1141 926 1178 βαπτίζε-

136 1196 193 1221 ται,
210 1189 261 1223 τὴν
276 1189 498 1224 είδωλολατρείαν
514 1197 544 1215 τε
561 1188 759 1217 ἀποδάλλεται.

983 962 1175 995 versabantur,
1192 963 1235 989 ille
1246 963 1396 990 mirandum
1412 965 1437 990 in
1453 964 1560 990 modum
1587 963 1773 991 admirabatur

981 1006 1083 1034 Christi
1102 1007 1230 1034 virtutem
1247 1016 1253 1034 :
1270 1012 1296 1034 ct
1308 1008 1400 1035 statim
1414 1014 1515 1035 mutata
1535 1009 1638 1036 saevitia
1674 1010 1683 1043 (
1699 1008 1772 1037 visus

981 1057 1023 1079 est
1040 1053 1112 1080 enim
1134 1053 1234 1080 habere
1252 1054 1372 1080 anitnum
1390 1061 1484 1088 aptum
1509 1055 1542 1081 ad
1570 1055 1772 1089 suscipitndutn

981 1097 1083 1124 semina
1098 1098 1230 1132 pietatis),
1245 1098 1398 1132 litovisttro
1413 1099 1482 1133 lupo,
1498 1105 1524 1126 et
1542 1107 1590 1133 pro
1601 1104 1773 1134 persecutore

981 1143 1129 1177 discipulus
1146 1151 1153 1170 :
1169 1148 1196 1170 ct
1208 1145 1328 1178 priorum
1352 1144 1433 1171 Veluti
1451 1146 1561 1178 oblitus,
1585 1154 1636 1173 nou
1659 1145 1728 1172 latro
1745 1149 1773 1172 et

979 1193 1150 1223 persecutor,
1170 1190 1216 1216 sed
1233 1189 1346 1223 Christi,
1363 1198 1442 1225 quem
1458 1191 1683 1226 persequebatur,
1703 1191 1774 1219 ami-

137 1241 185 1263 cus
201 1239 229 1263 et
247 1236 393 1270 discipulus
409 1245 416 1264 :
435 1242 461 1263 et
478 1236 592 1271 despicit
609 1237 716 1272 quidem
733 1237 818 1270 ipsum
837 1237 1049 1272 imperatorem:
1066 1237 1188 1271 procedit
1220 1242 1311 1265 autem
1330 1241 1364 1266 ad
1393 1240 1474 1273 pedes
1507 1239 1610 1272 sancti,
1638 1245 1666 1266 et
1691 1239 1725 1266 ab
1740 1247 1773 1267 eo

139 1286 262 1316 tetupore
276 1282 370 1310 lubens
380 1283 539 1311 versabatur
551 1291 612 1310 cum
627 1283 767 1318 magistro.
793 1283 867 1310 illius
888 1283 977 1310 verbis
1008 1283 1186 1314 illutuinatus.
1207 1289 1235 1311 et
1257 1283 1284 1311 in
1307 1285 1406 1319 pietate
1439 1285 1626 1312 confirmatus.
1645 1284 1696 1312 Sed
1731 1285 1771 1312 sic

135 1328 246 1362 quidem
259 1328 322 1355 fecit
334 1327 420 1360 Felix,
433 1333 460 1356 et
471 1335 639 1363 nequaquam
652 1329 758 1355 curavit
774 1329 872 1354 reverti
890 1327 922 1354 ad
944 1335 1018 1360 cum,
1053 1329 1097 1363 qtti
1116 1330 1238 1356 miserat.
1256 1329 1315 1357 Non
1329 1336 1388 1358 erat
1402 1337 1503 1363 autem,
1521 1331 1546 1357 id
1560 1330 1631 1365 quod
1662 1330 1771 1358 videba-

138 1379 182 1401 tur
198 1375 367 1402 Eleutherio.
381 1375 538 1402 Festinabat
549 1375 621 1402 enim
643 1375 676 1402 ad
697 1374 897 1402 confessionem
916 1383 923 1402 :
943 1379 1056 1409 eratque
1088 1381 1214 1410 prompto
1228 1381 1255 1403 et
1288 1377 1371 1404 alacri
1387 1378 1478 1405 animo
1492 1378 1524 1404 ad
1541 1378 1668 1412 pietatem
1686 1378 1770 1406 libere

136 1421 378 1449 effercudtthter
392 1421 595 1456 certeprotinus
617 1425 659 1448 est
686 1421 834 1456 ingressus,
863 1421 967 1449 habens
999 1421 1080 1448 etiam
1113 1429 1142 1448 sc
1168 1427 1325 1457 sequentem
1355 1422 1469 1450 Fcliccm
1486 1424 1592 1457 ,ducem
1621 1425 1770 1452 exercitus.

135 1470 204 1496 Cum
231 1473 320 1496 autem
352 1470 422 1497 inter
447 1470 574 1496 entndum
600 1469 628 1496 in
657 1476 754 1504 aquam
782 1468 950 1502 incidissent,
966 1469 996 1496 fit
1011 1469 1056 1496 ltie
1075 1469 1149 1497 Felix
1182 1470 1251 1497 alius
1281 1470 1419 1497 Candaces
1438 1479 1444 1496 :
1465 1475 1492 1498 et
1512 1478 1526 1496 ει
1543 1470 1633 1498 divino
1646 1470 1772 1505 Philippo

135 1513 291 1549 baptizatur
305 1512 324 1546 ',
351 1520 448 1548 nempe
485 1512 659 1546 Eleutherio,
700 1518 728 1540 et
767 1512 926 1540 idololatria:
957 1513 1099 1549 caligine.
1143 1519 1270 1549 tauquam
1310 1515 1419 1550 putrido
1460 1515 1551 1550 aliquo
1586 1516 1770 1552 indumento,

135 1559 255 1587 exuitur.

171 1605 210 1634 I".
231 1606 308 1633 Ἐπεὶ
321 1606 404 1633 δὲκαὶ
416 1606 464 1642 τὴν
482 1606 594 1642 Ῥώμην
607 1607 770 1640 κατέλαϐον,
781 1607 864 1644 Φίληξ
877 1607 927 1642 μὲν
942 1614 962 1643 c

135 1652 191 1684 τοῖς
207 1653 236 1679 ἐν
269 1651 364 1688 Ῥώμῃ
394 1653 500 1683 πιστοῖς
529 1653 563 1680 τὰ
590 1654 662 1680 κατὰ
687 1653 732 1680 τὸν
754 1653 924 1688 Ἐλευθέριον

135 1690 316 1733 ἀπαγγέλλει,
352 1698 521 1734 Ἐλευθέριον
545 1699 574 1726 δὲ
597 1700 610 1726 ό
626 1700 752 1734 βασιλεὺς
769 1699 807 1734 τῷ
826 1699 923 1726 ἑαυτοῦ

135 1744 285 1779 παρίστησι
303 1743 407 1778 βήματι
419 1752 426 1759 ·
444 1743 473 1770 ὃν
493 1744 542 1771 καὶ
559 1744 622 1771 ιδὼν
648 1745 707 1771 νέον
720 1753 749 1771 τε
779 1745 826 1772 καὶ
845 1752 923 1780 περι⁸

135 1789 234 1824 γαλλῆ,
263 1789 310 1816 καὶ
332 1788 370 1824 τῷ
399 1790 449 1824 τῆς
465 1790 566 1824 ἀρετῆς
583 1789 679 1825 κόσμῳ
698 1790 788 1825 ψυχὴν)
802 1790 861 1825 ἃμα
877 1791 924 1817 καὶ

135 1834 292 1869 ὀφθαλμοὺς
312 1834 487 1868 ἀγλατζοντα,
515 1834 572 1861 Ἰνα
588 1835 626 1868 τί,
643 1837 736 1870 φησὶν,
760 1835 922 1870 Ἑλευθέριε,

133 1880 186 1916 τὴν
197 1879 327 1915 πατρῴαν
339 1879 488 1915 θρησκείαν
499 1880 652 1912 ἀπολιπὼν,
663 1881 756 1908 καινόν
765 1889 824 1907 τινα
838 1889 922 1915 πρεσ-

134 1925 223 1957 ὃεύεις
239 1925 315 1959 Θεὸν,
329 1927 376 1952 καὶ
391 1925 486 1952 τοῦτον
501 1926 709 1961 ἐσταυρωμένον
723 1934 730 1959 ;
754 1926 922 1962 Ἐλευθέριος

133 1972 162 1999 δὲ
174 1972 243 2008 πρὸς
254 1971 340 2004 οὕτως
353 1971 537 1999 ἀσυνετοῦντα
562 1972 630 2007 μηδὲ
650 1972 849 2007 ἀποκρίνεσθαι
876 1972 921 2000 θέ-

134 2018 199 2051 λων,
215 2018 302 2049 ἄλλως
326 2026 355 2044 τε
371 2018 398 2044 δὲ
409 2018 456 2044 καὶ
468 2018 539 2045 αὐτὰ
547 2018 579 2054 δὴ
591 2019 624 2044 τὰ
636 2018 682 2045 τοῦ
693 2019 810 2053 Χριστοῦ
826 2020 854 2045 ἐν
866 2021 922 2051 τοῖς

134 2064 204 2099 ὑπὲρ
225 2063 344 2099 Χριστοῦ
364 2063 542 2098 μιμούμενος,
572 2063 682 2091 σιωπῶν
702 2065 828 2100 ἑστήκει.
851 2065 921 2092 Ἀλλ’

134 2109 278 2144 ἀπόκρινε,
294 2109 342 2136 καὶ
362 2107 440 2141 αὖθις
452 2111 466 2136 ὁ
483 2109 612 2144 βασιλεὺς
626 2110 688 2146 ἔφη,
713 2111 778 2146 περὶ
794 2108 832 2138 ὧν
846 2111 921 2147 ἠρω-

133 2154 232 2190 τήθης.
249 2152 315 2181 Εἶτα
330 2154 437 2189 καὶτῆς
456 2154 569 2189 πικρίας
588 2156 680 2187 ἐνδοὺς
691 2177 698 2189 ,
715 2156 846 2192 Πείσθητί
863 2165 919 2191 μοι,

135 2200 224 2234 ἔλεγε,
255 2200 302 2226 καὶ
323 2201 380 2232 τοῖς
404 2200 552 2236 ἀηττήτοις
576 2201 657 2228 θῦσον
682 2201 774 2234 θεοῖς·
800 2203 824 2228 εί
839 2202 861 2229 δ’
876 2201 919 2235 οὓ,

132 2246 255 2282 χαλεπὰς
269 2246 362 2278 ἐπάξω
376 2254 418 2272 σοι
431 2246 578 2282 τιμωρίας,
590 2247 744 2283 πειθομένῳ
760 2248 788 2275 δὲ
805 2248 853 2279 τὶς
870 2256 919 2283 με·

133 2293 229 2326 γίστας
246 2291 357 2327 παρέξω
371 2292 464 2326 τιμάς.
483 2293 537 2319 Καὶ
551 2293 566 2320 ό
589 2292 760 2328 Ἐλευθέριος
774 2294 916 2328 εὐπαρρη-
932 2289 959 2318 Ι)

134 2337 268 2368 σιάστως·
287 2337 341 2363 Καὶ
368 2337 426 2368 πῶς
462 2338 505 2369 ἂν,
525 2337 590 2373 ἔφη,
619 2338 751 2370 τοιούτοις
781 2338 923 2372 λατρεύσω

135 2382 222 2414 θεοῖς,
237 2382 254 2416 ἢ
270 2382 334 2409 ἄλλο
356 2382 514 2417 ἀνεχομένιιρ
544 2383 734 2418 συνθήσομαι;
758 2383 820 2413 Πῶς
848 2382 874 2408 δὲ
890 2383 921 2408 οὐ

139 2427 239 2462 μᾶλλον
256 2429 408 2462 ἀποστῆναι
421 2428 523 2454 τούτων
538 2429 586 2455 καὶ
597 2429 660 2463 ὑμῖν
675 2427 922 2462 συμὸουλεύσαιμι;

140 2471 317 2503 Ξιπειθοῦντας
348 2473 375 2498 δὲ
402 2472 529 2507 δακρύσω
545 2473 594 2507 τῆς
619 2472 759 2504 ἀπονοίας,
791 2473 831 2499 ὄτι
850 2472 922 2507 λόγῳ

138 2519 203 2554 προς
217 2518 284 2545 Θεοῦ
301 2519 473 2554 τιμηθέντες,
494 2518 579 2550 ξύλων
600 2520 648 2546 καὶ
669 2519 749 2546 λίθων
763 2519 920 2554 ἀτιμότεροι

135 2563 336 2599 καθεστήκατε,
353 2562 431 2594 θεοὺς
446 2561 532 2588 ταῦτα
545 2563 701 2598 ἡγούμενοι,
718 2563 819 2589 καὶτὸν
833 2562 919 2596 ἀληθῆ

136 2609 201 2636 Θεὸν
211 2609 338 2645 ἀφρόνως
352 2608 598 2643 ἀποστρεφόμενοι,
618 2608 647 2639 ὃς
666 2608 701 2634 τὰ
718 2609 805 2634 πάντα
817 2608 920 2642 ῥήματι

136 2656 320 2690 συνεστήσατο
334 2663 340 2669 ⁸
367 2655 414 2681 καὶ
435 2655 509 2689 ἡμᾶς
535 2654 573 2685 δὲ,
587 2654 640 2680 τῶν
666 2653 748 2680 αὐτοῦ
763 2654 920 2688 κτισμάτων

136 2700 166 2727 τὸ
177 2701 318 2727 κάλλιστόν
330 2709 358 2727 τε
374 2701 421 2728 καὶ
436 2700 612 2735 τιμιώτατον,
628 2701 652 2727 εἰ
665 2700 712 2727 καὶ
726 2700 819 2734 ὥσπερ
832 2701 860 2726 ὲν
873 2708 920 2725 νυ-

137 2748 286 2783 κτομαχίᾳ,
299 2748 328 2774 το
341 2748 417 2782 φίλον
443 2757 472 2773 τε
488 2747 536 2774 καὶ
553 2747 680 2783 πολέμιον
695 2747 858 2782 ἀγνοοῦμεν,
874 2747 921 2784 καὶ

140 2794 207 2829 πρὸς
222 2794 270 2827 μὲν
285 2794 330 2820 τὸν
356 2794 489 2829 ἡμέτερον
518 2795 658 2830 Δεσπότην
683 2793 920 2828 ἑκπολεμούμεθα,

171 2862 181 2876 ²
195 2861 255 2888 Act.
274 2868 331 2886 vttt.
371 2860 379 2874 ³
402 2859 468 2886 Luc.
487 2867 544 2886 xxi.

1015 1607 1061 1635 Ill.
1075 1607 1221 1641 Postquam
1232 1614 1294 1634 vero
1309 1606 1406 1634 itinere
1422 1607 1547 1635 confecto
1557 1606 1671 1636 Romam
1690 1616 1771 1636 vene-

981 1658 1059 1685 runt,
1071 1661 1085 1680 a
1103 1653 1228 1680 fidelibus
1243 1652 1364 1687 quidem,
1381 1653 1426 1686 qui
1447 1657 1524 1680 erant
1543 1653 1644 1686 Romae,
1663 1654 1770 1688 agnitus

978 1699 1116 1733 sigillatim
1141 1698 1175 1726 de
1194 1697 1351 1724 Eleutherio
1367 1697 1458 1724 omnia
1474 1698 1626 1725 annuntiat.
1641 1697 1770 1726 Eleutbe.

979 1744 1054 1772 rium
1075 1749 1166 1772 autem
1181 1744 1274 1778 jussus
1298 1743 1469 1778 imperatoris
1491 1743 1640 1778 imperabat
1659 1744 1717 1771 sisti
1734 1744 1769 1772 ad

980 1791 1050 1818 illius
1065 1790 1194 1818 tribunal.
1210 1789 1256 1817 Ille
1273 1796 1336 1816 vero
1362 1793 1416 1815 tam
1433 1797 1530 1824 magno
1544 1794 1570 1816 et
1585 1789 1694 1817 excelso
1709 1791 1769 1817 ani-

977 1844 1022 1863 nto
1044 1835 1206 1870 ingreditur,
1222 1842 1253 1862 ac
1267 1834 1288 1861 si
1311 1841 1363 1861 non
1380 1834 1413 1860 ad
1429 1834 1588 1866 certamina,
1608 1834 1654 1860 sed
1677 1835 1710 1860 ad
1727 1835 1769 1862 fe-

978 1887 1050 1909 stum
1068 1886 1268 1908 accerseretur.
1297 1879 1383 1912 Quem
1406 1887 1466 1906 cum
1483 1880 1634 1914 aspexisset
1647 1880 1766 1915 impera—

978 1932 1030 1959 tor,
1049 1931 1078 1953 ut
1097 1925 1164 1953 vidit
1177 1933 1238 1953 eum
1257 1932 1316 1952 esse
1341 1930 1369 1952 et
1381 1925 1508 1960 juvenem
1525 1929 1551 1952 et
1572 1925 1721 1953 formosqu
1737 1929 1766 1953 et

976 1972 1085 1998 virtutis
1112 1973 1273 1997 ornamento
1298 1972 1325 1996 et.
1354 1969 1443 1995 animo
1464 1973 1491 1994 ct
1514 1967 1598 1995 oculis
1610 1969 1738 1995 decorum
1754 1976 1765 1997 ε

975 2017 1040 2048 Cur,
1063 2017 1161 2051 inquit,
1184 2023 1200 2042 ο
1224 2015 1371 2046 Eleutheri,
1390 2015 1475 2048 patria
1502 2013 1596 2041 relicta
1622 2014 1764 2048 religione,

975 2063 1085 2091 deorum
1109 2062 1210 2089 cultum
1235 2060 1311 2088 nihili
1337 2059 1452 2092 faciens,
1488 2067 1587 2086 novum
1620 2059 1763 2094 quemdam

975 2110 1059 2137 Deum
1076 2108 1142 2136 colis
1159 2116 1166 2135 :
1187 2107 1263 2142 isque
1279 2113 1340 2133 cum
1355 2114 1408 2133 non
1423 2105 1510 2132 solum
1527 2106 1564 2133 sit
1584 2111 1675 2140 aperte
1691 2113 1764 2133 mor-

974 2159 1048 2185 tuus,
1065 2154 1112 2181 sed
1129 2153 1212 2180 etiam
1237 2156 1352 2179 mortem
1375 2150 1491 2178 subierit
1521 2151 1703 2185 turpissimam
1721 2151 1733 2177 Ἰ
1750 2159 1759 2177 ι

974 2199 1146 2226 Eleutherius
1159 2202 1249 2225 autem
1264 2196 1300 2228 ei,
1313 2196 1358 2230 qui
1377 2204 1406 2223 se
1423 2201 1475 2223 tant
1487 2196 1567 2224 stulte
1578 2197 1698 2232 gerebat,
1712 2203 1762 2223 nec

975 2245 1191 2280 respondendum
1208 2244 1317 2279 quidem
1348 2250 1410 2270 esse
1432 2243 1589 2274 arbitratus,
1616 2247 1643 2269 et
1659 2241 1761 2276 alioqui

974 2293 1060 2327 ipsum
1089 2290 1227 2318 Christum
1251 2291 1277 2316 itt
1307 2289 1350 2322 iis,
1367 2296 1426 2322 quae
1449 2296 1496 2322 pro
1511 2287 1619 2314 Christo
1633 2294 1760 2320 passurus

972 2343 1041 2368 erat,
1058 2337 1168 2364 imitans
1182 2335 1271 2363 stabat
1285 2340 1387 2362 tacens.
1404 2343 1413 2359 ι
1430 2333 1482 2360 Sed
1500 2333 1644 2366 responde,
1663 2340 1760 2359 rursus

972 2382 1039 2409 dixit
1057 2383 1221 2415 imperator:
1242 2380 1292 2413 Qui
1306 2381 1345 2412 lit,
1360 2379 1430 2412 quod
1445 2384 1469 2406 te
1487 2383 1540 2405 tant
1555 2378 1655 2405 stolide
1668 2385 1758 2411 geras.

970 2431 997 2454 et
1012 2427 1039 2453 in
1054 2426 1127 2453 hunc
1139 2424 1354 2452 Christianorum
1369 2424 1470 2450 cultum
1486 2424 1610 2450 insanum
1629 2428 1654 2450 te
1668 2424 1759 2450 itumi-

969 2472 1039 2499 seris
1056 2472 1067 2498 ?
1087 2480 1096 2497 ι
1118 2471 1219 2498 Deinde
1236 2470 1403 2503 aliquantum
1419 2470 1560 2496 remittens
1576 2469 1608 2496 de
1623 2469 1757 2496 acerbita-

969 2523 997 2546 te
1012 2527 1019 2546 :
1034 2527 1043 2544 ι
1063 2516 1141 2550 Pure,
1158 2515 1253 2551 inquit,
1268 2515 1334 2542 mihi
1349 2520 1374 2541 et
1388 2515 1440 2542 diis
1456 2514 1563 2542 invictis
1578 2514 1710 2542 sacriﬁca.
1727 2515 1757 2543 Si

971 2566 1045 2592 enim
1063 2570 1211 2599 persuasus
1230 2562 1410 2594 convertaris,
1435 2561 1552 2588 hon0rcs
1571 2561 1615 2588 tibi
1632 2563 1756 2596 prmlmbo

971 2610 1104 2637 maximos
1121 2617 1127 2636 :
1146 2609 1187 2636 sin
1210 2612 1300 2635 autem
1317 2615 1369 2633 non
1384 2615 1487 2641 pareas,
1511 2606 1669 2640 gravissima
1689 2607 1756 2634 infe-

971 2663 1028 2682 ram
1060 2655 1202 2689 supplicia.
1232 2652 1403 2680 Eleutherius
1432 2660 1495 2678 vero
1534 2651 1648 2679 Domino
1681 2653 1756 2678 invo-

970 2708 1040 2734 cato,
1074 2702 1119 2735 qui
1145 2700 1211 2727 dixit
1225 2700 1244 2733 ξε
1270 2698 1357 2726 Nolite
1386 2705 1446 2725 esse
1470 2698 1596 2731 solliciti,
1620 2699 1754 2732 quomodo
1778 2731 1787 2741 Ι

969 2752 1016 2774 aut
1040 2747 1103 2781 quid
1130 2745 1323 2780 respondeatis.
1348 2744 1459 2771 Dabitur
1482 2743 1552 2770 enim
1569 2743 1654 2775 vobis,
1669 2744 1754 2777 inquit

971 2792 1024 2825 ille,
1046 2791 1188 2826 sapientia,
1207 2790 1248 2816 cui
1276 2789 1364 2816 nullus
1393 2788 1491 2824 poterit
1513 2787 1754 2821 resistere':Quo—
