  <div class='ocr_page' id='page_1' title='image "/cluster/home/n/w/nwhite01/storage/ocr_20150623/115/njp.32101077772976/074.png"; bbox 0 0 2023 3142; ppageno 0'>
   <div class='ocr_carea' id='block_1_1' title="bbox 137 145 187 180">
    <p class='ocr_par' dir='ltr' id='par_1_1' title="bbox 137 145 187 180">
     <span class='ocr_line' id='line_1_1' title="bbox 137 145 187 180; baseline -0.04 0"><span class='ocrx_word' id='word_1_1' title='bbox 137 145 187 180; x_wconf 78' lang='lat'><strong>133</strong></span> 
     </span>
    </p>
   </div>
   <div class='ocr_carea' id='block_1_2' title="bbox 733 141 1140 173">
    <p class='ocr_par' dir='ltr' id='par_1_2' title="bbox 733 141 1140 173">
     <span class='ocr_line' id='line_1_2' title="bbox 733 141 1140 173; baseline 0.002 -1"><span class='ocrx_word' id='word_1_2' title='bbox 733 142 820 172; x_wconf 73' lang='lat' dir='ltr'><strong>VlTA</strong></span> <span class='ocrx_word' id='word_1_3' title='bbox 838 142 869 172; x_wconf 88' lang='lat' dir='ltr'>S.</span> <span class='ocrx_word' id='word_1_4' title='bbox 888 141 1140 173; x_wconf 78' lang='lat' dir='ltr'><strong>ELEUTHERII.</strong></span> 
     </span>
    </p>
   </div>
   <div class='ocr_carea' id='block_1_3' title="bbox 1701 144 1755 178">
    <p class='ocr_par' dir='ltr' id='par_1_3' title="bbox 1701 144 1755 178">
     <span class='ocr_line' id='line_1_3' title="bbox 1701 144 1755 178; baseline 0 0"><span class='ocrx_word' id='word_1_5' title='bbox 1701 144 1755 178; x_wconf 63' lang='grc'><strong>134</strong></span> 
     </span>
    </p>
   </div>
   <div class='ocr_carea' id='block_1_4' title="bbox 135 198 929 241">
    <p class='ocr_par' dir='ltr' id='par_1_4' title="bbox 135 198 922 241">
     <span class='ocr_line' id='line_1_4' title="bbox 135 198 922 241; baseline -0.01 -8"><span class='ocrx_word' id='word_1_6' title='bbox 135 214 216 241; x_wconf 81' lang='grc' dir='ltr'>τανον</span> <span class='ocrx_word' id='word_1_7' title='bbox 235 204 294 231; x_wconf 81' lang='grc' dir='ltr'>ὅλον</span> <span class='ocrx_word' id='word_1_8' title='bbox 310 201 486 238; x_wconf 70' lang='grc' dir='ltr'><strong>ἀνθρακῶδες</strong></span> <span class='ocrx_word' id='word_1_9' title='bbox 509 198 554 236; x_wconf 72' lang='grc' dir='ltr'>ἦν,</span> <span class='ocrx_word' id='word_1_10' title='bbox 573 200 666 226; x_wconf 79' lang='grc' dir='ltr'>ἵστατο</span> <span class='ocrx_word' id='word_1_11' title='bbox 682 199 710 226; x_wconf 73' lang='grc' dir='ltr'><strong>δὲ</strong></span> <span class='ocrx_word' id='word_1_12' title='bbox 726 198 774 225; x_wconf 79' lang='grc' dir='ltr'><strong>καὶ</strong></span> <span class='ocrx_word' id='word_1_13' title='bbox 786 199 800 226; x_wconf 84' lang='grc' dir='ltr'><strong><em>ὁ</em></strong></span> <span class='ocrx_word' id='word_1_14' title='bbox 817 199 922 234; x_wconf 75' lang='grc' dir='ltr'>μάρτυς</span> 
     </span>
    </p>
   </div>
   <div class='ocr_carea' id='block_1_5' title="bbox 980 198 1764 241">
    <p class='ocr_par' dir='ltr' id='par_1_5' title="bbox 980 199 1764 238">
     <span class='ocr_line' id='line_1_5' title="bbox 980 199 1764 238; baseline 0.008 -12"><span class='ocrx_word' id='word_1_15' title='bbox 980 206 1024 227; x_wconf 75' lang='lat' dir='ltr'><strong>nos</strong></span> <span class='ocrx_word' id='word_1_16' title='bbox 1041 199 1194 234; x_wconf 61' lang='lat' dir='ltr'><strong>homicidae,</strong></span> <span class='ocrx_word' id='word_1_17' title='bbox 1215 207 1310 228; x_wconf 79' lang='lat' dir='ltr'><strong>rursus</strong></span> <span class='ocrx_word' id='word_1_18' title='bbox 1322 200 1399 234; x_wconf 85' lang='lat' dir='ltr'><strong>jubet</strong></span> <span class='ocrx_word' id='word_1_19' title='bbox 1414 200 1507 229; x_wconf 80' lang='lat' dir='ltr'><strong>an‘erri</strong></span> <span class='ocrx_word' id='word_1_20' title='bbox 1527 201 1701 238; x_wconf 78' lang='lat' dir='ltr'><strong>sartaginem,</strong></span> <span class='ocrx_word' id='word_1_21' title='bbox 1718 210 1764 232; x_wconf 74' lang='lat' dir='ltr'><strong>ce-</strong></span> 
     </span>
    </p>
   </div>
   <div class='ocr_carea' id='block_1_6' title="bbox 135 244 919 287">
    <p class='ocr_par' dir='ltr' id='par_1_6' title="bbox 135 244 919 287">
     <span class='ocr_line' id='line_1_6' title="bbox 135 244 919 287; baseline -0.01 -10"><span class='ocrx_word' id='word_1_22' title='bbox 135 251 183 287; x_wconf 74' lang='grc' dir='ltr'><strong>τὴν</strong></span> <span class='ocrx_word' id='word_1_23' title='bbox 201 249 336 285; x_wconf 67' lang='grc' dir='ltr'>τιμωρίαν</span> <span class='ocrx_word' id='word_1_24' title='bbox 347 246 556 281; x_wconf 61' lang='grc' dir='ltr'>ὑποδεξάμενος,</span> <span class='ocrx_word' id='word_1_25' title='bbox 573 246 586 270; x_wconf 85' lang='grc' dir='ltr'>ὀ</span> <span class='ocrx_word' id='word_1_26' title='bbox 604 244 735 280; x_wconf 77' lang='grc' dir='ltr'>τύραννος</span> <span class='ocrx_word' id='word_1_27' title='bbox 751 244 835 270; x_wconf 80' lang='grc' dir='ltr'>πολλὰ</span> <span class='ocrx_word' id='word_1_28' title='bbox 849 252 919 279; x_wconf 85' lang='grc' dir='ltr'>παρ-</span> 
     </span>
    </p>
   </div>
   <div class='ocr_carea' id='block_1_7' title="bbox 137 288 923 328">
    <p class='ocr_par' dir='ltr' id='par_1_7' title="bbox 137 288 923 328">
     <span class='ocr_line' id='line_1_7' title="bbox 137 288 923 328; baseline -0.011 -5"><span class='ocrx_word' id='word_1_29' title='bbox 137 297 244 326; x_wconf 78' lang='grc' dir='ltr'>αινέσας</span> <span class='ocrx_word' id='word_1_30' title='bbox 258 293 342 328; x_wconf 72' lang='grc' dir='ltr'>αὐτῷ,</span> <span class='ocrx_word' id='word_1_31' title='bbox 360 291 498 322; x_wconf 78' lang='grc' dir='ltr'><strong>ποικίλαις</strong></span> <span class='ocrx_word' id='word_1_32' title='bbox 511 298 539 316; x_wconf 84' lang='grc' dir='ltr'><strong>τε</strong></span> <span class='ocrx_word' id='word_1_33' title='bbox 554 289 697 320; x_wconf 74' lang='grc' dir='ltr'>κολακεαις</span> <span class='ocrx_word' id='word_1_34' title='bbox 714 288 849 322; x_wconf 73' lang='grc' dir='ltr'>ὑπελθὼν,</span> <span class='ocrx_word' id='word_1_35' title='bbox 862 289 923 315; x_wconf 73' lang='grc' dir='ltr'>ἐπεὶ</span> 
     </span>
    </p>
   </div>
   <div class='ocr_carea' id='block_1_8' title="bbox 136 334 924 374">
    <p class='ocr_par' dir='ltr' id='par_1_8' title="bbox 136 334 924 374">
     <span class='ocr_line' id='line_1_8' title="bbox 136 334 924 374; baseline -0.011 -5"><span class='ocrx_word' id='word_1_36' title='bbox 136 340 300 370; x_wconf 73' lang='grc' dir='ltr'>ἀπειθοῦντα</span> <span class='ocrx_word' id='word_1_37' title='bbox 317 340 401 374; x_wconf 72' lang='grc' dir='ltr'>ἑώρα,</span> <span class='ocrx_word' id='word_1_38' title='bbox 416 337 463 364; x_wconf 72' lang='grc' dir='ltr'><strong>καὶ</strong></span> <span class='ocrx_word' id='word_1_39' title='bbox 474 337 523 368; x_wconf 66' lang='grc' dir='ltr'><strong>τὰς</strong></span> <span class='ocrx_word' id='word_1_40' title='bbox 545 336 673 365; x_wconf 68' lang='grc' dir='ltr'>κολακὶα,</span> <span class='ocrx_word' id='word_1_41' title='bbox 688 335 824 369; x_wconf 75' lang='grc' dir='ltr'><strong>εὐστόχως</strong></span> <span class='ocrx_word' id='word_1_42' title='bbox 843 334 924 369; x_wconf 63' lang='lat'><strong>569:-</strong></span> 
     </span>
    </p>
   </div>
   <div class='ocr_carea' id='block_1_9' title="bbox 137 380 926 420">
    <p class='ocr_par' dir='ltr' id='par_1_9' title="bbox 137 380 926 420">
     <span class='ocr_line' id='line_1_9' title="bbox 137 380 926 420; baseline -0.01 -7"><span class='ocrx_word' id='word_1_43' title='bbox 137 396 176 413; x_wconf 88' lang='grc' dir='ltr'>σιν</span> <span class='ocrx_word' id='word_1_44' title='bbox 192 385 375 420; x_wconf 65' lang='grc' dir='ltr'>ἀμειϐόμενον</span> <span class='ocrx_word' id='word_1_45' title='bbox 395 383 497 419; x_wconf 79' lang='grc' dir='ltr'>(λύκον</span> <span class='ocrx_word' id='word_1_46' title='bbox 512 382 565 416; x_wconf 76' lang='grc' dir='ltr'><strong>γὰρ</strong></span> <span class='ocrx_word' id='word_1_47' title='bbox 591 381 737 417; x_wconf 73' lang='grc' dir='ltr'><strong>’Δραὸικδν</strong></span> <span class='ocrx_word' id='word_1_48' title='bbox 752 380 846 407; x_wconf 80' lang='grc' dir='ltr'>τοῦτον</span> <span class='ocrx_word' id='word_1_49' title='bbox 861 380 926 407; x_wconf 75' lang='grc' dir='ltr'><strong>ἐκά-</strong></span> 
     </span>
    </p>
   </div>
   <div class='ocr_carea' id='block_1_10' title="bbox 136 426 925 464">
    <p class='ocr_par' dir='ltr' id='par_1_10' title="bbox 136 426 925 464">
     <span class='ocr_line' id='line_1_10' title="bbox 136 426 925 464; baseline -0.009 -6"><span class='ocrx_word' id='word_1_50' title='bbox 136 432 186 464; x_wconf 85' lang='grc' dir='ltr'>λει,</span> <span class='ocrx_word' id='word_1_51' title='bbox 201 432 247 459; x_wconf 71' lang='grc' dir='ltr'>ἅτε</span> <span class='ocrx_word' id='word_1_52' title='bbox 263 432 318 461; x_wconf 75' lang='grc' dir='ltr'>τοῖς</span> <span class='ocrx_word' id='word_1_53' title='bbox 335 431 381 457; x_wconf 85' lang='grc' dir='ltr'>τοῦ</span> <span class='ocrx_word' id='word_1_54' title='bbox 395 429 514 464; x_wconf 81' lang='grc' dir='ltr'><strong>Χριστοῦ</strong></span> <span class='ocrx_word' id='word_1_55' title='bbox 530 429 675 464; x_wconf 77' lang='grc' dir='ltr'>προῦάτοις</span> <span class='ocrx_word' id='word_1_56' title='bbox 691 426 925 460; x_wconf 68' lang='grc' dir='ltr'>ἔπιόουλεύοντα),</span> 
     </span>
    </p>
   </div>
   <div class='ocr_carea' id='block_1_11' title="bbox 137 471 926 512">
    <p class='ocr_par' dir='ltr' id='par_1_11' title="bbox 137 471 926 512">
     <span class='ocr_line' id='line_1_11' title="bbox 137 471 926 512; baseline -0.006 -9"><span class='ocrx_word' id='word_1_57' title='bbox 137 478 173 511; x_wconf 78' lang='grc' dir='ltr'><strong>τῷ</strong></span> <span class='ocrx_word' id='word_1_58' title='bbox 191 477 299 512; x_wconf 77' lang='grc' dir='ltr'><strong>τηγάνῳ</strong></span> <span class='ocrx_word' id='word_1_59' title='bbox 312 477 393 503; x_wconf 80' lang='grc' dir='ltr'>αὐτὸν</span> <span class='ocrx_word' id='word_1_60' title='bbox 409 476 515 502; x_wconf 81' lang='grc' dir='ltr'><strong>κελεύει</strong></span> <span class='ocrx_word' id='word_1_61' title='bbox 529 474 699 510; x_wconf 75' lang='grc' dir='ltr'>διαταθῆναι.</span> <span class='ocrx_word' id='word_1_62' title='bbox 728 473 817 504; x_wconf 75' lang='grc' dir='ltr'><strong>Εὐθὺς</strong></span> <span class='ocrx_word' id='word_1_63' title='bbox 831 471 879 499; x_wconf 79' lang='grc' dir='ltr'>οὖν</span> <span class='ocrx_word' id='word_1_64' title='bbox 892 473 926 499; x_wconf 76' lang='grc' dir='ltr'>τὰ</span> 
     </span>
    </p>
   </div>
   <div class='ocr_carea' id='block_1_12' title="bbox 138 520 924 557">
    <p class='ocr_par' dir='ltr' id='par_1_12' title="bbox 138 520 924 557">
     <span class='ocr_line' id='line_1_12' title="bbox 138 520 924 557; baseline -0.004 -8"><span class='ocrx_word' id='word_1_65' title='bbox 138 524 204 550; x_wconf 77' lang='grc' dir='ltr'>αὖτὰ</span> <span class='ocrx_word' id='word_1_66' title='bbox 219 525 275 554; x_wconf 83' lang='grc' dir='ltr'>τοῖς</span> <span class='ocrx_word' id='word_1_67' title='bbox 292 523 433 557; x_wconf 74' lang='grc' dir='ltr'>προτέροις</span> <span class='ocrx_word' id='word_1_68' title='bbox 452 521 642 557; x_wconf 73' lang='grc' dir='ltr'><strong>ἐπηκολούθει,</strong></span> <span class='ocrx_word' id='word_1_69' title='bbox 659 521 707 547; x_wconf 70' lang='grc' dir='ltr'>καὶ</span> <span class='ocrx_word' id='word_1_70' title='bbox 723 520 924 555; x_wconf 70' lang='grc' dir='ltr'>μεταϐάλλεται</span> 
     </span>
    </p>
   </div>
   <div class='ocr_carea' id='block_1_13' title="bbox 140 565 927 604">
    <p class='ocr_par' dir='ltr' id='par_1_13' title="bbox 140 565 927 604">
     <span class='ocr_line' id='line_1_13' title="bbox 140 565 927 604; baseline -0.005 -9"><span class='ocrx_word' id='word_1_71' title='bbox 140 571 187 604; x_wconf 69' lang='grc' dir='ltr'>μὲν</span> <span class='ocrx_word' id='word_1_72' title='bbox 203 569 242 600; x_wconf 78' lang='grc' dir='ltr'><strong>εἰς</strong></span> <span class='ocrx_word' id='word_1_73' title='bbox 257 569 351 604; x_wconf 70' lang='grc' dir='ltr'>δρόοον</span> <span class='ocrx_word' id='word_1_74' title='bbox 366 569 397 594; x_wconf 79' lang='grc' dir='ltr'>τὺ</span> <span class='ocrx_word' id='word_1_75' title='bbox 409 568 475 604; x_wconf 78' lang='grc' dir='ltr'>πῦρ,</span> <span class='ocrx_word' id='word_1_76' title='bbox 492 567 564 603; x_wconf 79' lang='grc' dir='ltr'>αὔρα</span> <span class='ocrx_word' id='word_1_77' title='bbox 580 567 608 594; x_wconf 80' lang='grc' dir='ltr'><strong>δέ</strong></span> <span class='ocrx_word' id='word_1_78' title='bbox 626 575 669 599; x_wconf 78' lang='grc' dir='ltr'>τις</span> <span class='ocrx_word' id='word_1_79' title='bbox 694 566 790 602; x_wconf 77' lang='grc' dir='ltr'><strong>ἡδίστη</strong></span> <span class='ocrx_word' id='word_1_80' title='bbox 803 565 849 592; x_wconf 70' lang='grc' dir='ltr'>τὸν</span> <span class='ocrx_word' id='word_1_81' title='bbox 864 573 927 600; x_wconf 77' lang='grc' dir='ltr'>γεν-</span> 
     </span>
    </p>
   </div>
   <div class='ocr_carea' id='block_1_14' title="bbox 139 613 374 648">
    <p class='ocr_par' dir='ltr' id='par_1_14' title="bbox 139 613 374 648">
     <span class='ocr_line' id='line_1_14' title="bbox 139 613 374 648; baseline -0.009 -7"><span class='ocrx_word' id='word_1_82' title='bbox 139 616 214 641; x_wconf 78' lang='grc' dir='ltr'>ναῖον</span> <span class='ocrx_word' id='word_1_83' title='bbox 227 613 374 648; x_wconf 65' lang='grc' dir='ltr'>ἀνέψυχεν.</span> 
     </span>
    </p>
   </div>
   <div class='ocr_carea' id='block_1_15' title="bbox 973 247 1761 283">
    <p class='ocr_par' dir='ltr' id='par_1_15' title="bbox 973 247 1761 283">
     <span class='ocr_line' id='line_1_15' title="bbox 973 247 1761 283; baseline 0.008 -11"><span class='ocrx_word' id='word_1_84' title='bbox 973 253 1088 280; x_wconf 87' lang='lat' dir='ltr'><strong>ramque</strong></span> <span class='ocrx_word' id='word_1_85' title='bbox 1101 251 1128 273; x_wconf 87' lang='lat' dir='ltr'><strong>et</strong></span> <span class='ocrx_word' id='word_1_86' title='bbox 1148 247 1248 281; x_wconf 83' lang='lat' dir='ltr'><strong>picem,</strong></span> <span class='ocrx_word' id='word_1_87' title='bbox 1270 251 1297 274; x_wconf 82' lang='lat' dir='ltr'><strong>et</strong></span> <span class='ocrx_word' id='word_1_88' title='bbox 1313 247 1419 282; x_wconf 80' lang='lat' dir='ltr'><strong>adipem</strong></span> <span class='ocrx_word' id='word_1_89' title='bbox 1437 248 1463 274; x_wconf 93' lang='lat' dir='ltr'><strong>in</strong></span> <span class='ocrx_word' id='word_1_90' title='bbox 1480 255 1539 275; x_wconf 91' lang='lat' dir='ltr'><strong>eam</strong></span> <span class='ocrx_word' id='word_1_91' title='bbox 1565 248 1652 283; x_wconf 68' lang='lat' dir='ltr'><strong>injie‘,</strong></span> <span class='ocrx_word' id='word_1_92' title='bbox 1674 251 1761 278; x_wconf 87' lang='lat' dir='ltr'><strong>multo</strong></span> 
     </span>
    </p>
   </div>
   <div class='ocr_carea' id='block_1_16' title="bbox 974 292 1762 325">
    <p class='ocr_par' dir='ltr' id='par_1_16' title="bbox 974 292 1762 325">
     <span class='ocr_line' id='line_1_16' title="bbox 974 292 1762 325; baseline 0.005 -7"><span class='ocrx_word' id='word_1_93' title='bbox 974 299 1038 318; x_wconf 88' lang='lat' dir='ltr'><strong>vero</strong></span> <span class='ocrx_word' id='word_1_94' title='bbox 1051 292 1111 325; x_wconf 84' lang='lat' dir='ltr'><strong>igne</strong></span> <span class='ocrx_word' id='word_1_95' title='bbox 1126 292 1222 319; x_wconf 86' lang='lat' dir='ltr'><strong>subtus</strong></span> <span class='ocrx_word' id='word_1_96' title='bbox 1235 292 1357 324; x_wconf 84' lang='lat' dir='ltr'><strong>accendi,</strong></span> <span class='ocrx_word' id='word_1_97' title='bbox 1369 297 1397 320; x_wconf 92' lang='lat' dir='ltr'><strong>et</strong></span> <span class='ocrx_word' id='word_1_98' title='bbox 1410 293 1486 319; x_wconf 85' lang='lat' dir='ltr'><strong>sicin</strong></span> <span class='ocrx_word' id='word_1_99' title='bbox 1497 301 1527 320; x_wconf 85' lang='lat' dir='ltr'><strong>ea</strong></span> <span class='ocrx_word' id='word_1_100' title='bbox 1543 302 1636 322; x_wconf 83' lang='lat' dir='ltr'><strong>rursus</strong></span> <span class='ocrx_word' id='word_1_101' title='bbox 1651 296 1762 323; x_wconf 85' lang='lat' dir='ltr'><strong>extendi</strong></span> 
     </span>
    </p>
   </div>
   <div class='ocr_carea' id='block_1_17' title="bbox 976 337 1765 374">
    <p class='ocr_par' dir='ltr' id='par_1_17' title="bbox 976 337 1765 374">
     <span class='ocr_line' id='line_1_17' title="bbox 976 337 1765 374; baseline 0.006 -11"><span class='ocrx_word' id='word_1_102' title='bbox 976 341 1135 373; x_wconf 85' lang='lat' dir='ltr'><strong>martyrem.</strong></span> <span class='ocrx_word' id='word_1_103' title='bbox 1155 337 1300 372; x_wconf 77' lang='lat' dir='ltr'><strong>Postquam</strong></span> <span class='ocrx_word' id='word_1_104' title='bbox 1317 345 1383 372; x_wconf 81' lang='lat' dir='ltr'><strong>ergo</strong></span> <span class='ocrx_word' id='word_1_105' title='bbox 1399 338 1499 365; x_wconf 84' lang='lat' dir='ltr'><strong>factum</strong></span> <span class='ocrx_word' id='word_1_106' title='bbox 1515 339 1576 371; x_wconf 90' lang='lat' dir='ltr'><strong>fuit,</strong></span> <span class='ocrx_word' id='word_1_107' title='bbox 1591 341 1661 374; x_wconf 87' lang='lat' dir='ltr'><strong>quod</strong></span> <span class='ocrx_word' id='word_1_108' title='bbox 1673 341 1765 368; x_wconf 80' lang='lat' dir='ltr'><strong>fuerat</strong></span> 
     </span>
    </p>
   </div>
   <div class='ocr_carea' id='block_1_18' title="bbox 975 383 1764 418">
    <p class='ocr_par' dir='ltr' id='par_1_18' title="bbox 975 383 1764 418">
     <span class='ocr_line' id='line_1_18' title="bbox 975 383 1764 418; baseline 0.006 -8"><span class='ocrx_word' id='word_1_109' title='bbox 975 383 1150 418; x_wconf 84' lang='lat' dir='ltr'><strong>imperatum,</strong></span> <span class='ocrx_word' id='word_1_110' title='bbox 1172 389 1200 411; x_wconf 86' lang='lat' dir='ltr'><strong>et</strong></span> <span class='ocrx_word' id='word_1_111' title='bbox 1227 389 1340 418; x_wconf 83' lang='lat' dir='ltr'><strong>sartago</strong></span> <span class='ocrx_word' id='word_1_112' title='bbox 1359 389 1414 411; x_wconf 86' lang='lat' dir='ltr'><strong>tota</strong></span> <span class='ocrx_word' id='word_1_113' title='bbox 1441 391 1502 412; x_wconf 86' lang='lat' dir='ltr'><strong>erat</strong></span> <span class='ocrx_word' id='word_1_114' title='bbox 1527 387 1645 413; x_wconf 74' lang='lat' dir='ltr'><strong>candens</strong></span> <span class='ocrx_word' id='word_1_115' title='bbox 1662 395 1669 414; x_wconf 90' lang='lat'><strong>:</strong></span> <span class='ocrx_word' id='word_1_116' title='bbox 1689 388 1764 414; x_wconf 87' lang='lat' dir='ltr'><strong>stetit</strong></span> 
     </span>
    </p>
   </div>
   <div class='ocr_carea' id='block_1_19' title="bbox 974 431 1766 465">
    <p class='ocr_par' dir='ltr' id='par_1_19' title="bbox 974 431 1766 465">
     <span class='ocr_line' id='line_1_19' title="bbox 974 431 1766 465; baseline 0.006 -10"><span class='ocrx_word' id='word_1_117' title='bbox 974 433 1065 456; x_wconf 69' lang='lat' dir='ltr'><strong>autem</strong></span> <span class='ocrx_word' id='word_1_118' title='bbox 1090 435 1194 465; x_wconf 84' lang='lat' dir='ltr'><strong>ntallyr</strong></span> <span class='ocrx_word' id='word_1_119' title='bbox 1217 437 1325 464; x_wconf 87' lang='lat' dir='ltr'><strong>quoque</strong></span> <span class='ocrx_word' id='word_1_120' title='bbox 1349 431 1488 457; x_wconf 83' lang='lat' dir='ltr'><strong>subiturus</strong></span> <span class='ocrx_word' id='word_1_121' title='bbox 1518 431 1702 465; x_wconf 75' lang='lat' dir='ltr'><strong>supplicium:</strong></span> <span class='ocrx_word' id='word_1_122' title='bbox 1726 432 1766 460; x_wconf 76' lang='lat' dir='ltr'><strong>No</strong></span> 
     </span>
    </p>
   </div>
   <div class='ocr_carea' id='block_1_20' title="bbox 974 474 1765 509">
    <p class='ocr_par' dir='ltr' id='par_1_20' title="bbox 974 474 1765 509">
     <span class='ocr_line' id='line_1_20' title="bbox 974 474 1765 509; baseline 0.005 -9"><span class='ocrx_word' id='word_1_123' title='bbox 974 474 1094 506; x_wconf 75' lang='lat' dir='ltr'><strong>differas,</strong></span> <span class='ocrx_word' id='word_1_124' title='bbox 1111 475 1199 509; x_wconf 83' lang='lat' dir='ltr'><strong>inquit</strong></span> <span class='ocrx_word' id='word_1_125' title='bbox 1223 476 1383 509; x_wconf 82' lang='lat' dir='ltr'><strong>imperator,</strong></span> <span class='ocrx_word' id='word_1_126' title='bbox 1405 482 1422 502; x_wconf 87' lang='grc' dir='ltr'><strong>ο</strong></span> <span class='ocrx_word' id='word_1_127' title='bbox 1448 474 1598 508; x_wconf 86' lang='lat' dir='ltr'><strong>Eleutheri,</strong></span> <span class='ocrx_word' id='word_1_128' title='bbox 1614 481 1672 503; x_wconf 88' lang='lat' dir='ltr'><strong>stas</strong></span> <span class='ocrx_word' id='word_1_129' title='bbox 1690 478 1765 504; x_wconf 87' lang='lat' dir='ltr'><strong>enim</strong></span> 
     </span>
    </p>
   </div>
   <div class='ocr_carea' id='block_1_21' title="bbox 976 520 1766 557">
    <p class='ocr_par' dir='ltr' id='par_1_21' title="bbox 976 520 1766 557">
     <span class='ocr_line' id='line_1_21' title="bbox 976 520 1766 557; baseline 0.004 -10"><span class='ocrx_word' id='word_1_130' title='bbox 976 520 1081 547; x_wconf 85' lang='lat' dir='ltr'><strong>medius</strong></span> <span class='ocrx_word' id='word_1_131' title='bbox 1097 521 1168 548; x_wconf 88' lang='lat' dir='ltr'><strong>inter</strong></span> <span class='ocrx_word' id='word_1_132' title='bbox 1184 527 1298 548; x_wconf 71' lang='grc' dir='ltr'>ῐηυτιι-ηι</span> <span class='ocrx_word' id='word_1_133' title='bbox 1327 527 1354 549; x_wconf 84' lang='lat' dir='ltr'><strong>ct</strong></span> <span class='ocrx_word' id='word_1_134' title='bbox 1375 522 1468 554; x_wconf 87' lang='lat' dir='ltr'><strong>vitam,</strong></span> <span class='ocrx_word' id='word_1_135' title='bbox 1485 529 1548 549; x_wconf 84' lang='lat' dir='ltr'><strong>cura</strong></span> <span class='ocrx_word' id='word_1_136' title='bbox 1572 522 1597 549; x_wconf 89' lang='lat' dir='ltr'><strong>id</strong></span> <span class='ocrx_word' id='word_1_137' title='bbox 1621 523 1693 557; x_wconf 90' lang='lat' dir='ltr'><strong>quod</strong></span> <span class='ocrx_word' id='word_1_138' title='bbox 1717 522 1766 550; x_wconf 86' lang='lat' dir='ltr'><strong>tibi</strong></span> 
     </span>
    </p>
   </div>
   <div class='ocr_carea' id='block_1_22' title="bbox 976 565 1766 604">
    <p class='ocr_par' dir='ltr' id='par_1_22' title="bbox 976 565 1766 604">
     <span class='ocr_line' id='line_1_22' title="bbox 976 565 1766 604; baseline 0.005 -13"><span class='ocrx_word' id='word_1_139' title='bbox 976 565 1095 593; x_wconf 88' lang='lat' dir='ltr'><strong>futurum</strong></span> <span class='ocrx_word' id='word_1_140' title='bbox 1112 571 1155 593; x_wconf 74' lang='lat' dir='ltr'><strong>est</strong></span> <span class='ocrx_word' id='word_1_141' title='bbox 1169 567 1348 594; x_wconf 77' lang='lat' dir='ltr'><strong>conducibile.</strong></span> <span class='ocrx_word' id='word_1_142' title='bbox 1363 566 1430 594; x_wconf 81' lang='lat' dir='ltr'><strong>Nam</strong></span> <span class='ocrx_word' id='word_1_143' title='bbox 1447 575 1498 602; x_wconf 81' lang='lat' dir='ltr'><strong>ego</strong></span> <span class='ocrx_word' id='word_1_144' title='bbox 1513 568 1622 602; x_wconf 84' lang='lat' dir='ltr'><strong>quidem</strong></span> <span class='ocrx_word' id='word_1_145' title='bbox 1640 575 1766 604; x_wconf 78' lang='lat' dir='ltr'><strong>magnam</strong></span> 
     </span>
    </p>
   </div>
   <div class='ocr_carea' id='block_1_23' title="bbox 977 612 1767 648">
    <p class='ocr_par' dir='ltr' id='par_1_23' title="bbox 977 612 1767 648">
     <span class='ocr_line' id='line_1_23' title="bbox 977 612 1767 648; baseline 0.003 -10"><span class='ocrx_word' id='word_1_146' title='bbox 977 612 1014 638; x_wconf 90' lang='lat' dir='ltr'><strong>tui</strong></span> <span class='ocrx_word' id='word_1_147' title='bbox 1031 620 1123 639; x_wconf 88' lang='lat' dir='ltr'><strong>curam</strong></span> <span class='ocrx_word' id='word_1_148' title='bbox 1145 621 1254 648; x_wconf 60' lang='lat' dir='ltr'><strong>gerens.</strong></span> <span class='ocrx_word' id='word_1_149' title='bbox 1272 621 1304 640; x_wconf 87' lang='lat' dir='ltr'><strong>ne</strong></span> <span class='ocrx_word' id='word_1_150' title='bbox 1321 614 1392 640; x_wconf 83' lang='lat' dir='ltr'><strong>male</strong></span> <span class='ocrx_word' id='word_1_151' title='bbox 1405 621 1510 648; x_wconf 75' lang='lat' dir='ltr'><strong>pereas,</strong></span> <span class='ocrx_word' id='word_1_152' title='bbox 1529 615 1555 640; x_wconf 90' lang='lat' dir='ltr'><strong>in</strong></span> <span class='ocrx_word' id='word_1_153' title='bbox 1577 618 1604 642; x_wconf 87' lang='lat' dir='ltr'><strong>te</strong></span> <span class='ocrx_word' id='word_1_154' title='bbox 1622 622 1683 642; x_wconf 80' lang='lat' dir='ltr'><strong>sum</strong></span> <span class='ocrx_word' id='word_1_155' title='bbox 1698 614 1767 641; x_wconf 85' lang='lat' dir='ltr'><strong>all&#39;e-</strong></span> 
     </span>
    </p>
   </div>
   <div class='ocr_carea' id='block_1_24' title="bbox 139 655 1768 694">
    <p class='ocr_par' dir='ltr' id='par_1_24' title="bbox 139 655 1768 694">
     <span class='ocr_line' id='line_1_24' title="bbox 139 655 1768 694; baseline -0.001 -7"><span class='ocrx_word' id='word_1_156' title='bbox 139 665 206 692; x_wconf 85' lang='lat' dir='ltr'><strong>ctus,</strong></span> <span class='ocrx_word' id='word_1_157' title='bbox 226 664 352 694; x_wconf 78' lang='lat' dir='ltr'><strong>tanquam</strong></span> <span class='ocrx_word' id='word_1_158' title='bbox 370 659 394 685; x_wconf 92' lang='lat' dir='ltr'><strong>in</strong></span> <span class='ocrx_word' id='word_1_159' title='bbox 411 665 568 693; x_wconf 84' lang='lat' dir='ltr'><strong>germanum</strong></span> <span class='ocrx_word' id='word_1_160' title='bbox 581 655 663 684; x_wconf 79' lang='lat' dir='ltr'><strong>lilium</strong></span> <span class='ocrx_word' id='word_1_161' title='bbox 679 664 686 683; x_wconf 90' lang='lat'><strong>:</strong></span> <span class='ocrx_word' id='word_1_162' title='bbox 706 663 754 683; x_wconf 87' lang='lat' dir='ltr'><strong>nec</strong></span> <span class='ocrx_word' id='word_1_163' title='bbox 768 655 864 683; x_wconf 89' lang='lat' dir='ltr'><strong>vcliem</strong></span> <span class='ocrx_word' id='word_1_164' title='bbox 896 663 944 689; x_wconf 87' lang='lat' dir='ltr'><strong>per</strong></span> <span class='ocrx_word' id='word_1_165' title='bbox 963 655 1039 689; x_wconf 81' lang='lat' dir='ltr'><strong>deos,</strong></span> <span class='ocrx_word' id='word_1_166' title='bbox 1056 658 1143 685; x_wconf 82' lang='lat' dir='ltr'><strong>virum</strong></span> <span class='ocrx_word' id='word_1_167' title='bbox 1156 663 1209 685; x_wconf 89' lang='lat' dir='ltr'><strong>tam</strong></span> <span class='ocrx_word' id='word_1_168' title='bbox 1228 659 1311 686; x_wconf 86' lang='lat' dir='ltr'><strong>nubili</strong></span> <span class='ocrx_word' id='word_1_169' title='bbox 1333 659 1392 687; x_wconf 82' lang='lat' dir='ltr'><strong>loco</strong></span> <span class='ocrx_word' id='word_1_170' title='bbox 1408 664 1514 691; x_wconf 86' lang='lat' dir='ltr'><strong>uatum,</strong></span> <span class='ocrx_word' id='word_1_171' title='bbox 1532 664 1559 686; x_wconf 84' lang='lat' dir='ltr'><strong>et</strong></span> <span class='ocrx_word' id='word_1_172' title='bbox 1577 660 1623 693; x_wconf 89' lang='lat' dir='ltr'><strong>qui</strong></span> <span class='ocrx_word' id='word_1_173' title='bbox 1637 663 1680 687; x_wconf 85' lang='lat' dir='ltr'><strong>est</strong></span> <span class='ocrx_word' id='word_1_174' title='bbox 1709 660 1768 694; x_wconf 86' lang='lat' dir='ltr'><strong>ipse</strong></span> 
     </span>
    </p>
   </div>
   <div class='ocr_carea' id='block_1_25' title="bbox 139 703 1769 741">
    <p class='ocr_par' dir='ltr' id='par_1_25' title="bbox 139 703 1769 741">
     <span class='ocr_line' id='line_1_25' title="bbox 139 703 1769 741; baseline 0 -7"><span class='ocrx_word' id='word_1_175' title='bbox 139 709 205 734; x_wconf 72' lang='lat' dir='ltr'><strong>adeo</strong></span> <span class='ocrx_word' id='word_1_176' title='bbox 222 709 318 738; x_wconf 87' lang='lat' dir='ltr'><strong>bonus,</strong></span> <span class='ocrx_word' id='word_1_177' title='bbox 340 712 392 733; x_wconf 88' lang='lat' dir='ltr'><strong>tam</strong></span> <span class='ocrx_word' id='word_1_178' title='bbox 409 706 526 733; x_wconf 78' lang='lat' dir='ltr'><strong>disertus</strong></span> <span class='ocrx_word' id='word_1_179' title='bbox 539 725 546 736; x_wconf 87' lang='lat'><strong>,</strong></span> <span class='ocrx_word' id='word_1_180' title='bbox 568 709 594 732; x_wconf 88' lang='lat' dir='ltr'><strong>et</strong></span> <span class='ocrx_word' id='word_1_181' title='bbox 616 708 670 731; x_wconf 80' lang='lat' dir='ltr'><strong>tum</strong></span> <span class='ocrx_word' id='word_1_182' title='bbox 696 703 928 738; x_wconf 55' lang='lat' dir='ltr'><strong>pulchraspet‘ie,</strong></span> <span class='ocrx_word' id='word_1_183' title='bbox 949 703 1070 737; x_wconf 77' lang='lat' dir='ltr'><strong>seipst</strong></span> <span class='ocrx_word' id='word_1_184' title='bbox 1106 705 1306 733; x_wconf 75' lang='lat' dir='ltr'><strong>inconsiderate</strong></span> <span class='ocrx_word' id='word_1_185' title='bbox 1320 706 1430 740; x_wconf 83' lang='lat' dir='ltr'><strong>injicere</strong></span> <span class='ocrx_word' id='word_1_186' title='bbox 1461 708 1487 734; x_wconf 92' lang='lat' dir='ltr'><strong>in</strong></span> <span class='ocrx_word' id='word_1_187' title='bbox 1502 707 1651 741; x_wconf 85' lang='lat' dir='ltr'><strong>periculum</strong></span> <span class='ocrx_word' id='word_1_188' title='bbox 1666 715 1675 734; x_wconf 88' lang='lat'><strong>:</strong></span> <span class='ocrx_word' id='word_1_189' title='bbox 1688 707 1769 741; x_wconf 83' lang='lat' dir='ltr'><strong>idque</strong></span> 
     </span>
    </p>
   </div>
   <div class='ocr_carea' id='block_1_26' title="bbox 140 750 1770 789">
    <p class='ocr_par' dir='ltr' id='par_1_26' title="bbox 140 750 1770 789">
     <span class='ocr_line' id='line_1_26' title="bbox 140 750 1770 789; baseline -0.001 -8"><span class='ocrx_word' id='word_1_190' title='bbox 140 761 249 789; x_wconf 83' lang='lat' dir='ltr'><strong>propter</strong></span> <span class='ocrx_word' id='word_1_191' title='bbox 264 754 331 781; x_wconf 78' lang='lat' dir='ltr'><strong>nihil</strong></span> <span class='ocrx_word' id='word_1_192' title='bbox 345 754 507 788; x_wconf 87' lang='lat' dir='ltr'><strong>aiiudquam</strong></span> <span class='ocrx_word' id='word_1_193' title='bbox 523 750 817 787; x_wconf 75' lang='lat' dir='ltr'><strong>propterpcrvicacium</strong></span> <span class='ocrx_word' id='word_1_194' title='bbox 848 757 943 777; x_wconf 77' lang='lat' dir='ltr'><strong>vanum</strong></span> <span class='ocrx_word' id='word_1_195' title='bbox 964 757 991 778; x_wconf 77' lang='lat' dir='ltr'><strong>et</strong></span> <span class='ocrx_word' id='word_1_196' title='bbox 1008 752 1141 779; x_wconf 88' lang='lat' dir='ltr'><strong>inulilem.</strong></span> <span class='ocrx_word' id='word_1_197' title='bbox 1173 752 1319 786; x_wconf 83' lang='lat' dir='ltr'><strong>Postquam</strong></span> <span class='ocrx_word' id='word_1_198' title='bbox 1329 759 1417 780; x_wconf 84' lang='lat' dir='ltr'><strong>autem</strong></span> <span class='ocrx_word' id='word_1_199' title='bbox 1433 755 1508 780; x_wconf 90' lang='lat' dir='ltr'><strong>stetit</strong></span> <span class='ocrx_word' id='word_1_200' title='bbox 1520 758 1624 789; x_wconf 86' lang='lat' dir='ltr'><strong>martyr</strong></span> <span class='ocrx_word' id='word_1_201' title='bbox 1639 755 1770 781; x_wconf 74' lang='lat' dir='ltr'><strong>adtersus</strong></span> 
     </span>
    </p>
   </div>
   <div class='ocr_carea' id='block_1_27' title="bbox 143 800 1770 837">
    <p class='ocr_par' dir='ltr' id='par_1_27' title="bbox 143 800 1770 837">
     <span class='ocr_line' id='line_1_27' title="bbox 143 800 1770 837; baseline -0.001 -7"><span class='ocrx_word' id='word_1_202' title='bbox 143 804 197 830; x_wconf 71' lang='lat' dir='ltr'><strong>hu‘c</strong></span> <span class='ocrx_word' id='word_1_203' title='bbox 216 810 346 837; x_wconf 62' lang='lat' dir='ltr'><strong>generose</strong></span> <span class='ocrx_word' id='word_1_204' title='bbox 370 802 524 833; x_wconf 71' lang='lat' dir='ltr'><strong>decertans,</strong></span> <span class='ocrx_word' id='word_1_205' title='bbox 546 805 607 834; x_wconf 83' lang='lat' dir='ltr'><strong>apte</strong></span> <span class='ocrx_word' id='word_1_206' title='bbox 629 800 735 834; x_wconf 86' lang='lat' dir='ltr'><strong>probris</strong></span> <span class='ocrx_word' id='word_1_207' title='bbox 752 807 930 829; x_wconf 81' lang='lat' dir='ltr'><strong>remunerans</strong></span> <span class='ocrx_word' id='word_1_208' title='bbox 949 800 1104 832; x_wconf 78' lang='lat' dir='ltr'><strong>blanditias,</strong></span> <span class='ocrx_word' id='word_1_209' title='bbox 1138 805 1165 827; x_wconf 87' lang='lat' dir='ltr'><strong>et</strong></span> <span class='ocrx_word' id='word_1_210' title='bbox 1187 801 1259 827; x_wconf 89' lang='lat' dir='ltr'><strong>illum</strong></span> <span class='ocrx_word' id='word_1_211' title='bbox 1299 800 1390 835; x_wconf 90' lang='lat' dir='ltr'><strong>lupum</strong></span> <span class='ocrx_word' id='word_1_212' title='bbox 1414 802 1553 836; x_wconf 77' lang='lat' dir='ltr'><strong>appellans</strong></span> <span class='ocrx_word' id='word_1_213' title='bbox 1568 802 1724 836; x_wconf 81' lang='lat' dir='ltr'><strong>Arabicum,</strong></span> <span class='ocrx_word' id='word_1_214' title='bbox 1739 806 1770 829; x_wconf 88' lang='lat' dir='ltr'><strong>ut</strong></span> 
     </span>
    </p>
   </div>
   <div class='ocr_carea' id='block_1_28' title="bbox 140 845 1771 885">
    <p class='ocr_par' dir='ltr' id='par_1_28' title="bbox 140 845 1771 885">
     <span class='ocr_line' id='line_1_28' title="bbox 140 845 1771 885; baseline 0 -9"><span class='ocrx_word' id='word_1_215' title='bbox 140 851 184 885; x_wconf 88' lang='lat' dir='ltr'><strong>qui</strong></span> <span class='ocrx_word' id='word_1_216' title='bbox 215 849 311 875; x_wconf 78' lang='lat' dir='ltr'><strong>ovibus</strong></span> <span class='ocrx_word' id='word_1_217' title='bbox 331 848 432 875; x_wconf 86' lang='lat' dir='ltr'><strong>Cbristi</strong></span> <span class='ocrx_word' id='word_1_218' title='bbox 451 847 604 879; x_wconf 75' lang='lat' dir='ltr'><strong>insidietur,</strong></span> <span class='ocrx_word' id='word_1_219' title='bbox 621 846 728 872; x_wconf 82' lang='lat' dir='ltr'><strong>tandem</strong></span> <span class='ocrx_word' id='word_1_220' title='bbox 749 845 805 873; x_wconf 74' lang='lat' dir='ltr'><strong>haec</strong></span> <span class='ocrx_word' id='word_1_221' title='bbox 838 853 947 880; x_wconf 85' lang='lat' dir='ltr'><strong>quoque</strong></span> <span class='ocrx_word' id='word_1_222' title='bbox 967 847 1064 880; x_wconf 73' lang='lat' dir='ltr'><strong>adjecit</strong></span> <span class='ocrx_word' id='word_1_223' title='bbox 1078 854 1085 873; x_wconf 87' lang='lat'><strong>:</strong></span> <span class='ocrx_word' id='word_1_224' title='bbox 1099 847 1233 882; x_wconf 79' lang='lat' dir='ltr'><strong>Quidquid</strong></span> <span class='ocrx_word' id='word_1_225' title='bbox 1267 847 1376 881; x_wconf 87' lang='lat' dir='ltr'><strong>feceris,</strong></span> <span class='ocrx_word' id='word_1_226' title='bbox 1386 855 1438 875; x_wconf 89' lang='lat' dir='ltr'><strong>non</strong></span> <span class='ocrx_word' id='word_1_227' title='bbox 1456 848 1521 876; x_wconf 87' lang='lat' dir='ltr'><strong>mihi</strong></span> <span class='ocrx_word' id='word_1_228' title='bbox 1539 849 1725 885; x_wconf 78' lang='lat' dir='ltr'><strong>persuadebis,</strong></span> <span class='ocrx_word' id='word_1_229' title='bbox 1739 853 1771 877; x_wconf 87' lang='lat' dir='ltr'><strong>ut</strong></span> 
     </span>
    </p>
   </div>
   <div class='ocr_carea' id='block_1_29' title="bbox 141 894 746 930">
    <p class='ocr_par' dir='ltr' id='par_1_29' title="bbox 141 894 746 930">
     <span class='ocr_line' id='line_1_29' title="bbox 141 894 746 930; baseline -0.005 -7"><span class='ocrx_word' id='word_1_230' title='bbox 141 897 175 923; x_wconf 83' lang='lat' dir='ltr'><strong>ab</strong></span> <span class='ocrx_word' id='word_1_231' title='bbox 192 897 241 923; x_wconf 83' lang='lat' dir='ltr'><strong>bac</strong></span> <span class='ocrx_word' id='word_1_232' title='bbox 257 896 299 930; x_wconf 86' lang='lat' dir='ltr'><strong>pia</strong></span> <span class='ocrx_word' id='word_1_233' title='bbox 313 900 339 922; x_wconf 83' lang='lat' dir='ltr'><strong>et</strong></span> <span class='ocrx_word' id='word_1_234' title='bbox 352 896 427 922; x_wconf 82' lang='lat' dir='ltr'><strong>beata</strong></span> <span class='ocrx_word' id='word_1_235' title='bbox 443 895 569 921; x_wconf 79' lang='lat' dir='ltr'><strong>desistam</strong></span> <span class='ocrx_word' id='word_1_236' title='bbox 583 894 746 921; x_wconf 65' lang='lat' dir='ltr'><strong>constantia.</strong></span> 
     </span>
    </p>
   </div>
   <div class='ocr_carea' id='block_1_30' title="bbox 175 937 929 976">
    <p class='ocr_par' dir='ltr' id='par_1_30' title="bbox 175 938 929 976">
     <span class='ocr_line' id='line_1_30' title="bbox 175 938 929 976; baseline -0.003 -8"><span class='ocrx_word' id='word_1_237' title='bbox 175 941 220 976; x_wconf 64' lang='grc' dir='ltr'><strong>(τ’.</strong></span> <span class='ocrx_word' id='word_1_238' title='bbox 243 941 381 976; x_wconf 59' lang='grc' dir='ltr'>Ἀδριανὸς</span> <span class='ocrx_word' id='word_1_239' title='bbox 407 939 435 966; x_wconf 75' lang='grc' dir='ltr'><strong>δὲ</strong></span> <span class='ocrx_word' id='word_1_240' title='bbox 459 940 568 966; x_wconf 80' lang='grc' dir='ltr'>πάντων</span> <span class='ocrx_word' id='word_1_241' title='bbox 589 938 664 974; x_wconf 81' lang='grc' dir='ltr'><strong>αὑτῷ</strong></span> <span class='ocrx_word' id='word_1_242' title='bbox 692 939 759 974; x_wconf 70' lang='grc' dir='ltr'>πρὸς</span> <span class='ocrx_word' id='word_1_243' title='bbox 773 939 929 967; x_wconf 72' lang='grc' dir='ltr'>τούναντίον</span> 
     </span>
    </p>
   </div>
   <div class='ocr_carea' id='block_1_31' title="bbox 980 937 1770 976">
    <p class='ocr_par' dir='ltr' id='par_1_31' title="bbox 1020 937 1770 975">
     <span class='ocr_line' id='line_1_31' title="bbox 1020 937 1770 975; baseline 0.005 -11"><span class='ocrx_word' id='word_1_244' title='bbox 1020 937 1063 965; x_wconf 84' lang='lat' dir='ltr'><strong>Vl.</strong></span> <span class='ocrx_word' id='word_1_245' title='bbox 1081 938 1130 965; x_wconf 85' lang='lat' dir='ltr'><strong>llic</strong></span> <span class='ocrx_word' id='word_1_246' title='bbox 1144 938 1280 966; x_wconf 77' lang='lat' dir='ltr'><strong>Adrianus</strong></span> <span class='ocrx_word' id='word_1_247' title='bbox 1291 938 1383 966; x_wconf 90' lang='lat' dir='ltr'><strong>animo</strong></span> <span class='ocrx_word' id='word_1_248' title='bbox 1395 938 1544 972; x_wconf 82' lang='lat' dir='ltr'><strong>sauciatus,</strong></span> <span class='ocrx_word' id='word_1_249' title='bbox 1553 939 1644 968; x_wconf 81' lang='lat' dir='ltr'><strong>verbis</strong></span> <span class='ocrx_word' id='word_1_250' title='bbox 1655 940 1770 975; x_wconf 82' lang='lat' dir='ltr'><strong>relictis,</strong></span> 
     </span>
    </p>
   </div>
   <div class='ocr_carea' id='block_1_32' title="bbox 142 984 929 1024">
    <p class='ocr_par' dir='ltr' id='par_1_32' title="bbox 142 985 929 1024">
     <span class='ocr_line' id='line_1_32' title="bbox 142 985 929 1024; baseline -0.004 -9"><span class='ocrx_word' id='word_1_251' title='bbox 142 988 361 1024; x_wconf 70' lang='grc' dir='ltr'><strong>μεθισταμένων,</strong></span> <span class='ocrx_word' id='word_1_252' title='bbox 393 986 504 1020; x_wconf 83' lang='grc' dir='ltr'>ἀπορῶν</span> <span class='ocrx_word' id='word_1_253' title='bbox 522 985 649 1020; x_wconf 70' lang='grc' dir='ltr'>ἐκάθητο,</span> <span class='ocrx_word' id='word_1_254' title='bbox 672 985 768 1021; x_wconf 76' lang='grc' dir='ltr'>βαθείᾳ</span> <span class='ocrx_word' id='word_1_255' title='bbox 791 986 865 1022; x_wconf 82' lang='grc' dir='ltr'>λύπῃ</span> <span class='ocrx_word' id='word_1_256' title='bbox 879 986 929 1022; x_wconf 74' lang='grc' dir='ltr'>τὴν</span> 
     </span>
    </p>
   </div>
   <div class='ocr_carea' id='block_1_33' title="bbox 980 984 1770 1024">
    <p class='ocr_par' dir='ltr' id='par_1_33' title="bbox 981 984 1770 1019">
     <span class='ocr_line' id='line_1_33' title="bbox 981 984 1770 1019; baseline 0.003 -8"><span class='ocrx_word' id='word_1_257' title='bbox 981 985 1014 1011; x_wconf 89' lang='lat' dir='ltr'><strong>ad</strong></span> <span class='ocrx_word' id='word_1_258' title='bbox 1036 984 1105 1011; x_wconf 82' lang='lat' dir='ltr'><strong>facta</strong></span> <span class='ocrx_word' id='word_1_259' title='bbox 1123 992 1153 1011; x_wconf 88' lang='lat' dir='ltr'><strong>se</strong></span> <span class='ocrx_word' id='word_1_260' title='bbox 1165 985 1289 1016; x_wconf 86' lang='lat' dir='ltr'><strong>contulit,</strong></span> <span class='ocrx_word' id='word_1_261' title='bbox 1304 989 1331 1012; x_wconf 88' lang='lat' dir='ltr'><strong>et</strong></span> <span class='ocrx_word' id='word_1_262' title='bbox 1352 984 1432 1019; x_wconf 82' lang='lat' dir='ltr'><strong>jubet</strong></span> <span class='ocrx_word' id='word_1_263' title='bbox 1451 992 1514 1012; x_wconf 89' lang='lat' dir='ltr'><strong>eum</strong></span> <span class='ocrx_word' id='word_1_264' title='bbox 1536 986 1645 1013; x_wconf 79' lang='lat' dir='ltr'><strong>extendi</strong></span> <span class='ocrx_word' id='word_1_265' title='bbox 1669 987 1695 1014; x_wconf 89' lang='lat' dir='ltr'><strong>in</strong></span> <span class='ocrx_word' id='word_1_266' title='bbox 1709 994 1770 1014; x_wconf 80' lang='lat' dir='ltr'><strong>sar-</strong></span> 
     </span>
    </p>
   </div>
   <div class='ocr_carea' id='block_1_34' title="bbox 140 1030 929 1068">
    <p class='ocr_par' dir='ltr' id='par_1_34' title="bbox 140 1031 929 1068">
     <span class='ocr_line' id='line_1_34' title="bbox 140 1031 929 1068; baseline -0.003 -7"><span class='ocrx_word' id='word_1_267' title='bbox 140 1035 263 1068; x_wconf 75' lang='grc' dir='ltr'>γλῶτταν</span> <span class='ocrx_word' id='word_1_268' title='bbox 283 1033 472 1067; x_wconf 77' lang='grc' dir='ltr'><strong>πεπεδημένος</strong></span> <span class='ocrx_word' id='word_1_269' title='bbox 483 1041 489 1047; x_wconf 71' lang='grc'><strong><em>⁸</em></strong></span> <span class='ocrx_word' id='word_1_270' title='bbox 504 1031 534 1058; x_wconf 76' lang='grc' dir='ltr'>ὃν</span> <span class='ocrx_word' id='word_1_271' title='bbox 562 1031 624 1058; x_wconf 84' lang='grc' dir='ltr'><strong>ἰδὼν</strong></span> <span class='ocrx_word' id='word_1_272' title='bbox 643 1031 729 1063; x_wconf 77' lang='grc' dir='ltr'>οὕτως</span> <span class='ocrx_word' id='word_1_273' title='bbox 744 1032 842 1067; x_wconf 77' lang='grc' dir='ltr'>ἔχοντα</span> <span class='ocrx_word' id='word_1_274' title='bbox 858 1033 872 1059; x_wconf 79' lang='grc' dir='ltr'><strong><em>ὁ</em></strong></span> <span class='ocrx_word' id='word_1_275' title='bbox 882 1041 929 1067; x_wconf 88' lang='grc' dir='ltr'>τη-</span> 
     </span>
    </p>
   </div>
   <div class='ocr_carea' id='block_1_35' title="bbox 980 1030 1768 1068">
    <p class='ocr_par' dir='ltr' id='par_1_35' title="bbox 981 1030 1768 1068">
     <span class='ocr_line' id='line_1_35' title="bbox 981 1030 1768 1068; baseline 0.004 -11"><span class='ocrx_word' id='word_1_276' title='bbox 981 1032 1081 1066; x_wconf 79' lang='lat' dir='ltr'><strong>lagitte.</strong></span> <span class='ocrx_word' id='word_1_277' title='bbox 1096 1030 1173 1063; x_wconf 84' lang='lat' dir='ltr'><strong>Quod</strong></span> <span class='ocrx_word' id='word_1_278' title='bbox 1189 1038 1251 1058; x_wconf 88' lang='lat' dir='ltr'><strong>eum</strong></span> <span class='ocrx_word' id='word_1_279' title='bbox 1268 1031 1368 1058; x_wconf 87' lang='lat' dir='ltr'><strong>factum</strong></span> <span class='ocrx_word' id='word_1_280' title='bbox 1387 1037 1470 1064; x_wconf 84' lang='lat' dir='ltr'><strong>esset.</strong></span> <span class='ocrx_word' id='word_1_281' title='bbox 1481 1033 1588 1064; x_wconf 83' lang='lat' dir='ltr'><strong>eadem,</strong></span> <span class='ocrx_word' id='word_1_282' title='bbox 1605 1040 1665 1067; x_wconf 70' lang='lat' dir='ltr'><strong>qua:</strong></span> <span class='ocrx_word' id='word_1_283' title='bbox 1683 1035 1768 1068; x_wconf 79' lang='lat' dir='ltr'><strong>prius,</strong></span> 
     </span>
    </p>
   </div>
   <div class='ocr_carea' id='block_1_36' title="bbox 139 1077 929 1114">
    <p class='ocr_par' dir='ltr' id='par_1_36' title="bbox 139 1077 928 1114">
     <span class='ocr_line' id='line_1_36' title="bbox 139 1077 928 1114; baseline -0.001 -8"><span class='ocrx_word' id='word_1_284' title='bbox 139 1079 252 1107; x_wconf 76' lang='grc' dir='ltr'>νικαῦτα</span> <span class='ocrx_word' id='word_1_285' title='bbox 269 1079 317 1114; x_wconf 82' lang='grc' dir='ltr'>τῆς</span> <span class='ocrx_word' id='word_1_286' title='bbox 337 1078 440 1110; x_wconf 81' lang='grc' dir='ltr'>πόλεως</span> <span class='ocrx_word' id='word_1_287' title='bbox 451 1078 583 1112; x_wconf 77' lang='grc' dir='ltr'>ἔπαρχος,</span> <span class='ocrx_word' id='word_1_288' title='bbox 599 1077 732 1113; x_wconf 83' lang='grc' dir='ltr'>Κορέμων</span> <span class='ocrx_word' id='word_1_289' title='bbox 744 1078 818 1112; x_wconf 80' lang='grc' dir='ltr'>αὐτῷ</span> <span class='ocrx_word' id='word_1_290' title='bbox 833 1078 928 1114; x_wconf 71' lang='grc' dir='ltr'>ὄνομα,</span> 
     </span>
    </p>
   </div>
   <div class='ocr_carea' id='block_1_37' title="bbox 980 1077 1770 1114">
    <p class='ocr_par' dir='ltr' id='par_1_37' title="bbox 980 1078 1770 1113">
     <span class='ocr_line' id='line_1_37' title="bbox 980 1078 1770 1113; baseline 0.004 -9"><span class='ocrx_word' id='word_1_291' title='bbox 980 1085 1076 1104; x_wconf 83' lang='lat' dir='ltr'><strong>rursus</strong></span> <span class='ocrx_word' id='word_1_292' title='bbox 1098 1082 1161 1104; x_wconf 85' lang='lat' dir='ltr'><strong>sunt</strong></span> <span class='ocrx_word' id='word_1_293' title='bbox 1184 1082 1329 1104; x_wconf 78' lang='lat' dir='ltr'><strong>consecuta</strong></span> <span class='ocrx_word' id='word_1_294' title='bbox 1348 1086 1356 1105; x_wconf 87' lang='lat'><strong>:</strong></span> <span class='ocrx_word' id='word_1_295' title='bbox 1375 1082 1402 1105; x_wconf 89' lang='lat' dir='ltr'><strong>et</strong></span> <span class='ocrx_word' id='word_1_296' title='bbox 1419 1078 1489 1111; x_wconf 78' lang='lat' dir='ltr'><strong>ignis</strong></span> <span class='ocrx_word' id='word_1_297' title='bbox 1515 1079 1624 1113; x_wconf 85' lang='lat' dir='ltr'><strong>quidem</strong></span> <span class='ocrx_word' id='word_1_298' title='bbox 1649 1084 1770 1107; x_wconf 88' lang='lat' dir='ltr'><strong>mutatur</strong></span> 
     </span>
    </p>
   </div>
   <div class='ocr_carea' id='block_1_38' title="bbox 139 1123 929 1160">
    <p class='ocr_par' dir='ltr' id='par_1_38' title="bbox 139 1123 929 1160">
     <span class='ocr_line' id='line_1_38' title="bbox 139 1123 929 1160; baseline 0 -8"><span class='ocrx_word' id='word_1_299' title='bbox 139 1127 223 1157; x_wconf 72' lang='grc' dir='ltr'>δεινὸς</span> <span class='ocrx_word' id='word_1_300' title='bbox 237 1126 264 1152; x_wconf 72' lang='grc' dir='ltr'><strong>δὲ</strong></span> <span class='ocrx_word' id='word_1_301' title='bbox 281 1123 359 1157; x_wconf 63' lang='grc' dir='ltr'>οὖτος</span> <span class='ocrx_word' id='word_1_302' title='bbox 381 1124 515 1160; x_wconf 72' lang='grc' dir='ltr'><strong>βασάνους</strong></span> <span class='ocrx_word' id='word_1_303' title='bbox 533 1124 655 1159; x_wconf 77' lang='grc' dir='ltr'>ἐξευρεῖν</span> <span class='ocrx_word' id='word_1_304' title='bbox 673 1125 845 1160; x_wconf 83' lang='grc' dir='ltr'>καινοτέρας.</span> <span class='ocrx_word' id='word_1_305' title='bbox 860 1125 929 1152; x_wconf 68' lang='grc' dir='ltr'>ἀλλὰ</span> 
     </span>
    </p>
   </div>
   <div class='ocr_carea' id='block_1_39' title="bbox 140 1170 930 1206">
    <p class='ocr_par' dir='ltr' id='par_1_39' title="bbox 140 1170 930 1206">
     <span class='ocr_line' id='line_1_39' title="bbox 140 1170 930 1206; baseline -0.001 -7"><span class='ocrx_word' id='word_1_306' title='bbox 140 1173 186 1199; x_wconf 77' lang='grc' dir='ltr'>καὶ</span> <span class='ocrx_word' id='word_1_307' title='bbox 201 1173 234 1198; x_wconf 70' lang='grc' dir='ltr'><strong>τὰ</strong></span> <span class='ocrx_word' id='word_1_308' title='bbox 259 1173 330 1198; x_wconf 73' lang='grc' dir='ltr'>κατὰ</span> <span class='ocrx_word' id='word_1_309' title='bbox 358 1172 404 1198; x_wconf 83' lang='grc' dir='ltr'><strong>τὸν</strong></span> <span class='ocrx_word' id='word_1_310' title='bbox 419 1171 608 1206; x_wconf 76' lang='grc' dir='ltr'><strong>στρατηλάτην</strong></span> <span class='ocrx_word' id='word_1_311' title='bbox 637 1170 744 1205; x_wconf 74' lang='grc' dir='ltr'>Φίληκα</span> <span class='ocrx_word' id='word_1_312' title='bbox 759 1171 863 1206; x_wconf 81' lang='grc' dir='ltr'>μαθὼν.</span> <span class='ocrx_word' id='word_1_313' title='bbox 883 1173 930 1199; x_wconf 80' lang='grc' dir='ltr'><strong>καὶ</strong></span> 
     </span>
    </p>
   </div>
   <div class='ocr_carea' id='block_1_40' title="bbox 140 1216 931 1254">
    <p class='ocr_par' dir='ltr' id='par_1_40' title="bbox 140 1216 931 1254">
     <span class='ocr_line' id='line_1_40' title="bbox 140 1216 931 1254; baseline 0 -10"><span class='ocrx_word' id='word_1_314' title='bbox 140 1218 190 1254; x_wconf 74' lang='grc' dir='ltr'><strong>ήδη</strong></span> <span class='ocrx_word' id='word_1_315' title='bbox 203 1217 252 1252; x_wconf 81' lang='grc' dir='ltr'>μὲν</span> <span class='ocrx_word' id='word_1_316' title='bbox 265 1218 410 1252; x_wconf 77' lang='grc' dir='ltr'>σπέρματα</span> <span class='ocrx_word' id='word_1_317' title='bbox 426 1218 475 1252; x_wconf 74' lang='grc' dir='ltr'><strong>τῆς</strong></span> <span class='ocrx_word' id='word_1_318' title='bbox 491 1217 546 1243; x_wconf 82' lang='grc' dir='ltr'><strong>τῶν</strong></span> <span class='ocrx_word' id='word_1_319' title='bbox 561 1216 735 1254; x_wconf 78' lang='grc' dir='ltr'><strong>Χριστιανῶν</strong></span> <span class='ocrx_word' id='word_1_320' title='bbox 760 1217 878 1249; x_wconf 81' lang='grc' dir='ltr'>πίστεως</span> <span class='ocrx_word' id='word_1_321' title='bbox 890 1218 931 1248; x_wconf 69' lang='lat' dir='ltr'><strong>si:</strong></span> 
     </span>
    </p>
   </div>
   <div class='ocr_carea' id='block_1_41' title="bbox 141 1262 928 1298">
    <p class='ocr_par' dir='ltr' id='par_1_41' title="bbox 141 1262 928 1298">
     <span class='ocr_line' id='line_1_41' title="bbox 141 1262 928 1298; baseline -0.003 -8"><span class='ocrx_word' id='word_1_322' title='bbox 141 1264 253 1298; x_wconf 77' lang='grc' dir='ltr'>καρδίαν</span> <span class='ocrx_word' id='word_1_323' title='bbox 264 1264 421 1298; x_wconf 72' lang='grc' dir='ltr'>δεξάμενος,</span> <span class='ocrx_word' id='word_1_324' title='bbox 439 1263 479 1290; x_wconf 76' lang='grc' dir='ltr'>ἔτι</span> <span class='ocrx_word' id='word_1_325' title='bbox 490 1263 519 1289; x_wconf 73' lang='grc' dir='ltr'><strong>δὲ</strong></span> <span class='ocrx_word' id='word_1_326' title='bbox 535 1262 590 1289; x_wconf 81' lang='grc' dir='ltr'><strong>τῶν</strong></span> <span class='ocrx_word' id='word_1_327' title='bbox 607 1262 775 1297; x_wconf 76' lang='grc' dir='ltr'>Ἑλληνικῶν</span> <span class='ocrx_word' id='word_1_328' title='bbox 789 1264 928 1298; x_wconf 68' lang='grc' dir='ltr'>ἐχόμενος,</span> 
     </span>
    </p>
   </div>
   <div class='ocr_carea' id='block_1_42' title="bbox 141 1306 930 1344">
    <p class='ocr_par' dir='ltr' id='par_1_42' title="bbox 141 1306 930 1344">
     <span class='ocr_line' id='line_1_42' title="bbox 141 1306 930 1344; baseline -0.001 -8"><span class='ocrx_word' id='word_1_329' title='bbox 141 1311 187 1336; x_wconf 76' lang='grc' dir='ltr'><strong>καὶ</strong></span> <span class='ocrx_word' id='word_1_330' title='bbox 213 1309 252 1344; x_wconf 81' lang='grc' dir='ltr'>τῷ</span> <span class='ocrx_word' id='word_1_331' title='bbox 281 1309 384 1344; x_wconf 76' lang='grc' dir='ltr'>βασιλεί</span> <span class='ocrx_word' id='word_1_332' title='bbox 414 1308 617 1344; x_wconf 75' lang='grc' dir='ltr'>χαριζόμενοςο</span> <span class='ocrx_word' id='word_1_333' title='bbox 650 1306 730 1337; x_wconf 69' lang='grc' dir='ltr'>οὗτος</span> <span class='ocrx_word' id='word_1_334' title='bbox 758 1308 790 1343; x_wconf 84' lang='grc' dir='ltr'><strong>δὴ</strong></span> <span class='ocrx_word' id='word_1_335' title='bbox 808 1309 868 1334; x_wconf 63' lang='grc' dir='ltr'>τότε</span> <span class='ocrx_word' id='word_1_336' title='bbox 885 1311 930 1335; x_wconf 68' lang='grc' dir='ltr'><strong>τὸν</strong></span> 
     </span>
    </p>
   </div>
   <div class='ocr_carea' id='block_1_43' title="bbox 148 1353 928 1389">
    <p class='ocr_par' dir='ltr' id='par_1_43' title="bbox 148 1353 928 1389">
     <span class='ocr_line' id='line_1_43' title="bbox 148 1353 928 1389; baseline -0.004 -8"><span class='ocrx_word' id='word_1_337' title='bbox 148 1356 284 1388; x_wconf 74' lang='grc' dir='ltr'><strong>Ἀἶριανδι</strong></span> <span class='ocrx_word' id='word_1_338' title='bbox 295 1353 477 1389; x_wconf 73' lang='grc' dir='ltr'>διαποροῦντα</span> <span class='ocrx_word' id='word_1_339' title='bbox 494 1354 578 1388; x_wconf 81' lang='grc' dir='ltr'>ὁρῶν,</span> <span class='ocrx_word' id='word_1_340' title='bbox 593 1353 751 1389; x_wconf 76' lang='grc' dir='ltr'>προσελθών</span> <span class='ocrx_word' id='word_1_341' title='bbox 769 1361 776 1368; x_wconf 92' lang='grc'><strong>·</strong></span> <span class='ocrx_word' id='word_1_342' title='bbox 802 1353 873 1387; x_wconf 75' lang='grc' dir='ltr'><strong>Ἐγώ</strong></span> <span class='ocrx_word' id='word_1_343' title='bbox 889 1361 928 1386; x_wconf 83' lang='grc' dir='ltr'>σε,</span> 
     </span>
    </p>
   </div>
   <div class='ocr_carea' id='block_1_44' title="bbox 143 1399 932 1436">
    <p class='ocr_par' dir='ltr' id='par_1_44' title="bbox 143 1399 932 1436">
     <span class='ocr_line' id='line_1_44' title="bbox 143 1399 932 1436; baseline -0.001 -10"><span class='ocrx_word' id='word_1_344' title='bbox 143 1403 220 1436; x_wconf 66' lang='grc' dir='ltr'>φησὶ,</span> <span class='ocrx_word' id='word_1_345' title='bbox 249 1400 373 1435; x_wconf 79' lang='grc' dir='ltr'>βασιλεῦ,</span> <span class='ocrx_word' id='word_1_346' title='bbox 394 1399 543 1431; x_wconf 79' lang='grc' dir='ltr'>ἀπαλλάξω</span> <span class='ocrx_word' id='word_1_347' title='bbox 557 1399 741 1434; x_wconf 61' lang='grc' dir='ltr'>πραγμάτων,</span> <span class='ocrx_word' id='word_1_348' title='bbox 763 1400 808 1425; x_wconf 76' lang='grc' dir='ltr'>καὶ</span> <span class='ocrx_word' id='word_1_349' title='bbox 826 1399 932 1425; x_wconf 57' lang='grc' dir='ltr'>τουτονὶ</span> 
     </span>
    </p>
   </div>
   <div class='ocr_carea' id='block_1_45' title="bbox 142 1444 931 1479">
    <p class='ocr_par' dir='ltr' id='par_1_45' title="bbox 142 1444 931 1479">
     <span class='ocr_line' id='line_1_45' title="bbox 142 1444 931 1479; baseline -0.003 -7"><span class='ocrx_word' id='word_1_350' title='bbox 142 1447 187 1472; x_wconf 60' lang='grc' dir='ltr'>τὶν</span> <span class='ocrx_word' id='word_1_351' title='bbox 200 1447 258 1472; x_wconf 80' lang='grc' dir='ltr'>νέον</span> <span class='ocrx_word' id='word_1_352' title='bbox 271 1445 370 1477; x_wconf 79' lang='grc' dir='ltr'><strong>διδάξω</strong></span> <span class='ocrx_word' id='word_1_353' title='bbox 384 1445 429 1471; x_wconf 78' lang='grc' dir='ltr'><strong>τὸν</strong></span> <span class='ocrx_word' id='word_1_354' title='bbox 446 1444 614 1471; x_wconf 79' lang='grc' dir='ltr'>ἀπειθοῦντά</span> <span class='ocrx_word' id='word_1_355' title='bbox 627 1453 668 1470; x_wconf 86' lang='grc' dir='ltr'><strong>σοι</strong></span> <span class='ocrx_word' id='word_1_356' title='bbox 681 1445 718 1479; x_wconf 82' lang='grc' dir='ltr'>μὴ</span> <span class='ocrx_word' id='word_1_357' title='bbox 728 1444 857 1475; x_wconf 76' lang='grc' dir='ltr'>τοιούτοις</span> <span class='ocrx_word' id='word_1_358' title='bbox 869 1445 931 1470; x_wconf 73' lang='grc' dir='ltr'>ἐπι-</span> 
     </span>
    </p>
   </div>
   <div class='ocr_carea' id='block_1_46' title="bbox 142 1490 929 1527">
    <p class='ocr_par' dir='ltr' id='par_1_46' title="bbox 142 1490 929 1527">
     <span class='ocr_line' id='line_1_46' title="bbox 142 1490 929 1527; baseline -0.001 -10"><span class='ocrx_word' id='word_1_359' title='bbox 142 1494 254 1527; x_wconf 81' lang='grc' dir='ltr'>χειρεῖν,</span> <span class='ocrx_word' id='word_1_360' title='bbox 277 1492 342 1518; x_wconf 63' lang='grc' dir='ltr'>ἀλλὰ</span> <span class='ocrx_word' id='word_1_361' title='bbox 362 1492 407 1518; x_wconf 75' lang='grc' dir='ltr'><strong>καὶ</strong></span> <span class='ocrx_word' id='word_1_362' title='bbox 423 1490 550 1522; x_wconf 79' lang='grc' dir='ltr'>κλίσανος</span> <span class='ocrx_word' id='word_1_363' title='bbox 579 1491 628 1525; x_wconf 80' lang='grc' dir='ltr'>μὲν</span> <span class='ocrx_word' id='word_1_364' title='bbox 648 1491 786 1525; x_wconf 80' lang='grc' dir='ltr'>ὲνεχθήτω</span> <span class='ocrx_word' id='word_1_365' title='bbox 801 1490 929 1525; x_wconf 75' lang='grc' dir='ltr'><strong>χαλκοῦς,</strong></span> 
     </span>
    </p>
   </div>
   <div class='ocr_carea' id='block_1_47' title="bbox 141 1535 932 1571">
    <p class='ocr_par' dir='ltr' id='par_1_47' title="bbox 141 1535 932 1571">
     <span class='ocr_line' id='line_1_47' title="bbox 141 1535 932 1571; baseline -0.003 -8"><span class='ocrx_word' id='word_1_366' title='bbox 141 1537 274 1563; x_wconf 71' lang='grc' dir='ltr'>ὀϐελίσκοι</span> <span class='ocrx_word' id='word_1_367' title='bbox 292 1537 320 1563; x_wconf 81' lang='grc' dir='ltr'><strong>δὲ</strong></span> <span class='ocrx_word' id='word_1_368' title='bbox 333 1537 402 1569; x_wconf 72' lang='grc' dir='ltr'><strong>ὀξεῖς</strong></span> <span class='ocrx_word' id='word_1_369' title='bbox 418 1536 460 1570; x_wconf 77' lang='grc' dir='ltr'><strong>ἐφ’</strong></span> <span class='ocrx_word' id='word_1_370' title='bbox 472 1536 592 1571; x_wconf 71' lang='grc' dir='ltr'>ἑκάτερα</span> <span class='ocrx_word' id='word_1_371' title='bbox 604 1535 659 1562; x_wconf 85' lang='grc' dir='ltr'><strong>τῶν</strong></span> <span class='ocrx_word' id='word_1_372' title='bbox 675 1535 766 1570; x_wconf 81' lang='grc' dir='ltr'>μερῶν</span> <span class='ocrx_word' id='word_1_373' title='bbox 785 1535 869 1562; x_wconf 80' lang='grc' dir='ltr'>αὑτοῦ</span> <span class='ocrx_word' id='word_1_374' title='bbox 883 1537 932 1570; x_wconf 78' lang='grc' dir='ltr'><strong>ἑμ-</strong></span> 
     </span>
    </p>
   </div>
   <div class='ocr_carea' id='block_1_48' title="bbox 142 1581 930 1618">
    <p class='ocr_par' dir='ltr' id='par_1_48' title="bbox 142 1581 930 1618">
     <span class='ocr_line' id='line_1_48' title="bbox 142 1581 930 1618; baseline -0.003 -8"><span class='ocrx_word' id='word_1_375' title='bbox 142 1585 320 1618; x_wconf 82' lang='grc' dir='ltr'>παγήτωσαν,</span> <span class='ocrx_word' id='word_1_376' title='bbox 341 1584 387 1610; x_wconf 72' lang='grc' dir='ltr'>καὶ</span> <span class='ocrx_word' id='word_1_377' title='bbox 415 1582 476 1617; x_wconf 72' lang='grc' dir='ltr'>ὕψει</span> <span class='ocrx_word' id='word_1_378' title='bbox 502 1582 563 1609; x_wconf 76' lang='grc' dir='ltr'>ὅσον</span> <span class='ocrx_word' id='word_1_379' title='bbox 596 1581 674 1609; x_wconf 66' lang='lat' dir='ltr'><strong>obtutu</strong></span> <span class='ocrx_word' id='word_1_380' title='bbox 692 1582 739 1609; x_wconf 82' lang='grc' dir='ltr'>τὸν</span> <span class='ocrx_word' id='word_1_381' title='bbox 761 1582 930 1616; x_wconf 77' lang='grc' dir='ltr'>Ἐλευθέριον</span> 
     </span>
    </p>
   </div>
   <div class='ocr_carea' id='block_1_49' title="bbox 141 1628 930 1663">
    <p class='ocr_par' dir='ltr' id='par_1_49' title="bbox 141 1628 930 1663">
     <span class='ocr_line' id='line_1_49' title="bbox 141 1628 930 1663; baseline -0.001 -8"><span class='ocrx_word' id='word_1_382' title='bbox 141 1629 158 1662; x_wconf 73' lang='grc' dir='ltr'>ἧ</span> <span class='ocrx_word' id='word_1_383' title='bbox 178 1629 334 1663; x_wconf 67' lang='grc' dir='ltr'>πειθόμενον</span> <span class='ocrx_word' id='word_1_384' title='bbox 348 1629 363 1663; x_wconf 83' lang='grc' dir='ltr'>ἢ</span> <span class='ocrx_word' id='word_1_385' title='bbox 376 1628 468 1660; x_wconf 81' lang='grc' dir='ltr'>κακῶς</span> <span class='ocrx_word' id='word_1_386' title='bbox 480 1628 679 1663; x_wconf 71' lang='grc' dir='ltr'>ἀπολλύμενον.</span> <span class='ocrx_word' id='word_1_387' title='bbox 695 1628 789 1654; x_wconf 82' lang='grc' dir='ltr'>Ταῦτα</span> <span class='ocrx_word' id='word_1_388' title='bbox 803 1628 831 1654; x_wconf 77' lang='grc' dir='ltr'><strong>δὲ</strong></span> <span class='ocrx_word' id='word_1_389' title='bbox 844 1628 930 1662; x_wconf 85' lang='grc' dir='ltr'>λέγων</span> 
     </span>
    </p>
   </div>
   <div class='ocr_carea' id='block_1_50' title="bbox 142 1674 932 1709">
    <p class='ocr_par' dir='ltr' id='par_1_50' title="bbox 142 1674 932 1709">
     <span class='ocr_line' id='line_1_50' title="bbox 142 1674 932 1709; baseline 0 -8"><span class='ocrx_word' id='word_1_390' title='bbox 142 1675 272 1702; x_wconf 73' lang='grc' dir='ltr'>ἐλάνθανε</span> <span class='ocrx_word' id='word_1_391' title='bbox 292 1676 338 1701; x_wconf 72' lang='grc' dir='ltr'><strong>τὸν</strong></span> <span class='ocrx_word' id='word_1_392' title='bbox 360 1675 455 1701; x_wconf 81' lang='grc' dir='ltr'>λέοντα</span> <span class='ocrx_word' id='word_1_393' title='bbox 480 1674 573 1709; x_wconf 74' lang='grc' dir='ltr'>φοϐεῖν</span> <span class='ocrx_word' id='word_1_394' title='bbox 595 1675 719 1708; x_wconf 81' lang='grc' dir='ltr'>καλάμου</span> <span class='ocrx_word' id='word_1_395' title='bbox 743 1674 861 1709; x_wconf 72' lang='grc' dir='ltr'>πληγαῖς</span> <span class='ocrx_word' id='word_1_396' title='bbox 878 1675 932 1701; x_wconf 79' lang='grc' dir='ltr'><strong>οἰό-</strong></span> 
     </span>
    </p>
   </div>
   <div class='ocr_carea' id='block_1_51' title="bbox 144 1720 931 1757">
    <p class='ocr_par' dir='ltr' id='par_1_51' title="bbox 144 1720 931 1757">
     <span class='ocr_line' id='line_1_51' title="bbox 144 1720 931 1757; baseline 0 -10"><span class='ocrx_word' id='word_1_397' title='bbox 144 1729 235 1756; x_wconf 82' lang='grc' dir='ltr'>μενος.</span> <span class='ocrx_word' id='word_1_398' title='bbox 253 1722 347 1756; x_wconf 80' lang='grc' dir='ltr'><strong>Ὅμως</strong></span> <span class='ocrx_word' id='word_1_399' title='bbox 375 1721 476 1756; x_wconf 70' lang='grc' dir='ltr'>ηρετκε</span> <span class='ocrx_word' id='word_1_400' title='bbox 506 1722 595 1747; x_wconf 83' lang='grc' dir='ltr'>ταῦτα</span> <span class='ocrx_word' id='word_1_401' title='bbox 612 1720 650 1757; x_wconf 82' lang='grc' dir='ltr'>τῷ</span> <span class='ocrx_word' id='word_1_402' title='bbox 679 1720 795 1756; x_wconf 80' lang='grc' dir='ltr'>βασιλεῖ,</span> <span class='ocrx_word' id='word_1_403' title='bbox 813 1721 860 1747; x_wconf 78' lang='grc' dir='ltr'>καὶ</span> <span class='ocrx_word' id='word_1_404' title='bbox 884 1720 931 1747; x_wconf 82' lang='grc' dir='ltr'>τοῦ</span> 
     </span>
    </p>
   </div>
   <div class='ocr_carea' id='block_1_52' title="bbox 144 1766 933 1803">
    <p class='ocr_par' dir='ltr' id='par_1_52' title="bbox 144 1766 933 1803">
     <span class='ocr_line' id='line_1_52' title="bbox 144 1766 933 1803; baseline 0.001 -11"><span class='ocrx_word' id='word_1_405' title='bbox 144 1766 340 1802; x_wconf 74' lang='grc' dir='ltr'>μηχανήματος</span> <span class='ocrx_word' id='word_1_406' title='bbox 357 1767 458 1803; x_wconf 71' lang='grc' dir='ltr'>σπουῖῇ</span> <span class='ocrx_word' id='word_1_407' title='bbox 475 1767 660 1799; x_wconf 78' lang='grc' dir='ltr'>τελεσθέντος,</span> <span class='ocrx_word' id='word_1_408' title='bbox 676 1767 745 1802; x_wconf 77' lang='grc' dir='ltr'>ἄρας</span> <span class='ocrx_word' id='word_1_409' title='bbox 759 1768 822 1798; x_wconf 73' lang='grc' dir='ltr'>τοὺς</span> <span class='ocrx_word' id='word_1_410' title='bbox 838 1775 933 1802; x_wconf 77' lang='grc' dir='ltr'>φαινο-</span> 
     </span>
    </p>
   </div>
   <div class='ocr_carea' id='block_1_53' title="bbox 145 1812 932 1848">
    <p class='ocr_par' dir='ltr' id='par_1_53' title="bbox 145 1812 932 1848">
     <span class='ocr_line' id='line_1_53' title="bbox 145 1812 932 1848; baseline 0.001 -10"><span class='ocrx_word' id='word_1_411' title='bbox 145 1813 241 1847; x_wconf 68' lang='grc' dir='ltr'>μένους</span> <span class='ocrx_word' id='word_1_412' title='bbox 268 1812 325 1847; x_wconf 78' lang='grc' dir='ltr'><strong>ἅμα</strong></span> <span class='ocrx_word' id='word_1_413' title='bbox 353 1813 400 1839; x_wconf 66' lang='grc' dir='ltr'><strong>καὶ</strong></span> <span class='ocrx_word' id='word_1_414' title='bbox 424 1815 488 1845; x_wconf 77' lang='grc' dir='ltr'>τοὺς</span> <span class='ocrx_word' id='word_1_415' title='bbox 513 1814 626 1847; x_wconf 77' lang='grc' dir='ltr'>ἀφανεῖς</span> <span class='ocrx_word' id='word_1_416' title='bbox 641 1813 811 1848; x_wconf 74' lang='grc' dir='ltr'>ὀφθαλμοὺς,</span> <span class='ocrx_word' id='word_1_417' title='bbox 825 1813 872 1839; x_wconf 84' lang='grc' dir='ltr'>καὶ</span> <span class='ocrx_word' id='word_1_418' title='bbox 887 1813 932 1839; x_wconf 76' lang='grc' dir='ltr'><strong>τὸν</strong></span> 
     </span>
    </p>
   </div>
   <div class='ocr_carea' id='block_1_54' title="bbox 143 1856 932 1894">
    <p class='ocr_par' dir='ltr' id='par_1_54' title="bbox 143 1856 932 1894">
     <span class='ocr_line' id='line_1_54' title="bbox 143 1856 932 1894; baseline 0.001 -10"><span class='ocrx_word' id='word_1_419' title='bbox 143 1857 205 1884; x_wconf 73' lang='grc' dir='ltr'>νοῦν</span> <span class='ocrx_word' id='word_1_420' title='bbox 216 1859 275 1885; x_wconf 80' lang='grc' dir='ltr'>ὅλον</span> <span class='ocrx_word' id='word_1_421' title='bbox 289 1859 328 1889; x_wconf 76' lang='grc' dir='ltr'><strong>εἰς</strong></span> <span class='ocrx_word' id='word_1_422' title='bbox 344 1858 477 1894; x_wconf 80' lang='grc' dir='ltr'>οὐρανοὺς</span> <span class='ocrx_word' id='word_1_423' title='bbox 497 1859 648 1894; x_wconf 74' lang='grc' dir='ltr'>ἀπερείσας</span> <span class='ocrx_word' id='word_1_424' title='bbox 660 1867 666 1873; x_wconf 94' lang='grc'><strong>·</strong></span> <span class='ocrx_word' id='word_1_425' title='bbox 696 1856 861 1894; x_wconf 82' lang='grc' dir='ltr'>Εὑχαριστῶ</span> <span class='ocrx_word' id='word_1_426' title='bbox 880 1867 932 1890; x_wconf 84' lang='grc' dir='ltr'>σοι,</span> 
     </span>
    </p>
   </div>
   <div class='ocr_carea' id='block_1_55' title="bbox 143 1902 932 1941">
    <p class='ocr_par' dir='ltr' id='par_1_55' title="bbox 143 1902 932 1941">
     <span class='ocr_line' id='line_1_55' title="bbox 143 1902 932 1941; baseline 0.001 -11"><span class='ocrx_word' id='word_1_427' title='bbox 143 1902 206 1938; x_wconf 64' lang='grc' dir='ltr'>ἔφη,</span> <span class='ocrx_word' id='word_1_428' title='bbox 220 1903 304 1939; x_wconf 79' lang='grc' dir='ltr'>Κύριε</span> <span class='ocrx_word' id='word_1_429' title='bbox 326 1904 414 1939; x_wconf 75' lang='grc' dir='ltr'>Ἰησοῦ</span> <span class='ocrx_word' id='word_1_430' title='bbox 429 1905 530 1939; x_wconf 79' lang='grc' dir='ltr'>Χριστὲ</span> <span class='ocrx_word' id='word_1_431' title='bbox 544 1906 592 1931; x_wconf 70' lang='grc' dir='ltr'>καὶ</span> <span class='ocrx_word' id='word_1_432' title='bbox 607 1904 668 1937; x_wconf 68' lang='grc' dir='ltr'>Θεὲ,</span> <span class='ocrx_word' id='word_1_433' title='bbox 695 1905 736 1931; x_wconf 79' lang='grc' dir='ltr'>ὅτι</span> <span class='ocrx_word' id='word_1_434' title='bbox 751 1904 882 1931; x_wconf 83' lang='grc' dir='ltr'>τοιούτων</span> <span class='ocrx_word' id='word_1_435' title='bbox 899 1913 932 1941; x_wconf 87' lang='grc' dir='ltr'><strong>με</strong></span> 
     </span>
    </p>
   </div>
   <div class='ocr_carea' id='block_1_56' title="bbox 143 1950 933 1986">
    <p class='ocr_par' dir='ltr' id='par_1_56' title="bbox 143 1950 933 1986">
     <span class='ocr_line' id='line_1_56' title="bbox 143 1950 933 1986; baseline 0.001 -11"><span class='ocrx_word' id='word_1_436' title='bbox 143 1950 191 1976; x_wconf 73' lang='grc' dir='ltr'>καὶ</span> <span class='ocrx_word' id='word_1_437' title='bbox 206 1950 342 1976; x_wconf 76' lang='grc' dir='ltr'>τοσούτων</span> <span class='ocrx_word' id='word_1_438' title='bbox 358 1950 468 1984; x_wconf 78' lang='grc' dir='ltr'><strong>ἀγαθῶν</strong></span> <span class='ocrx_word' id='word_1_439' title='bbox 484 1950 615 1985; x_wconf 67' lang='grc' dir='ltr'><strong>ἠξίωσας,</strong></span> <span class='ocrx_word' id='word_1_440' title='bbox 646 1951 687 1976; x_wconf 82' lang='grc' dir='ltr'>ὅτι</span> <span class='ocrx_word' id='word_1_441' title='bbox 717 1951 789 1986; x_wconf 74' lang='grc' dir='ltr'>χειρὶ</span> <span class='ocrx_word' id='word_1_442' title='bbox 814 1951 933 1985; x_wconf 76' lang='grc' dir='ltr'>κραταιᾷ</span> 
     </span>
    </p>
   </div>
   <div class='ocr_carea' id='block_1_57' title="bbox 144 1995 933 2030">
    <p class='ocr_par' dir='ltr' id='par_1_57' title="bbox 144 1995 933 2030">
     <span class='ocr_line' id='line_1_57' title="bbox 144 1995 933 2030; baseline 0.001 -9"><span class='ocrx_word' id='word_1_443' title='bbox 144 2004 191 2021; x_wconf 80' lang='grc' dir='ltr'>σου</span> <span class='ocrx_word' id='word_1_444' title='bbox 209 1995 324 2030; x_wconf 80' lang='grc' dir='ltr'>δύναμιν</span> <span class='ocrx_word' id='word_1_445' title='bbox 345 1995 527 2030; x_wconf 76' lang='grc' dir='ltr'>περιέζωσας,</span> <span class='ocrx_word' id='word_1_446' title='bbox 548 1996 589 2022; x_wconf 84' lang='grc' dir='ltr'>ὅτι</span> <span class='ocrx_word' id='word_1_447' title='bbox 606 1995 678 2030; x_wconf 81' lang='grc' dir='ltr'>ὑπὲρ</span> <span class='ocrx_word' id='word_1_448' title='bbox 697 1995 744 2022; x_wconf 77' lang='grc' dir='ltr'><strong>σοῦ</strong></span> <span class='ocrx_word' id='word_1_449' title='bbox 757 1996 868 2022; x_wconf 79' lang='grc' dir='ltr'>τοιαῦτα</span> <span class='ocrx_word' id='word_1_450' title='bbox 880 1997 933 2023; x_wconf 80' lang='grc' dir='ltr'><strong>πά-</strong></span> 
     </span>
    </p>
   </div>
   <div class='ocr_carea' id='block_1_58' title="bbox 145 2041 934 2077">
    <p class='ocr_par' dir='ltr' id='par_1_58' title="bbox 145 2041 934 2077">
     <span class='ocr_line' id='line_1_58' title="bbox 145 2041 934 2077; baseline 0.001 -10"><span class='ocrx_word' id='word_1_451' title='bbox 145 2049 219 2076; x_wconf 83' lang='grc' dir='ltr'>σχειν</span> <span class='ocrx_word' id='word_1_452' title='bbox 231 2041 380 2074; x_wconf 72' lang='grc' dir='ltr'>εὺδόκητας</span> <span class='ocrx_word' id='word_1_453' title='bbox 391 2049 397 2055; x_wconf 81' lang='grc'><strong>”</strong></span> <span class='ocrx_word' id='word_1_454' title='bbox 416 2041 463 2067; x_wconf 78' lang='grc' dir='ltr'><strong>καὶ</strong></span> <span class='ocrx_word' id='word_1_455' title='bbox 479 2041 527 2067; x_wconf 78' lang='grc' dir='ltr'>νῦν</span> <span class='ocrx_word' id='word_1_456' title='bbox 544 2041 692 2076; x_wconf 73' lang='grc' dir='ltr'>ἐπιὸλεψον</span> <span class='ocrx_word' id='word_1_457' title='bbox 706 2041 735 2074; x_wconf 68' lang='grc' dir='ltr'><strong>ἐξ</strong></span> <span class='ocrx_word' id='word_1_458' title='bbox 746 2041 871 2077; x_wconf 76' lang='grc' dir='ltr'>οὐρανοῦ,</span> <span class='ocrx_word' id='word_1_459' title='bbox 887 2041 934 2068; x_wconf 77' lang='grc' dir='ltr'><strong>καὶ</strong></span> 
     </span>
    </p>
   </div>
   <div class='ocr_carea' id='block_1_59' title="bbox 145 2084 934 2122">
    <p class='ocr_par' dir='ltr' id='par_1_59' title="bbox 145 2084 934 2122">
     <span class='ocr_line' id='line_1_59' title="bbox 145 2084 934 2122; baseline 0.003 -10"><span class='ocrx_word' id='word_1_460' title='bbox 145 2087 182 2113; x_wconf 81' lang='grc' dir='ltr'><strong>ἴδε</strong></span> <span class='ocrx_word' id='word_1_461' title='bbox 195 2084 240 2113; x_wconf 73' lang='grc' dir='ltr'>οἵα</span> <span class='ocrx_word' id='word_1_462' title='bbox 256 2086 446 2113; x_wconf 68' lang='grc' dir='ltr'>τεκταινουσιν</span> <span class='ocrx_word' id='word_1_463' title='bbox 462 2088 487 2113; x_wconf 86' lang='grc' dir='ltr'>οἰ</span> <span class='ocrx_word' id='word_1_464' title='bbox 504 2086 646 2121; x_wconf 79' lang='grc' dir='ltr'>μισοῦντές</span> <span class='ocrx_word' id='word_1_465' title='bbox 660 2096 688 2114; x_wconf 86' lang='grc' dir='ltr'>σε</span> <span class='ocrx_word' id='word_1_466' title='bbox 708 2087 767 2114; x_wconf 82' lang='grc' dir='ltr'>κατ’</span> <span class='ocrx_word' id='word_1_467' title='bbox 780 2087 859 2122; x_wconf 81' lang='grc' dir='ltr'>ἐμοῦ,</span> <span class='ocrx_word' id='word_1_468' title='bbox 886 2087 934 2114; x_wconf 76' lang='grc' dir='ltr'>καὶ</span> 
     </span>
    </p>
   </div>
   <div class='ocr_carea' id='block_1_60' title="bbox 145 2131 933 2169">
    <p class='ocr_par' dir='ltr' id='par_1_60' title="bbox 145 2131 933 2169">
     <span class='ocr_line' id='line_1_60' title="bbox 145 2131 933 2169; baseline 0.003 -11"><span class='ocrx_word' id='word_1_469' title='bbox 145 2131 226 2167; x_wconf 70' lang='grc' dir='ltr'>ῥῦσαι</span> <span class='ocrx_word' id='word_1_470' title='bbox 254 2132 308 2159; x_wconf 73' lang='grc' dir='ltr'><strong>ἀπὸ</strong></span> <span class='ocrx_word' id='word_1_471' title='bbox 333 2132 427 2168; x_wconf 78' lang='grc' dir='ltr'>βέλους</span> <span class='ocrx_word' id='word_1_472' title='bbox 441 2134 534 2160; x_wconf 78' lang='grc' dir='ltr'>αὐτῶν</span> <span class='ocrx_word' id='word_1_473' title='bbox 554 2133 603 2168; x_wconf 81' lang='grc' dir='ltr'>τὴν</span> <span class='ocrx_word' id='word_1_474' title='bbox 620 2133 709 2169; x_wconf 77' lang='grc' dir='ltr'>ψυχήν</span> <span class='ocrx_word' id='word_1_475' title='bbox 724 2143 787 2169; x_wconf 85' lang='grc' dir='ltr'>μου,</span> <span class='ocrx_word' id='word_1_476' title='bbox 805 2134 848 2160; x_wconf 72' lang='grc' dir='ltr'>ἵνα</span> <span class='ocrx_word' id='word_1_477' title='bbox 859 2134 933 2161; x_wconf 66' lang='lat' dir='ltr'><strong>(Eum</strong></span> 
     </span>
    </p>
   </div>
   <div class='ocr_carea' id='block_1_61' title="bbox 981 1122 1768 1158">
    <p class='ocr_par' dir='ltr' id='par_1_61' title="bbox 981 1122 1768 1158">
     <span class='ocr_line' id='line_1_61' title="bbox 981 1122 1768 1158; baseline 0.003 -8"><span class='ocrx_word' id='word_1_478' title='bbox 981 1122 1009 1150; x_wconf 90' lang='lat' dir='ltr'><strong>in</strong></span> <span class='ocrx_word' id='word_1_479' title='bbox 1029 1130 1118 1150; x_wconf 87' lang='lat' dir='ltr'><strong>rorem</strong></span> <span class='ocrx_word' id='word_1_480' title='bbox 1139 1131 1146 1150; x_wconf 91' lang='lat'><strong>:</strong></span> <span class='ocrx_word' id='word_1_481' title='bbox 1163 1129 1229 1149; x_wconf 86' lang='lat' dir='ltr'><strong>aura</strong></span> <span class='ocrx_word' id='word_1_482' title='bbox 1249 1129 1314 1150; x_wconf 75' lang='lat' dir='ltr'><strong>vero</strong></span> <span class='ocrx_word' id='word_1_483' title='bbox 1338 1123 1461 1158; x_wconf 56' lang='lat' dir='ltr'><strong>quaedam</strong></span> <span class='ocrx_word' id='word_1_484' title='bbox 1489 1124 1650 1152; x_wconf 81' lang='lat' dir='ltr'><strong>suavissima</strong></span> <span class='ocrx_word' id='word_1_485' title='bbox 1671 1124 1768 1152; x_wconf 80' lang='lat' dir='ltr'><strong>fortem</strong></span> 
     </span>
    </p>
   </div>
   <div class='ocr_carea' id='block_1_62' title="bbox 980 1169 1767 1205">
    <p class='ocr_par' dir='ltr' id='par_1_62' title="bbox 980 1169 1767 1205">
     <span class='ocr_line' id='line_1_62' title="bbox 980 1169 1767 1205; baseline 0.005 -9"><span class='ocrx_word' id='word_1_486' title='bbox 980 1177 1013 1196; x_wconf 84' lang='lat' dir='ltr'><strong>ae</strong></span> <span class='ocrx_word' id='word_1_487' title='bbox 1028 1177 1191 1204; x_wconf 75' lang='lat' dir='ltr'><strong>generosum</strong></span> <span class='ocrx_word' id='word_1_488' title='bbox 1208 1169 1297 1196; x_wconf 84' lang='lat' dir='ltr'><strong>virum</strong></span> <span class='ocrx_word' id='word_1_489' title='bbox 1323 1170 1505 1205; x_wconf 71' lang='lat' dir='ltr'><strong>refrigeravit.</strong></span> <span class='ocrx_word' id='word_1_490' title='bbox 1519 1171 1656 1200; x_wconf 81' lang='lat' dir='ltr'><strong>Adrianus</strong></span> <span class='ocrx_word' id='word_1_491' title='bbox 1679 1177 1767 1200; x_wconf 84' lang='lat' dir='ltr'><strong>autem</strong></span> 
     </span>
    </p>
   </div>
   <div class='ocr_carea' id='block_1_63' title="bbox 980 1215 1770 1250">
    <p class='ocr_par' dir='ltr' id='par_1_63' title="bbox 980 1215 1770 1250">
     <span class='ocr_line' id='line_1_63' title="bbox 980 1215 1770 1250; baseline 0.004 -7"><span class='ocrx_word' id='word_1_492' title='bbox 980 1217 1114 1248; x_wconf 79' lang='lat' dir='ltr'><strong>nesciens,</strong></span> <span class='ocrx_word' id='word_1_493' title='bbox 1132 1215 1197 1250; x_wconf 89' lang='lat' dir='ltr'><strong>quid</strong></span> <span class='ocrx_word' id='word_1_494' title='bbox 1220 1220 1326 1250; x_wconf 81' lang='lat' dir='ltr'><strong>ageret,</strong></span> <span class='ocrx_word' id='word_1_495' title='bbox 1344 1223 1406 1244; x_wconf 87' lang='lat' dir='ltr'><strong>cum</strong></span> <span class='ocrx_word' id='word_1_496' title='bbox 1430 1217 1455 1244; x_wconf 87' lang='lat' dir='ltr'><strong>ei</strong></span> <span class='ocrx_word' id='word_1_497' title='bbox 1480 1221 1651 1245; x_wconf 80' lang='lat' dir='ltr'><strong>mutarentur</strong></span> <span class='ocrx_word' id='word_1_498' title='bbox 1676 1219 1770 1246; x_wconf 84' lang='lat' dir='ltr'><strong>omnia</strong></span> 
     </span>
    </p>
   </div>
   <div class='ocr_carea' id='block_1_64' title="bbox 980 1262 1771 1296">
    <p class='ocr_par' dir='ltr' id='par_1_64' title="bbox 980 1262 1771 1296">
     <span class='ocr_line' id='line_1_64' title="bbox 980 1262 1771 1296; baseline 0.004 -7"><span class='ocrx_word' id='word_1_499' title='bbox 980 1263 1007 1289; x_wconf 91' lang='lat' dir='ltr'><strong>iu</strong></span> <span class='ocrx_word' id='word_1_500' title='bbox 1027 1263 1205 1294; x_wconf 76' lang='lat' dir='ltr'><strong>contrarium,</strong></span> <span class='ocrx_word' id='word_1_501' title='bbox 1221 1262 1334 1290; x_wconf 82' lang='lat' dir='ltr'><strong>sedebat</strong></span> <span class='ocrx_word' id='word_1_502' title='bbox 1359 1262 1442 1290; x_wconf 85' lang='lat' dir='ltr'><strong>animi</strong></span> <span class='ocrx_word' id='word_1_503' title='bbox 1467 1263 1575 1296; x_wconf 80' lang='lat' dir='ltr'><strong>dubius.</strong></span> <span class='ocrx_word' id='word_1_504' title='bbox 1602 1265 1698 1292; x_wconf 86' lang='lat' dir='ltr'><strong>bovem</strong></span> <span class='ocrx_word' id='word_1_505' title='bbox 1719 1265 1771 1292; x_wconf 86' lang='lat' dir='ltr'><strong>ha-</strong></span> 
     </span>
    </p>
   </div>
   <div class='ocr_carea' id='block_1_65' title="bbox 981 1307 1772 1344">
    <p class='ocr_par' dir='ltr' id='par_1_65' title="bbox 981 1307 1772 1344">
     <span class='ocr_line' id='line_1_65' title="bbox 981 1307 1772 1344; baseline 0.005 -10"><span class='ocrx_word' id='word_1_506' title='bbox 981 1308 1046 1335; x_wconf 88' lang='lat' dir='ltr'><strong>bens</strong></span> <span class='ocrx_word' id='word_1_507' title='bbox 1074 1307 1099 1334; x_wconf 92' lang='lat' dir='ltr'><strong>in</strong></span> <span class='ocrx_word' id='word_1_508' title='bbox 1134 1309 1236 1342; x_wconf 83' lang='lat' dir='ltr'><strong>lingua,</strong></span> <span class='ocrx_word' id='word_1_509' title='bbox 1267 1313 1297 1335; x_wconf 88' lang='lat' dir='ltr'><strong>ut</strong></span> <span class='ocrx_word' id='word_1_510' title='bbox 1325 1308 1436 1342; x_wconf 86' lang='lat' dir='ltr'><strong>dicitur,</strong></span> <span class='ocrx_word' id='word_1_511' title='bbox 1463 1313 1491 1337; x_wconf 91' lang='lat' dir='ltr'><strong>et</strong></span> <span class='ocrx_word' id='word_1_512' title='bbox 1515 1309 1635 1344; x_wconf 86' lang='lat' dir='ltr'><strong>linguam</strong></span> <span class='ocrx_word' id='word_1_513' title='bbox 1664 1311 1772 1338; x_wconf 70' lang='lat' dir='ltr'><strong>vinctus</strong></span> 
     </span>
    </p>
   </div>
   <div class='ocr_carea' id='block_1_66' title="bbox 980 1355 1770 1390">
    <p class='ocr_par' dir='ltr' id='par_1_66' title="bbox 980 1355 1770 1390">
     <span class='ocr_line' id='line_1_66' title="bbox 980 1355 1770 1390; baseline 0.005 -9"><span class='ocrx_word' id='word_1_514' title='bbox 980 1355 1114 1390; x_wconf 88' lang='lat' dir='ltr'><strong>profundo</strong></span> <span class='ocrx_word' id='word_1_515' title='bbox 1132 1355 1236 1382; x_wconf 82' lang='lat' dir='ltr'><strong>dolore.</strong></span> <span class='ocrx_word' id='word_1_516' title='bbox 1261 1355 1346 1388; x_wconf 79' lang='lat' dir='ltr'><strong>Quem</strong></span> <span class='ocrx_word' id='word_1_517' title='bbox 1367 1363 1430 1383; x_wconf 85' lang='lat' dir='ltr'><strong>cum</strong></span> <span class='ocrx_word' id='word_1_518' title='bbox 1455 1356 1569 1384; x_wconf 78' lang='lat' dir='ltr'><strong>vidisset</strong></span> <span class='ocrx_word' id='word_1_519' title='bbox 1589 1356 1630 1384; x_wconf 84' lang='lat' dir='ltr'><strong>sic</strong></span> <span class='ocrx_word' id='word_1_520' title='bbox 1645 1357 1770 1385; x_wconf 67' lang='lat' dir='ltr'><strong>aﬂectum</strong></span> 
     </span>
    </p>
   </div>
   <div class='ocr_carea' id='block_1_67' title="bbox 982 1399 1770 1437">
    <p class='ocr_par' dir='ltr' id='par_1_67' title="bbox 982 1399 1770 1437">
     <span class='ocr_line' id='line_1_67' title="bbox 982 1399 1770 1437; baseline 0.003 -10"><span class='ocrx_word' id='word_1_521' title='bbox 982 1400 1015 1431; x_wconf 81' lang='lat' dir='ltr'><strong>is.</strong></span> <span class='ocrx_word' id='word_1_522' title='bbox 1025 1399 1070 1433; x_wconf 85' lang='lat' dir='ltr'><strong>qni</strong></span> <span class='ocrx_word' id='word_1_523' title='bbox 1083 1406 1146 1426; x_wconf 88' lang='lat' dir='ltr'><strong>ltltlc</strong></span> <span class='ocrx_word' id='word_1_524' title='bbox 1159 1404 1217 1426; x_wconf 87' lang='lat' dir='ltr'><strong>erat</strong></span> <span class='ocrx_word' id='word_1_525' title='bbox 1230 1399 1373 1434; x_wconf 67' lang='lat' dir='ltr'><strong>praefectus</strong></span> <span class='ocrx_word' id='word_1_526' title='bbox 1385 1400 1472 1433; x_wconf 80' lang='lat' dir='ltr'><strong>urbis,</strong></span> <span class='ocrx_word' id='word_1_527' title='bbox 1481 1401 1590 1428; x_wconf 89' lang='lat' dir='ltr'><strong>nomine</strong></span> <span class='ocrx_word' id='word_1_528' title='bbox 1603 1401 1711 1429; x_wconf 85' lang='lat' dir='ltr'><strong>Corebo</strong></span> <span class='ocrx_word' id='word_1_529' title='bbox 1719 1402 1770 1437; x_wconf 69' lang='grc' dir='ltr'><strong>(Ξ),</strong></span> 
     </span>
    </p>
   </div>
   <div class='ocr_carea' id='block_1_68' title="bbox 982 1446 1771 1484">
    <p class='ocr_par' dir='ltr' id='par_1_68' title="bbox 982 1446 1771 1484">
     <span class='ocr_line' id='line_1_68' title="bbox 982 1446 1771 1484; baseline 0.004 -10"><span class='ocrx_word' id='word_1_530' title='bbox 982 1448 1013 1474; x_wconf 86' lang='lat' dir='ltr'><strong>ad</strong></span> <span class='ocrx_word' id='word_1_531' title='bbox 1038 1455 1107 1474; x_wconf 81' lang='lat' dir='ltr'><strong>nova</strong></span> <span class='ocrx_word' id='word_1_532' title='bbox 1132 1446 1293 1474; x_wconf 81' lang='lat' dir='ltr'><strong>invenienda</strong></span> <span class='ocrx_word' id='word_1_533' title='bbox 1315 1452 1449 1475; x_wconf 87' lang='lat' dir='ltr'><strong>tormenta</strong></span> <span class='ocrx_word' id='word_1_534' title='bbox 1473 1448 1514 1475; x_wconf 86' lang='lat' dir='ltr'><strong>vir</strong></span> <span class='ocrx_word' id='word_1_535' title='bbox 1536 1449 1673 1484; x_wconf 77' lang='lat' dir='ltr'><strong>egregius,</strong></span> <span class='ocrx_word' id='word_1_536' title='bbox 1691 1454 1720 1476; x_wconf 90' lang='lat' dir='ltr'><strong>et</strong></span> <span class='ocrx_word' id='word_1_537' title='bbox 1737 1449 1771 1477; x_wconf 87' lang='lat' dir='ltr'><strong>ad</strong></span> 
     </span>
    </p>
   </div>
   <div class='ocr_carea' id='block_1_69' title="bbox 982 1493 1769 1528">
    <p class='ocr_par' dir='ltr' id='par_1_69' title="bbox 982 1493 1769 1528">
     <span class='ocr_line' id='line_1_69' title="bbox 982 1493 1769 1528; baseline 0.006 -9"><span class='ocrx_word' id='word_1_538' title='bbox 982 1494 1135 1520; x_wconf 68' lang='lat' dir='ltr'><strong>facit-mium</strong></span> <span class='ocrx_word' id='word_1_539' title='bbox 1170 1493 1284 1527; x_wconf 84' lang='lat' dir='ltr'><strong>aliquid,</strong></span> <span class='ocrx_word' id='word_1_540' title='bbox 1314 1493 1386 1528; x_wconf 86' lang='lat' dir='ltr'><strong>quod</strong></span> <span class='ocrx_word' id='word_1_541' title='bbox 1416 1494 1548 1522; x_wconf 79' lang='lat' dir='ltr'><strong>adversus</strong></span> <span class='ocrx_word' id='word_1_542' title='bbox 1578 1495 1769 1524; x_wconf 78' lang='lat' dir='ltr'><strong>necessitatem</strong></span> 
     </span>
    </p>
   </div>
   <div class='ocr_carea' id='block_1_70' title="bbox 980 1539 1770 1576">
    <p class='ocr_par' dir='ltr' id='par_1_70' title="bbox 980 1539 1770 1576">
     <span class='ocr_line' id='line_1_70' title="bbox 980 1539 1770 1576; baseline 0.005 -11"><span class='ocrx_word' id='word_1_543' title='bbox 980 1543 1052 1565; x_wconf 87' lang='lat' dir='ltr'><strong>esset</strong></span> <span class='ocrx_word' id='word_1_544' title='bbox 1065 1545 1127 1565; x_wconf 77' lang='lat' dir='ltr'><strong>acre</strong></span> <span class='ocrx_word' id='word_1_545' title='bbox 1142 1543 1169 1565; x_wconf 85' lang='lat' dir='ltr'><strong>et</strong></span> <span class='ocrx_word' id='word_1_546' title='bbox 1183 1539 1274 1565; x_wconf 71' lang='lat' dir='ltr'><strong>efﬁcax</strong></span> <span class='ocrx_word' id='word_1_547' title='bbox 1301 1540 1371 1575; x_wconf 87' lang='lat' dir='ltr'><strong>(erat</strong></span> <span class='ocrx_word' id='word_1_548' title='bbox 1385 1543 1475 1566; x_wconf 84' lang='lat' dir='ltr'><strong>autem</strong></span> <span class='ocrx_word' id='word_1_549' title='bbox 1491 1539 1641 1568; x_wconf 82' lang='lat' dir='ltr'><strong>Christiani</strong></span> <span class='ocrx_word' id='word_1_550' title='bbox 1658 1540 1770 1576; x_wconf 82' lang='lat' dir='ltr'><strong>dogma-</strong></span> 
     </span>
    </p>
   </div>
   <div class='ocr_carea' id='block_1_71' title="bbox 984 1582 1771 1620">
    <p class='ocr_par' dir='ltr' id='par_1_71' title="bbox 984 1582 1771 1620">
     <span class='ocr_line' id='line_1_71' title="bbox 984 1582 1771 1620; baseline 0.005 -10"><span class='ocrx_word' id='word_1_551' title='bbox 984 1584 1019 1610; x_wconf 88' lang='lat' dir='ltr'><strong>tis</strong></span> <span class='ocrx_word' id='word_1_552' title='bbox 1035 1592 1087 1610; x_wconf 87' lang='lat' dir='ltr'><strong>nun</strong></span> <span class='ocrx_word' id='word_1_553' title='bbox 1105 1585 1217 1611; x_wconf 87' lang='lat' dir='ltr'><strong>omnino</strong></span> <span class='ocrx_word' id='word_1_554' title='bbox 1232 1582 1404 1619; x_wconf 70' lang='lat' dir='ltr'><strong>ignarus,sed</strong></span> <span class='ocrx_word' id='word_1_555' title='bbox 1419 1589 1446 1612; x_wconf 87' lang='lat' dir='ltr'><strong>et</strong></span> <span class='ocrx_word' id='word_1_556' title='bbox 1459 1592 1519 1620; x_wconf 76' lang='lat' dir='ltr'><strong>qua:</strong></span> <span class='ocrx_word' id='word_1_557' title='bbox 1533 1584 1614 1613; x_wconf 79' lang='lat' dir='ltr'><strong>Felici</strong></span> <span class='ocrx_word' id='word_1_558' title='bbox 1632 1587 1771 1615; x_wconf 76' lang='lat' dir='ltr'><strong>exercitus</strong></span> 
     </span>
    </p>
   </div>
   <div class='ocr_carea' id='block_1_72' title="bbox 984 1630 1770 1665">
    <p class='ocr_par' dir='ltr' id='par_1_72' title="bbox 984 1630 1770 1665">
     <span class='ocr_line' id='line_1_72' title="bbox 984 1630 1770 1665; baseline 0.003 -9"><span class='ocrx_word' id='word_1_559' title='bbox 984 1630 1044 1656; x_wconf 89' lang='lat' dir='ltr'><strong>duci</strong></span> <span class='ocrx_word' id='word_1_560' title='bbox 1059 1630 1228 1662; x_wconf 82' lang='lat' dir='ltr'><strong>acciderant,</strong></span> <span class='ocrx_word' id='word_1_561' title='bbox 1242 1630 1332 1657; x_wconf 77' lang='lat' dir='ltr'><strong>verbis</strong></span> <span class='ocrx_word' id='word_1_562' title='bbox 1343 1635 1495 1665; x_wconf 84' lang='lat' dir='ltr'><strong>acceperat,</strong></span> <span class='ocrx_word' id='word_1_563' title='bbox 1512 1635 1539 1658; x_wconf 87' lang='lat' dir='ltr'><strong>et.</strong></span> <span class='ocrx_word' id='word_1_564' title='bbox 1553 1631 1770 1660; x_wconf 88' lang='lat' dir='ltr'><strong>Christianorum</strong></span> 
     </span>
    </p>
   </div>
   <div class='ocr_carea' id='block_1_73' title="bbox 983 1674 1773 1709">
    <p class='ocr_par' dir='ltr' id='par_1_73' title="bbox 983 1674 1773 1709">
     <span class='ocr_line' id='line_1_73' title="bbox 983 1674 1773 1709; baseline 0.003 -7"><span class='ocrx_word' id='word_1_565' title='bbox 983 1675 1044 1702; x_wconf 82' lang='lat' dir='ltr'><strong>fidei</strong></span> <span class='ocrx_word' id='word_1_566' title='bbox 1078 1674 1160 1702; x_wconf 73' lang='lat' dir='ltr'><strong>veluti</strong></span> <span class='ocrx_word' id='word_1_567' title='bbox 1190 1676 1311 1709; x_wconf 62' lang='lat' dir='ltr'><strong>quadam</strong></span> <span class='ocrx_word' id='word_1_568' title='bbox 1341 1675 1444 1702; x_wconf 78' lang='lat' dir='ltr'><strong>semina</strong></span> <span class='ocrx_word' id='word_1_569' title='bbox 1476 1681 1503 1703; x_wconf 89' lang='lat' dir='ltr'><strong>et</strong></span> <span class='ocrx_word' id='word_1_570' title='bbox 1529 1676 1606 1703; x_wconf 81' lang='lat' dir='ltr'><strong>initia</strong></span> <span class='ocrx_word' id='word_1_571' title='bbox 1635 1677 1661 1704; x_wconf 91' lang='lat' dir='ltr'><strong>in</strong></span> <span class='ocrx_word' id='word_1_572' title='bbox 1690 1677 1773 1704; x_wconf 86' lang='lat' dir='ltr'><strong>corde</strong></span> 
     </span>
    </p>
   </div>
   <div class='ocr_carea' id='block_1_74' title="bbox 982 1721 1770 1756">
    <p class='ocr_par' dir='ltr' id='par_1_74' title="bbox 982 1721 1770 1756">
     <span class='ocr_line' id='line_1_74' title="bbox 982 1721 1770 1756; baseline 0.004 -10"><span class='ocrx_word' id='word_1_573' title='bbox 982 1725 1127 1754; x_wconf 79' lang='lat' dir='ltr'><strong>acceperat</strong></span> <span class='ocrx_word' id='word_1_574' title='bbox 1146 1729 1152 1746; x_wconf 90' lang='lat'><strong>:</strong></span> <span class='ocrx_word' id='word_1_575' title='bbox 1171 1721 1259 1748; x_wconf 82' lang='lat' dir='ltr'><strong>adhuc</strong></span> <span class='ocrx_word' id='word_1_576' title='bbox 1283 1728 1347 1748; x_wconf 91' lang='lat' dir='ltr'><strong>vero</strong></span> <span class='ocrx_word' id='word_1_577' title='bbox 1371 1721 1530 1748; x_wconf 86' lang='lat' dir='ltr'><strong>sectabatur</strong></span> <span class='ocrx_word' id='word_1_578' title='bbox 1557 1729 1601 1749; x_wconf 88' lang='lat' dir='ltr'><strong>res</strong></span> <span class='ocrx_word' id='word_1_579' title='bbox 1620 1721 1770 1756; x_wconf 75' lang='lat' dir='ltr'><strong>gentilium,</strong></span> 
     </span>
    </p>
   </div>
   <div class='ocr_carea' id='block_1_75' title="bbox 982 1765 1772 1801">
    <p class='ocr_par' dir='ltr' id='par_1_75' title="bbox 982 1765 1772 1801">
     <span class='ocr_line' id='line_1_75' title="bbox 982 1765 1772 1801; baseline 0.003 -9"><span class='ocrx_word' id='word_1_580' title='bbox 982 1765 1089 1800; x_wconf 88' lang='lat' dir='ltr'><strong>plurimi</strong></span> <span class='ocrx_word' id='word_1_581' title='bbox 1112 1766 1212 1794; x_wconf 87' lang='lat' dir='ltr'><strong>faciens</strong></span> <span class='ocrx_word' id='word_1_582' title='bbox 1228 1766 1317 1793; x_wconf 84' lang='lat' dir='ltr'><strong>colere</strong></span> <span class='ocrx_word' id='word_1_583' title='bbox 1341 1770 1368 1793; x_wconf 87' lang='lat' dir='ltr'><strong>et</strong></span> <span class='ocrx_word' id='word_1_584' title='bbox 1386 1765 1531 1794; x_wconf 80' lang='lat' dir='ltr'><strong>observare</strong></span> <span class='ocrx_word' id='word_1_585' title='bbox 1555 1766 1772 1801; x_wconf 74' lang='lat' dir='ltr'><strong>imperatorem).</strong></span> 
     </span>
    </p>
   </div>
   <div class='ocr_carea' id='block_1_76' title="bbox 986 1811 1774 1845">
    <p class='ocr_par' dir='ltr' id='par_1_76' title="bbox 986 1811 1774 1845">
     <span class='ocr_line' id='line_1_76' title="bbox 986 1811 1774 1845; baseline 0.004 -8"><span class='ocrx_word' id='word_1_586' title='bbox 986 1811 1045 1845; x_wconf 60' lang='lat' dir='ltr'><strong>ipse</strong></span> <span class='ocrx_word' id='word_1_587' title='bbox 1068 1816 1158 1838; x_wconf 89' lang='lat' dir='ltr'><strong>autem</strong></span> <span class='ocrx_word' id='word_1_588' title='bbox 1183 1816 1246 1838; x_wconf 87' lang='lat' dir='ltr'><strong>tunc</strong></span> <span class='ocrx_word' id='word_1_589' title='bbox 1266 1811 1361 1838; x_wconf 77' lang='lat' dir='ltr'><strong>videns</strong></span> <span class='ocrx_word' id='word_1_590' title='bbox 1377 1811 1524 1838; x_wconf 82' lang='lat' dir='ltr'><strong>Adriauum</strong></span> <span class='ocrx_word' id='word_1_591' title='bbox 1547 1811 1728 1845; x_wconf 86' lang='lat' dir='ltr'><strong>dubitantem,</strong></span> <span class='ocrx_word' id='word_1_592' title='bbox 1746 1816 1774 1840; x_wconf 85' lang='lat' dir='ltr'><strong>et</strong></span> 
     </span>
    </p>
   </div>
   <div class='ocr_carea' id='block_1_77' title="bbox 984 1857 1772 1893">
    <p class='ocr_par' dir='ltr' id='par_1_77' title="bbox 984 1857 1772 1893">
     <span class='ocr_line' id='line_1_77' title="bbox 984 1857 1772 1893; baseline 0.004 -10"><span class='ocrx_word' id='word_1_593' title='bbox 984 1857 1150 1884; x_wconf 74' lang='lat' dir='ltr'><strong>nescientem</strong></span> <span class='ocrx_word' id='word_1_594' title='bbox 1168 1858 1303 1891; x_wconf 89' lang='lat' dir='ltr'><strong>quomodo</strong></span> <span class='ocrx_word' id='word_1_595' title='bbox 1323 1865 1352 1885; x_wconf 88' lang='lat' dir='ltr'><strong>se</strong></span> <span class='ocrx_word' id='word_1_596' title='bbox 1379 1857 1405 1884; x_wconf 92' lang='lat' dir='ltr'><strong>in</strong></span> <span class='ocrx_word' id='word_1_597' title='bbox 1433 1863 1558 1885; x_wconf 83' lang='lat' dir='ltr'><strong>sanetum</strong></span> <span class='ocrx_word' id='word_1_598' title='bbox 1582 1862 1701 1893; x_wconf 85' lang='lat' dir='ltr'><strong>gereret,</strong></span> <span class='ocrx_word' id='word_1_599' title='bbox 1724 1866 1772 1886; x_wconf 86' lang='lat' dir='ltr'><strong>ac-</strong></span> 
     </span>
    </p>
   </div>
   <div class='ocr_carea' id='block_1_78' title="bbox 983 1901 1771 1937">
    <p class='ocr_par' dir='ltr' id='par_1_78' title="bbox 983 1901 1771 1937">
     <span class='ocr_line' id='line_1_78' title="bbox 983 1901 1771 1937; baseline 0.003 -9"><span class='ocrx_word' id='word_1_600' title='bbox 983 1902 1082 1929; x_wconf 82' lang='lat' dir='ltr'><strong>cedens</strong></span> <span class='ocrx_word' id='word_1_601' title='bbox 1107 1910 1114 1928; x_wconf 92' lang='lat'>:</span> <span class='ocrx_word' id='word_1_602' title='bbox 1143 1901 1198 1936; x_wconf 81' lang='lat' dir='ltr'><strong>Ego</strong></span> <span class='ocrx_word' id='word_1_603' title='bbox 1223 1907 1258 1934; x_wconf 87' lang='lat' dir='ltr'><strong>te,</strong></span> <span class='ocrx_word' id='word_1_604' title='bbox 1279 1902 1377 1936; x_wconf 87' lang='lat' dir='ltr'><strong>inquit,</strong></span> <span class='ocrx_word' id='word_1_605' title='bbox 1394 1908 1411 1929; x_wconf 91' lang='grc' dir='ltr'><strong>ο</strong></span> <span class='ocrx_word' id='word_1_606' title='bbox 1434 1901 1592 1937; x_wconf 84' lang='lat' dir='ltr'><strong>imperator,</strong></span> <span class='ocrx_word' id='word_1_607' title='bbox 1613 1901 1734 1930; x_wconf 87' lang='lat' dir='ltr'><strong>liberabo</strong></span> <span class='ocrx_word' id='word_1_608' title='bbox 1755 1910 1771 1930; x_wconf 83' lang='lat' dir='ltr'><strong>a</strong></span> 
     </span>
    </p>
   </div>
   <div class='ocr_carea' id='block_1_79' title="bbox 983 1945 1769 1981">
    <p class='ocr_par' dir='ltr' id='par_1_79' title="bbox 983 1945 1769 1981">
     <span class='ocr_line' id='line_1_79' title="bbox 983 1945 1769 1981; baseline 0 -8"><span class='ocrx_word' id='word_1_609' title='bbox 983 1946 1107 1981; x_wconf 78' lang='lat' dir='ltr'><strong>negotiis,</strong></span> <span class='ocrx_word' id='word_1_610' title='bbox 1118 1951 1143 1974; x_wconf 92' lang='lat' dir='ltr'><strong>et</strong></span> <span class='ocrx_word' id='word_1_611' title='bbox 1157 1946 1227 1974; x_wconf 81' lang='lat' dir='ltr'><strong>hunc</strong></span> <span class='ocrx_word' id='word_1_612' title='bbox 1244 1946 1380 1981; x_wconf 79' lang='lat' dir='ltr'><strong>juvenem,</strong></span> <span class='ocrx_word' id='word_1_613' title='bbox 1396 1946 1442 1980; x_wconf 91' lang='lat' dir='ltr'><strong>qui</strong></span> <span class='ocrx_word' id='word_1_614' title='bbox 1461 1950 1592 1980; x_wconf 80' lang='lat' dir='ltr'><strong>repugnat</strong></span> <span class='ocrx_word' id='word_1_615' title='bbox 1609 1946 1661 1973; x_wconf 88' lang='lat' dir='ltr'><strong>tuis</strong></span> <span class='ocrx_word' id='word_1_616' title='bbox 1672 1945 1769 1979; x_wconf 87' lang='lat' dir='ltr'><strong>jussis,</strong></span> 
     </span>
    </p>
   </div>
   <div class='ocr_carea' id='block_1_80' title="bbox 983 1991 1774 2026">
    <p class='ocr_par' dir='ltr' id='par_1_80' title="bbox 983 1991 1774 2026">
     <span class='ocr_line' id='line_1_80' title="bbox 983 1991 1774 2026; baseline 0 -7"><span class='ocrx_word' id='word_1_617' title='bbox 983 1992 1085 2020; x_wconf 82' lang='lat' dir='ltr'><strong>docebo</strong></span> <span class='ocrx_word' id='word_1_618' title='bbox 1105 1999 1243 2025; x_wconf 78' lang='lat' dir='ltr'><strong>nunquam</strong></span> <span class='ocrx_word' id='word_1_619' title='bbox 1269 1991 1321 2019; x_wconf 87' lang='lat' dir='ltr'><strong>tale</strong></span> <span class='ocrx_word' id='word_1_620' title='bbox 1340 1991 1404 2025; x_wconf 89' lang='lat' dir='ltr'><strong>quid</strong></span> <span class='ocrx_word' id='word_1_621' title='bbox 1430 1991 1550 2026; x_wconf 81' lang='lat' dir='ltr'><strong>aggredi.</strong></span> <span class='ocrx_word' id='word_1_622' title='bbox 1571 1991 1624 2018; x_wconf 84' lang='lat' dir='ltr'><strong>Sed</strong></span> <span class='ocrx_word' id='word_1_623' title='bbox 1651 1991 1774 2019; x_wconf 82' lang='lat' dir='ltr'><strong>clibanus</strong></span> 
     </span>
    </p>
   </div>
   <div class='ocr_carea' id='block_1_81' title="bbox 983 2040 1773 2078">
    <p class='ocr_par' dir='ltr' id='par_1_81' title="bbox 983 2040 1773 2078">
     <span class='ocr_line' id='line_1_81' title="bbox 983 2040 1773 2078; baseline -0.003 -9"><span class='ocrx_word' id='word_1_624' title='bbox 983 2043 1092 2078; x_wconf 83' lang='lat' dir='ltr'><strong>quidem</strong></span> <span class='ocrx_word' id='word_1_625' title='bbox 1122 2042 1257 2069; x_wconf 79' lang='lat' dir='ltr'><strong>inferatur</strong></span> <span class='ocrx_word' id='word_1_626' title='bbox 1285 2049 1378 2069; x_wconf 75' lang='lat' dir='ltr'><strong>tenens</strong></span> <span class='ocrx_word' id='word_1_627' title='bbox 1407 2050 1415 2069; x_wconf 89' lang='lat'><strong>:</strong></span> <span class='ocrx_word' id='word_1_628' title='bbox 1441 2040 1515 2068; x_wconf 86' lang='lat' dir='ltr'><strong>acuti</strong></span> <span class='ocrx_word' id='word_1_629' title='bbox 1540 2044 1630 2067; x_wconf 86' lang='lat' dir='ltr'><strong>autem</strong></span> <span class='ocrx_word' id='word_1_630' title='bbox 1660 2040 1773 2068; x_wconf 85' lang='lat' dir='ltr'><strong>obelisei</strong></span> 
     </span>
    </p>
   </div>
   <div class='ocr_carea' id='block_1_82' title="bbox 984 2085 1773 2124">
    <p class='ocr_par' dir='ltr' id='par_1_82' title="bbox 984 2085 1773 2124">
     <span class='ocr_line' id='line_1_82' title="bbox 984 2085 1773 2124; baseline -0.001 -9"><span class='ocrx_word' id='word_1_631' title='bbox 984 2087 1163 2124; x_wconf 78' lang='lat' dir='ltr'><strong>inliganturin</strong></span> <span class='ocrx_word' id='word_1_632' title='bbox 1172 2091 1287 2121; x_wconf 87' lang='lat' dir='ltr'><strong>utraque</strong></span> <span class='ocrx_word' id='word_1_633' title='bbox 1294 2086 1352 2122; x_wconf 84' lang='lat' dir='ltr'><strong>ejus</strong></span> <span class='ocrx_word' id='word_1_634' title='bbox 1361 2091 1447 2121; x_wconf 81' lang='lat' dir='ltr'><strong>parte,</strong></span> <span class='ocrx_word' id='word_1_635' title='bbox 1456 2089 1484 2113; x_wconf 88' lang='lat' dir='ltr'><strong>et</strong></span> <span class='ocrx_word' id='word_1_636' title='bbox 1494 2092 1555 2113; x_wconf 80' lang='lat' dir='ltr'><strong>mox</strong></span> <span class='ocrx_word' id='word_1_637' title='bbox 1565 2085 1636 2114; x_wconf 83' lang='lat' dir='ltr'><strong>scies</strong></span> <span class='ocrx_word' id='word_1_638' title='bbox 1645 2085 1773 2114; x_wconf 84' lang='lat' dir='ltr'><strong>Eleuthe-</strong></span> 
     </span>
    </p>
   </div>
   <div class='ocr_carea' id='block_1_83' title="bbox 984 2131 1775 2169">
    <p class='ocr_par' dir='ltr' id='par_1_83' title="bbox 984 2131 1775 2169">
     <span class='ocr_line' id='line_1_83' title="bbox 984 2131 1775 2169; baseline -0.004 -7"><span class='ocrx_word' id='word_1_639' title='bbox 984 2134 1054 2162; x_wconf 82' lang='lat' dir='ltr'><strong>riutu</strong></span> <span class='ocrx_word' id='word_1_640' title='bbox 1069 2139 1114 2162; x_wconf 93' lang='lat' dir='ltr'><strong>aut</strong></span> <span class='ocrx_word' id='word_1_641' title='bbox 1126 2133 1250 2169; x_wconf 83' lang='lat' dir='ltr'><strong>paruisse</strong></span> <span class='ocrx_word' id='word_1_642' title='bbox 1259 2137 1305 2160; x_wconf 90' lang='lat' dir='ltr'><strong>aut</strong></span> <span class='ocrx_word' id='word_1_643' title='bbox 1317 2133 1386 2160; x_wconf 89' lang='lat' dir='ltr'><strong>male</strong></span> <span class='ocrx_word' id='word_1_644' title='bbox 1396 2132 1520 2168; x_wconf 83' lang='lat' dir='ltr'><strong>periisse.</strong></span> <span class='ocrx_word' id='word_1_645' title='bbox 1527 2132 1590 2160; x_wconf 69' lang='lat' dir='ltr'><strong>Haec</strong></span> <span class='ocrx_word' id='word_1_646' title='bbox 1598 2139 1662 2160; x_wconf 83' lang='lat' dir='ltr'><strong>vero</strong></span> <span class='ocrx_word' id='word_1_647' title='bbox 1669 2131 1775 2165; x_wconf 85' lang='lat' dir='ltr'><strong>dicens,</strong></span> 
     </span>
    </p>
   </div>
   <div class='ocr_carea' id='block_1_84' title="bbox 143 2178 933 2216">
    <p class='ocr_par' dir='ltr' id='par_1_84' title="bbox 143 2178 933 2216">
     <span class='ocr_line' id='line_1_84' title="bbox 143 2178 933 2216; baseline 0 -10"><span class='ocrx_word' id='word_1_648' title='bbox 143 2179 256 2211; x_wconf 65' lang='grc' dir='ltr'>πάντες,</span> <span class='ocrx_word' id='word_1_649' title='bbox 271 2179 312 2205; x_wconf 82' lang='grc' dir='ltr'>ὅτι</span> <span class='ocrx_word' id='word_1_650' title='bbox 329 2179 400 2215; x_wconf 82' lang='grc' dir='ltr'>πλὴν</span> <span class='ocrx_word' id='word_1_651' title='bbox 421 2179 469 2206; x_wconf 79' lang='grc' dir='ltr'><strong>σοῦ</strong></span> <span class='ocrx_word' id='word_1_652' title='bbox 484 2179 535 2206; x_wconf 85' lang='grc' dir='ltr'><strong>οὒκ</strong></span> <span class='ocrx_word' id='word_1_653' title='bbox 551 2179 609 2206; x_wconf 77' lang='grc' dir='ltr'>ἐστι</span> <span class='ocrx_word' id='word_1_654' title='bbox 629 2180 706 2212; x_wconf 84' lang='grc' dir='ltr'><strong>Θεός.</strong></span> <span class='ocrx_word' id='word_1_655' title='bbox 724 2178 790 2207; x_wconf 79' lang='grc' dir='ltr'>Εἶτα</span> <span class='ocrx_word' id='word_1_656' title='bbox 802 2180 849 2207; x_wconf 75' lang='grc' dir='ltr'><strong>καὶ</strong></span> <span class='ocrx_word' id='word_1_657' title='bbox 863 2180 933 2216; x_wconf 78' lang='grc' dir='ltr'>ὑπὲρ</span> 
     </span>
    </p>
   </div>
   <div class='ocr_carea' id='block_1_85' title="bbox 144 2224 933 2262">
    <p class='ocr_par' dir='ltr' id='par_1_85' title="bbox 144 2224 933 2262">
     <span class='ocr_line' id='line_1_85' title="bbox 144 2224 933 2262; baseline 0.001 -11"><span class='ocrx_word' id='word_1_658' title='bbox 144 2224 198 2251; x_wconf 76' lang='grc' dir='ltr'>τῶν</span> <span class='ocrx_word' id='word_1_659' title='bbox 229 2225 408 2258; x_wconf 70' lang='grc' dir='ltr'>κολαζᾶντων,</span> <span class='ocrx_word' id='word_1_660' title='bbox 438 2225 533 2262; x_wconf 80' lang='grc' dir='ltr'>ὥσπερ</span> <span class='ocrx_word' id='word_1_661' title='bbox 550 2225 629 2258; x_wconf 73' lang='grc' dir='ltr'>ἄλλος</span> <span class='ocrx_word' id='word_1_662' title='bbox 643 2235 684 2258; x_wconf 84' lang='grc' dir='ltr'>τις</span> <span class='ocrx_word' id='word_1_663' title='bbox 705 2227 841 2260; x_wconf 75' lang='grc' dir='ltr'>Στέφανος</span> <span class='ocrx_word' id='word_1_664' title='bbox 862 2226 933 2261; x_wconf 68' lang='grc' dir='ltr'>ὑπὲρ</span> 
     </span>
    </p>
   </div>
   <div class='ocr_carea' id='block_1_86' title="bbox 983 2179 1776 2215">
    <p class='ocr_par' dir='ltr' id='par_1_86' title="bbox 983 2179 1776 2215">
     <span class='ocr_line' id='line_1_86' title="bbox 983 2179 1776 2215; baseline -0.004 -7"><span class='ocrx_word' id='word_1_665' title='bbox 983 2188 1037 2208; x_wconf 92' lang='lat' dir='ltr'><strong>non</strong></span> <span class='ocrx_word' id='word_1_666' title='bbox 1055 2180 1288 2208; x_wconf 81' lang='lat' dir='ltr'><strong>animadvertebat</strong></span> <span class='ocrx_word' id='word_1_667' title='bbox 1303 2187 1332 2207; x_wconf 86' lang='lat' dir='ltr'><strong>se</strong></span> <span class='ocrx_word' id='word_1_668' title='bbox 1347 2179 1450 2207; x_wconf 85' lang='lat' dir='ltr'><strong>leonem</strong></span> <span class='ocrx_word' id='word_1_669' title='bbox 1468 2186 1566 2215; x_wconf 84' lang='lat' dir='ltr'><strong>putare</strong></span> <span class='ocrx_word' id='word_1_670' title='bbox 1580 2186 1659 2214; x_wconf 75' lang='lat' dir='ltr'><strong>posse</strong></span> <span class='ocrx_word' id='word_1_671' title='bbox 1672 2181 1776 2206; x_wconf 75' lang='lat' dir='ltr'><strong>terrere</strong></span> 
     </span>
    </p>
   </div>
   <div class='ocr_carea' id='block_1_87' title="bbox 985 2225 1775 2262">
    <p class='ocr_par' dir='ltr' id='par_1_87' title="bbox 985 2225 1775 2262">
     <span class='ocr_line' id='line_1_87' title="bbox 985 2225 1775 2262; baseline -0.005 -8"><span class='ocrx_word' id='word_1_672' title='bbox 985 2226 1038 2254; x_wconf 88' lang='lat' dir='ltr'><strong>ictu</strong></span> <span class='ocrx_word' id='word_1_673' title='bbox 1054 2226 1205 2254; x_wconf 79' lang='lat' dir='ltr'><strong>arundinis.</strong></span> <span class='ocrx_word' id='word_1_674' title='bbox 1229 2226 1292 2254; x_wconf 78' lang='lat' dir='ltr'><strong>Haec</strong></span> <span class='ocrx_word' id='word_1_675' title='bbox 1313 2230 1402 2254; x_wconf 83' lang='lat' dir='ltr'><strong>tamen</strong></span> <span class='ocrx_word' id='word_1_676' title='bbox 1427 2227 1588 2262; x_wconf 85' lang='lat' dir='ltr'><strong>placuerunt</strong></span> <span class='ocrx_word' id='word_1_677' title='bbox 1603 2225 1775 2261; x_wconf 85' lang='lat' dir='ltr'><strong>imperatori,</strong></span> 
     </span>
    </p>
   </div>
   <div class='ocr_carea' id='block_1_88' title="bbox 142 2270 929 2309">
    <p class='ocr_par' dir='ltr' id='par_1_88' title="bbox 142 2270 929 2307">
     <span class='ocr_line' id='line_1_88' title="bbox 142 2270 929 2307; baseline 0 -10"><span class='ocrx_word' id='word_1_678' title='bbox 142 2270 198 2297; x_wconf 80' lang='grc' dir='ltr'><strong>τῶν</strong></span> <span class='ocrx_word' id='word_1_679' title='bbox 214 2270 390 2303; x_wconf 77' lang='grc' dir='ltr'>λιθαζόντων,</span> <span class='ocrx_word' id='word_1_680' title='bbox 401 2271 559 2307; x_wconf 79' lang='grc' dir='ltr'>εὐχόμενος.</span> <span class='ocrx_word' id='word_1_681' title='bbox 571 2272 657 2307; x_wconf 76' lang='grc' dir='ltr'>’Δψαι</span> <span class='ocrx_word' id='word_1_682' title='bbox 669 2272 718 2307; x_wconf 77' lang='grc' dir='ltr'><strong>τῆς</strong></span> <span class='ocrx_word' id='word_1_683' title='bbox 729 2272 831 2304; x_wconf 79' lang='grc' dir='ltr'>αὐτῶν,</span> <span class='ocrx_word' id='word_1_684' title='bbox 844 2271 929 2305; x_wconf 73' lang='grc' dir='ltr'>ἔλεγε,</span> 
     </span>
    </p>
   </div>
   <div class='ocr_carea' id='block_1_89' title="bbox 980 2270 1773 2309">
    <p class='ocr_par' dir='ltr' id='par_1_89' title="bbox 987 2270 1773 2308">
     <span class='ocr_line' id='line_1_89' title="bbox 987 2270 1773 2308; baseline -0.004 -9"><span class='ocrx_word' id='word_1_685' title='bbox 987 2276 1014 2299; x_wconf 89' lang='lat' dir='ltr'><strong>et</strong></span> <span class='ocrx_word' id='word_1_686' title='bbox 1026 2272 1080 2299; x_wconf 80' lang='lat' dir='ltr'><strong>cito</strong></span> <span class='ocrx_word' id='word_1_687' title='bbox 1097 2272 1220 2299; x_wconf 82' lang='lat' dir='ltr'><strong>confecta</strong></span> <span class='ocrx_word' id='word_1_688' title='bbox 1243 2271 1378 2304; x_wconf 87' lang='lat' dir='ltr'><strong>machina,</strong></span> <span class='ocrx_word' id='word_1_689' title='bbox 1396 2277 1498 2308; x_wconf 83' lang='lat' dir='ltr'><strong>martyr</strong></span> <span class='ocrx_word' id='word_1_690' title='bbox 1515 2273 1541 2299; x_wconf 90' lang='lat' dir='ltr'><strong>in</strong></span> <span class='ocrx_word' id='word_1_691' title='bbox 1557 2272 1656 2298; x_wconf 64' lang='lat' dir='ltr'><strong>caelum</strong></span> <span class='ocrx_word' id='word_1_692' title='bbox 1674 2270 1773 2297; x_wconf 85' lang='lat' dir='ltr'><strong>tollens</strong></span> 
     </span>
    </p>
   </div>
   <div class='ocr_carea' id='block_1_90' title="bbox 143 2316 929 2354">
    <p class='ocr_par' dir='ltr' id='par_1_90' title="bbox 143 2317 929 2354">
     <span class='ocr_line' id='line_1_90' title="bbox 143 2317 929 2354; baseline -0.001 -10"><span class='ocrx_word' id='word_1_693' title='bbox 143 2317 269 2352; x_wconf 75' lang='grc' dir='ltr'>καρδίας,</span> <span class='ocrx_word' id='word_1_694' title='bbox 284 2317 413 2344; x_wconf 83' lang='grc' dir='ltr'>πολυέλεε</span> <span class='ocrx_word' id='word_1_695' title='bbox 430 2319 567 2352; x_wconf 78' lang='grc' dir='ltr'>Δέσποτα,</span> <span class='ocrx_word' id='word_1_696' title='bbox 588 2319 637 2345; x_wconf 83' lang='grc' dir='ltr'>καὶ</span> <span class='ocrx_word' id='word_1_697' title='bbox 662 2318 731 2354; x_wconf 79' lang='grc' dir='ltr'>πρὸς</span> <span class='ocrx_word' id='word_1_698' title='bbox 758 2318 789 2344; x_wconf 81' lang='grc' dir='ltr'>τὺ</span> <span class='ocrx_word' id='word_1_699' title='bbox 807 2318 853 2344; x_wconf 74' lang='grc' dir='ltr'><strong>σὺν</strong></span> <span class='ocrx_word' id='word_1_700' title='bbox 870 2317 929 2344; x_wconf 76' lang='grc' dir='ltr'><strong>καθ-</strong></span> 
     </span>
    </p>
   </div>
   <div class='ocr_carea' id='block_1_91' title="bbox 980 2316 1774 2354">
    <p class='ocr_par' dir='ltr' id='par_1_91' title="bbox 986 2316 1774 2351">
     <span class='ocr_line' id='line_1_91' title="bbox 986 2316 1774 2351; baseline -0.001 -8"><span class='ocrx_word' id='word_1_701' title='bbox 986 2316 1079 2344; x_wconf 81' lang='lat' dir='ltr'><strong>oeulos</strong></span> <span class='ocrx_word' id='word_1_702' title='bbox 1094 2322 1147 2343; x_wconf 87' lang='lat' dir='ltr'><strong>tam</strong></span> <span class='ocrx_word' id='word_1_703' title='bbox 1166 2316 1212 2351; x_wconf 88' lang='lat' dir='ltr'><strong>qui</strong></span> <span class='ocrx_word' id='word_1_704' title='bbox 1227 2322 1388 2349; x_wconf 85' lang='lat' dir='ltr'><strong>cernuntur,</strong></span> <span class='ocrx_word' id='word_1_705' title='bbox 1405 2324 1486 2350; x_wconf 89' lang='lat' dir='ltr'><strong>quam</strong></span> <span class='ocrx_word' id='word_1_706' title='bbox 1504 2317 1551 2351; x_wconf 90' lang='lat' dir='ltr'><strong>qui</strong></span> <span class='ocrx_word' id='word_1_707' title='bbox 1568 2316 1620 2343; x_wconf 84' lang='lat' dir='ltr'><strong>sub</strong></span> <span class='ocrx_word' id='word_1_708' title='bbox 1635 2318 1774 2350; x_wconf 80' lang='lat' dir='ltr'><strong>aspectum</strong></span> 
     </span>
    </p>
   </div>
   <div class='ocr_carea' id='block_1_92' title="bbox 142 2360 929 2399">
    <p class='ocr_par' dir='ltr' id='par_1_92' title="bbox 142 2361 929 2399">
     <span class='ocr_line' id='line_1_92' title="bbox 142 2361 929 2399; baseline -0.001 -11"><span class='ocrx_word' id='word_1_709' title='bbox 142 2362 278 2397; x_wconf 79' lang='grc' dir='ltr'>οδήγησον</span> <span class='ocrx_word' id='word_1_710' title='bbox 297 2363 415 2399; x_wconf 74' lang='grc' dir='ltr'>θέλημα.</span> <span class='ocrx_word' id='word_1_711' title='bbox 437 2364 480 2391; x_wconf 68' lang='lat' dir='ltr'><strong>[va</strong></span> <span class='ocrx_word' id='word_1_712' title='bbox 492 2364 579 2398; x_wconf 80' lang='grc' dir='ltr'>γνῶσι</span> <span class='ocrx_word' id='word_1_713' title='bbox 596 2372 626 2390; x_wconf 84' lang='grc' dir='ltr'>σε</span> <span class='ocrx_word' id='word_1_714' title='bbox 642 2364 688 2390; x_wconf 78' lang='grc' dir='ltr'><strong>τὸν</strong></span> <span class='ocrx_word' id='word_1_715' title='bbox 710 2363 791 2398; x_wconf 86' lang='grc' dir='ltr'>μόνον</span> <span class='ocrx_word' id='word_1_716' title='bbox 809 2361 929 2397; x_wconf 58' lang='grc' dir='ltr'>ἀληθινὸς</span> 
     </span>
    </p>
   </div>
   <div class='ocr_carea' id='block_1_93' title="bbox 980 2360 1774 2399">
    <p class='ocr_par' dir='ltr' id='par_1_93' title="bbox 987 2360 1774 2395">
     <span class='ocr_line' id='line_1_93' title="bbox 987 2360 1774 2395; baseline -0.001 -7"><span class='ocrx_word' id='word_1_717' title='bbox 987 2369 1040 2388; x_wconf 91' lang='lat' dir='ltr'><strong>non</strong></span> <span class='ocrx_word' id='word_1_718' title='bbox 1063 2361 1173 2392; x_wconf 81' lang='lat' dir='ltr'><strong>cadunt.</strong></span> <span class='ocrx_word' id='word_1_719' title='bbox 1191 2365 1219 2388; x_wconf 89' lang='lat' dir='ltr'><strong>et</strong></span> <span class='ocrx_word' id='word_1_720' title='bbox 1238 2364 1323 2388; x_wconf 85' lang='lat' dir='ltr'><strong>tutam</strong></span> <span class='ocrx_word' id='word_1_721' title='bbox 1342 2365 1459 2388; x_wconf 84' lang='lat' dir='ltr'><strong>mentem</strong></span> <span class='ocrx_word' id='word_1_722' title='bbox 1477 2361 1503 2388; x_wconf 90' lang='lat' dir='ltr'><strong>in</strong></span> <span class='ocrx_word' id='word_1_723' title='bbox 1520 2361 1619 2389; x_wconf 67' lang='lat' dir='ltr'><strong>calum</strong></span> <span class='ocrx_word' id='word_1_724' title='bbox 1643 2360 1774 2395; x_wconf 78' lang='lat' dir='ltr'><strong>deligens,</strong></span> 
     </span>
    </p>
   </div>
   <div class='ocr_carea' id='block_1_94' title="bbox 144 2405 929 2443">
    <p class='ocr_par' dir='ltr' id='par_1_94' title="bbox 144 2406 929 2443">
     <span class='ocr_line' id='line_1_94' title="bbox 144 2406 929 2443; baseline 0.003 -12"><span class='ocrx_word' id='word_1_725' title='bbox 144 2407 223 2439; x_wconf 79' lang='grc' dir='ltr'>Θεὸν,</span> <span class='ocrx_word' id='word_1_726' title='bbox 236 2407 283 2433; x_wconf 78' lang='grc' dir='ltr'>καὶ</span> <span class='ocrx_word' id='word_1_727' title='bbox 300 2409 349 2442; x_wconf 77' lang='grc' dir='ltr'><strong>τῆς</strong></span> <span class='ocrx_word' id='word_1_728' title='bbox 371 2408 496 2443; x_wconf 76' lang='grc' dir='ltr'>ὀλεθρίου</span> <span class='ocrx_word' id='word_1_729' title='bbox 524 2408 578 2435; x_wconf 79' lang='grc' dir='ltr'>τῶν</span> <span class='ocrx_word' id='word_1_730' title='bbox 596 2408 715 2434; x_wconf 81' lang='grc' dir='ltr'>εἰδώλων</span> <span class='ocrx_word' id='word_1_731' title='bbox 730 2406 872 2434; x_wconf 79' lang='grc' dir='ltr'>ἀποστῶσι</span> <span class='ocrx_word' id='word_1_732' title='bbox 887 2406 929 2433; x_wconf 74' lang='grc' dir='ltr'>λαι</span> 
     </span>
    </p>
   </div>
   <div class='ocr_carea' id='block_1_95' title="bbox 980 2405 1774 2443">
    <p class='ocr_par' dir='ltr' id='par_1_95' title="bbox 987 2405 1774 2442">
     <span class='ocr_line' id='line_1_95' title="bbox 987 2405 1774 2442; baseline -0.001 -8"><span class='ocrx_word' id='word_1_733' title='bbox 987 2411 1015 2434; x_wconf 90' lang='lat' dir='ltr'><strong>et</strong></span> <span class='ocrx_word' id='word_1_734' title='bbox 1029 2414 1085 2442; x_wconf 72' lang='lat' dir='ltr'><strong>prae</strong></span> <span class='ocrx_word' id='word_1_735' title='bbox 1099 2406 1198 2442; x_wconf 77' lang='lat' dir='ltr'><strong>gaudio</strong></span> <span class='ocrx_word' id='word_1_736' title='bbox 1218 2411 1290 2434; x_wconf 85' lang='lat' dir='ltr'><strong>totus</strong></span> <span class='ocrx_word' id='word_1_737' title='bbox 1304 2406 1383 2441; x_wconf 91' lang='lat' dir='ltr'><strong>quasi</strong></span> <span class='ocrx_word' id='word_1_738' title='bbox 1399 2414 1413 2433; x_wconf 87' lang='lat' dir='ltr'><strong>a</strong></span> <span class='ocrx_word' id='word_1_739' title='bbox 1429 2406 1484 2434; x_wconf 87' lang='lat' dir='ltr'><strong>Deo</strong></span> <span class='ocrx_word' id='word_1_740' title='bbox 1501 2407 1606 2434; x_wconf 69' lang='lat' dir='ltr'><strong>amatus</strong></span> <span class='ocrx_word' id='word_1_741' title='bbox 1624 2415 1631 2434; x_wconf 88' lang='lat'><strong>:</strong></span> <span class='ocrx_word' id='word_1_742' title='bbox 1648 2407 1706 2441; x_wconf 74' lang='lat' dir='ltr'><strong>Ago</strong></span> <span class='ocrx_word' id='word_1_743' title='bbox 1724 2405 1774 2433; x_wconf 87' lang='lat' dir='ltr'><strong>tibi</strong></span> 
     </span>
    </p>
   </div>
   <div class='ocr_carea' id='block_1_96' title="bbox 143 2450 929 2489">
    <p class='ocr_par' dir='ltr' id='par_1_96' title="bbox 143 2451 881 2489">
     <span class='ocr_line' id='line_1_96' title="bbox 143 2451 881 2489; baseline 0.003 -12"><span class='ocrx_word' id='word_1_744' title='bbox 143 2451 251 2486; x_wconf 81' lang='grc' dir='ltr'>τρειας,</span> <span class='ocrx_word' id='word_1_745' title='bbox 267 2452 308 2479; x_wconf 83' lang='grc' dir='ltr'>ὃτι</span> <span class='ocrx_word' id='word_1_746' title='bbox 322 2453 469 2488; x_wconf 82' lang='grc' dir='ltr'>εὐλογητὸς</span> <span class='ocrx_word' id='word_1_747' title='bbox 480 2451 505 2480; x_wconf 78' lang='grc' dir='ltr'>εἷ</span> <span class='ocrx_word' id='word_1_748' title='bbox 516 2454 555 2485; x_wconf 82' lang='grc' dir='ltr'>εις</span> <span class='ocrx_word' id='word_1_749' title='bbox 569 2453 633 2485; x_wconf 82' lang='grc' dir='ltr'>τοὺς</span> <span class='ocrx_word' id='word_1_750' title='bbox 647 2453 760 2485; x_wconf 71' lang='grc' dir='ltr'>αἰῶνας,</span> <span class='ocrx_word' id='word_1_751' title='bbox 783 2452 881 2489; x_wconf 71' lang='grc' dir='ltr'>Ἀμήν.</span> 
     </span>
    </p>
   </div>
   <div class='ocr_carea' id='block_1_97' title="bbox 980 2450 1775 2489">
    <p class='ocr_par' dir='ltr' id='par_1_97' title="bbox 988 2450 1775 2489">
     <span class='ocr_line' id='line_1_97' title="bbox 988 2450 1775 2489; baseline -0.003 -9"><span class='ocrx_word' id='word_1_752' title='bbox 988 2452 1100 2489; x_wconf 83' lang='lat' dir='ltr'><strong>gratias,</strong></span> <span class='ocrx_word' id='word_1_753' title='bbox 1116 2452 1214 2486; x_wconf 83' lang='lat' dir='ltr'><strong>inquit,</strong></span> <span class='ocrx_word' id='word_1_754' title='bbox 1231 2451 1342 2479; x_wconf 85' lang='lat' dir='ltr'><strong>Domine</strong></span> <span class='ocrx_word' id='word_1_755' title='bbox 1357 2450 1422 2479; x_wconf 63' lang='lat' dir='ltr'><strong>Jcsu</strong></span> <span class='ocrx_word' id='word_1_756' title='bbox 1442 2451 1551 2480; x_wconf 80' lang='lat' dir='ltr'><strong>Christe</strong></span> <span class='ocrx_word' id='word_1_757' title='bbox 1564 2457 1592 2480; x_wconf 86' lang='lat' dir='ltr'><strong>et</strong></span> <span class='ocrx_word' id='word_1_758' title='bbox 1607 2451 1687 2484; x_wconf 86' lang='lat' dir='ltr'><strong>Deus,</strong></span> <span class='ocrx_word' id='word_1_759' title='bbox 1703 2450 1775 2486; x_wconf 84' lang='lat' dir='ltr'><strong>quod</strong></span> 
     </span>
    </p>
   </div>
   <div class='ocr_carea' id='block_1_98' title="bbox 145 2499 1776 2536">
    <p class='ocr_par' dir='ltr' id='par_1_98' title="bbox 145 2499 1776 2536">
     <span class='ocr_line' id='line_1_98' title="bbox 145 2499 1776 2536; baseline -0.001 -9"><span class='ocrx_word' id='word_1_760' title='bbox 145 2506 190 2527; x_wconf 89' lang='lat' dir='ltr'><strong>me</strong></span> <span class='ocrx_word' id='word_1_761' title='bbox 204 2499 303 2528; x_wconf 83' lang='lat' dir='ltr'><strong>talibus</strong></span> <span class='ocrx_word' id='word_1_762' title='bbox 328 2505 356 2528; x_wconf 85' lang='lat' dir='ltr'><strong>et</strong></span> <span class='ocrx_word' id='word_1_763' title='bbox 380 2501 461 2528; x_wconf 84' lang='lat' dir='ltr'><strong>tantis</strong></span> <span class='ocrx_word' id='word_1_764' title='bbox 482 2500 560 2528; x_wconf 86' lang='lat' dir='ltr'><strong>bonis</strong></span> <span class='ocrx_word' id='word_1_765' title='bbox 579 2501 618 2528; x_wconf 88' lang='lat' dir='ltr'><strong>sis</strong></span> <span class='ocrx_word' id='word_1_766' title='bbox 638 2500 764 2535; x_wconf 76' lang='lat' dir='ltr'><strong>dignatus</strong></span> <span class='ocrx_word' id='word_1_767' title='bbox 780 2509 787 2527; x_wconf 89' lang='lat'><strong>:</strong></span> <span class='ocrx_word' id='word_1_768' title='bbox 820 2501 892 2536; x_wconf 90' lang='lat' dir='ltr'><strong>quod</strong></span> <span class='ocrx_word' id='word_1_769' title='bbox 909 2507 953 2529; x_wconf 86' lang='lat' dir='ltr'><strong>me</strong></span> <span class='ocrx_word' id='word_1_770' title='bbox 973 2508 1054 2528; x_wconf 84' lang='lat' dir='ltr'><strong>manu</strong></span> <span class='ocrx_word' id='word_1_771' title='bbox 1079 2504 1124 2527; x_wconf 89' lang='lat' dir='ltr'><strong>tua</strong></span> <span class='ocrx_word' id='word_1_772' title='bbox 1144 2499 1247 2534; x_wconf 84' lang='lat' dir='ltr'><strong>potenti</strong></span> <span class='ocrx_word' id='word_1_773' title='bbox 1280 2499 1380 2528; x_wconf 84' lang='lat' dir='ltr'><strong>virtute</strong></span> <span class='ocrx_word' id='word_1_774' title='bbox 1399 2499 1562 2532; x_wconf 74' lang='lat' dir='ltr'><strong>accinacris,</strong></span> <span class='ocrx_word' id='word_1_775' title='bbox 1577 2499 1648 2533; x_wconf 88' lang='lat' dir='ltr'><strong>quod</strong></span> <span class='ocrx_word' id='word_1_776' title='bbox 1665 2506 1713 2533; x_wconf 86' lang='lat' dir='ltr'><strong>pro</strong></span> <span class='ocrx_word' id='word_1_777' title='bbox 1729 2502 1776 2526; x_wconf 79' lang='lat' dir='ltr'><strong>tuo</strong></span> 
     </span>
    </p>
   </div>
   <div class='ocr_carea' id='block_1_99' title="bbox 144 2545 1771 2583">
    <p class='ocr_par' dir='ltr' id='par_1_99' title="bbox 144 2545 1771 2583">
     <span class='ocr_line' id='line_1_99' title="bbox 144 2545 1771 2583; baseline -0.002 -7"><span class='ocrx_word' id='word_1_778' title='bbox 144 2546 257 2576; x_wconf 88' lang='lat' dir='ltr'><strong>nomine</strong></span> <span class='ocrx_word' id='word_1_779' title='bbox 272 2547 336 2574; x_wconf 89' lang='lat' dir='ltr'><strong>talia</strong></span> <span class='ocrx_word' id='word_1_780' title='bbox 359 2547 406 2575; x_wconf 91' lang='lat' dir='ltr'><strong>tibi</strong></span> <span class='ocrx_word' id='word_1_781' title='bbox 431 2548 486 2583; x_wconf 88' lang='lat' dir='ltr'><strong>pati</strong></span> <span class='ocrx_word' id='word_1_782' title='bbox 523 2547 608 2575; x_wconf 89' lang='lat' dir='ltr'><strong>visum</strong></span> <span class='ocrx_word' id='word_1_783' title='bbox 633 2549 680 2576; x_wconf 85' lang='lat' dir='ltr'><strong>sit.</strong></span> <span class='ocrx_word' id='word_1_784' title='bbox 705 2547 739 2575; x_wconf 84' lang='lat' dir='ltr'><strong>Et</strong></span> <span class='ocrx_word' id='word_1_785' title='bbox 778 2555 851 2576; x_wconf 86' lang='lat' dir='ltr'><strong>nunc</strong></span> <span class='ocrx_word' id='word_1_786' title='bbox 875 2548 967 2583; x_wconf 83' lang='lat' dir='ltr'><strong>aspice</strong></span> <span class='ocrx_word' id='word_1_787' title='bbox 987 2548 1020 2576; x_wconf 91' lang='lat' dir='ltr'><strong>de</strong></span> <span class='ocrx_word' id='word_1_788' title='bbox 1043 2548 1123 2580; x_wconf 76' lang='lat' dir='ltr'><strong>cmlo,</strong></span> <span class='ocrx_word' id='word_1_789' title='bbox 1145 2551 1172 2574; x_wconf 92' lang='lat' dir='ltr'><strong>et</strong></span> <span class='ocrx_word' id='word_1_790' title='bbox 1200 2547 1260 2574; x_wconf 80' lang='lat' dir='ltr'><strong>vide</strong></span> <span class='ocrx_word' id='word_1_791' title='bbox 1284 2547 1375 2582; x_wconf 87' lang='lat' dir='ltr'><strong>qualia</strong></span> <span class='ocrx_word' id='word_1_792' title='bbox 1401 2550 1495 2574; x_wconf 83' lang='lat' dir='ltr'><strong>contra</strong></span> <span class='ocrx_word' id='word_1_793' title='bbox 1521 2553 1565 2573; x_wconf 89' lang='lat' dir='ltr'><strong>me</strong></span> <span class='ocrx_word' id='word_1_794' title='bbox 1591 2545 1771 2576; x_wconf 84' lang='lat' dir='ltr'><strong>fabricantur.</strong></span> 
     </span>
    </p>
   </div>
   <div class='ocr_carea' id='block_1_100' title="bbox 145 2593 1773 2629">
    <p class='ocr_par' dir='ltr' id='par_1_100' title="bbox 145 2593 1773 2629">
     <span class='ocr_line' id='line_1_100' title="bbox 145 2593 1773 2629; baseline -0.002 -9"><span class='ocrx_word' id='word_1_795' title='bbox 145 2595 192 2629; x_wconf 91' lang='lat' dir='ltr'><strong>qui</strong></span> <span class='ocrx_word' id='word_1_796' title='bbox 211 2598 237 2622; x_wconf 89' lang='lat' dir='ltr'><strong>te</strong></span> <span class='ocrx_word' id='word_1_797' title='bbox 250 2594 366 2622; x_wconf 87' lang='lat' dir='ltr'><strong>oderunt</strong></span> <span class='ocrx_word' id='word_1_798' title='bbox 383 2603 390 2621; x_wconf 88' lang='lat'><strong><em>:</em></strong></span> <span class='ocrx_word' id='word_1_799' title='bbox 407 2599 434 2621; x_wconf 89' lang='lat' dir='ltr'><strong>et</strong></span> <span class='ocrx_word' id='word_1_800' title='bbox 451 2594 535 2622; x_wconf 88' lang='lat' dir='ltr'><strong>libera</strong></span> <span class='ocrx_word' id='word_1_801' title='bbox 560 2594 678 2622; x_wconf 87' lang='lat' dir='ltr'><strong>animam</strong></span> <span class='ocrx_word' id='word_1_802' title='bbox 701 2600 788 2622; x_wconf 84' lang='lat' dir='ltr'><strong>meam</strong></span> <span class='ocrx_word' id='word_1_803' title='bbox 804 2602 820 2622; x_wconf 88' lang='lat' dir='ltr'><strong>a</strong></span> <span class='ocrx_word' id='word_1_804' title='bbox 836 2594 927 2629; x_wconf 78' lang='lat' dir='ltr'><strong>jacqu</strong></span> <span class='ocrx_word' id='word_1_805' title='bbox 945 2602 1051 2626; x_wconf 85' lang='lat' dir='ltr'><strong>eorum.</strong></span> <span class='ocrx_word' id='word_1_806' title='bbox 1085 2599 1113 2621; x_wconf 83' lang='lat' dir='ltr'><strong>et</strong></span> <span class='ocrx_word' id='word_1_807' title='bbox 1132 2602 1147 2621; x_wconf 94' lang='lat' dir='ltr'><strong>a</strong></span> <span class='ocrx_word' id='word_1_808' title='bbox 1163 2593 1230 2621; x_wconf 85' lang='lat' dir='ltr'><strong>viris</strong></span> <span class='ocrx_word' id='word_1_809' title='bbox 1251 2593 1413 2628; x_wconf 83' lang='lat' dir='ltr'><strong>sanguinum</strong></span> <span class='ocrx_word' id='word_1_810' title='bbox 1424 2593 1446 2627; x_wconf 82' lang='grc'>⁸,</span> <span class='ocrx_word' id='word_1_811' title='bbox 1463 2593 1508 2629; x_wconf 86' lang='lat' dir='ltr'><strong>qui</strong></span> <span class='ocrx_word' id='word_1_812' title='bbox 1529 2593 1616 2621; x_wconf 85' lang='lat' dir='ltr'><strong>bonus</strong></span> <span class='ocrx_word' id='word_1_813' title='bbox 1637 2600 1675 2624; x_wconf 86' lang='lat' dir='ltr'><strong>es.</strong></span> <span class='ocrx_word' id='word_1_814' title='bbox 1693 2598 1773 2620; x_wconf 84' lang='lat' dir='ltr'><strong>serva</strong></span> 
     </span>
    </p>
   </div>
   <div class='ocr_carea' id='block_1_101' title="bbox 146 2637 1773 2676">
    <p class='ocr_par' dir='ltr' id='par_1_101' title="bbox 146 2637 1773 2676">
     <span class='ocr_line' id='line_1_101' title="bbox 146 2637 1773 2676; baseline -0.002 -9"><span class='ocrx_word' id='word_1_815' title='bbox 146 2647 191 2667; x_wconf 75' lang='lat' dir='ltr'><strong>nte</strong></span> <span class='ocrx_word' id='word_1_816' title='bbox 217 2649 225 2668; x_wconf 86' lang='lat'><strong>:</strong></span> <span class='ocrx_word' id='word_1_817' title='bbox 250 2644 278 2667; x_wconf 90' lang='lat' dir='ltr'><strong>ut</strong></span> <span class='ocrx_word' id='word_1_818' title='bbox 301 2639 388 2667; x_wconf 80' lang='lat' dir='ltr'><strong>sciant</strong></span> <span class='ocrx_word' id='word_1_819' title='bbox 415 2647 520 2672; x_wconf 82' lang='lat' dir='ltr'><strong>omnes,</strong></span> <span class='ocrx_word' id='word_1_820' title='bbox 547 2645 573 2668; x_wconf 89' lang='lat' dir='ltr'><strong>te</strong></span> <span class='ocrx_word' id='word_1_821' title='bbox 605 2648 666 2668; x_wconf 82' lang='lat' dir='ltr'><strong>esse</strong></span> <span class='ocrx_word' id='word_1_822' title='bbox 704 2640 790 2669; x_wconf 83' lang='lat' dir='ltr'><strong>solum</strong></span> <span class='ocrx_word' id='word_1_823' title='bbox 831 2641 914 2669; x_wconf 90' lang='lat' dir='ltr'><strong>Deum</strong></span> <span class='ocrx_word' id='word_1_824' title='bbox 937 2645 965 2668; x_wconf 83' lang='lat' dir='ltr'><strong>et</strong></span> <span class='ocrx_word' id='word_1_825' title='bbox 991 2640 1138 2676; x_wconf 79' lang='lat' dir='ltr'><strong>gloriosum</strong></span> <span class='ocrx_word' id='word_1_826' title='bbox 1163 2639 1189 2667; x_wconf 88' lang='lat' dir='ltr'><strong>in</strong></span> <span class='ocrx_word' id='word_1_827' title='bbox 1219 2644 1275 2667; x_wconf 90' lang='lat' dir='ltr'><strong>toto</strong></span> <span class='ocrx_word' id='word_1_828' title='bbox 1302 2640 1368 2667; x_wconf 88' lang='lat' dir='ltr'><strong>orbe</strong></span> <span class='ocrx_word' id='word_1_829' title='bbox 1393 2644 1537 2668; x_wconf 69' lang='lat' dir='ltr'><strong>terrauum.</strong></span> <span class='ocrx_word' id='word_1_830' title='bbox 1564 2638 1666 2666; x_wconf 83' lang='lat' dir='ltr'><strong>Deinde</strong></span> <span class='ocrx_word' id='word_1_831' title='bbox 1691 2637 1773 2666; x_wconf 82' lang='lat' dir='ltr'><strong>etiam</strong></span> 
     </span>
    </p>
   </div>
   <div class='ocr_carea' id='block_1_102' title="bbox 147 2686 1771 2724">
    <p class='ocr_par' dir='ltr' id='par_1_102' title="bbox 147 2686 1771 2724">
     <span class='ocr_line' id='line_1_102' title="bbox 147 2686 1771 2724; baseline -0.001 -10"><span class='ocrx_word' id='word_1_832' title='bbox 147 2687 267 2724; x_wconf 78' lang='lat' dir='ltr'><strong>pro~iis</strong></span> <span class='ocrx_word' id='word_1_833' title='bbox 297 2687 379 2721; x_wconf 86' lang='lat' dir='ltr'><strong>ipsis,</strong></span> <span class='ocrx_word' id='word_1_834' title='bbox 414 2688 460 2723; x_wconf 87' lang='lat' dir='ltr'><strong>qui</strong></span> <span class='ocrx_word' id='word_1_835' title='bbox 488 2688 564 2715; x_wconf 90' lang='lat' dir='ltr'><strong>illum</strong></span> <span class='ocrx_word' id='word_1_836' title='bbox 593 2689 770 2721; x_wconf 80' lang='lat' dir='ltr'><strong>cruciabam,</strong></span> <span class='ocrx_word' id='word_1_837' title='bbox 803 2688 875 2716; x_wconf 85' lang='lat' dir='ltr'><strong>sicut</strong></span> <span class='ocrx_word' id='word_1_838' title='bbox 902 2688 1076 2722; x_wconf 80' lang='lat' dir='ltr'><strong>Stephanus&quot;</strong></span> <span class='ocrx_word' id='word_1_839' title='bbox 1108 2695 1156 2722; x_wconf 89' lang='lat' dir='ltr'><strong>pro</strong></span> <span class='ocrx_word' id='word_1_840' title='bbox 1180 2687 1223 2720; x_wconf 88' lang='lat' dir='ltr'><strong>iis,</strong></span> <span class='ocrx_word' id='word_1_841' title='bbox 1250 2687 1296 2722; x_wconf 88' lang='lat' dir='ltr'><strong>qui</strong></span> <span class='ocrx_word' id='word_1_842' title='bbox 1319 2695 1381 2716; x_wconf 90' lang='lat' dir='ltr'><strong>eum</strong></span> <span class='ocrx_word' id='word_1_843' title='bbox 1419 2687 1555 2722; x_wconf 87' lang='lat' dir='ltr'><strong>lapidibus</strong></span> <span class='ocrx_word' id='word_1_844' title='bbox 1597 2686 1771 2721; x_wconf 85' lang='lat' dir='ltr'><strong>appetebant,</strong></span> 
     </span>
    </p>
   </div>
   <div class='ocr_carea' id='block_1_103' title="bbox 147 2733 1775 2771">
    <p class='ocr_par' dir='ltr' id='par_1_103' title="bbox 147 2733 1775 2771">
     <span class='ocr_line' id='line_1_103' title="bbox 147 2733 1775 2771; baseline -0.001 -8"><span class='ocrx_word' id='word_1_845' title='bbox 147 2743 231 2764; x_wconf 86' lang='lat' dir='ltr'><strong>orans</strong></span> <span class='ocrx_word' id='word_1_846' title='bbox 249 2745 256 2762; x_wconf 91' lang='lat'><strong>:</strong></span> <span class='ocrx_word' id='word_1_847' title='bbox 272 2733 364 2770; x_wconf 86' lang='lat' dir='ltr'><strong>Tange</strong></span> <span class='ocrx_word' id='word_1_848' title='bbox 385 2743 432 2762; x_wconf 83' lang='lat' dir='ltr'><strong>cor</strong></span> <span class='ocrx_word' id='word_1_849' title='bbox 446 2743 553 2769; x_wconf 85' lang='lat' dir='ltr'><strong>eorum,</strong></span> <span class='ocrx_word' id='word_1_850' title='bbox 572 2736 691 2770; x_wconf 83' lang='lat' dir='ltr'><strong>dicebat,</strong></span> <span class='ocrx_word' id='word_1_851' title='bbox 707 2744 724 2764; x_wconf 95' lang='lat' dir='ltr'><strong>o</strong></span> <span class='ocrx_word' id='word_1_852' title='bbox 745 2736 869 2770; x_wconf 86' lang='lat' dir='ltr'><strong>Domine,</strong></span> <span class='ocrx_word' id='word_1_853' title='bbox 901 2736 948 2771; x_wconf 90' lang='lat' dir='ltr'><strong>qui</strong></span> <span class='ocrx_word' id='word_1_854' title='bbox 968 2743 997 2763; x_wconf 90' lang='lat' dir='ltr'><strong>es</strong></span> <span class='ocrx_word' id='word_1_855' title='bbox 1019 2735 1111 2767; x_wconf 67' lang='lat' dir='ltr'><strong>multa:</strong></span> <span class='ocrx_word' id='word_1_856' title='bbox 1129 2734 1334 2769; x_wconf 61' lang='lat' dir='ltr'><strong>misericordia,</strong></span> <span class='ocrx_word' id='word_1_857' title='bbox 1367 2739 1394 2762; x_wconf 84' lang='lat' dir='ltr'><strong>et</strong></span> <span class='ocrx_word' id='word_1_858' title='bbox 1416 2739 1492 2762; x_wconf 87' lang='lat' dir='ltr'><strong>tuum</strong></span> <span class='ocrx_word' id='word_1_859' title='bbox 1516 2738 1639 2762; x_wconf 87' lang='lat' dir='ltr'><strong>sanctum</strong></span> <span class='ocrx_word' id='word_1_860' title='bbox 1664 2733 1705 2762; x_wconf 89' lang='lat' dir='ltr'><strong>eis</strong></span> <span class='ocrx_word' id='word_1_861' title='bbox 1726 2740 1775 2761; x_wconf 87' lang='lat' dir='ltr'><strong>uo-</strong></span> 
     </span>
    </p>
   </div>
   <div class='ocr_carea' id='block_1_104' title="bbox 183 2781 508 2810">
    <p class='ocr_par' dir='ltr' id='par_1_104' title="bbox 183 2781 508 2810">
     <span class='ocr_line' id='line_1_104' title="bbox 183 2781 508 2810; baseline 0 -1"><span class='ocrx_word' id='word_1_862' title='bbox 183 2781 194 2798; x_wconf 84' lang='grc'>⁶</span> <span class='ocrx_word' id='word_1_863' title='bbox 209 2782 281 2809; x_wconf 84' lang='lat' dir='ltr'><strong>Psal.</strong></span> <span class='ocrx_word' id='word_1_864' title='bbox 296 2789 322 2810; x_wconf 86' lang='lat' dir='ltr'><strong>v.</strong></span> <span class='ocrx_word' id='word_1_865' title='bbox 361 2783 370 2798; x_wconf 90' lang='grc'><strong>⁷</strong></span> <span class='ocrx_word' id='word_1_866' title='bbox 385 2782 436 2810; x_wconf 78' lang='lat' dir='ltr'><strong>Act</strong></span> <span class='ocrx_word' id='word_1_867' title='bbox 460 2791 508 2810; x_wconf 74' lang='lat' dir='ltr'><strong>vn.</strong></span> 
     </span>
    </p>
   </div>
   <div class='ocr_carea' id='block_1_105' title="bbox 185 2839 1125 2878">
    <p class='ocr_par' dir='ltr' id='par_1_105' title="bbox 185 2839 1125 2878">
     <span class='ocr_line' id='line_1_105' title="bbox 185 2839 1125 2878; baseline 0.002 -11"><span class='ocrx_word' id='word_1_868' title='bbox 185 2841 225 2878; x_wconf 70' lang='grc' dir='ltr'><strong>(Ξ)</strong></span> <span class='ocrx_word' id='word_1_869' title='bbox 240 2839 364 2869; x_wconf 76' lang='lat' dir='ltr'><strong>Correum</strong></span> <span class='ocrx_word' id='word_1_870' title='bbox 381 2841 452 2868; x_wconf 87' lang='lat' dir='ltr'><strong>hunc</strong></span> <span class='ocrx_word' id='word_1_871' title='bbox 465 2847 543 2870; x_wconf 82' lang='lat' dir='ltr'><strong>vocat</strong></span> <span class='ocrx_word' id='word_1_872' title='bbox 561 2841 633 2870; x_wconf 82' lang='lat' dir='ltr'><strong>Beda</strong></span> <span class='ocrx_word' id='word_1_873' title='bbox 651 2842 678 2870; x_wconf 89' lang='lat' dir='ltr'><strong>in</strong></span> <span class='ocrx_word' id='word_1_874' title='bbox 693 2841 887 2878; x_wconf 75' lang='lat' dir='ltr'><strong>Martyrologio</strong></span> <span class='ocrx_word' id='word_1_875' title='bbox 907 2843 940 2870; x_wconf 90' lang='lat' dir='ltr'><strong>ad</strong></span> <span class='ocrx_word' id='word_1_876' title='bbox 960 2843 1031 2871; x_wconf 87' lang='lat' dir='ltr'><strong>hunc</strong></span> <span class='ocrx_word' id='word_1_877' title='bbox 1044 2843 1125 2871; x_wconf 86' lang='lat' dir='ltr'><strong>diem.</strong></span> 
     </span>
    </p>
   </div>
  </div>
