2023 3142
137 169 189 200 ibi)

779 165 867 196 VITA
888 166 918 195 S.
940 164 1072 197 MARCI.

1704 165 1755 198 Hii

134 225 308 255 ἀπολοῦνται.
334 225 443 260 Ταύτην
473 224 522 260 τὴν
553 223 686 253 ὀπτασίαν
704 222 873 258 θεασάμενος
904 222 918 250 ὁ

981 230 997 249 n
1013 220 1096 249 caelos
1119 219 1278 256 suscipienl,
1300 226 1328 249 et
1340 223 1462 259 reliquiae
1485 227 1536 252 tua:
1559 224 1586 252 in
1609 225 1689 254 terris
1702 234 1755 258 non

135 271 269 307 μακάριος
283 271 408 305 Μάρκος,
423 270 471 302 τὰς
488 270 583 304 χεῖρας
597 269 679 296 αὑτοῦ
695 269 815 300 τανύσας
831 266 918 295 εἶπεν·

133 317 294 352 Εὗχαριπῶ
314 324 366 348 σοι,
384 315 472 350 Κύριέ
488 324 540 351 μου
569 315 656 348 Ἰησοῦ
679 315 798 349 Χριστὶ,
814 314 856 341 ὅτι
872 314 921 347 οὐκ

135 363 315 398 ἐγκατέλιπές
343 372 376 398 με
390 382 398 395 ,
427 363 495 390 ἀλλὰ
512 362 775 397 συγκατηρίθμησάς
801 370 834 396 με
854 361 923 396 μετὰ

133 409 187 436 τῶν
201 410 287 444 ἁγίων
304 417 363 436 σου.
385 408 487 442 Δέομαί
503 417 561 441 σου,
594 407 680 443 Κύριε
700 407 787 442 Ἰησοῦ
809 407 921 442 Χριστὲ,

134 456 238 491 πρόσδε
245 455 289 488 Eat
302 456 331 481 ὲν
345 455 442 490 εἰρήνῃ
457 454 506 490 τὴν
524 454 614 490 ψυχήν
627 463 678 489 μου
691 454 738 480 καὶ
754 453 790 489 μή
811 461 844 488 με
857 454 925 479 ἁπο-

134 502 288 537 ὀοκιμάσῃς
321 501 376 528 ἀπὸ
390 501 438 535 τῆς
454 501 568 536 χάριτός
595 509 653 527 σου.
671 501 726 526 Καὶ
740 499 827 526 ταῦτα
841 497 924 525 αὐτοϋ

135 549 272 580 εἰπόντος,
286 549 299 574 ό
316 548 418 582 Κύριος
440 547 545 581 Ἰησοῦς
572 546 740 580 παρεγένετο
760 545 828 580 πρὸς
843 545 924 571 αὐτὴν

135 597 175 631 τῷ
189 596 309 631 σχήματι
319 592 341 629 ᾧ
356 593 391 630 ἦν
408 595 477 630 μετὰ
488 593 541 621 τῶν
556 592 685 628 μαθητῶν
704 591 799 623 αὐτοῦ,
821 591 867 617 καὶ
882 590 926 624 οἵα

139 643 230 676 μορφῇ
256 640 289 676 ἦν
315 641 368 676 πρὸ
388 640 435 667 τοῦ
451 640 549 667 παθεῖν
575 638 658 666 αὐτὸν
672 637 718 664 καὶ
731 637 862 671 ταφῆναι,
879 635 926 662 καὶ

136 686 211 719 λέγει
223 686 315 721 αὐτῷ·
333 686 438 721 Εἰρήνη
453 694 504 718 σοι,
520 684 638 719 ἡμέτερε
658 683 767 717 Μάρκε,
783 680 927 715 εὐαγγελι-

136 734 187 759 στά
200 741 261 766 μου.
281 733 310 758 '0
321 732 349 758 δὲ
366 731 502 766 μακάριος
516 731 629 766 Μάρκος
648 727 725 756 εἶπεν
738 737 744 744 ·
758 728 859 764 Εἰρήνη
873 736 925 759 σοι,

138 777 225 812 Κύριέ
240 786 290 812 μου
307 777 394 813 Ἰησοῦ
407 777 518 812 Χριστέ.

170 826 208 850 6’.
230 824 339 858 Πρωῖας
353 824 381 850 δὲ
396 822 558 856 γενομένης,
574 820 659 857 ἦλθεν
681 820 762 847 πάλιν
782 821 811 847 τὸ
826 820 927 855 πλῆθος

136 869 185 903 τῆς
202 869 306 899 πόλεως
322 869 368 895 καὶ
380 868 575 901 ἐξενέγκαντες
591 867 672 894 αὐτὸν
685 869 716 893 ὲκ
729 868 778 902 τῆς
789 867 925 901 φυλακῆς,

136 914 231 941 ἕόαλον
248 914 328 941 πάλιν
343 915 373 940 τὸ
388 914 508 949 σχοινίον
521 915 561 945 εἰς
574 914 620 940 τὸν
633 913 770 948 τράχηλον
787 912 870 939 αὐτοῦ
881 911 928 938 καὶ
945 911 965 938 Β
979 909 1121 936 multitudo
1146 916 1153 936 :

137 958 232 995 ἔσυρον
245 958 369 991 λέγοντες
379 965 386 972 ·
402 958 526 993 Σύρομεν
537 958 583 986 τὸν
597 957 729 992 βούϐαλον
745 958 785 989 εἰς
807 958 841 983 τὰ
863 957 928 991 βου-

137 1003 226 1030 κόλου.
253 1003 282 1029 ὐ
297 1003 325 1029 δὲ
342 1004 478 1038 μακάριος
490 1004 603 1038 Μάρκος
617 1003 808 1038 εὐχαριστείας
828 1003 927 1038 μᾶλλον

135 1048 294 1080 ἀνέπεμπεν
308 1048 347 1083 τῷ
362 1050 561 1084 παντοκράτορι
586 1050 682 1084 Κυρίῳ
707 1049 795 1084 Ἰησοῦ
816 1048 927 1084 Χριστῷ

135 1094 232 1128 λέγων·
247 1096 293 1126 El;
303 1096 396 1131 χεῖράς
409 1105 467 1128 σου,
481 1096 578 1131 Κύριε,
592 1097 765 1132 παρατίθημι
775 1097 804 1123 τὸ
818 1096 928 1131 πνεῦμά

137 1149 200 1174 μου.
215 1142 270 1168 Καὶ
282 1141 361 1168 τοῦτο
371 1142 458 1169 είπὼν
475 1143 619 1178 παρέδωκε
647 1142 678 1169 τὸ
696 1143 818 1178 πνεῦμα.
846 1144 883 1170 Τὸ
898 1144 927 1170 δὲ

136 1187 238 1221 πλῆθος
253 1188 306 1213 τῶν
321 1188 462 1214 ὄυσσεόῶν
483 1189 619 1225 Ἑλλήνων
636 1189 691 1225 πῦρ
714 1189 866 1224 ἁνάψαντες
888 1190 928 1221 εἰς

121 1231 198 1264 ’τοῦς
214 1232 400 1268 καλουμένους
427 1234 574 1269 ἀγγέλους,
590 1236 750 1270 ὲτέφρωσαν
759 1236 789 1262 τὺ
802 1235 928 1270 λείψανον

135 1277 183 1304 τοῦ
197 1278 313 1306 δικαίου.
332 1280 399 1306 Τότε
418 1281 534 1316 προνοίᾳ
547 1281 596 1307 τοῦ
622 1282 726 1316 Κυρίου
745 1281 791 1308 καὶ
802 1281 928 1316 Σωτῆρος

135 1322 217 1356 ἡμῶν
247 1323 334 1358 Ἰησοῦ
359 1325 479 1359 Χριστοῦ
515 1326 619 1360 κατέϐη
647 1325 760 1359 λαίλαψ,
785 1326 832 1351 καὶ
859 1325 928 1360 ζάλη

137 1368 239 1402 ἀνέμου
254 1370 365 1403 ἐγένετο
384 1371 501 1404 μεγάλη,
517 1372 564 1397 καὶ
576 1372 589 1397 ό
602 1371 678 1406 ἥλιος
697 1370 867 1397 συνέστειλεν
879 1371 929 1402 τὰς

137 1414 262 1447 ἀκτῖνας,
278 1415 325 1442 καλ¹
339 1417 448 1448 ἐγένετο
463 1417 584 1451 βροντῶν
599 1415 665 1452 ἦχος
685 1416 770 1448 πολὺς
792 1416 839 1442 καὶ
853 1416 930 1447 ὑετὸς

139 1459 265 1491 πλεῖστος
291 1460 360 1495 μετὰ
391 1462 514 1496 χαλάζης
541 1461 594 1493 ἕως
621 1462 753 1498 ἑσπέρας,
783 1462 854 1489 ὥστε
882 1462 929 1488 καὶ

138 1506 278 1540 οικὴματα
293 1506 378 1533 πολλὰ
397 1508 583 1534 καταπίπτειν
598 1508 646 1535 καὶ
668 1509 784 1540 πολλοὺς
798 1509 929 1544 τεθνηκέ-

139 1558 193 1576 ναι.
207 1551 373 1586 Φοϐηθέντες
386 1552 415 1578 δὲ
433 1553 548 1579 ὲάσαντο
566 1553 694 1589 λείψανον
714 1554 762 1580 τοῦ
781 1554 859 1588 ἁγίου
881 1555 928 1581 καὶ

974 268 1109 303 peribunt.
1126 266 1201 297 lianc
1215 268 1345 296 visionem
1362 276 1423 296 cum
1439 269 1535 299 beatus
1550 271 1658 301 Marcus
1673 273 1758 302 vidis-

973 318 1025 347 set,
1043 321 1139 342 manus
1153 321 1216 342 suas
1234 315 1262 341 in
1277 314 1375 342 caelum
1383 317 1506 344 extendit
1520 325 1553 344 ac
1565 318 1631 346 dixit
1647 328 1677 347 ι(
1689 320 1758 348 Gra-
1779 333 1781 338 ·

975 361 1027 388 tias
1051 367 1102 394 ago
1120 360 1178 394 libi,
1203 360 1314 388 Domine
1336 361 1372 388 mi
1397 360 1462 389 Jcsu
1485 362 1600 397 Christe,
1616 366 1687 400 quod
1703 374 1758 394 non

975 405 1144 439 dereliquisti
1163 412 1217 438 me,
1230 405 1276 433 sed
1289 412 1351 433 cum
1364 406 1466 434 sanctis
1479 407 1532 434 tuis
1550 415 1592 436 me
1612 417 1761 439 connume-

975 450 1053 477 rasti.
1071 449 1171 478 Precor
1191 454 1229 484 te,
1256 450 1369 479 Domine
1381 450 1445 479 Jesu
1459 451 1577 486 Christe,
1600 459 1628 481 ut
1644 456 1762 491 accipias

976 495 1003 522 in
1023 503 1089 530 psce
1112 496 1230 524 animam
1254 504 1354 530 meam,
1381 505 1469 532 neque
1493 505 1536 525 me
1559 501 1698 534 reprobes.
1716 507 1764 530 aut

976 542 1106 570 excludas
1127 550 1141 571 ο
1166 543 1253 578 gratia
1275 548 1346 572 tua.)
1365 543 1487 578 Cumque
1501 544 1558 573 haec
1574 545 1618 573 ille
1642 547 1762 581 dixisset.

977 587 1106 616 Dominus
1126 587 1206 617 Iesus
1226 589 1352 617 Christus
1376 590 1409 617 ad
1428 597 1489 618 eum
1510 591 1584 618 venit
1611 591 1695 626 figura
1717 593 1763 623 illa

977 642 1058 669 quam
1073 635 1198 668 habebat,
1215 643 1268 670 quo
1291 641 1412 670 tempore
1428 635 1586 664 versabatur
1599 644 1660 664 cum
1681 638 1764 666 disci-

978 680 1047 715 pulis
1064 680 1131 712 suis.
1155 685 1182 707 et
1206 688 1257 715 qua
1280 680 1366 708 forma
1390 686 1460 714 erat,
1483 686 1628 717 antequam
1654 690 1763 711 crucem

978 732 1086 760 passus,
1107 729 1135 752 et
1154 725 1277 760 sepultus
1303 725 1409 754 fuisset.
1427 726 1477 759 Qui
1502 732 1530 754 et
1549 727 1575 755 ei
1599 728 1667 758 dixit
1684 737 1691 755 :
1708 728 1764 756 Pax

979 770 1038 804 tibi,
1054 770 1143 798 Marce
1162 771 1326 805 evangelista
1351 779 1439 800 mcus.
1456 773 1554 802 Beatus
1577 780 1642 802 vero
1656 774 1764 803 Marcus

979 816 1046 844 dixit
1060 824 1067 843 :
1082 816 1134 844 Pax
1152 817 1210 850 tibi,
1230 816 1340 844 Domine
1353 817 1416 845 Jesu
1433 818 1550 847 Christe.

1016 862 1062 890 IX.
1079 862 1145 890 Cum
1161 870 1226 890 τοι-ο
1240 862 1299 891 dies
1311 863 1454 897 illuxisset,
1474 865 1548 893 venit
1564 865 1628 894 illuc
1644 867 1764 896 civitatis

1180 916 1241 944 quae
1267 916 1329 936 cum
1354 909 1428 936 illum
1456 911 1623 939 eduxissete
1644 920 1765 946 carcere,

979 963 1073 983 rursus
1094 955 1120 982 in
1141 954 1201 988 ejus
1225 955 1324 982 collum
1354 955 1445 983 funem
1470 955 1630 990 injecerunt,
1651 965 1768 994 eumque

979 1001 1180 1037 pertraltentes,
1208 1001 1333 1028 dicebant
1362 1010 1369 1029 :
1397 1002 1552 1030 Trahamus
1579 1004 1707 1031 bubalum
1738 1005 1766 1038 in

979 1046 1088 1074 bubulci
1114 1047 1261 1075 stabulum.
1286 1048 1321 1074 At
1348 1048 1442 1075 beatus
1465 1048 1572 1076 Marcus
1595 1057 1628 1077 eo
1650 1050 1767 1085 majores

978 1093 1082 1129 gratias
1097 1093 1277 1128 omnipotenti
1303 1093 1417 1121 Domino
1437 1093 1500 1122 Jesu
1526 1095 1635 1123 Christo
1657 1097 1765 1130 agebat,

979 1140 1073 1167 dicens
1099 1148 1106 1167 :
1134 1148 1143 1165 ε
1172 1139 1200 1166 1η
1224 1147 1321 1167 manus
1351 1145 1422 1173 tuas,
1453 1140 1576 1176 Domine,
1603 1142 1765 1176 commendo

978 1186 1103 1220 spiritum
1121 1193 1211 1213 meum
1223 1185 1234 1201 ’
1249 1194 1257 1213 :
1278 1195 1287 1212 ι
1306 1186 1430 1223 Cumque
1446 1187 1498 1214 hoc
1512 1187 1638 1221 dixisset,
1655 1189 1766 1221 tradidit

980 1232 1035 1259 Dco
1049 1232 1184 1267 spiritum.
1200 1231 1345 1268 impiorum
1360 1241 1424 1260 vero
1439 1232 1596 1262 Graecorum
1610 1233 1765 1266 multitudo,

979 1285 1040 1304 cum
1061 1278 1162 1311 ignem,
1180 1284 1213 1304 eo
1230 1276 1256 1303 in
1273 1276 1332 1304 loco
1347 1277 1393 1312 qui
1413 1278 1580 1313 Angelorum
1599 1278 1708 1306 nomine
1720 1285 1768 1315 ap-

980 1323 1107 1359 pellatur,
1137 1323 1317 1355 accendisset,
1350 1323 1420 1351 illius
1456 1324 1506 1355 viri
1541 1323 1607 1358 justi
1640 1324 1769 1363 reliquias

980 1369 1167 1396 comburebat.
1181 1369 1259 1396 Tunc
1276 1369 1382 1396 Domini
1397 1375 1424 1397 et
1437 1369 1587 1397 Salvatoris
1603 1370 1688 1399 nostri
1703 1369 1767 1402 Jcstt

979 1413 1081 1441 Christi
1107 1413 1276 1448 providentia
1302 1413 1403 1440 factum
1429 1420 1481 1447 est,
1499 1419 1527 1441 ut
1552 1415 1631 1442 turbo
1654 1415 1763 1451 quidam

980 1465 1149 1494 erumperet,
1165 1463 1193 1486 et
1216 1463 1362 1493 tempestas
1387 1467 1483 1494 magna
1510 1460 1594 1492 ﬁeret.
1611 1465 1638 1488 et
1654 1460 1695 1488 sol
1712 1461 1769 1495 ipse

981 1505 1072 1532 radios
1100 1511 1163 1532 suos
1195 1505 1382 1537 contraheret,
1413 1504 1589 1539 tonitruaque
1618 1510 1646 1533 et
1671 1513 1767 1540 eorum

980 1550 1087 1577 sonitus
1109 1549 1211 1576 multus
1236 1549 1387 1582 audiretur,
1410 1549 1526 1584 plurima
1546 1557 1654 1586 quoque
1679 1550 1768 1589 pluvia

139 1593 173 1629 ιφ
182 1603 250 1629 δΥον.
265 1583 374 1631 ’ίΕτεροι
393 1597 422 1623 δὲ
438 1583 665 1632 διαχλευάζοντες
690 1598 794 1633 ἔλεγον,
804 1583 848 1630 ,ὥς
859 1599 899 1625 ὅτι
913 1600 926 1626 ο

979 1603 1041 1622 cum
1054 1594 1188 1630 grandine
1198 1594 1340 1623 commista
1353 1601 1438 1633 usque
1447 1594 1480 1621 ad
1494 1602 1632 1630 vesperam
1646 1587 1768 1631 duraret,

139 1641 341 1676 τρισμακάριος
364 1642 487 1678 Σέραπις
514 1642 604 1669 αὐτῶν
623 1643 674 1677 τὴν
698 1644 851 1680 ἐπισκοπὴν
879 1644 926 1672 τοῦ

139 1686 236 1720 ἀνδρὸς
251 1688 399 1721 ἐποιήσατο
413 1688 457 1715 διὰ
471 1688 503 1715 τὸ
518 1689 601 1715 αὑτοῦ
616 1689 764 1727 γενέθλιον.

980 1642 1016 1669 ita
1040 1646 1068 1668 ut
1089 1640 1203 1668 aedilicia
1230 1640 1311 1668 multa
1335 1644 1505 1672 corruerent,
1521 1644 1548 1668 et
1566 1641 1690 1671 homines
1713 1650 1765 1674 non

980 1688 1059 1722 pauci
1073 1686 1172 1714 mortui
1187 1687 1327 1714 caderent.
1343 1685 1408 1721 Ejus
1426 1687 1509 1722 igitur
1534 1688 1573 1714 rei
1588 1688 1685 1717 timore
1703 1695 1765 1724 per-

141 1732 223 1765 culsi,
255 1733 384 1768 reliquias
410 1735 496 1762 sancti
531 1735 612 1763 Marci
634 1737 838 1771 den-liquerunt
864 1737 911 1764 ac'
928 1736 1062 1770 inserunt.
1089 1733 1142 1761 Alii
1170 1740 1233 1761 vero
1269 1733 1414 1761 irridentes
1448 1733 1583 1769 dicebant,
1609 1734 1767 1768 beatissima

141 1779 248 1807 illorum
267 1780 406 1816 Serapidis
425 1783 592 1814 providentia
612 1784 668 1812 haec
697 1785 723 1811 in
741 1785 785 1812 illo
805 1786 864 1813 viro
885 1784 969 1812 fuisse
983 1783 1054 1810 facta
1071 1787 1181 1818 propter
1194 1781 1310 1810 natalem
1330 1782 1415 1816 ipsius
1429 1782 1511 1809 diem.

176 1828 204 1854 l’.
219 1828 286 1854 Τότε
317 1829 441 1861 ἐλθόντες
471 1831 567 1866 ἄνδρες
593 1832 728 1865 εὐλαϐεῖς,
753 1833 928 1861 συνέστειλαν

140 1871 267 1904 λείψανον
292 1873 337 1900 τοῦ
368 1874 471 1902 δικαίου
495 1876 549 1903 ἀπο
568 1878 617 1913 τῆς
627 1878 730 1915 τέφρας
746 1880 792 1908 καὶ
809 1879 928 1917 ἠνεγκαν

140 1919 206 1944 ὅπου
221 1920 269 1950 τὰς
283 1919 367 1955 εὐχὰς
377 1922 467 1949 αὐτῶν
480 1923 528 1950 καὶ
539 1924 587 1955 τὰς
599 1924 759 1962 ψαλμῳδίας
772 1926 926 1958 ἐπετέλουν,

141 1964 188 1991 καὶ
200 1965 349 2000 ἐκήδευσαν
367 1968 448 1994 αὑτὸν
477 1969 569 2002 καθὼς
585 1970 646 2002 ἔθος
660 1973 693 2006 τῇ
711 1971 798 2001 πόλει.
815 1972 862 1998 καὶ
875 1972 926 2002 ἁπ-

140 2010 232 2037 ἐθεντο
256 2013 285 2038 ἐν
301 2013 377 2049 τόπῳ
403 2014 618 2050 λελατομημένφ
650 2017 763 2049 ἐνδόξως
787 2017 927 2049 τελοῦντες

140 2056 223 2082 αὺτοῦ
233 2058 282 2092 τὴν
296 2059 407 2094 μνήμην
420 2061 489 2094 μετὰ
502 2062 686 2099 σωφροσὺνων
697 2063 745 2090 κα)⁸
758 2063 928 2098 προσευχῶν,

141 2099 178 2131 ὡς
193 2101 300 2135 πρῶτον
316 2105 459 2138 κειμήλιον
475 2105 504 2132 ὲν
532 2106 724 2143 Ἀλεξανδρείᾳ
753 2108 927 2143 κεκτημένοι,

142 2146 190 2172 καὶ
204 2147 243 2178 εἰς
255 2147 285 2173 τὸ
296 2149 454 2178 ἀνατολικὸν
472 2152 556 2188 μέρος
571 2153 714 2183 ἀπέθεντο.
749 2154 900 2194 Ἐκοιμήθη
914 2154 928 2180 6

142 2193 277 2236 μακάριος
288 2195 402 2230 Μάρκος
414 2197 428 2222 δ
448 2198 646 2235 εὐαγγελιατὴς
663 2201 710 2228 καὶ
725 2201 928 2236 πρωτομάρτυς

1016 1832 1051 1860 Χ.
1067 1832 1144 1859 'l'unc
1159 1836 1292 1858 venerunt
1308 1831 1431 1858 homines
1453 1831 1571 1865 religiosi
1591 1836 1619 1860 et
1634 1833 1684 1861 viri
1698 1833 1767 1869 justi

979 1879 1109 1914 reliquias
1121 1885 1137 1904 ι
1152 1878 1244 1905 cinere
1259 1882 1445 1909 accreverunt,
1460 1882 1540 1912 atque
1555 1879 1581 1906 iu
1596 1887 1657 1906 eum
1675 1879 1764 1907 locum

979 1924 1110 1955 tulerunt,
1139 1922 1183 1949 ubi
1215 1929 1309 1957 preces
1337 1926 1365 1950 et
1389 1922 1507 1956 psalmos
1538 1930 1603 1951 suos
1631 1924 1764 1958 canebat;

978 1969 1091 2004 ejusque
1105 1968 1186 1995 funus
1201 1972 1342 2000 curarunt,
1360 1971 1389 1998 ut
1406 1967 1525 1995 civitatis
1541 1975 1599 1996 mos
1620 1974 1690 1996 erat.
1710 1970 1765 1998 Res

977 2015 1075 2051 liquias
1091 2019 1180 2041 autem
1200 2013 1383 2047 deposuerunt
1398 2012 1424 2039 in
1443 2012 1502 2041 loco
1522 2013 1619 2041 illustri
1634 2022 1650 2042 e
1666 2014 1764 2049 lapidi.

977 2062 1029 2088 bus
1053 2059 1157 2092 exciso,
1176 2059 1263 2096 ipsius
1290 2059 1449 2087 memoriam
1475 2059 1564 2087 sobrie
1584 2065 1612 2087 et
1636 2059 1681 2095 pie
1701 2068 1763 2092 cum

977 2107 1104 2141 precibus
1119 2104 1303 2136 celebrantes.
1321 2112 1376 2139 quo
1392 2104 1458 2134 nihil
1477 2106 1623 2140 pretiosius
1643 2107 1763 2139 Alexan-

976 2153 1053 2180 drina
1064 2152 1158 2180 civitas
1171 2151 1338 2186 possidebat.
1357 2150 1419 2178 Illas
1430 2157 1518 2179 autem
1531 2152 1659 2188 reliquias
1669 2153 1765 2187 Orien-

978 2202 1030 2225 tcnt
1055 2205 1153 2227 versus
1182 2196 1361 2224 collocarunt.
1391 2196 1483 2224 Codex
1511 2197 1568 2225 MS.
1596 2200 1677 2232 etiam
1708 2200 1766 2230 hau:

140 2235 188 2261 τοῦ
203 2237 305 2272 Κυρίου
331 2240 410 2274 ἡμῶν
432 2242 520 2277 Ἰησοῦ
544 2244 664 2279 Χριστοῦ
689 2246 718 2271 ὲν
736 2235 924 2281 Ἀλεξανδρείᾳ

979 2243 1052 2273 addit
1068 2253 1075 2270 :
1096 2242 1159 2270 Fuit
1175 2247 1267 2271 autem
1290 2242 1378 2270 forma
1394 2243 1546 2271 beatissimi
1563 2244 1646 2277 Marci
1669 2247 1764 2280 hujus-

140 2282 172 2315 τῇ
190 2283 399 2318 πρὸςΑῐγυκτον
414 2288 478 2322 μηνὶ
489 2288 724 2323 κατἈίγυτιτίους
739 2290 879 2326 Φαρμουθὶ
892 2291 926 2322 λ’,

141 2327 212 2354 κατὰ
223 2328 250 2354 δὲ
271 2327 423 2365 Ῥωμαίους
437 2333 504 2368 πρὸς
517 2334 551 2361 τὰ
568 2335 715 2363 Καλανδῶν
729 2335 826 2362 Μαῖων
837 2343 845 2351 ⁸
856 2335 928 2364 κατὰ.

139 2373 168 2419 δὲ
189 2374 331 2410 Ἐσραίους
347 2378 503 2414 Νισαὸρίων
530 2382 761 2419 ἑπτακαιδεκάτῃ,
788 2383 834 2409 ἐπὶ
851 2383 928 2417 βασι-

141 2418 218 2466 λείας
231 2420 312 2446 Γαΐου
328 2422 454 2459 Τιδερίου
470 2426 608 2462 Καίσαρος
621 2437 626 2443 -
643 2428 714 2454 κατὰ
724 2427 752 2454 δὲ
775 2429 849 2466 ἡμᾶς
864 2427 928 2458 τοὺς

141 2463 324 2499 Χριστιανοὺς
347 2467 535 2505 βασιλεύοντος
552 2471 599 2497 τοῦ
618 2472 722 2507 Κυρίου
741 2463 820 2509 ἡμῶν
838 2471 926 2508 Ἰησοῦ

141 2511 273 2547 Χριστοῦ,
303 2510 326 2548 ᾧ
341 2514 358 2550 ἠ
373 2514 436 2550 δόξα
455 2517 501 2547 καὶ
526 2517 556 2544 τὺ
573 2519 672 2554 κράτος
690 2519 731 2550 είς
748 2519 809 2550 τοὺς
825 2519 926 2551 αἰῶνας

140 2557 196 2586 τῶν
210 2558 327 2586 αἰώνων.
350 2561 448 2597 1Δμήν.

979 2289 1075 2316 modi:
1094 2288 1187 2324 Longo
1211 2296 1288 2321 naso,
1314 2289 1448 2316 subducto
1473 2291 1627 2324 supercilio,
1653 2293 1767 2327 pulcher

977 2335 1071 2366 oculis,
1098 2335 1274 2364 recalvaster,
1299 2335 1402 2368 prolixa
1425 2335 1518 2368 barba,
1542 2335 1629 2370 velox,
1657 2338 1766 2366 habitu-

978 2380 1048 2407 dinis
1071 2381 1190 2417 optimae,
1211 2380 1299 2407 aetatis
1312 2380 1418 2415 medias,
1441 2381 1518 2410 canis
1538 2389 1676 2415 aspersus,
1698 2384 1766 2413 ade-

980 2425 1070 2452 ctione
1083 2424 1240 2456 continens,
1257 2425 1344 2459 gratia
1369 2424 1417 2455 Dei
1441 2425 1548 2462 plenus.
1563 2427 1663 2456 Beatus
1682 2429 1765 2465 igitur

981 2469 1088 2502 Marcu‘s
1123 2471 1302 2504 evangelista.
1336 2471 1440 2507 primus
1471 2473 1572 2501 Christi
1599 2480 1703 2512 martyr
1736 2477 1763 2508 in

982 2517 1092 2554 Egypti
1123 2517 1299 2552 Alexandria,
1327 2525 1432 2553 mense,
1457 2520 1502 2554 qui
1526 2521 1597 2555 apud
1623 2521 1766 2559 Egyptios

982 2563 1205 2597 Pharmutius,et
1213 2565 1284 2600 apud
1297 2563 1425 2595 Hebraos
1435 2564 1518 2594 Nisan
1530 2567 1642 2602 dicitur,
1650 2570 1766 2603 septimo

141 2603 275 2634 Kalendas
306 2607 380 2644 Maii,
409 2613 439 2636 ut
464 2609 578 2641 Romani
611 2617 763 2644 numerant,
795 2613 846 2639 hoc
875 2616 927 2642 est.
948 2610 1048 2645 Aprilis
1072 2610 1200 2638 vicesimo
1225 2610 1331 2646 quinto,
1350 2611 1428 2645 obiit,
1456 2613 1619 2649 imperatore
1650 2615 1764 2643 Claudio

142 2650 248 2679 Nerone
261 2653 366 2686 Ctesare
380 2665 387 2683 :
403 2655 482 2685 nobis
494 2662 583 2684 autem
598 2653 778 2689 ’Christianis
813 2658 963 2694 imperante
985 2657 1097 2684 Domino
1125 2663 1220 2685 nostro
1246 2657 1311 2687 Iesu
1335 2657 1463 2694 Christo;
1487 2662 1531 2689 cui
1559 2662 1644 2697 gloria
1670 2668 1713 2690 est
1736 2667 1765 2695 et

142 2697 284 2733 imperium
303 2709 363 2728 eum
379 2701 460 2730 Patre
482 2707 510 2730 et
525 2702 629 2739 Spiritu
652 2709 758 2737 sancto,
775 2704 801 2731 in
828 2703 925 2731 sxtcula
943 2702 1113 2736 saculorum,
1128 2701 1226 2731 Amen.

178 2757 189 2772 ³
202 2757 267 2785 Luc.
281 2767 358 2794 um,
374 2761 419 2789 46.

272 2916 408 2947 Ριτιιυιη
428 2918 486 2948 Clit.
517 2921 610 2952 CXV.
