2023 3142
158 165 209 197 16")

799 162 887 193 \‘lTA
908 163 937 192 S.
960 161 1092 194 MARCI.

1724 163 1775 195 Ηη

154 222 328 251 ἀπολοῦνται.
354 221 463 257 Ταύτην
493 221 542 256 τὴν
573 220 706 250 ὀπτασίαν
723 219 893 254 Θεασάμενος
924 219 938 246 ὁ

1002 227 1017 246 n
1033 218 1116 246 cmlos
1139 217 1298 253 suscipiant,
1321 223 1348 246 et
1360 220 1482 256 reliquiae
1506 225 1557 250 tua:
1579 221 1606 249 in
1629 223 1709 252 terris
1722 232 1774 255 non

156 268 288 304 μακάριος
303 268 428 302 Μάρκος,
444 267 491 298 τὰς
508 267 602 301 χεῖρας
617 265 699 292 αὐτοῦ
714 266 835 296 τανύσας
851 262 939 292 εἶπενθ

154 313 314 348 Εὑχαριστῶ
334 321 386 344 σοι,
404 312 492 347 Κύριέ
508 321 559 347 μου
588 311 676 345 Ἰησοῦ
698 312 800 346 Χριστὶ
812 332 818 343 ,
835 311 876 338 ’ὁτι
892 311 942 345 οὐκ

155 360 335 394 ἐγκατέλιπές
363 368 396 395 με
410 379 419 392 ,
447 359 514 387 ἀλλὰ
532 359 795 394 ουγκατηρίθμησὰς
821 367 855 393 με
874 358 943 394 μετὰ

153 406 207 432 τῶν
221 406 307 440 ἁγίων
324 414 383 433 σου.
405 405 506 439 Δέομαί
523 414 581 437 σου,
613 404 700 440 Κύριε
720 404 806 439 Ἰησοῦ
829 403 942 440 Χριστὶ,

154 452 309 487 πρόσδεξαι
322 453 350 478 ὲν
365 452 461 487 εἰρήνῃ
477 452 526 487 τὴν
543 451 633 487 ψυχήν
648 460 699 486 μου
711 451 758 477 καὶ
774 451 810 486 μή
832 458 864 485 με
877 451 945 476 ἀπο-

154 499 307 534 δοκιμάσῃς
341 498 396 524 ἀπὸ
409 498 458 532 τῆς
474 498 587 532 χάριτός
615 506 673 524 σου.
691 498 746 524 Καὶ
760 497 847 523 ταῦτα
861 495 944 522 αὑτοῦ

155 545 292 576 εἰπόντος,
306 546 319 571 6
336 545 438 579 Κύριος
460 544 564 578 Ἰησοῦς
591 543 760 578 παρεγένετο
780 543 848 577 πρὸς
863 542 944 568 αὑτὶν

155 593 194 627 τῷ
209 593 329 628 σχήματι
340 589 361 626 ᾧ
376 590 410 627 ἦν
428 592 497 627 μετὰ
508 591 560 618 τῶν
576 590 705 626 μαθητῶν
724 588 819 621 αὐτοῦ,
840 588 887 614 καὶ
902 587 946 622 οἵᾳ

158 640 250 673 μορφῇ
276 637 309 672 ἦν
335 638 388 672 πρὸ
408 637 454 664 τοῦ
471 637 568 664 παθεῖν
594 635 677 663 αὑτὸν
692 635 738 661 καὶ
750 634 882 668 ταφῆναι,
899 633 945 659 καὶ

156 683 230 715 λέγει
242 683 317 718 αὑτῷ
328 691 335 698 ·
354 683 457 718 Είρήνη
473 691 523 714 σοι,
539 681 657 716 ἡμέτερε
678 680 787 714 Μάρκε,
803 677 947 712 εὐαγγελι-

156 730 207 755 στά
219 738 280 762 μου.
301 729 330 755 Ὀ
342 729 369 755 δὲ
386 728 521 763 μακάριος
535 728 648 763 Μάρκος
668 724 744 753 εἶπεν
757 734 763 741 ·
777 726 879 760 Εἰρήνη
893 733 945 756 σοι,

157 773 245 808 Κύριέ
260 783 309 808 μου
327 773 415 809 Ἰησοῦ
427 773 538 808 Χριστέ.

190 822 229 847 6’.
251 820 360 855 Πρωῒας
373 820 401 846 δὲ
417 819 579 853 γενομένης,
594 817 679 854 ἦλθεν
701 817 782 844 πάλιν
802 818 831 844 τὸ
846 817 947 852 πλῆθος

157 866 205 900 τῆς
223 865 326 896 πόλεως
343 866 390 891 καὶ
402 865 596 898 ἐξενέγκαντες
611 864 692 890 αὐτὸν
705 865 736 890 ἐκ
749 865 799 899 τῇς
810 864 945 898 φυλακῆς,

157 911 252 938 ἔϐαλον
269 911 349 937 πάλιν
365 911 394 937 τδ
409 911 529 945 σχοινίον
542 911 582 942 εἰς
595 911 640 936 τὸν
654 910 790 944 τράχηλον
808 910 890 936 αὐτοῦ
901 909 948 935 καὶ
966 909 985 935 Β
999 906 1140 933 multitudo

158 954 254 993 ἔσυρον
266 955 390 987 λέγοντες
401 962 407 969 ·
423 954 547 989 Σύρομεν
558 954 604 982 τὸν
617 954 750 988 βούϐαλον
766 955 805 986 εἰς
828 955 862 981 τὰ
882 953 948 988 βου-

158 999 247 1026 κόλου.
274 999 303 1025 'U
318 1000 345 1025 δὲ
363 1000 499 1035 μακάριος
511 1001 624 1034 Μάρκος
637 1000 828 1034 εὐχαριστείας
847 1000 948 1034 μᾶλλον

156 1044 314 1076 ἀνέπεμπεν
329 1044 368 1080 τῷ
383 1046 582 1081 παντοκράτορι
607 1046 702 1080 Κυρῐῳ
727 1045 815 1080 Ἰησοῦ
836 1045 947 1080 Χριστῷ

156 1090 253 1124 λέγων’
267 1092 314 1122 Εἰς
323 1093 416 1127 χεῖράς
430 1101 487 1125 σου,
501 1093 599 1127 Κύριε,
612 1093 785 1128 παρατίθημι
795 1093 824 1119 τὸ
838 1092 948 1128 πνεῦμὰ

158 1145 221 1170 μου.
236 1138 290 1164 Καὶ
303 1138 382 1164 τοῦτο
392 1138 479 1166 είπὼν
495 1140 638 1174 παρέδωκε
667 1139 698 1165 τὸ
716 1139 838 1174 πνεῦμα.
866 1140 903 1166 Τὸ
918 1141 947 1167 δὲ

157 1183 259 1217 πλῆθος
273 1184 326 1210 τῶν
342 1184 482 1211 δυσσεϐῶν
504 1185 638 1221 Ἑλλήνων
655 1185 711 1221 πῦρ
733 1186 886 1221 ἁνάψαντες
908 1187 948 1218 εἰς

141 1226 219 1259 ’τοὺς
234 1229 420 1264 καλουμένους
447 1231 594 1265 ἀγγέλους,
609 1232 769 1267 ὲτέφρωσαν
779 1232 809 1258 τὸ
822 1232 948 1267 λείψανον

156 1273 203 1299 τοῦ
217 1274 333 1302 δικαίου.
352 1276 419 1302 Τότε
438 1277 554 1312 προνοίᾳ
568 1278 616 1304 τοῦ
641 1278 746 1312 Κυρίου
765 1278 811 1305 καὶ
822 1278 948 1312 Σωτῆρος

156 1318 236 1352 ἡμῶν
267 1320 354 1354 Ἰησοῦ
379 1321 499 1356 Χριστοῦ
536 1322 638 1356 κατέϐη
667 1321 780 1356 λαίλαψ,
805 1323 852 1348 καὶ
879 1321 948 1356 {dir}

157 1364 259 1399 ἀνέμου
274 1367 386 1399 ἐγένετο
405 1367 521 1401 μεγάλη,
537 1369 583 1393 καὶ
596 1369 609 1393 6
623 1368 698 1402 ἣλιος
717 1367 887 1393 συνέστειλεν
900 1367 949 1398 ’τὰς

157 1410 282 1444 ἀκτῖνας,
298 1411 346 1438 καὶ
359 1413 468 1444 ἐγένετο
483 1413 604 1447 βροντῶν
618 1411 684 1448 ἦχος
705 1413 789 1445 πολὺς
812 1412 860 1439 καὶ
873 1413 950 1444 ὑετὸς

158 1456 285 1487 πλεῖστος
311 1457 381 1491 μετὰ
412 1458 534 1492 χαλάζης
561 1458 613 1490 ἓως
641 1459 773 1494 ἑσπέρας,
803 1458 874 1485 ὥστε
902 1458 949 1485 καὶ

157 1502 298 1537 οικήματα
313 1502 398 1529 πολλὰ
418 1504 602 1530 καταπίπτειν
618 1505 665 1531 καὶ
688 1505 804 1536 πολλοὺς
818 1505 948 1540 ’τεθνηκέ-

158 1555 213 1573 ναι.
227 1547 394 1582 Φοϐηθέντες
407 1549 436 1575 δὲ
453 1550 568 1576 ὲάσαντο
586 1550 713 1585 λείψανον
734 1551 782 1577 τοῦ
800 1551 878 1585 ἁγίου
901 1551 948 1578 καὶ

994 265 1130 300 peribunt.
1147 263 1221 295 lianc
1235 265 1365 292 visionem
1382 273 1443 294 cum
1459 267 1555 296 beatus
1570 268 1678 298 Marcus
1693 270 1778 300 vidis—

994 316 1046 344 set,
1063 319 1159 339 manus
1174 318 1236 338 suss
1254 312 1281 338 in
1297 311 1394 339 caelum
1404 314 1526 341 extendit
1540 322 1572 341 ac
1585 315 1651 344 dixit
1667 325 1674 344 :
1688 327 1697 344 ι
1709 317 1778 345 Gra-
1798 331 1801 335 -

996 358 1048 386 tias
1072 365 1123 391 ago
1140 358 1198 391 tibi,
1223 357 1334 385 Domine
1355 358 1391 385 mi
1417 357 1482 386 Jesu
1504 359 1621 394 Christe,
1636 363 1707 397 quod
1723 371 1778 391 non

995 402 1164 436 dereliquisti
1183 409 1237 434 me,
1250 403 1296 430 sed
1310 409 1371 430 cum
1384 403 1485 431 sanctis
1498 404 1551 432 tuis
1570 413 1612 433 me
1632 414 1781 436 connumev

996 447 1073 474 rasti.
1091 446 1191 475 Precor
1211 451 1249 482 te,
1276 447 1389 476 Domine
1401 447 1465 476 Jesu
1479 449 1596 484 Christe,
1621 456 1648 478 ut
1663 453 1782 488 accipias

997 493 1024 520 in
1044 500 1110 528 pace
1131 494 1250 521 animam
1274 502 1374 527 meam,
1401 502 1489 529 neque
1513 503 1556 523 me
1579 498 1718 532 reprobes.
1736 504 1784 527 aut

997 539 1126 566 cxcludas
1147 547 1161 566 a
1187 539 1272 574 gratia
1295 545 1366 570 tua.)
1385 540 1506 576 Cumque
1522 541 1578 569 haec
1594 543 1638 570 ille
1662 544 1782 578 dixisset,

997 585 1127 613 Dominus
1145 584 1225 614 Iesus
1246 586 1371 614 Christus
1395 587 1428 614 ad
1448 594 1509 615 eum
1529 589 1603 616 venit
1630 589 1715 623 figura
1738 590 1782 621 illa

997 639 1077 666 quam
1092 632 1217 665 habebat,
1235 639 1288 667 quo
1310 638 1431 667 tempore
1448 632 1605 661 versabatur
1619 641 1680 662 cum
1701 635 1785 663 disci-

998 677 1067 712 pulis
1084 677 1151 708 suis,
1175 682 1202 704 et
1225 685 1277 711 qna
1300 677 1385 705 t‘orrna
1409 683 1479 711 erat,
1502 684 1647 714 antequam
1674 687 1783 708 crucem

998 729 1105 757 passus,
1127 727 1155 749 et
1174 722 1297 757 sepultus
1323 722 1429 750 fuisset.
1446 723 1496 756 Qui
1521 728 1549 751 et
1569 724 1594 752 ei
1619 725 1710 756 dixit:
1728 725 1784 753 Pax

998 767 1058 800 tibi,
1074 767 1162 795 Marce
1181 768 1345 802 evangelista
1371 777 1458 797 meus.
1476 769 1574 799 Beatus
1596 777 1661 799 vero
1675 771 1784 801 Marcus

998 813 1066 840 dixit
1080 822 1086 840 :
1101 813 1154 841 Pax
1171 814 1229 847 tibi,
1249 813 1360 842 Domine
1373 815 1435 842 Jesu
1453 815 1570 844 Christe.

1036 859 1081 887 IX.
1099 859 1164 887 Cum
1181 867 1245 887 vero
1260 859 1318 888 dies
1331 860 1474 894 illuxisset,
1494 863 1567 890 venit
1583 862 1647 891 illuc
1664 864 1783 893 civitatis

1165 913 1172 933 :
1199 913 1260 941 quae
1287 914 1348 934 cum
1374 907 1448 934 illum
1475 907 1642 936 ednxissete
1663 917 1784 944 carcere,

999 960 1093 980 rursus
1114 953 1139 979 in
1161 952 1220 986 ejus
1244 953 1343 980 collum
1373 952 1464 980 funem
1490 953 1649 988 iniecerunt,
1670 963 1787 991 eumque

999 999 1199 1034 pertrahentes,
1228 999 1352 1026 dicebant
1381 1007 1389 1026 :
1416 999 1572 1028 Trahamus
1599 1001 1726 1029 bubalutn
1757 1003 1785 1035 in

998 1044 1106 1071 bubulci
1133 1044 1280 1072 stabulum.
1306 1045 1341 1071 At
1367 1045 1461 1073 beatus
1484 1045 1592 1074 Marcus
1614 1054 1647 1074 eo
1669 1048 1786 1082 majores

998 1091 1101 1126 gratias
1116 1090 1296 1125 omnipotenti
1323 1090 1436 1118 Domino
1456 1090 1520 1118 Jesu
1545 1092 1654 1121 Christo
1676 1095 1784 1127 agebat,

999 1137 1092 1164 dicens
1118 1145 1125 1164 :
1153 1145 1162 1162 ι
1191 1136 1219 1164 1η
1243 1144 1340 1165 manus
1370 1141 1440 1171 tuas,
1472 1137 1595 1173 Domine,
1623 1140 1784 1173 commendo

997 1183 1121 1218 spiritum
1140 1190 1230 1210 meum
1242 1183 1253 1198 ¹
1269 1191 1276 1211 :
1297 1193 1306 1209 ι
1326 1183 1448 1221 Cumque
1465 1184 1516 1212 hoc
1531 1184 1657 1218 dixisset,
1674 1186 1786 1219 tradidit

999 1229 1054 1256 Deo
1067 1229 1202 1264 spiritum.
1220 1229 1364 1264 impiorum
1379 1238 1443 1258 vero
1458 1230 1614 1259 Grtcrorum
1629 1231 1785 1264 multitudo.

999 1282 1059 1301 cum
1080 1275 1181 1308 ignem,
1200 1281 1232 1301 eo
1250 1273 1275 1300 in
1292 1274 1351 1302 loco
1365 1274 1412 1310 qui
1432 1275 1598 1310 Angeiorum
1618 1276 1726 1305 nomine
1739 1283 1787 1312 ap-

999 1319 1126 1354 pellatur,
1156 1320 1336 1352 accendisset,
1369 1321 1439 1348 illius
1475 1321 1525 1352 viri
1560 1321 1626 1356 justi
1659 1322 1788 1361 reliquias

1000 1366 1186 1393 comburebat.
1201 1365 1278 1393 Tunc
1295 1366 1401 1393 Domini
1416 1372 1443 1394 et
1456 1367 1606 1395 Salvatoris
1622 1368 1707 1397 nostri
1722 1367 1786 1400 Jcsu

999 1410 1100 1437 Christi
1126 1410 1295 1445 providentia
1321 1410 1422 1437 factum
1448 1417 1500 1444 est,
1517 1416 1546 1438 ut
1571 1412 1650 1440 turbo
1673 1413 1783 1448 quidam

1000 1461 1168 1491 erumperet,
1184 1461 1211 1483 et
1236 1460 1381 1490 tempestas
1406 1464 1502 1491 magna
1529 1457 1613 1489 ﬂeret,
1630 1463 1657 1485 et
1673 1458 1714 1485 sol
1731 1458 1788 1492 ipse

1001 1502 1090 1529 radios
1119 1508 1182 1528 suos
1215 1503 1401 1534 contraheret,
1432 1501 1608 1536 tonitrusque
1637 1507 1666 1531 et
1690 1511 1786 1537 eorum

999 1547 1106 1573 sonitus
1128 1546 1230 1573 multus
1256 1546 1406 1578 audiretur,
1429 1546 1544 1581 plurima
1565 1554 1673 1583 quoque
1698 1548 1788 1587 pluvia

158 1590 270 1626 ἔφηβον.
285 1580 395 1628 ’ίΕτεροι
413 1593 442 1620 δὲ
459 1580 684 1629 διαχλευάζοντες
709 1595 813 1630 ἔλεγον,
824 1580 867 1627 ’ὥς
878 1596 919 1622 ὅτι
933 1597 946 1622 6

999 1599 1060 1618 cum
1073 1591 1206 1626 grandine
1217 1591 1359 1619 commista
1372 1599 1456 1630 usque
1466 1591 1499 1618 ad
1513 1599 1651 1628 vesperam
1665 1585 1787 1629 duraret,

159 1637 361 1672 τρισμακάριος
385 1639 506 1674 Σέραπις
534 1639 624 1666 αὐτῶν
643 1640 693 1673 τὴν
718 1641 871 1677 ἐπισκοπὴν
898 1641 945 1669 τοῦ

160 1682 255 1717 ἀνδρὸς
271 1685 420 1718 ἐποιήσατο
434 1685 477 1712 διὰ
492 1685 522 1711 τὸ
538 1685 620 1712 αὐτοῦ
636 1686 783 1723 γενέθλιον.

1000 1639 1036 1665 ita
1059 1642 1088 1664 ut
1107 1638 1222 1665 aediﬁcia
1249 1637 1331 1665 multa
1354 1642 1524 1670 corruerent,
1540 1641 1567 1665 et
1586 1638 1709 1669 homines
1732 1647 1785 1672 non

999 1685 1078 1720 pauci
1092 1683 1191 1711 mortui
1206 1684 1346 1711 caderent.
1363 1683 1426 1718 Ejus
1445 1684 1528 1719 igitur
1552 1685 1592 1712 rei
1607 1685 1704 1716 timore
1722 1693 1784 1722 per-

162 1729 243 1762 culsi,
275 1730 405 1765 reliquias
431 1732 516 1759 sancti
551 1732 631 1760 Marci
653 1734 858 1768 deri-liquerunt
883 1734 931 1761 ac'
947 1733 1081 1767 ingerunt.
1108 1730 1161 1759 Alii
1189 1736 1252 1758 vero
1288 1731 1432 1758 irridentes
1466 1731 1602 1766 dicebant,
1628 1731 1785 1766 beatissima

162 1775 269 1803 illorum
288 1776 427 1812 Serapidis
446 1780 612 1811 providentia
632 1781 687 1808 haec
716 1782 742 1809 in
760 1782 804 1809 illo
824 1783 883 1810 viro
904 1781 988 1810 fuisse
1002 1781 1073 1808 facta
1090 1785 1200 1815 propter
1213 1778 1328 1807 natalem
1349 1779 1433 1814 ipsius
1448 1779 1530 1808 diem.

198 1824 226 1850 l’.
240 1824 307 1850 Τότε
338 1825 462 1857 ἐλθόντες
491 1827 587 1862 ἄνδρες
613 1829 747 1862 εὐλαῦείς,
772 1830 947 1857 συνέστειλαν

162 1867 288 1901 λείψανον
314 1869 358 1896 τοῦ
388 1870 492 1899 δικαίου
516 1873 569 1899 ἀπὸ
588 1874 636 1909 τῆς
647 1875 748 1912 τέφρας
765 1876 811 1904 καὶ
828 1875 947 1913 ἦνιγκαν

162 1914 226 1941 ὅπου
242 1915 290 1946 τὰς
303 1916 387 1953 εὐχὰς
397 1918 487 1945 αὐτῶν
500 1920 606 1951 καὶτὰς
618 1920 777 1958 ψαλμῳδίας
791 1922 945 1954 ἐπετέλουν,

162 1961 208 1987 καὶ
220 1961 370 1996 ἐκήδευσαν
386 1964 468 1990 αὐτὸν
497 1964 589 1997 καθὼς
604 1967 665 1998 ἔθος
679 1968 712 2002 τῇ
729 1967 816 1997 πόλει.
835 1968 882 1994 καὶ
894 1968 946 1999 ἀπ-

160 2006 252 2033 έθεντο
275 2009 305 2034 ὲν
320 2009 396 2045 τόπῳ
422 2010 638 2046 λελατομημένῳ
669 2014 782 2045 ἐνδόξως
806 2013 947 2046 τελοῦντες

159 2052 242 2079 αὑτοῦ
252 2054 301 2088 τὴν
315 2055 426 2090 μνήμην
440 2057 508 2090 μετὰ
522 2057 705 2095 σωφροσύνων
716 2060 764 2086 καὶ
777 2059 947 2094 προσευχῶν,

159 2096 197 2127 ὡς
212 2097 319 2131 πρῶτον
335 2101 479 2134 κειμήλιον
494 2102 523 2128 ἐν
552 2102 742 2139 Ἀλεξανδρείᾳ
771 2105 947 2139 κεκτημένοι,

160 2142 208 2168 καὶ
223 2144 261 2175 εἰς
274 2143 304 2170 τὸ
316 2145 474 2174 ἀνατολικὸν
492 2148 575 2184 μέρος
591 2149 733 2179 ἀπέθεντο.
768 2151 920 2189 Ἑκοιμήοη
934 2151 948 2176 ὁ

161 2189 296 2233 μακάριος
307 2191 421 2226 Μάρκος
433 2193 448 2218 ὁ
467 2194 665 2230 εὑαγγελιστὴς
682 2196 730 2224 καὶ
744 2197 948 2233 πρωτομάρτυς

1035 1829 1070 1857 Χ.
1087 1829 1163 1857 Tunc
1178 1833 1311 1856 Venerunt
1327 1829 1449 1856 homines
1471 1828 1590 1863 religiosi
1610 1833 1637 1857 et
1653 1830 1702 1858 viri
1717 1831 1786 1866 justi

999 1875 1127 1910 reliquias
1141 1882 1156 1902 α
1171 1875 1264 1902 cinere
1278 1879 1463 1906 secreverunt,
1478 1879 1559 1910 atque
1574 1875 1600 1903 in
1615 1884 1676 1903 eum
1694 1877 1782 1904 locum

998 1920 1129 1952 tulerunt,
1158 1919 1202 1946 ubi
1234 1926 1328 1954 preces
1356 1923 1383 1946 et
1408 1919 1526 1952 psnlmos
1557 1927 1621 1948 suos
1650 1922 1783 1955 canebat;

998 1966 1110 2000 ejusque
1124 1965 1204 1992 i'unus
1220 1968 1360 1996 curarunt,
1378 1968 1407 1995 ut
1424 1964 1543 1992 civitatis
1560 1973 1618 1993 mos
1638 1971 1708 1994 erat.
1729 1967 1784 1995 Res

997 2011 1094 2048 liquias
1110 2015 1199 2039 autem
1219 2010 1401 2044 deposuerunt
1416 2009 1442 2036 in
1461 2009 1521 2037 loco
1540 2010 1637 2038 illustri
1653 2019 1668 2039 e
1684 2012 1783 2046 lapidi;

997 2058 1048 2085 bus
1073 2056 1176 2088 exciso,
1195 2055 1281 2093 ipsius
1308 2055 1468 2084 memoriam
1493 2056 1584 2084 sobrie
1603 2062 1630 2084 et
1654 2057 1699 2092 pie
1719 2065 1782 2090 cum

997 2103 1122 2137 precibus
1138 2101 1322 2132 celebrantes.
1340 2109 1394 2136 quo
1410 2102 1477 2131 nihil
1496 2103 1642 2137 pretiosius
1662 2104 1782 2137 Alexan-

996 2150 1073 2176 drina
1084 2149 1177 2176 civitas
1189 2147 1356 2183 possidebat.
1375 2147 1437 2175 illas
1448 2154 1537 2176 autem
1550 2148 1677 2185 reliquias
1687 2150 1783 2184 Orien-

997 2199 1050 2222 tem
1075 2201 1172 2224 versus
1200 2193 1379 2223 collocarunt.
1410 2194 1501 2222 Codex
1530 2194 1586 2223 MS.
1615 2197 1696 2230 etiam
1727 2197 1784 2227 hinc

158 2231 206 2258 τοῦ
222 2233 324 2268 Κυρίου
350 2236 429 2271 ἡμῶν
451 2238 539 2273 Ἰησοῦ
564 2239 683 2275 Χριστοῦ
708 2241 737 2267 ὲν
755 2231 944 2277 Ἀλεξανδρείᾳ

999 2239 1071 2268 addit
1089 2249 1094 2266 :
1117 2239 1178 2266 Fuit
1194 2244 1285 2268 autem
1308 2239 1397 2267 l'orma
1413 2240 1564 2268 beatissimi
1582 2241 1665 2273 Marci
1687 2244 1782 2278 hujm-

159 2278 192 2312 τῇ
209 2279 419 2314 πρὸςΑῐγυπτον
433 2284 497 2319 μηνὶ
508 2284 743 2320 κατἈίγυπτίους
758 2287 899 2322 Φαρμουθὶ
912 2287 946 2318 λ’,

160 2323 231 2349 κατὰ
242 2324 269 2350 δὲ
291 2324 443 2361 Ῥωμαίους
457 2329 523 2365 πρὸς
536 2331 570 2357 τὰ
587 2332 734 2359 Καλανδῶν
748 2332 845 2358 Μαῖων
856 2340 864 2348 ⁵
875 2331 947 2361 κατὰ

159 2369 188 2416 ᾅὶ
208 2370 350 2406 Ἐῦραίους
366 2375 522 2411 Νισαϐρίων
549 2379 779 2416 ἑπτακαιδεκάτῃ,
807 2380 854 2405 ἐπὶ
871 2379 947 2414 βασι-

998 2285 1070 2313 modi
1089 2295 1095 2312 :
1114 2285 1205 2320 Longo
1229 2293 1306 2318 naso,
1332 2286 1466 2314 subducto
1491 2288 1645 2322 supercilio,
1671 2290 1786 2324 pulcher

996 2331 1091 2363 oculis,
1118 2332 1291 2362 recalvaster.
1317 2332 1420 2365 prolixa
1443 2332 1536 2365 barba,
1560 2333 1648 2367 velox,
1676 2336 1785 2363 habitu-

997 2377 1068 2403 dinis
1091 2377 1209 2412 optimae,
1230 2377 1317 2404 aetatis
1330 2377 1436 2411 mediae,
1460 2378 1536 2407 Canis
1557 2386 1694 2413 aspersus,
1717 2381 1785 2411 aﬁ‘e-

161 2414 237 2463 λειας
251 2416 331 2443 Γαΐου
347 2420 473 2456 Τιϐερίου
488 2423 626 2458 Καίσαρος
639 2433 645 2440 ·
662 2425 733 2450 κατὰ
743 2414 772 2450 6t
794 2425 868 2463 ἡμᾶς
883 2424 946 2455 τοὺς

999 2421 1090 2449 ctione
1104 2421 1258 2452 continens,
1275 2422 1362 2456 gratia
1387 2421 1436 2452 Dei
1460 2422 1566 2459 plenus.
1581 2424 1681 2454 Beatus
1701 2427 1784 2463 igitur

160 2460 342 2495 Χριστιανοὺς
366 2463 555 2499 βασιλεύοντος
571 2467 618 2494 τοῦ
637 2469 741 2503 Κυρίου
760 2460 839 2505 ἡμῶν
857 2468 945 2504 Ἰησοῦ

1000 2466 1108 2498 Marcu‘s
1144 2467 1319 2501 evangelista.
1354 2469 1459 2504 primus
1490 2470 1590 2498 Christi
1617 2460 1723 2509 martyr
1754 2475 1782 2506 in

160 2507 293 2544 Χριστοῦ,
322 2507 345 2544 ᾦ
360 2511 377 2546 ἠ
393 2511 455 2547 δόξα
473 2514 520 2545 καὶ
545 2514 576 2540 τὸ
591 2516 691 2553 κράτος
709 2516 750 2547 ei;
766 2515 828 2548 τοὺς
843 2515 945 2548 αἰῶνας

1001 2514 1112 2550 Egypti
1143 2514 1317 2549 Alexandria,
1346 2523 1451 2550 mense,
1475 2517 1521 2552 qui
1545 2518 1616 2552 apud
1642 2507 1784 2556 Egryptios

160 2554 214 2582 τῶν
229 2555 346 2584 αἰώνων.
369 2557 467 2594 ’Λμήν.

1001 2560 1224 2594 Pliariiiutius,et
1233 2562 1303 2596 apud
1315 2561 1444 2591 Hebraeos
1454 2562 1536 2591 Nisan
1548 2554 1785 2601 dicitur,septimo

161 2599 294 2630 Kalendas
325 2603 399 2640 Maii,
428 2610 457 2632 ut
482 2605 597 2637 Romani
630 2613 782 2641 numerant,
814 2610 864 2636 hoc
894 2613 946 2639 est,
967 2607 1068 2642 Aprilis
1091 2607 1219 2635 vicesimo
1244 2607 1349 2642 quinto,
1369 2609 1446 2643 obiit,
1474 2611 1638 2646 imperatore
1669 2599 1783 2640 Claudio

161 2647 268 2676 Nerone
280 2650 384 2682 Quare
399 2661 406 2680 :
422 2652 501 2682 nobis
513 2659 602 2680 autem
617 2650 797 2687 'Christianis
831 2655 982 2690 imperante
1003 2654 1118 2682 Domino
1146 2660 1239 2681 nostro
1265 2654 1329 2684 Jesu
1354 2655 1481 2692 Christo;
1505 2659 1549 2687 cui
1577 2659 1662 2694 gloria
1689 2665 1731 2688 est
1755 2665 1784 2692 et

162 2694 304 2729 imperium
322 2705 382 2725 cum
398 2698 478 2727 Putre
501 2703 528 2728 et
544 2699 647 2736 Spiritu
670 2706 777 2734 sancto,
793 2701 820 2728 in
846 2699 943 2728 sat-cuia
962 2699 1133 2733 saeculorum,
1149 2698 1245 2727 Amen.

198 2754 208 2769 '
221 2754 286 2782 Luc.
300 2764 377 2790 xxnl,
392 2758 438 2786 46.

291 2913 426 2944 ΡΑτιιυι..
447 2915 504 2945 (in.
536 2917 628 2948 CXV.

1575 2924 1591 2958 6
