2170 3148
225 217 277 251 173

857 219 947 250 VITA
968 219 998 248 S.
1016 218 1193 248 ΛΝἸἪῙΜΙ.

1790 217 1843 250 ιιι

221 276 269 303 καὶ
284 275 332 310 τὴν
347 275 488 310 συμφορὰν
504 274 671 310 ἀνωδύρετο.
687 274 867 310 Νικομηδέων
882 274 973 300 τοίνυν
983 274 1008 300 οἱ
1023 277 1048 306 Α
1061 273 1077 300 d

985 274 1008 300 οἱ
1023 277 1048 306 Α
1061 273 1178 300 deﬂebat
1198 271 1402 304 miserabiliter,
1429 275 1456 299 et
1472 272 1629 307 deplorabat
1649 273 1842 303 calamitatem.

222 323 364 358 πρόκριτοι
384 322 430 348 καὶ
446 321 564 356 μάλιστα
579 320 630 353 τῆς
654 319 818 355 Ἐκκλησίας
834 320 898 346 ὅσον
914 319 1008 354 τρόφι-

222 378 272 403 μον
302 366 335 403 ἧν
350 368 379 393 τι
405 368 519 402 στυγνὸν
536 367 624 393 ἐκεῖνο
637 366 685 393 καὶ
703 367 801 402 πικρὸν
816 367 864 400 τῆς
889 365 1007 400 ἐρημίας

221 414 306 444 πάθος
322 413 353 440 οὐ
379 413 519 447 φέρονῖες,
548 412 677 447 μάρτυρὰ
692 420 722 438 τε
737 412 786 447 τῆς
808 411 898 438 αὐτῶν
915 411 1006 445 ψήφου

219 458 250 485 τὸ
264 459 342 485 Θείον
354 459 469 485 ἐκάλουν
481 459 527 484 καὶ
547 458 652 484 ἐδέοντο
671 457 783 492 Θερμῶς
800 457 1007 492 ἐκκαλυφθῆναι

219 505 338 539 τούτοις,
352 506 376 532 εί
393 505 431 539 τῷ
449 504 508 540 Θεῷ
522 504 556 531 τὰ
568 506 617 538 τῆς
632 504 722 531 αὐτῶν
743 504 855 538 γνώμης
871 504 1009 531 ἀπὸδεκτα

219 552 274 586 εἴη,
289 552 336 578 καὶ
353 552 377 578 εί
397 552 446 587 τὴν
462 550 564 578 ἄνωθεν
583 550 669 585 ἔχοιεν
692 550 781 585 ψῆφον
805 549 1009 584 ἐπιμαρτυροῦ-

220 605 269 623 σαν
284 597 331 623 καὶ
345 596 430 631 αὐτὴν
445 597 491 622 καὶ
507 595 756 630 συμφθεγγομένην
783 595 822 629 τῷ
847 595 989 629 πράγματι
1000 603 1007 610 '

220 643 268 669 καὶ
299 643 353 669 ἰδοὺ
387 642 444 677 φῶς
461 643 535 677 μέγα
558 643 605 669 καὶ
623 642 781 676 θαυμαστὸν
811 641 945 676 ἧςτραψε,
961 643 1009 667 καὶ

220 689 296 723 φωνή
315 697 356 720 τις
374 688 412 723 τῷ
428 687 546 723 ’Λνθίμῳ
565 688 626 714 θεία
637 686 881 722 προσεμαρτύρει,
898 686 946 712 καὶ
960 686 1009 720 τὴν

219 734 310 769 ψῆφον
340 735 489 769 ἐπεκύρου,
521 734 568 760 καὶ
590 734 629 764 είς
646 734 733 768 πέρας
749 734 864 766 ἀγαγεῖν
880 732 1010 767 προετρέ-

220 789 296 808 πετο.
323 780 352 807 '0
380 773 430 815 μὲν
447 778 494 807 οὖν
509 780 599 811 οὕτως
629 779 675 806 ἐπὶ
692 780 746 806 τῶν
759 779 859 805 οίάχων
878 779 926 814 τῆς
948 779 1010 805 Ἐκ-

220 826 335 862 κλησίας
349 826 507 858 καθέζεται,
525 826 572 852 καὶ
588 826 634 851 τὸν
651 825 726 858 ἄξιον
741 826 754 851 ὁ
772 824 866 860 Θρόνος
882 825 1009 858 ἀπολαμ-

218 871 305 903 ϐάνει,
321 872 368 898 καὶ
384 871 429 898 τὸν
445 872 545 898 οἰκεῖον
565 871 720 906 ἀναιρεῖται
737 870 837 906 κόσμον
860 871 877 905 ἠ
892 869 1010 904 Ἐκκληο

221 918 277 948 σία,
295 917 342 944 καὶ
354 918 404 952 τὴν
420 917 571 952 κατήφειαν
593 917 757 951 ἀπο-τίθησι,
779 916 901 946 τοιούτου
919 916 1010 948 (κατὰ

1063 318 1310 346 Nicomediensium
1329 318 1419 352 itaque
1436 319 1584 352 praepesiti,
1604 323 1632 346 et
1656 320 1775 347 maxime
1798 322 1844 355 qui

1062 369 1141 392 erant
1157 364 1260 391 alumni
1278 363 1411 396 ecclesize,
1434 370 1464 390 se
1479 371 1540 391 esse
1557 365 1679 393 desertos
1705 367 1846 401 aegerrime

1062 410 1192 442 ferentes,
1210 418 1305 437 omnes
1318 411 1388 436 inter
1405 417 1435 436 se
1445 411 1582 437 conttnuni
1601 410 1728 445 sull‘ragio
1749 413 1844 439 decer-

1063 461 1140 488 nunt,
1157 456 1286 482 Anthimo
1298 456 1481 483 mandandum
1495 462 1555 483 esse
1568 455 1763 489 episcopatum.
1776 456 1844 484 Cum

1062 508 1127 534 ergo
1142 501 1278 527 venissent
1291 500 1324 527 ad
1338 501 1491 532 ecclesiam,
1509 500 1591 527 Deum
1609 501 1740 528 vocabant
1752 505 1846 528 testem

1063 554 1118 572 sum
1130 546 1281 578 electionis,
1296 551 1324 574 et
1349 547 1528 574 vehementer
1544 546 1685 581 rogabant,
1704 551 1733 573 ut
1749 547 1788 574 eis
1804 555 1848 574 rc-

1062 590 1208 622 velaretur,
1228 599 1261 617 an
1279 596 1351 618 esset
1365 590 1419 618 Dcu
1434 596 1545 626 accepta
1560 598 1654 619 eorum
1668 592 1812 624 sententia,
1825 597 1852 621 rt

1064 644 1096 662 an
1109 636 1241 663 haberent
1257 645 1405 672 supernum
1424 637 1582 672 sull‘ragium
1597 637 1637 665 eis
1653 637 1805 673 sum-agatis
1822 645 1850 664 et

1064 681 1224 716 asupulans.
1241 681 1310 709 Ecce
1325 687 1414 710 autent
1440 682 1622 710 circumfulsit
1638 683 1683 710 lux
1698 691 1796 717 magna
1822 689 1849 710 et

1064 727 1232 755 admirabilis
1253 735 1261 754 :
1281 732 1309 754 et
1325 735 1376 755 vox
1400 729 1524 763 quaedam
1539 729 1670 756 Anthimo
1686 729 1747 756 tulit
1773 730 1850 757 testi.

1066 773 1196 804 monium,
1216 776 1243 799 et
1256 780 1349 799 eorum
1368 774 1541 803 conﬁrmavit
1556 775 1728 808 electionem,
1745 780 1773 804 et
1786 777 1852 804 hor-

1065 822 1119 844 tata
1132 823 1182 851 est,
1197 821 1227 844 ut
1239 818 1271 846 ad
1285 819 1409 847 eth-ctum
1427 820 1599 850 deducerent.
1614 823 1701 857 Atque
1712 823 1750 850 sic
1763 823 1850 858 ιιι-ωηο

1064 865 1135 892 citur
1147 867 1223 895 clavo
1235 870 1351 903 regendo
1362 868 1500 901 Ecclesiae,
1515 873 1543 897 et
1553 869 1632 897 sedes
1643 870 1730 897 virum
1741 870 1852 904 dignum

1066 914 1192 948 suscipit,
1209 919 1236 941 et
1249 923 1328 942 suum
1339 919 1528 943 ornamentum
1540 915 1639 951 accipit
1659 915 1780 944 Ecclesia
1802 926 1809 944 ε
1824 923 1854 945 et

220 962 344 998 Παῦλον)
357 963 540 997 ἁνεπιλήπτου
559 962 641 996 φάναι
658 961 704 988 καὶ
719 961 790 988 οὕτω
804 961 886 996 σοφοῦ
899 961 946 988 καὶ
963 969 1011 996 μευ
1027 955 1051 985 Β
1067 969 1077 986 ι

998 975 1011 982 -
1027 955 1051 985 Β
1067 959 1178 994 deponit
1195 960 1345 993 tristitiam,
1361 966 1389 989 ut
1405 969 1464 996 qua:
1484 963 1552 990 adeo
1568 963 1608 997 (ut
1631 970 1693 990 cutn
1717 963 1853 992 Paulodi-

219 1007 302 1042 γάλου
313 1008 433 1043 τυχοῦσα
450 1007 496 1034 τοῦ
515 1009 672 1035 ἐπιστάτου.

252 1097 293 1124 Γτ
313 1098 342 1124 '0
366 1099 394 1124 δὲ
422 1098 493 1126 κατὰ
518 1098 582 1130 τοὺς
609 1098 728 1133 ἀγαθοὺς
755 1097 925 1132 κυϐερνήτας
942 1097 1012 1132 πρὶς

217 1143 298 1170 τοῦτο
314 1144 394 1179 μόνον
409 1144 463 1179 ὅλῳ
479 1144 518 1180 τῷ
532 1144 664 1180 ὀφθαλμῷ
677 1144 751 1179 ἑώρα
771 1146 818 1172 καὶ
836 1143 1011 1180 παρεσκεύα-

218 1197 275 1220 στο,
303 1191 377 1222 ὅπως
394 1199 423 1217 τε
445 1190 491 1217 τὸν
509 1190 627 1225 χαλεπὸν
656 1190 705 1226 τῆς
731 1190 859 1222 ἀσεϐείας
877 1189 1011 1224 κοιμίσειε

217 1234 351 1267 κλύδωνα,
370 1236 416 1262 καὶ
435 1235 508 1267 ὅπως
524 1236 573 1266 τὰς
588 1235 642 1262 τῶν
657 1235 852 1270 συμπλεόντων
868 1235 957 1270 ψυχὰς
972 1235 1012 1265 εἰς

216 1280 263 1306 τον
291 1280 389 1315 λιμένα
411 1281 457 1308 τοῦ
485 1282 552 1308 Θεοῦ
581 1281 786 1316 καθορμίσειεν.
817 1278 895 1307 Οἶδεν
923 1281 1012 1316 Ἱνδης

216 1326 303 1352 τεῦτα
315 1328 362 1353 καὶ
374 1328 465 1361 Δᾶμνα
474 1336 482 1343 ·
505 1327 594 1362 Ἴνδης
610 1328 714 1358 ἐκεῖνος
726 1327 796 1361 ἀνὴρ
808 1326 966 1361 θαυμαστός
981 1333 1011 1352 τε

203 1373 266 1408 ,καὶ
281 1373 440 1406 ἀξιέπαινος
453 1383 459 1390 ·
477 1375 559 1401 αὑτὸν
575 1375 625 1407 μὲν
641 1374 757 1408 βασιλέα
772 1375 820 1401 καὶ
834 1374 868 1400 τὰ
880 1374 943 1408 περὶ
960 1373 1010 1408 βα-

219 1418 296 1445 σιλέα
323 1420 412 1446 πάντα
435 1419 606 1451 καταλιπὼν,
637 1421 670 1454 τῇ
686 1419 813 1453 εὐσεϐείᾳ
828 1418 857 1445 δὲ
878 1419 948 1453 μετά
962 1418 1012 1452 τῆς

217 1464 324 1499 Δόμνης
351 1465 495 1499 προτεθεις
522 1465 570 1491 καὶ
596 1465 643 1491 τον
671 1465 760 1491 κοινὸν
786 1465 869 1500 ἄμφω
900 1464 1013 1499 βασιλέα

218 1509 422 1544 πλουτήσαντες
435 1517 441 1524 ·
459 1509 519 1536 οὐδὲ
536 1509 682 1543 Γλυκέριος
695 1511 741 1536 καὶ
756 1510 885 1543 Θεόφιλος
901 1510 949 1544 τῆς
966 1510 1012 1536 τοῦ

218 1554 315 1591 ἁνδρδς
331 1554 395 1590 περὶ
410 1554 459 1590 τὴν
471 1554 613 1581 εὐσέϐειαν
629 1554 748 1589 σπουδῆς
762 1555 902 1588 ἄγευστοι,
921 1554 1012 1582 ἱκανὸν

216 1601 296 1627 τοῦτο
306 1602 458 1636 τεκμήριον
471 1601 517 1627 τὶν
527 1600 597 1637 ὑπὲρ
610 1601 729 1635 Χριστοῦ
744 1600 859 1630 θάνατον
873 1601 1012 1636 παρασχό-

219 1656 295 1682 μενοι
308 1656 316 1663 ·
332 1647 393 1675 οὐδὲ
407 1647 514 1680 πληθὺς
528 1646 595 1681 ἄλλη
611 1646 763 1682 δισμυρίων
777 1647 820 1673 διὰ
835 1647 921 1682 πυρὸς
936 1647 1010 1682 αὑτῴ

217 1695 266 1720 καὶ
280 1691 353 1720 οὗτοι
369 1693 559 1724 τελειωθέντες
572 1701 579 1708 ⁸
598 1693 656 1719 ζσοι
672 1701 702 1719 τε
718 1686 781 1728 περὶ
796 1693 948 1728 Μαρδόνιον
965 1694 1011 1720 καὶ

218 1739 382 1774 Μυγδόνεον,
401 1740 502 1774 Πέτρον
516 1739 563 1765 καὶ
573 1739 618 1765 τὸν
628 1739 867 1774 καρτερικώτατον
885 1739 1010 1774 Ζήνωνα,

219 1786 267 1811 τὸν
284 1786 341 1812 ἴσον
359 1785 407 1812 καὶ
420 1786 498 1812 αὐτοὶ
515 1785 583 1820 πρὸς
611 1786 730 1819 Χριστὸν
746 1785 948 1820 ἐπιδειξάμενοι
962 1785 1011 1812 πό-

220 1831 277 1864 θον,
293 1832 353 1858 ἐπεὶ
374 1832 411 1867 μὴ
426 1832 473 1858 καὶ
491 1831 540 1866 τῆς
562 1832 622 1868 ῖσης
639 1832 753 1863 ἐκείνοις
780 1832 925 1867 ἠνέσχοντο
940 1840 1011 1866 μαρι-

220 1878 316 1912 τυρίας
330 1877 545 1912 ἀπολειφθῆναι·
568 1877 686 1912 τοσαύτη
709 1877 759 1910 μὲν
775 1876 807 1912 δὴ
822 1878 882 1903 τότε
903 1877 1010 1908 πολλοῖς

220 1927 269 1959 τῆς
280 1924 422 1956 εὐσεϐείας
437 1924 557 1954 ἐπίδοσις
569 1924 622 1950 ὑπὸ
637 1923 685 1949 τοῦ
703 1922 862 1957 θαυμαστοῦ
882 1922 1010 1958 Ἀνθίμου

219 1971 328 2005 ἐγένετο
340 1978 346 1984 “
369 1969 447 2002 ἄφνω
471 1969 499 1996 δέ
516 1978 556 2000 τις
571 1968 677 2004 χειμὼν
698 1968 834 2002 ἐγείρεται
849 1966 1010 2002 χαλεπώτα-

218 2025 273 2047 τος,
286 2015 332 2042 καὶ
343 2015 510 2050 αφοδροτέρα
521 2015 649 2048 καταιγὶς
658 2013 818 2048 ἐμπεσοῦσα
830 2013 1010 2047 Χριστιανοὺς

218 2063 349 2089 κατέδυσε
365 2063 469 2093 πάντας
482 2070 488 2076 ·
504 2059 538 2097 ἦν
554 2061 605 2095 μὲν
618 2060 672 2095 γὰρ
689 2060 735 2086 ἐπὶ
751 2060 798 2095 τῆς
812 2060 899 2095 ἀρχῆς
921 2060 1010 2092 Mai-.-

221 2109 327 2143 μιανὸς.
342 2107 472 2142 διωγμῶν
483 2108 512 2135 δὲ
531 2107 545 2132 ό
562 2106 714 2142 βαρύτατος
738 2107 784 2133 ἐπὶ
797 2106 868 2141 μέγα
885 2115 913 2132 τε
929 2107 1011 2142 ἤρετο

220 2154 351 2181 καὶκατὰ
367 2154 418 2188 γῆς
435 2153 544 2188 ἁπάσης
560 2151 659 2188 ἐχώρει
684 2153 730 2179 καὶ
744 2152 769 2179 οἱ
789 2152 840 2187 μὲν
854 2153 1010 2187 ὴρευνῶντο

219 2200 403 2235 Χριστιανῶν,
417 2199 482 2237 otiae
494 2199 621 2234 ἔφευγον,
634 2199 658 2225 οἱ
672 2199 700 2225 δὲ
719 2198 880 2235 ἀνῃροῦντο.
898 2198 934 2226 Τὸ
947 2198 1010 2234 μέν·

218 2255 260 2272 τοι
271 2247 321 2281 τῆς
337 2246 480 2277 εὐσεϐείας
492 2245 571 2277 ἄνθος
585 2246 630 2272 τὸν
646 2245 778 2280 Ἀνοιμον
791 2245 869 2280 δῆλον
887 2246 903 2280 ή
923 2245 1008 2281 ἀρετὴ

219 2291 359 2319 κάνταῦθα
372 2293 444 2318 ποιεῖ
456 2291 504 2317 καὶ
532 2291 665 2326 μηνύεται
687 2293 745 2323 τοῖς
773 2291 807 2317 τὰ
834 2290 1008 2325 Χριστιανῶν

219 2337 361 2372 ἐρευνῶσι,
384 2338 430 2364 καὶ
458 2333 547 2368 οὗτος,
561 2338 575 2364 ὁ
602 2337 650 2363 νῦν
666 2337 715 2372 μὲν
735 2339 764 2363 ὲν
781 2336 884 2371 ἱερεῦσι
901 2336 1000 2371 μέγας,

222 2383 313 2418 μικρῷ
332 2383 361 2410 δὲ
376 2382 489 2418 ὕστερον
505 2383 557 2408 κάν
570 2384 625 2413 τοῖς
639 2383 786 2417 μάρτυσιν.

256 2431 292 2455 Δ’.
314 2428 344 2454 'O
361 2429 410 2463 μὲν
428 2429 481 2462 γὰρ
495 2428 569 2462 παρά
589 2437 642 2455 τινι
657 2427 775 2463 διέτριϐε
793 2426 875 2463 κώμῃ
891 2427 1011 2462 σπείρων

1063 1011 1122 1032 cam
1137 1005 1163 1040 ¹)
1180 1006 1445 1041 irrcprehensibilem
1455 1013 1483 1036 et
1499 1009 1567 1037 adeo
1578 1009 1728 1044 sapientem
1741 1015 1770 1039 et
1793 1019 1853 1038 ma-

1064 1057 1147 1085 gnum
1164 1052 1202 1079 sit
1218 1058 1343 1081 assecuta
1362 1056 1529 1089 praelectum.

1103 1096 1149 1124 lll.
1164 1097 1211 1125 llle
1223 1104 1326 1132 autem.
1343 1102 1479 1133 quomodo
1492 1101 1555 1129 boni
1566 1101 1776 1137 gubernatores,
1799 1105 1852 1133 hoe

1063 1143 1151 1170 solum
1166 1146 1315 1179 spectabat,
1330 1151 1356 1173 et
1370 1147 1403 1174 ad
1429 1147 1454 1174 id
1478 1154 1508 1176 se
1535 1148 1659 1183 parabat,
1683 1156 1713 1177 ut
1739 1151 1850 1179 sedaret

1062 1197 1159 1224 graves
1172 1189 1271 1218 ﬂuctus
1289 1191 1447 1227 impietatis,
1467 1198 1494 1221 et
1512 1198 1541 1221 ut
1565 1196 1670 1223 animas
1692 1204 1787 1225 eorum
1805 1200 1852 1234 qui

1063 1234 1144 1261 simul
1159 1242 1221 1262 cum
1239 1243 1271 1263 eo
1289 1237 1463 1273 navigabant,
1481 1239 1515 1266 ad
1538 1246 1647 1275 portuut
1663 1241 1712 1270 Dei
1729 1243 1852 1272 duceret.

1064 1279 1120 1308 Hoc
1135 1282 1210 1309 novit
1224 1282 1303 1311 lndes
1314 1289 1342 1311 et
1353 1283 1466 1314 Domita.
1479 1286 1558 1315 lndes
1574 1288 1618 1316 ille
1633 1288 1674 1316 vir
1685 1290 1853 1319 admirabilis

1063 1331 1091 1354 et
1107 1327 1186 1356 laude
1200 1329 1309 1363 dignus,
1325 1331 1382 1364 qui,
1397 1332 1492 1360 relicto
1507 1333 1673 1369 imperatore
1697 1341 1725 1364 et
1739 1337 1856 1372 impera-

1065 1373 1134 1400 toris
1150 1374 1232 1401 rebus
1251 1376 1388 1409 omnibus,
1406 1385 1467 1404 cum
1491 1379 1597 1406 Domna
1613 1383 1730 1409 accessit
1748 1384 1781 1409 ad
1798 1385 1856 1418 pie.

1066 1423 1159 1452 latent,
1179 1427 1205 1446 et
1221 1427 1394 1449 communem
1411 1430 1501 1458 regem
1522 1426 1602 1452 ambo
1630 1432 1694 1454 sunt
1723 1431 1853 1456 assecuti.

1070 1462 1162 1498 Neque
1179 1464 1319 1500 Giycerius
1347 1472 1374 1494 et
1399 1467 1566 1502 Theophilus
1595 1471 1705 1498 luerunt
1729 1480 1855 1507 expertes

1065 1510 1148 1536 studii
1165 1510 1243 1544 hujus
1260 1512 1311 1540 viri
1328 1513 1450 1547 pietatis,
1467 1515 1514 1549 qui
1546 1516 1597 1544 hoc
1628 1517 1766 1546 suﬂlciens
1786 1528 1855 1554 prauo

1066 1553 1152 1582 bucrc
1182 1556 1376 1588 testiinonium,
1397 1566 1493 1593 nempe
1519 1566 1632 1588 mortem
1661 1569 1710 1596 pro
1734 1553 1854 1592 Christo.

1035 1631 1046 1642 Ἰ
1064 1597 1157 1634 Neque
1181 1601 1234 1627 alia
1262 1601 1406 1630 multitudo
1424 1604 1517 1638 viginti
1532 1605 1657 1638 millium,
1674 1606 1718 1640 qui
1743 1607 1853 1636 fuerunt

1064 1652 1111 1679 per
1144 1646 1233 1681 ignem
1266 1648 1455 1676 consummati.
1486 1648 1643 1677 Mardonius
1671 1658 1797 1686 quoque,
1825 1659 1854 1680 et

1062 1690 1231 1726 Mygdonius,
1248 1697 1275 1719 et
1286 1691 1395 1725 Petrus,
1413 1699 1439 1721 et
1458 1694 1623 1724 fortissimus
1636 1695 1720 1730 Zeno,
1741 1699 1786 1733 qui
1799 1699 1850 1733 ipsi

1063 1745 1172 1772 quoque
1192 1739 1370 1767 ostenderunt
1393 1748 1487 1775 parem
1504 1742 1530 1768 in
1557 1742 1694 1772 Christum
1716 1753 1850 1779 amorem,

1063 1785 1192 1817 quoniam
1211 1792 1262 1811 nec
1283 1793 1297 1811 a
1315 1786 1373 1819 pari
1397 1787 1507 1820 quidem
1534 1788 1723 1817 sustinuerunt
1754 1791 1853 1820 abesse

1063 1831 1205 1866 martyrio.
1225 1830 1463 1867 Tantumquidem
1492 1834 1518 1860 in
1535 1834 1637 1868 pietate
1654 1836 1852 1866 incrementum

1065 1875 1216 1902 tuncmulti
1238 1883 1406 1911 acceperunt
1424 1879 1458 1906 ab
1471 1878 1600 1907 Anthimo
1615 1881 1778 1910 admirabili.
1797 1883 1853 1911 Re.

1064 1926 1144 1955 peute
1167 1926 1256 1948 autem
1282 1924 1419 1950 excitatur
1445 1928 1590 1959 tempestas
1610 1928 1851 1957 vehementissima

1063 1972 1090 1994 et
1101 1967 1250 1995 saevissima
1266 1969 1382 2003 procella
1400 1969 1506 1997 irruens
1522 1971 1548 1998 in
1563 1971 1743 2006 Christianos,
1756 1983 1852 2002 omnes

1063 2014 1191 2049 perculit.
1208 2013 1275 2041 Nam
1294 2014 1436 2048 imperium
1464 2016 1573 2050 quidem
1597 2018 1739 2046 obtinebat
1765 2020 1852 2047 Maxi—

1064 2060 1171 2087 mianus
1188 2065 1302 2089 :exorta
1329 2064 1371 2087 est
1388 2064 1477 2087 autem
1496 2061 1658 2096 gravissima
1684 2067 1850 2099 persecutio,

1064 2111 1090 2134 et
1105 2106 1224 2141 pervasit
1238 2106 1263 2133 in
1283 2112 1392 2134 omnem
1412 2110 1511 2134 terram
1524 2116 1530 2134 :
1543 2112 1570 2135 et
1584 2115 1616 2135 ex
1635 2109 1796 2138 Christianis
1807 2112 1852 2139 alii

1063 2153 1171 2188 quidem
1187 2153 1389 2187 quaerebantur,
1406 2153 1450 2180 alii
1464 2161 1529 2181 vero
1541 2154 1787 2184 interﬁciebantur.
1803 2158 1852 2186 At-

1065 2205 1117 2233 que
1129 2197 1223 2225 ﬂorem
1239 2198 1348 2233 quidem
1366 2199 1486 2233 pietatis,
1499 2198 1671 2233 Anthimum,
1688 2202 1772 2230 virtus
1788 2207 1852 2230 tunc

1065 2246 1130 2271 lacit
1141 2243 1314 2272 manifestum
1329 2253 1336 2273 ;
1349 2248 1375 2271 et
1386 2244 1520 2272 iudicatur
1536 2253 1643 2280 quoque
1657 2247 1708 2274 illis
1719 2248 1764 2281 qui
1776 2256 1853 2282 quae.

1064 2291 1160 2318 rebant
1171 2290 1352 2323 Christianos,
1372 2291 1394 2317 is
1406 2291 1452 2325 qui
1468 2294 1532 2318 tunc
1545 2293 1652 2325 quidem
1666 2299 1725 2320 erat
1737 2301 1852 2328 magnus

1065 2336 1136 2363 inter
1154 2337 1321 2368 sacerdotes,
1334 2336 1415 2370 paulo
1427 2341 1488 2370 post
1503 2341 1592 2364 autent
1600 2338 1681 2364 etiam
1697 2338 1768 2366 inter
1777 2347 1852 2367 mar.

1066 2386 1150 2416 lyres.

1101 2427 1148 2455 IV.
1190 2427 1258 2455 Nam
1282 2428 1328 2457 ille
1352 2429 1460 2464 quidem
1489 2429 1647 2456 versabalur
1679 2430 1705 2458 in
1734 2432 1852 2466 quodam

219 2484 249 2502 τε
261 2475 300 2510 τῷ
317 2474 388 2509 λόγῳ
413 2475 463 2508 τῆς
486 2474 615 2508 ἀληθείας
630 2474 678 2502 καὶ
697 2474 728 2501 τὸ
755 2474 888 2500 τάλαντον
899 2473 949 2509 τῆς
964 2474 1010 2502 πί·
1028 2469 1049 2496 D
1066 2481 1076 2507 ι

993 2474 1010 2500 ἷ-
1028 2469 1049 2496 Β
1066 2481 1144 2507 pago,
1161 2474 1300 2502 seminans
1316 2475 1428 2502 verbum
1445 2475 1580 2508 veritatis,
1594 2480 1622 2502 et
1645 2475 1774 2504 talentum
1790 2478 1850 2506 ﬁdei

220 2530 306 2552 στεω;
332 2520 596 2552 πολλαπλασιάζων·
619 2520 724 2555 πέμπει
740 2521 767 2546 δὲ
788 2521 828 2551 εἰς
845 2519 950 2546 εἴκοσιν
965 2521 1011 2547 ἱπ-

219 2567 287 2600 πέας
303 2569 316 2594 6
331 2566 513 2602 Μαξιμιανὺς,
527 2567 598 2594 ὥστε
612 2566 755 2593 συλλαϐεῖν
769 2566 863 2593 τοῦτον
880 2567 927 2593 καὶ
944 2567 1011 2603 παρ’

217 2614 298 2640 αὑτὸν
310 2614 434 2648 ἀγαγεῖν.
453 2614 485 2641 0i.
502 2614 529 2640 δὲ
546 2614 575 2640 ἐν
594 2615 628 2649 τῇ
651 2613 765 2649 Σημάνῃ
788 2614 1007 2649 παραγεγονότες

218 2660 317 2695 (τοῦτο
333 2661 387 2695 γὰρ
404 2660 490 2695 ὃνομα
505 2661 538 2696 τῇ
557 2659 658 2695 κώμῃ)
677 2659 874 2695 ἐντυγχάνουσι
890 2659 928 2695 τῷ
949 2660 1007 2686 ’Λν-

216 2707 289 2742 θῖμῳ
303 2707 349 2733 καὶ
366 2707 403 2742 μὴ
414 2707 612 2742 συμϐαλόντες,
625 2707 662 2738 ὼς
676 2703 753 2738 οὗτος
767 2707 871 2737 ἐκεῖνος
885 2707 898 2732 ὁ
912 2705 1009 2740 ζητού-

218 2760 297 2785 μενος
315 2753 368 2785 εἰη,
390 2753 469 2779 αὑτὸν
487 2753 618 2788 Ἂνῦιμον
643 2752 757 2788 ἠρώτων
783 2753 845 2788 περὶ
869 2751 1007 2786 Ἀνοίμου,

217 2799 264 2824 καὶ
278 2798 350 2829 ὅστις
368 2795 444 2829 οὗτος
458 2799 586 2834 ὑπάρχοι,
605 2799 651 2826 καὶ
663 2799 730 2826 ὅπου
744 2798 880 2834 διατρίϐει
893 2799 942 2832 τῆς
957 2797 1010 2824 κὼ-

219 2853 286 2880 μης.
304 2843 335 2869 '0
351 2844 397 2870 καὶ
410 2845 477 2876 τέως
495 2845 543 2879 μὲν
556 2846 601 2872 ἐπὶ
621 2845 710 2878 ξενίαν
720 2845 831 2877 τούτους
845 2843 1009 2881 παραλαϐὼν

254 2926 262 2942 ί
280 2925 289 2954 Ι
305 2925 376 2955 Tim.
395 2935 436 2960 ιιι,
453 2927 480 2956 Ξ.

1065 2520 1262 2554 multiplicans.
1276 2520 1357 2548 Mittit
1368 2526 1458 2548 autem
1473 2521 1653 2549 Maximianus
1668 2523 1741 2550 circa
1757 2523 1852 2557 viginti

1064 2565 1181 2600 equites,
1200 2569 1229 2592 ut
1240 2573 1302 2593 eum
1321 2567 1585 2601 comprehenderent
1599 2572 1627 2594 et
1643 2568 1677 2595 ad
1693 2575 1754 2596 cum
1767 2569 1851 2595 addu-

1063 2617 1169 2640 cerent.
1188 2612 1229 2639 Illi
1258 2618 1347 2640 autem
1374 2620 1434 2640 cum
1464 2612 1607 2640 Semanatn
1634 2615 1773 2641 venissent
1800 2615 1853 2649 (est

1063 2658 1135 2685 θι,ἱιιι
1161 2658 1212 2685 hoc
1236 2665 1335 2686 nomen
1349 2660 1440 2694 pagol.
1458 2658 1598 2686 oﬂ‘endunt
1625 2659 1783 2686 Anthimum
1801 2666 1809 2685 :
1826 2666 1853 2687 et

1063 2705 1304 2740 noucunjicientes
1317 2705 1387 2732 hunc
1404 2706 1478 2733 illuni
1496 2713 1569 2736 esse.
1584 2713 1666 2738 quem
1684 2705 1850 2739 quaerebant,

1061 2752 1148 2785 ipsum
1162 2752 1320 2779 Anthimum
1337 2752 1468 2786 rogabant
1483 2751 1515 2779 de
1530 2752 1668 2784 Anthimo,
1684 2757 1710 2779 et
1723 2753 1848 2786 quisnam

1061 2798 1084 2824 is
1098 2802 1181 2830 esset,
1201 2802 1227 2825 et
1242 2798 1350 2825 ubinam
1365 2798 1392 2825 in
1407 2805 1476 2833 pago
1488 2798 1609 2832 degeret.
1633 2797 1679 2824 Ille
1702 2805 1767 2825 vero
1783 2805 1844 2825 cunt

1061 2851 1108 2871 eos
1122 2844 1231 2880 quidem
1257 2845 1365 2872 interim
1391 2844 1506 2881 hospitio
1524 2844 1684 2881 accepisset,
1701 2850 1727 2871 ct
1743 2844 1784 2870 eis
1799 2851 1847 2880 p.1-
