2170 3148
209 151 259 185 191

837 153 926 186 VITA
948 154 978 183 S.
999 153 1180 183 ΑΝΤΗΙΜΙ.

1782 154 1831 187 ί82

211 211 237 237 in
274 218 323 238 nos
346 210 470 245 spiravit.
495 208 597 236 Deinde
631 215 692 236 cum
716 208 862 244 jussissent
885 208 1032 236 abscedere
1052 207 1208 235 Antltimum
1232 209 1305 239 (eum
1333 214 1422 237 autem
1448 211 1581 239 vocabant
1607 211 1652 239 Dei
1678 211 1836 247 fatuulum),

208 264 257 284 nos
281 257 410 292 dejiciunt
425 263 432 282 :
448 261 473 284 et
501 257 539 283 sic
561 256 664 288 statim,
692 262 720 283 ut
747 257 833 288 vides,
858 256 988 283 alliciunt.
1010 256 1098 290 Atque
1115 256 1254 292 iiquidem
1272 257 1329 285 haec
1344 257 1415 285 inter
1431 265 1461 285 se
1476 258 1659 286 disserebant.

243 302 282 329 Θ’.
301 303 345 329 'Ev
360 302 415 336 ὅσῳ
428 302 456 328 δὲ
470 302 482 329 ί
499 301 593 337 τροχὸς
606 302 655 337 τῆς
667 303 818 337 περινςορᾶς
833 301 933 337 ἠρέμει
947 301 995 328 καὶ
1011 305 1034 331 Α
1084 301 1100 328 ΙῘ

980 301 995 327 .l.
1011 305 1034 331 Α
1084 301 1130 328 IX.
1146 302 1258 334 lutet-im
1276 307 1368 331 autem
1382 303 1446 330 dum
1469 309 1525 331 rota
1547 304 1707 339 quiescebat
1729 306 1764 333 ab
1780 313 1837 333 am-

207 349 268 375 ocss
283 348 312 374 τὺ
327 347 457 382 παράπαν
474 345 531 383 εἶχε
545 347 708 383 κινήματος,
722 349 750 374 ὲν
766 348 853 383 τούτῳ
868 347 998 383 θερμοτέ‹

209 404 259 430 ραν
277 395 291 421 ὁ
307 394 412 430 μάρτυς
430 394 467 430 τῷ
495 393 556 424 Θεῷ
581 394 737 430 προσέφερε
757 395 806 430 τὴν
818 394 998 430 εὐχαριστίαν

208 442 255 467 καὶ
272 441 393 475 πλείονος
407 440 513 467 ἐκεῖθεν
527 440 650 467 ἀπέλαυε
663 440 711 474 τῆς
728 440 925 475 χρηστότητος.
937 440 999 466 Μα-

208 487 334 521 ξιμιανὸς
356 487 447 513 τοίνυν
466 487 515 520 τῆς
530 486 585 513 τῶν
609 486 716 521 δημίων
741 486 882 521 ἀφελείας,
898 486 956 513 ἀλλ’
968 486 999 512 οὐ

207 533 257 566 τῆς
287 532 459 567 μαρτυρικῆς
482 532 592 564 ἐκείνης
616 530 684 567 πρὸς
700 531 745 559 τὸν
759 532 826 559 Θεον
841 532 1000 568 παρρησίας

207 577 293 610 δεῖξαι
312 578 342 604 τὸ
354 579 470 613 πρᾶγμα
482 578 592 610 ἐθέλων,
608 579 769 614 κατήγαγεν
784 578 865 606 αὑτὸν
879 579 926 606 τοῦ
938 587 1002 614 τρο-

208 624 257 659 χοῦ
286 624 333 650 καὶ
350 624 396 650 τὸν
413 623 457 650 διὰ
485 624 590 659 ξίφους,
612 625 670 658 εἴγε
692 625 730 660 μὴ
754 624 857 657 θύσειε,
887 624 1003 652 θάνατον

208 669 283 705 αὑτῷ
297 669 415 705 ἠπείλει.
440 670 507 697 Ὀδὲ
523 670 648 708 μείζονος
672 670 724 705 τὴν
747 670 865 706 ἀπειλὴν
892 671 1004 705 εὐχαρι-

183 721 185 723 '
209 717 286 749 στίας
301 717 430 744 ὑπόθεσιν
446 717 576 750 ὶποιεῖτο,
598 718 647 745 καὶ
672 717 720 744 τὸν
733 718 816 752 χορὸν
837 716 1004 745 καταλαϐεῖν

185 753 187 759 Ι
208 763 263 790 τῶν
290 763 443 799 δισμυρίων
469 763 633 799 μαρτύρων,
648 764 678 790 ὲν
693 763 742 799 ὅλῃ
754 763 855 799 καρδίᾳ
867 762 915 790 τοῦ
935 761 1003 789 Θεοῦ

210 809 310 841 ἐδεῖτο,
323 809 359 840 ὡς
372 809 473 841 ἐξεῖναι
487 809 535 836 καὶ
546 809 622 845 αὐτῷ
637 809 821 844 σεμνύνεσθαι
837 810 884 836 καὶ
894 809 985 844 λέγειν
994 816 1003 824 ·

214 863 223 881 ι
244 855 311 882 Ἰδοὺ
330 854 386 889 ἐγὼ
403 856 450 881 καὶ¹
475 855 510 881 τὰ
523 855 630 886 παιδία,
645 855 662 882 ἆ
679 864 725 890 μοι
745 855 847 882 ἔδωκεν
866 856 880 882 ὸ
893 855 970 887 Θεός.
993 864 1002 882 ι

212 900 268 926 Καὶ
284 899 324 931 ὃς,
351 900 445 936 ἐπειδὴ
472 900 574 935 μᾶλλον
603 901 678 936 αύτῷ
707 901 767 928 κατ’
779 901 862 937 εὐχὴν
880 901 913 928 ’τὸ
928 902 1005 933 τέλος

213 945 303 982 ἑώρα·
317 945 399 980 οἰδα,
417 947 496 982 φησι,
520 947 599 981 ὑμῶν
625 947 679 974 τῶν
701 948 876 984 Χριστιανῶν
899 948 930 975 τὸ
944 948 1005 976 λίαν

212 993 360 1028 δοξομανὲς
372 994 420 1021 καὶ
435 993 588 1029 φιλότιμον,
601 995 675 1028 ὅπως
689 997 781 1031 τυχεῖν
798 996 892 1024 ὁποίου
905 997 1006 1032 δήποτε

212 1039 344 1073 ὀνόματος
358 1039 403 1066 διὰ
425 1039 456 1066 τὸ
468 1039 624 1075 παράσολον
644 1040 691 1067 τοῦ
722 1041 897 1076 τολμήματος
913 1042 1008 1077 ὀρεγό-

215 1092 291 1118 μενοι
303 1084 334 1110 τὸ
345 1084 437 1111 κακῶν
448 1083 563 1120 ἔσχατον
571 1085 702 1114 ἁπάντων
716 1086 840 1122 αἱρεῖσθε
857 1087 904 1114 τὸν
919 1087 1007 1123 βίαιον

213 1129 344 1157 θάνατον·
361 1131 419 1158 ἀλλ’
435 1131 486 1166 οὐχ
497 1131 634 1167 αἱρήσεις,
650 1133 729 1167 φησὶ.
745 1133 843 1160 τούτου
858 1143 888 1168 γε
900 1134 1004 1161 ἐνεκενο

214 1175 272 1203 ἀλλ’
284 1176 339 1210 ἐγώ
355 1185 385 1204 σε
399 1177 511 1209 πολλαί;
527 1179 661 1214 πρότερον
677 1179 835 1214 περισαλὼν
847 1181 1006 1215 τιμωρίαις,

214 1221 286 1249 οὕτω
301 1223 348 1249 τοῦ
360 1224 494 1259 παρόντος
507 1225 634 1260 στερήσω
646 1225 746 1260 φωτὸς,
759 1226 805 1252 τὸν
820 1225 858 1261 μὴ
873 1226 1008 1261 τοσαύτης

216 1269 312 1303 ἡδονῆς
328 1269 490 1303 τηλικούτου
512 1271 654 1306 χρήματος
679 1270 765 1304 ἄξιον.
781 1271 837 1298 Καὶ
851 1273 865 1298 ὁ
885 1272 1007 1308 μάρτυς·

215 1316 284 1344 Οὐδὲ
308 1317 360 1352 γὰρ
376 1319 408 1344 ἃν
429 1317 528 1349 ἄλλως,
548 1318 626 1353 φησὶ,
643 1318 824 1353 λαμπρότερά
850 1327 894 1353 μοι
918 1318 1009 1354 πολλῷ

219 1364 434 1399 παρασκευάσῃς
449 1364 484 1390 τὰ
498 1364 614 1391 ἔπαθλα.

255 1408 284 1436 l'.
300 1409 332 1435 Ti
347 1409 376 1435 τὸ
390 1410 459 1444 μετὰ
469 1409 554 1436 ταῦτα
567 1419 575 1443 ;
593 1410 706 1446 Σίδηρος
724 1410 806 1437 αὑτὸν
830 1411 878 1438 καὶ
899 1411 1010 1444 ἁλύσεις

219 1454 349 1489 δεσμοῦσι
362 1455 410 1482 καὶ
427 1456 494 1491 πρὸς
505 1456 536 1482 τὸ
551 1456 605 1483 τῶν
622 1457 785 1492 κακούργων
796 1457 892 1491 ἄγεται
903 1458 1010 1494 δεσμω-

219 1501 315 1535 τήριον
325 1509 332 1516 ·
354 1501 423 1527 ἀλλὰ
437 1501 472 1528 τὰ
488 1501 592 1537 συνήθη
604 1501 654 1529 καὶ
668 1502 750 1530 πάλιν
769 1503 867 1539 ἐκείνῳ
882 1503 951 1540 πρὸς
964 1504 1011 1531 τὸν

219 1548 287 1575 Θεὸν
310 1549 326 1583 ἠ
343 1547 453 1582 γλῶττα
470 1548 555 1584 ὑπῇδε
573 1549 622 1576 καὶ
636 1549 686 1580 τὰς
709 1549 821 1582 ἁλύσεις
831 1550 900 1585 ὁμοῦ
913 1550 961 1578 καὶ
975 1551 1011 1578 τὰ

220 1594 309 1628 δεσμὰ
335 1593 483 1627 διαλύεται,
511 1595 573 1621 οὐδὲ
592 1595 692 1627 αὐτοὺς
703 1596 766 1627 τοὺς
781 1597 899 1631 ἄγοντας
912 1597 1011 1629 αὐτοὺς

221 1636 336 1675 δημίους
350 1640 501 1675 ἁμετόχους
513 1642 614 1675 ἀφεῖσα
629 1640 676 1668 τοῦ
691 1641 844 1677 θαύματος·
855 1642 923 1669 ἀλλὰ
939 1651 1012 1678 πρη-

223 1687 278 1717 νεῖς
294 1684 352 1720 εἷχε
377 1687 425 1713 καὶ
439 1687 552 1718 τούτους
567 1687 584 1722 ή
601 1689 637 1722 γῆ
653 1687 692 1722 τῷ
715 1687 860 1723 παραδόξῳ
873 1688 924 1722 τῆς
947 1687 1012 1718 θέας

223 1732 451 1766 καταπλαγέντας
462 1740 469 1748 ·
486 1732 546 1760 θεία
558 1734 613 1769 γάρ
625 1742 666 1764 τις
678 1733 781 1760 ἄνωθεν
792 1735 872 1769 χάρις
883 1734 929 1761 τὸν
944 1733 1014 1769 μάρ-

223 1787 295 1813 τυρα
318 1779 488 1814 περιπτᾶσα,
512 1779 570 1813 φῶς
597 1788 626 1806 τε
652 1779 728 1815 αὐτῷ
750 1780 943 1816 λαμπρότατον
958 1779 1014 1808 οἷον

225 1826 351 1859 ἐπαφῆκε
380 1825 428 1852 καὶ
457 1826 520 1858 τοὺς
549 1826 761 1861 παραλαδὸντας
791 1827 874 1854 αὐτὸν
900 1827 1014 1862 δημίους

227 1870 297 1905 μετὰ
310 1871 364 1897 τῶν
384 1870 501 1906 σιδηρῶν
517 1871 630 1898 ἐκείνων
645 1871 754 1907 δεσμῶν
765 1893 772 1905 ,
791 1869 829 1899 ὧν
845 1873 1013 1907 περιέκειτο,

225 1918 322 1952 ἀθρόον
334 1917 425 1945 δίδωσι
434 1917 473 1953 τῷ
487 1918 589 1952 ἐδάφει,
607 1917 674 1954 μηδὲ
689 1919 751 1945 ὅσον
763 1919 919 1954 καταμῦσαί
932 1928 1015 1954 φησιν

225 1964 396 1997 ἐνεγκόντας.
433 1964 461 1990 '0
479 1964 584 2000 μάρτυς
611 1964 703 1991 τοίνυν
726 1964 823 1996 αὐτοὺς
847 1965 1014 2000 ἀναστήσας,

224 2009 335 2043 ἔχεσθαι
352 2009 402 2044 τῆς
415 2009 480 2036 ’ὁδοῦ
491 2010 643 2045 ἀνατρέπει
655 2009 705 2036 καὶ
720 2009 751 2036 τὺ
765 2010 954 2046 δεσμωτήριον
967 2019 1016 2038 κα-

224 2055 397 2088 ταλαὸόντις,
415 2056 429 2081 ὁ
447 2056 507 2091 μὲν,
523 2055 619 2091 ὥσπερ
635 2057 676 2087 εἰς
690 2055 818 2091 εὐωχίαν,
837 2056 935 2084 εἴσεισι
954 2058 1015 2092 χαί-

226 2109 282 2136 ρων
308 2103 356 2127 καὶ
380 2102 437 2132 τοῖς
456 2102 514 2128 ἐκεῖ
530 2102 576 2128 τὸν
591 2102 640 2136 τῆς
663 2101 783 2134 πίστεως
795 2102 908 2137 προθεὶς
921 2103 1014 2138 ἄρτον,

225 2147 272 2173 καὶ
288 2146 399 2179 τούτους
418 2147 617 2183 δεξιωσάμενος
628 2149 662 2176 τὰ
677 2149 793 2183 μεγάλα,
810 2150 858 2176 καὶ
872 2149 921 2185 τὴν
934 2150 1015 2177 εὐσέ-

225 2194 302 2220 σειαν
319 2193 411 2225 αὐτοῖς
425 2194 560 2229 προπιὼν,
583 2195 652 2227 ὅλως
663 2195 702 2231 τῷ
727 2196 838 2232 Χριστῷ
867 2197 1016 2223 οίκειοῦτσι

226 2240 272 2266 καὶ
289 2240 405 2267 υίοθετεί
430 2240 475 2268 διὰ
502 2242 549 2268 τοῦ
567 2241 767 2278 βαπτίσματος.
791 2243 965 2278 Μαξιμιανὺς
986 2244 1015 2270 δὲ

227 2285 303 2320 παρὰ
316 2285 370 2311 τῶν
387 2285 441 2312 ὑπὸ
465 2285 545 2320 χεῖρα
564 2287 657 2322 μαθὼν
670 2287 718 2315 καὶ
737 2287 830 2319 δείσας
848 2288 885 2322 μὴ
907 2288 1016 2319 πολλοῖς

1050 347 1121 379 bitu,
1137 352 1164 375 et
1180 348 1249 375 nihil
1270 348 1382 377 omnino
1409 350 1577 381 movebatur,
1592 355 1695 384 martyr
1711 351 1765 378 Deo
1785 351 1840 378 fer-

1051 393 1202 421 ventiorem
1225 393 1355 425 oﬂercbat
1379 394 1528 427 gratiarum
1550 395 1698 426 actionem.
1720 401 1747 422 et
1766 397 1840 424 illiue

1051 440 1211 475 ampliorem
1222 441 1438 475 consequebatur
1447 439 1653 473 benignitatem.
1661 439 1848 469 Maximianus.

1052 486 1143 520 itaque
1159 485 1251 513 volens
1270 486 1425 519 ostendere,
1442 493 1476 514 ex
1499 485 1626 513 lictorum
1650 486 1839 520 simplicitate,

1053 539 1105 559 non
1131 537 1222 559 autem
1248 539 1281 560 ex
1306 533 1451 568 martyrica
1478 532 1510 560 ad
1528 532 1612 559 Deum
1636 532 1747 565 fiducia,
1773 533 1844 560 hanc

1054 585 1111 606 rem
1135 585 1196 606 esse
1227 578 1386 614 profectam.
1409 586 1472 606 eum
1495 578 1650 613 deposuite
1667 583 1738 610 rota,
1763 583 1791 605 et
1817 579 1844 606 ei

1053 631 1119 651 ense
1135 616 1248 652 mortem
1274 625 1403 656 minatur,
1419 625 1470 652 nisi
1496 624 1668 652 sacriﬁcarit.
1689 623 1736 652 Ille
1753 629 1844 652 autem

1054 679 1087 698 ex
1105 671 1185 699 minis
1206 671 1324 705 sumpsit
1338 675 1530 706 argumentum
1556 671 1668 706 majoris
1693 671 1843 706 gratiarum

1055 716 1170 744 actionis
1183 725 1190 743 :
1204 721 1232 745 et
1246 721 1303 745 toto
1324 718 1406 744 corde
1423 715 1506 744 Deum
1519 717 1633 752 rogavit,
1648 721 1677 744 ut
1691 716 1846 752 perveniret

1055 763 1089 792 ad
1116 763 1230 791 chorum
1257 763 1353 799 viginti
1380 763 1493 790 millium
1519 768 1680 798 martyrum,
1707 767 1736 790 ut
1761 763 1846 790 etiam

1055 810 1147 839 liceret
1163 811 1187 837 ei
1204 810 1296 838 dicere
1311 818 1320 837 :
1341 819 1351 836 ι
1374 809 1444 838 Ecce
1456 817 1518 845 ego,
1534 814 1562 837 et
1586 810 1663 844 pueri
1690 809 1755 842 mei,
1776 817 1846 844 quos

1055 856 1132 885 dedit
1153 856 1219 884 mihi
1235 856 1334 885 Deus‘.
1354 866 1363 883 ι
1378 856 1528 892 Imperator
1540 864 1607 883 vero
1619 861 1763 890 postquam
1779 856 1847 883 vidit

1059 904 1139 931 tinent
1153 904 1178 931 ei
1191 904 1310 932 maxime
1323 911 1385 931 esse
1399 904 1426 930 in
1444 903 1516 932 votis
1533 911 1539 930 :
1559 902 1635 934 Scio,
1649 903 1749 938 inquit,
1763 910 1845 937 quant

1058 957 1106 979 vos
1121 950 1271 981 Christiani
1289 950 1351 979 sitis
1365 950 1458 985 gloria
1475 949 1566 986 cupidi
1588 955 1617 978 et
1630 949 1742 977 lmnoris
1763 956 1847 985 appe-

1058 1000 1156 1029 tentes,
1167 1002 1195 1024 et
1208 997 1280 1031 quod
1292 996 1413 1032 projects
1428 1000 1518 1024 vestra
1533 996 1645 1024 audacia
1658 996 1854 1031 qualecunque-

1057 1051 1155 1071 nomen
1175 1043 1285 1078 assequi
1309 1043 1460 1077 cupientes,
1482 1047 1634 1070 extremum
1648 1041 1772 1070 omnium
1790 1049 1848 1068 ma-

1057 1090 1155 1122 lorum,
1170 1093 1284 1118 mortem
1297 1089 1441 1118 violentam
1454 1088 1566 1123 eligitis.
1584 1087 1638 1116 Sed
1662 1087 1713 1114 hac
1739 1087 1849 1122 quidem

1057 1134 1092 1162 de
1104 1141 1187 1162 causa
1203 1133 1314 1161 minime
1334 1133 1482 1162 letaberis.
1497 1133 1564 1160 Nam
1578 1140 1645 1160 cum
1662 1139 1713 1167 ego
1729 1137 1754 1159 te
1773 1131 1849 1166 prius

1058 1179 1151 1207 multis
1162 1179 1279 1207 aﬂecero
1291 1179 1442 1214 suppliciis,
1456 1178 1516 1206 luce
1529 1179 1656 1213 praesenti
1670 1179 1709 1206 sic
1721 1177 1847 1213 privabo,

1058 1229 1088 1253 ut
1110 1226 1156 1260 qui
1179 1225 1218 1254 sis
1246 1226 1374 1261 indignus
1399 1229 1481 1253 tanta
1501 1225 1539 1252 rei
1567 1225 1714 1259 voluptate.
1746 1223 1847 1260 Martyr

1059 1275 1160 1304 autem,
1173 1269 1231 1298 Non
1246 1271 1311 1304 alia,
1328 1272 1426 1306 inquit,
1443 1271 1550 1300 ratione
1566 1271 1676 1305 elﬁcies,
1693 1276 1722 1298 ut
1738 1271 1852 1305 pramtia

1059 1323 1213 1351 consequar
1226 1318 1414 1352 praeclariora.

1097 1407 1130 1436 Χ.
1160 1407 1230 1441 Quid
1261 1413 1354 1443 postea
1383 1409 1582 1444 consequitur?
1605 1408 1718 1437 Ferreis
1748 1408 1852 1436 catenis

1062 1453 1191 1486 vincitur,
1215 1457 1241 1481 et
1266 1454 1300 1481 ad
1325 1453 1512 1481 malelico‘rum
1533 1461 1673 1481 carcerem
1696 1453 1851 1481 deducitur.

1062 1499 1116 1527 Sed
1144 1507 1175 1527 ea
1202 1507 1262 1535 qttre
1281 1503 1471 1533 consueverat,
1501 1500 1560 1535 ejus
1585 1500 1674 1534 lingua
1698 1499 1732 1528 ad
1767 1498 1857 1527 Deum

1062 1546 1180 1574 canebat
1198 1555 1205 1573 :
1224 1551 1251 1575 et
1265 1551 1377 1574 catenas
1397 1547 1478 1574 simul
1493 1546 1786 1578 dissolvitetvincula,
1803 1553 1854 1573 nec

1062 1599 1109 1619 eos
1125 1592 1233 1627 quidem
1248 1593 1296 1627 qui
1314 1592 1403 1628 ipsum
1418 1592 1565 1625 ducebant,
1579 1592 1689 1620 lictores
1713 1591 1854 1619 ditnittens

1063 1642 1189 1672 expertes
1219 1638 1354 1666 miraculi.
1382 1637 1449 1666 Nam
1475 1637 1493 1665 ii
1521 1645 1629 1673 quoque
1664 1639 1741 1673 proni
1777 1637 1861 1665 bumL

1061 1683 1199 1719 jacebant,
1216 1683 1396 1718 obstupefacti
1410 1684 1563 1712 admirabili
1587 1684 1753 1718 spectaculo.
1771 1683 1854 1718 Quas-

1065 1730 1128 1758 datn
1145 1731 1218 1757 enim
1236 1730 1325 1757 divina
1341 1731 1428 1766 gratia
1442 1731 1559 1765 desuper
1573 1734 1720 1766 martyrem
1736 1730 1855 1758 circum-

1065 1776 1171 1808 volans,
1187 1775 1258 1803 etin
1286 1783 1346 1803 eum
1374 1775 1461 1804 lucem
1482 1772 1594 1804 iinmisit
1615 1776 1808 1809 clarissimam.
1827 1781 1862 1804 eo

1065 1828 1112 1848 eos
1140 1820 1185 1855 qui
1213 1821 1300 1855 ipsum
1324 1825 1498 1855 acceperant,
1525 1821 1644 1853 lictores,
1672 1828 1732 1848 cum
1758 1820 1856 1848 terreis

1066 1867 1164 1901 quibus
1189 1871 1249 1894 erat
1276 1866 1473 1900 circumdatus,
1503 1867 1617 1894 vinculis
1643 1866 1717 1893 humi
1743 1872 1856 1900 repente

1065 1911 1170 1947 dejicit,
1198 1919 1261 1939 cum
1288 1919 1321 1938 ne
1348 1912 1494 1939 connivere
1518 1912 1628 1946 quidem
1645 1911 1854 1940 sustinuissent.

1065 1956 1132 1985 Cum
1161 1965 1224 1985 vero
1251 1963 1354 1993 martyr
1376 1965 1423 1985 eos
1449 1957 1561 1985 fecisset
1580 1965 1701 1993 surgere,
1727 1957 1804 1992 jubot
1828 1962 1857 1984 ut

1066 2009 1186 2038 coeptum
1202 2005 1253 2031 iter
1273 2009 1414 2040 peragant.
1431 2004 1498 2031 Cum
1514 2009 1604 2031 autem
1629 2004 1815 2039 pervenissent
1829 2004 1855 2030 in

1067 2057 1217 2082 carcerein,
1237 2050 1389 2084 ingreditur
1413 2050 1457 2077 illc
1478 2049 1567 2082 lat-tus,
1594 2055 1720 2084 tanquam
1737 2050 1771 2077 ad
1788 2058 1855 2077 con-

1066 2096 1166 2123 vivium
1185 2105 1191 2122 :
1208 2099 1234 2121 ct
1256 2103 1317 2122 cum
1344 2095 1384 2122 eis
1408 2095 1453 2129 qui
1480 2095 1534 2122 illic
1559 2101 1649 2129 ermt,
1673 2095 1734 2123 lidei
1758 2103 1854 2131 panem

1066 2141 1271 2176 proposuisset,
1299 2144 1326 2167 et
1352 2148 1401 2168 eos
1429 2141 1547 2176 benigne
1583 2146 1610 2169 et
1642 2142 1756 2169 comiter
1785 2148 1857 2169 esset

1066 2189 1218 2224 amplexus,
1244 2194 1271 2216 et
1296 2190 1336 2217 eis
1363 2190 1534 2225 propinasset
1559 2190 1689 2224 pietatem
1714 2198 1746 2218 ac
1764 2198 1855 2218 veram

1066 2235 1234 2270 religionem,
1247 2242 1294 2262 eos
1307 2234 1417 2262 Christo
1432 2240 1502 2263 totos
1519 2229 1659 2270 conjungit
1673 2241 1699 2262 et
1715 2236 1856 2266 cenciliat.

1066 2287 1094 2308 et
1117 2281 1175 2315 ejus
1198 2282 1338 2316 adoptivos
1353 2282 1421 2309 ﬂlios
1436 2282 1517 2309 edicit
1540 2289 1588 2316 per
1604 2283 1780 2316 baptismum.
1797 2281 1856 2308 Ma-

227 2330 274 2356 καὶ
284 2329 375 2361 ἄλλοις
384 2330 466 2357 αὐτὸν
477 2330 617 2367 ζημιώσῃ,
628 2333 778 2367 παρίστησι
786 2332 868 2359 πάλιν
875 2333 921 2358 τὶν
933 2332 1016 2367 ἀθλη-
1032 2324 1054 2351 ί)
1067 2333 1082 2351 Χ

997 2343 1016 2367 ι,
1032 2324 1201 2353 Dximianus
1231 2331 1320 2353 autem
1351 2334 1412 2353 cum
1441 2327 1492 2354 hoc
1513 2327 1663 2360 accepisset
1688 2327 1721 2354 ab
1751 2327 1784 2354 iis
1810 2328 1854 2362 qui

227 2375 276 2409 τὴν
292 2375 382 2409 ἐαυτῷ
408 2376 457 2402 καὶ
483 2376 566 2404 πάλιν
578 2378 626 2404 ἐπὶ
640 2378 670 2404 τὸ
682 2378 763 2404 θύσαι
781 2379 937 2414 παρακαλεῖ
959 2381 1016 2411 τοῖς

228 2419 334 2446 ὲκείνου
351 2419 422 2451 θεοῖς
435 2428 442 2436 ·
461 2420 536 2447 ἔνθεν
548 2429 590 2447 τοι
614 2422 662 2448 καὶ
685 2419 767 2448 ἆθλον
788 2422 835 2448 τοῦ
852 2422 1018 2457 πράγματος

228 2466 277 2502 τὴν
295 2464 446 2501 ιερωσύνην
465 2466 540 2501 αὐτῷ
553 2467 734 2502 ὑπισχνεῖται.

264 2599 315 2626 1Λ’.
340 2599 371 2627 ’0
384 2599 413 2626 δὲ
443 2599 513 2634 μετὰ
529 2599 702 2636 παρρησίας·
724 2599 794 2626 Ἀλλ’
823 2601 913 2636 ίερεὺς
929 2601 1016 2635 ἔγωγε

231 2647 278 2673 καὶ
292 2647 347 2681 πρὸ
364 2646 419 2674 τῶν
433 2647 487 2675 σῶν
502 2647 601 2681 λόγων,
617 2647 681 2683 εφη.
697 2649 744 2675 καὶ
770 2649 861 2684 ιεριὺς
880 2649 927 2676 τοῦ
941 2650 1018 2686 πρώ-

231 2699 279 2717 του
295 2691 341 2718 καὶ
358 2691 442 2718 κο.λοῦ
459 2692 589 2728 ποιμένος
603 2693 651 2720 καὶ
672 2694 825 2729 ἀρχιεριως
840 2695 973 2730 Χριστοῦ,
989 2695 1019 2727 ὃς

231 2737 261 2762 ού
273 2736 323 2770 τῆς
337 2735 407 2771 ἐμῆς
419 2737 498 2771 μόνον
518 2738 724 2774 μεταλαμϐάνει
739 2739 842 2776 σαρκδς
857 2741 905 2767 καὶ
920 2740 1017 2776 μέχρις

233 2781 301 2816 ἐμοῦ
318 2781 422 2808 κάτεισι
433 2781 466 2808 δι’
484 2783 547 2818 ἐμὲ,
565 2784 611 2811 καὶ
628 2784 714 2812 ταῦτα
729 2784 796 2817 θεὸς
825 2784 874 2819 ὢν,
891 2785 972 2817 satis;
988 2794 1017 2812 τε

271 2873 280 2886 ⁸
296 2869 381 2899 Hebr.
396 2879 427 2905 tt,
443 2871 486 2899 l5.

1067 2376 1145 2397 erant
1157 2372 1182 2398 ei
1195 2371 1321 2405 subjecti.
1332 2377 1359 2399 et
1371 2373 1517 2404 timuisset,
1530 2378 1564 2399 ne
1577 2373 1725 2400 multorum
1740 2373 1855 2400 alioruut

1068 2415 1168 2443 faceret
1187 2415 1334 2449 jacturam,
1347 2416 1424 2450 jubet
1438 2424 1534 2444 rursus
1548 2418 1580 2444 ad
1595 2425 1625 2445 se
1640 2418 1735 2445 adduci
1751 2422 1853 2453 marty-

1068 2470 1137 2494 rem,
1153 2466 1180 2490 et
1198 2469 1292 2490 rursus
1309 2464 1479 2495 adbortatttr,
1496 2468 1525 2491 ut
1541 2464 1591 2491 diis
1615 2463 1686 2491 illius
1709 2464 1856 2492 sacriﬁcet.

1069 2509 1127 2542 Quo
1144 2513 1266 2542 tempore
1287 2509 1370 2544 lmjus
1391 2517 1501 2545 quoque
1520 2510 1558 2538 rei
1578 2511 1717 2546 praemium
1734 2510 1758 2538 ei
1775 2510 1857 2546 polli-

1070 2560 1147 2582 cetur
1161 2555 1355 2582 sacerdotium.

1106 2600 1150 2628 XI.
1176 2600 1221 2628 Ille
1242 2607 1331 2628 autem
1350 2601 1434 2629 libere
1452 2609 1460 2628 :
1480 2602 1513 2629 At
1536 2610 1596 2638 ego,
1611 2602 1709 2637 inquit,
1726 2608 1789 2630 ante
1813 2607 1857 2628 tua

1069 2646 1150 2674 verba
1178 2655 1238 2675 sum
1265 2648 1392 2675 sacerdos
1417 2648 1496 2683 primi
1520 2653 1548 2676 et
1573 2649 1664 2683 magni
1684 2652 1711 2676 et
1736 2648 1857 2683 pra‘cluri

1071 2692 1191 2721 Pastoris
1206 2698 1232 2721 et
1247 2691 1386 2721 Pontiﬁcis
1408 2694 1522 2726 Christi,
1535 2694 1580 2728 qui
1606 2701 1659 2721 non
1683 2693 1769 2720 solum
1792 2700 1859 2720 metu

1072 2739 1164 2767 carnis
1190 2742 1232 2766 est
1251 2739 1398 2774 particeps,
1411 2743 1438 2767 et
1450 2739 1484 2766 ad
1506 2746 1548 2766 tne
1572 2746 1657 2774 usque
1685 2741 1794 2773 propter
1815 2744 1860 2765 mc

1073 2785 1211 2814 descendit
1229 2794 1236 2813 ι
1251 2785 1333 2821 idque
1353 2793 1414 2815 cum
1431 2785 1466 2814 sit
1483 2785 1552 2813 Deus
1564 2792 1662 2820 expers
1678 2785 1810 2818 ntatcrim,
1831 2789 1860 2811 et
