2170 3148
417 144 469 181 133

1079 147 1221 178 MENSIS
1239 147 1361 178 MAIUS

1988 139 2051 171 184

414 206 461 240 qui
479 211 532 233 non
547 206 635 240 potest
648 205 842 240 comprehendi
858 213 865 230 ι
881 204 929 232 sed
942 203 1024 232 etiam
1036 203 1198 232 sacriﬁcavit
1213 203 1236 232 Δ
1252 211 1269 230 κ

1192 208 1198 229 t
1213 203 1236 232 Δ
1252 203 1301 230 καὶ
1326 203 1512 239 ἀπερίληπτος
1523 211 1530 219 ·
1558 201 1626 230 ἀλλὰ
1650 202 1697 229 καὶ
1726 199 1822 228 ἑαυτὸν
1838 200 1953 228 etO-Jst
1969 199 2049 233 ὑπὲρ

415 251 532 286 seipsum
556 258 607 286 pro
626 251 743 280 ovibus;
760 255 786 277 et
804 250 830 277 in
847 257 957 278 crucem
980 254 1069 283 actus,
1083 254 1197 276 mortem

412 295 579 329 suscepit,et
589 294 634 322 die
647 294 727 321 tertio
740 293 902 325 resurrexit,
915 298 943 321 et
954 293 980 321 in
992 293 1090 321 caelum
1103 300 1198 320 rursus

413 340 547 373 ascendit,
558 347 602 367 me
612 346 722 374 quoque
735 339 815 368 simul
829 339 957 371 evehens,
973 339 1020 374 qui
1036 338 1109 365 illinc
1124 338 1198 366 ceci-

412 387 507 414 deram
543 390 654 420 propter
691 385 912 413 inobedientiam.
945 385 1032 420 Hujus
1061 392 1122 412 sum
1148 391 1199 419 ego

413 431 555 463 sacerdos.
571 435 598 458 et
609 430 634 458 ei
649 430 781 465 meipsum
794 431 877 458 statui
890 430 987 459 oiferre
1001 431 1127 458 hostiam.
1144 431 1200 458 Res

415 481 505 504 autem
533 480 641 509 vestrze,
664 480 691 503 et
713 481 875 509 vestrorum,
897 481 927 504 ut
950 477 1052 510 dicitis,
1074 477 1197 510 deorum,

415 522 504 557 dignae
528 527 594 550 sunt
619 527 698 550 nocte
722 527 751 550 et
777 523 895 558 angulis,
913 527 941 551 et
965 529 1025 557 quae
1056 523 1199 558 lugeantur

417 567 506 602 potius
517 572 628 602 propter
641 568 781 596 interitum
792 574 819 596 et
830 568 1012 596 calamitatem
1024 574 1104 604 quam
1117 575 1199 604 appe-

417 617 509 639 tantur
520 613 677 641 maledictis.

451 657 510 685 XII.
527 656 575 686 His
588 659 623 686 ita
639 659 758 694 percitus
771 659 928 694 imperator,
944 660 1020 694 jubet
1037 666 1199 695 generosum

415 703 574 730 Anthimum
590 704 650 732 duci
666 704 700 732 ad
716 709 842 732 mortem.
859 705 985 733 Ducitur'
997 713 1062 740 ergo
1087 705 1198 735 athleta,

415 755 464 782 spe
486 747 637 776 futurorum
653 748 757 776 habens
775 749 909 785 vigentem
935 749 1065 777 laetitiam.
1082 749 1116 776 Et
1137 757 1199 777 cum

417 794 585 829 pervenisset
611 795 644 822 ad
674 795 775 828 locum,
798 796 825 823 in
852 803 906 832 quo
931 801 991 824 erat
1013 803 1060 831 per
1086 801 1200 824 mortem

415 845 598 874 perventurus
614 837 647 867 ad
666 841 749 868 vitam
774 841 823 877 (2).
840 842 874 870 ad
895 842 1059 877 precandum
1080 846 1202 877 tempore

1251 248 1306 276 τῶν
1323 250 1480 285 προῦἀτων,
1507 252 1557 277 καὶ
1576 249 1695 285 σταυροῦ
1713 248 1824 283 γεύεται
1837 247 1885 275 καὶ
1910 247 2049 279 θανάτου,

1252 293 1300 322 καὶ
1322 297 1471 331 τριήμερος
1489 296 1645 330 ἀνίσταται,
1669 295 1718 321 καὶ
1735 295 1776 326 si;
1790 294 1924 329 οὐρανοὺς
1951 293 2051 321 ἄνεισι.

1252 341 1343 381 πάλιν,
1359 342 1555 377 ωναναφέρων
1580 351 1615 376 με
1630 342 1676 368 τὸν
1695 340 1802 367 ιιιεῖθεν
1827 334 1872 366 διὰ
1887 337 1936 374 τὴν
1950 347 2051 374 παρα.-

1251 387 1317 422 κοὴν
1345 387 1528 414 πεπτωκότασ
1549 385 1644 413 τούτου
1677 386 1768 421 ιερείις
1793 384 1849 419 ἐγὼ
1876 384 1924 411 καὶ
1951 383 2050 418 τούτῳ

1252 434 1437 469 προταγαγεϊν
1447 433 1565 469 ἐμαυτὸν
1583 432 1679 459 θυσίαν
1690 432 1868 467 προῄρημαι·
1884 430 1919 456 τὰ
1932 430 1960 456 δὲ
1973 429 2051 464 ὑμέ-

1252 487 1318 513 τερα
1329 478 1375 505 καὶ
1391 478 1446 504 τῶν
1462 477 1614 513 ὑμετέρων,
1627 476 1664 508 ὥς
1677 484 1757 510 φατε,
1771 474 1850 506 Θεῶν,
1867 473 1965 505 νυκτὸς
1979 472 2051 505 ἆξιὰ

1252 527 1299 553 καὶ
1313 525 1414 559 γωνίας
1430 524 1604 560 θρηνούμενα
1632 522 1676 549 διὰ
1700 522 1750 556 τὴν
1765 519 1906 548 ἀπώλειαν
1930 521 1976 546 καὶ
1992 519 2051 553 τὴν

1254 571 1398 607 συμφορὶν
1411 567 1511 606 μᾶλλον
1523 566 1540 605 ἤ
1555 567 1759 604 λοιδορούμενα.

1288 649 1338 676 IB’.
1365 648 1480 679 Τούτοις
1503 648 1660 683 ὕπερζὲσας
1684 646 1724 682 τῷ
1752 645 1832 681 θυμῷ
1856 640 2050 680 mamma;

1254 694 1361 721 κελεύει
1370 695 1416 721 τὸν
1429 695 1554 728 γενναῖον
1567 694 1699 728 Ἀνθιμον
1716 693 1765 728 τὴν
1779 692 1825 719 ἰπὶ
1841 691 1957 718 θάνατον
1975 691 2050 723 ἆγε-

1255 741 1316 768 σθαι
1327 749 1334 756 ·
1353 741 1449 774 ἄγεται
1462 740 1552 767 τοίνυν
1563 741 1578 766 ὁ
1596 739 1719 774 ἀθλητὴς
1744 737 1955 773 ὲνακμάζουσαν
1968 735 2051 770 αὑτῷ

1253 787 1286 821 τῇ
1298 785 1352 812 τῶν
1370 785 1523 820 μελλόντων
1538 784 1694 819 ἐπαγγελίᾳ
1709 783 1779 818 ἔχων
1791 783 1842 817 τὴν
1858 781 1957 816 ἡδονήν
1970 789 1976 796 ·
1996 781 2051 806 καὶ

1254 831 1301 857 τδν
1315 831 1396 857 τόπον
1413 829 1585 861 χαταλαὸὼν,
1603 829 1632 855 ὲν
1659 825 1681 863 ᾧ
1709 828 1753 855 διὰ
1770 827 1818 854 τοῦ
1839 827 1956 853 θανάτου
1974 825 2051 859 πρὸς

415 886 500 920 petito
520 891 547 914 et
571 891 694 921 accepto,
716 871 784 914 cum‘
799 871 936 922 postremo
959 892 1033 915 esset
1062 871 1200 922 precatus,
1216 881 1238 909 Β
1252 877 1272 903 "i

1194 881 1238 920 ,Β
1252 877 1299 912 τὴν
1319 875 1392 911 ζωὴν
1418 875 1514 910 ἔμελλε
1536 874 1674 908 διαϐῆναι,
1706 873 1804 908 καιρὸν
1830 872 1871 903 εις
1889 871 2051 922 προσευχὴν

416 936 444 959 et
458 931 542 959 Deum
557 932 702 965 allocutus,
714 933 737 960 ei
752 934 861 961 beatum
875 933 940 961 illud
955 938 1036 969 caput
1046 937 1203 968 amputatur

418 977 498 1005 tertio
511 979 612 1006 mensis
633 978 812 1013 Septembris.
831 978 947 1014 Vespere
963 984 1052 1007 autem
1067 979 1203 1007 acceden~

420 1027 461 1050 tes
484 1023 595 1058 quidam
625 1024 729 1056 ﬁdeles,
753 1032 814 1052 cum
838 1025 985 1059 pretiosum
1007 1032 1105 1060 corpus
1131 1025 1204 1053 illius

419 1068 605 1103 sustulissent,
618 1075 766 1105 sancteque
777 1076 804 1098 et
815 1071 964 1099 honoriﬁce
973 1072 1204 1105 composuissent,

417 1109 447 1140 in
467 1114 526 1149 ipso
548 1114 620 1149 loco,
639 1115 665 1142 in
692 1123 746 1151 quo
775 1115 825 1144 fuit
849 1121 1066 1149 consummatus,
1091 1117 1205 1152 pulchre

1253 923 1378 958 αἰτήσας,
1394 922 1443 948 καὶ
1457 920 1558 952 λαϐὼν.
1572 921 1621 947 καὶ
1634 921 1668 946 τὰ
1681 919 1828 946 τελευταῖα
1853 917 2050 953 προσευξάμε-

1253 977 1297 1000 vo;
1313 968 1359 995 καὶ
1375 967 1525 1002 διαλεχθεὶς
1539 966 1578 1002 τῷ
1603 966 1674 1001 Θεῷ,
1701 965 1752 1001 τὴν
1769 965 1909 1000 μακαρίαν
1934 963 2051 997 ἐκείνην

1254 1014 1376 1049 κεφαλὴν
1392 1014 1560 1048 ἁφαιρεῐται,
1586 1012 1667 1048 τρίτῃ
1679 1011 1727 1038 τοῦ
1741 1009 1931 1045 Σεπτεμϐρίου
1947 1009 2049 1044 μηνός.

1259 1060 1394 1095 Ἐςπέρας
1403 1059 1431 1086 δέ
1445 1067 1518 1090 τινες
1533 1058 1751 1094 παραγενόμενοι
1763 1057 1817 1083 τῶν
1827 1055 1940 1086 πιστῶν,
1954 1054 2005 1081 καὶ
2016 1054 2050 1080 τὸ

1256 1107 1361 1134 ἐκείνου
1373 1106 1453 1141 σῶμα
1463 1105 1494 1132 τὸ
1503 1105 1594 1138 τίμιον
1601 1103 1769 1138 ἀνελόμενοι,
1776 1103 1825 1129 καὶ
1834 1101 1914 1132 ὁσίως
1921 1100 1968 1126 καὶ
1975 1099 2011 1126 λα
2016 1109 2052 1134 μδ

1256 1153 1332 1187 arpi);
1343 1150 1576 1186 περιστείλαντες.
1586 1149 1651 1184 παρ’
1663 1149 1744 1175 αὐτὸν
1754 1148 1800 1174 τὸν
1813 1149 1862 1182 τῆς
1877 1146 2050 1175 τελειώσεως

1257 1200 1339 1226 τόπον
1353 1196 1515 1232 διαπρεπῶς
1528 1196 1598 1230 ἄγαν
1613 1194 1804 1225 κατατιθέασι,
1816 1192 1974 1226 δοξάζοντες
1990 1192 2047 1217 Πα-

1258 1244 1336 1279 τέρα.
1365 1243 1412 1270 καὶ
1430 1243 1506 1273 Υῑδν,
1532 1242 1578 1268 καὶ
1596 1240 1708 1274 Πνεῦμα
1723 1240 1812 1272 ἅγιον,
1827 1238 1877 1273 τὴν
1895 1238 1959 1272 μίαν
1973 1236 2044 1262 θειό-

1258 1297 1329 1324 τητα
1351 1288 1399 1314 καὶ
1425 1287 1576 1322 βασιλειαν.
1590 1283 1720 1322 ᾗπρέπει
1736 1285 1810 1311 πᾶσα
1825 1283 1899 1315 δόξα,
1915 1282 1983 1317 τιμὴ
1998 1280 2045 1307 καὶ

1261 1334 1447 1369 προσκύνησις
1462 1333 1501 1364 si;
1517 1332 1580 1364 τοὺς
1598 1331 1699 1362 αἰῶνας
1716 1331 1771 1357 τῶν
1785 1329 1902 1358 αἰώνων.
1929 1328 2029 1363 Ἀμήν.

419 1160 568 1195 deponunt,
580 1160 720 1189 laudantes
735 1161 854 1194 Patrem,
868 1167 896 1189 et
909 1161 1019 1194 Filium,
1033 1167 1061 1189 et
1072 1161 1203 1195 Spiritum

420 1211 556 1239 sanctum,
571 1214 653 1234 unam
667 1207 838 1235 divinitatem
852 1212 880 1236 et
902 1215 1032 1242 regnum;
1049 1208 1092 1235 cui
1115 1208 1205 1236 omnis

421 1250 519 1285 gloria,
543 1252 631 1280 honor
656 1257 684 1280 et
710 1253 834 1281 adoratio
857 1253 884 1281 in
905 1253 1003 1281 sa:cula
1031 1253 1203 1282 seculorum.

422 1297 520 1325 Amen.

458 1400 497 1435 (2)
513 1400 578 1428 Vide
599 1401 697 1429 Euseb.
724 1401 796 1429 Hist.
819 1401 920 1430 Eccles.
947 1403 993 1430 lib.
1016 1411 1076 1434 un,
1093 1411 1118 1429 ρ.
1132 1404 1158 1435 b‘,
1180 1408 1205 1430 et
1227 1402 1324 1431 llaron.
1341 1410 1386 1430 an.
1402 1402 1465 1430 302.

841 1578 1231 1667 MENSIS
1306 1577 1642 1667 MAIUS

627 1817 718 1873 DE
763 1817 1044 1876 SANCTO
1087 1819 1416 1875 PHILIPPO
1461 1815 1832 1875 APOSTOLO

928 1930 1097 1959 MAR'I’YllE
1117 1932 1299 1962 lllERAPOLI
1321 1932 1355 1961 LV
1372 1932 1536 1961 PHRYGIA.

434 1473 2044 1498 ψ*

1205 1483 2044 1498 ψ

589 2005 655 2033 (Mali
666 2006 708 2032 die
720 2007 741 2032 l.
754 2009 815 2034 Acta
827 2010 972 2034 Sanctorum
988 2007 1099 2033 Bollmtrl.
1113 2006 1169 2034 Maii
1183 2014 1240 2035 tom.
1258 2010 1278 2041 l,
1292 2019 1316 2042 p.
1328 2011 1341 2034 7
1354 2010 1455 2041 Latine;
1467 2012 1550 2036 Grece
1568 2018 1592 2041 p.
1604 2009 1659 2039 73S,
1672 2015 1702 2033 ex
1716 2010 1769 2033 cod.
1788 2007 1856 2039 Vat.)

463 2157 488 2189 i.
509 2161 632 2190 Celebris
656 2167 699 2190 est
725 2164 756 2189 ad
787 2162 922 2191 Kalendas
948 2162 1011 2191 Maii
1037 2166 1166 2193 memoria
1191 2165 1220 2194 s.
1243 2166 1358 2200 Philippi
1388 2164 1503 2200 apostoli
1530 2165 1557 2192 in
1584 2164 1783 2200 antiquissimis
1809 2164 1899 2192 Fastis
1923 2163 2043 2190 Lalinis-

421 2205 611 2237 Pervetustum
638 2208 822 2245 Martyrologii
845 2210 1052 2248 Hieronymiani
1079 2214 1276 2248 apographum,
1296 2221 1310 2239 a
1333 2212 1406 2239 mille
1429 2220 1512 2246 prope
1537 2212 1618 2239 annis
1642 2216 1796 2244 exaratum,
1822 2219 1877 2246 quo
1902 2211 1938 2238 ab
1963 2210 2044 2237 initio

421 2255 512 2290 operis
529 2260 559 2282 ut
576 2260 667 2284 nostro
684 2257 725 2284 usi
743 2263 847 2290 sumus,
860 2258 987 2292 quodque
1003 2258 1250 2293 Epternacensibus
1267 2263 1295 2285 ut
1311 2265 1391 2285 suum
1408 2257 1579 2291 exigentibus
1599 2257 1774 2289 reddidimus,
1796 2257 1877 2284 habet
1903 2256 2045 2290 prmlixuxn

420 2300 571 2330 lndiculum
587 2302 619 2330 de
628 2301 704 2331 festis
718 2304 901 2338 apostolorum
911 2305 1016 2337 diebus,
1030 2309 1057 2332 et
1075 2305 1219 2333 referenda
1235 2305 1268 2332 ad
1285 2304 1419 2332 Kalendas
1434 2303 1494 2331 Maii
1512 2304 1563 2330 ista
1577 2302 1697 2338 suggerit
1714 2312 1721 2330 :
1739 2313 1749 2329 ι
1768 2303 1872 2330 Natalis
1885 2302 1914 2329 S.
1927 2301 2044 2335 Philippi

421 2343 546 2382 apostoli,
562 2348 588 2375 in
604 2349 716 2376 civitate
737 2349 873 2385 Hierapoli
897 2351 1043 2385 provinciae
1064 2351 1145 2378 Asiae.
1164 2360 1173 2376 ι
1190 2350 1289 2377 Verum
1309 2350 1335 2376 in
1351 2353 1476 2376 contextu
1491 2348 1675 2384 Martyrologii
1694 2349 1727 2376 ad
1743 2348 1880 2376 Kalendas
1895 2347 1957 2374 Maii
1983 2347 2043 2374 ha-c

421 2393 508 2421 solum
529 2393 655 2429 leguntur
675 2403 681 2422 :
703 2405 712 2421 ι
734 2390 834 2424 Natalis
847 2402 1003 2424 sanctorum
1020 2397 1204 2431 apostolorum
1221 2395 1335 2430 Philippi
1348 2400 1376 2422 et
1387 2394 1489 2422 Jacobi.
1509 2404 1518 2421 ι
1535 2394 1563 2422 In
1581 2396 1736 2429 apographo
1749 2394 1908 2422 Corbeiensi
1927 2394 2043 2422 Parisiis

422 2443 522 2466 excuso
550 2436 673 2474 ejusdem
691 2440 872 2476 Martyrologii
893 2441 1096 2477 llieronymiani
1115 2442 1150 2470 ita
1167 2441 1286 2468 habetur
1311 2450 1317 2468 :
1336 2451 1345 2467 ι
1360 2441 1389 2468 In
1416 2441 1481 2468 Asia
1499 2439 1634 2475 Hierapoli
1654 2441 1706 2469 SS.
1733 2441 1850 2476 Philippi
1877 2441 1990 2476 apostoli
2014 2445 2046 2468 et

422 2480 527 2512 Jacobi.
549 2493 559 2512 ι
579 2485 616 2513 De
636 2484 665 2512 S.
685 2484 797 2519 Jacubo,
823 2487 869 2520 qui
893 2494 946 2514 non
968 2491 1074 2521 spectat
1102 2487 1136 2513 ad
1161 2485 1338 2521 Hierapolim,
1364 2495 1425 2514 lllOl
1454 2487 1569 2514 seorsim
1597 2494 1718 2522 agemus.
1743 2487 1847 2514 Similia
1873 2488 1906 2515 de
1926 2493 2044 2522 utroque

422 2532 556 2559 habentur
568 2532 595 2559 in
609 2533 809 2567 antiquioribus
826 2531 914 2560 Fastis
930 2540 996 2560 mss.
1010 2540 1079 2567 quos
1093 2540 1145 2560 non
1158 2537 1200 2560 est
1214 2540 1303 2567 operae
1320 2533 1438 2568 pretium
1466 2532 1597 2561 indicare.
1614 2532 1782 2561 Venerabilis
1796 2533 1865 2560 Beda
1881 2534 1907 2561 in
1922 2534 2044 2567 genuino

422 2586 472 2607 suo
497 2577 701 2615 Martyrologio,
717 2579 790 2614 quod
809 2582 872 2606 ante
899 2583 1000 2605 tomtnn
1023 2579 1170 2606 secundum
1193 2579 1322 2606 Actorum
1342 2579 1430 2607 Martii
1448 2587 1482 2607 ex
1504 2584 1566 2607 octo
1587 2579 1708 2613 antiquis
1734 2581 1872 2607 codicibus
1894 2580 2041 2611 edidimus,

422 2626 474 2653 ista
490 2626 586 2654 scribit
605 2636 612 2653 :
634 2636 644 2653 ι
666 2626 695 2654 Ιιι
713 2624 851 2660 Hierapoli
867 2624 983 2660 Philippi
1000 2626 1125 2659 apostoli,
1144 2630 1171 2654 et
1187 2625 1280 2654 Jacobi
1297 2626 1410 2662 apostoli
1424 2626 1517 2654 fratris
1534 2625 1651 2653 Domini.
1672 2635 1681 2651 ι
1698 2626 1778 2652 Addit
1797 2625 1894 2653 Florus
1910 2634 1917 2652 :
1937 2634 1946 2651 ι
1963 2624 2043 2658 Quo-

420 2678 481 2699 rum
494 2671 596 2706 primus
610 2672 637 2699 in
651 2670 715 2698 Asia
731 2670 760 2697 in
774 2669 883 2697 civitate
906 2669 1041 2705 Hierapoli
1062 2671 1207 2705 provincia
1225 2670 1346 2707 Phrygiae
1355 2677 1450 2706 passus
1464 2677 1517 2703 est,
1535 2671 1625 2706 ibique
1648 2679 1708 2699 cum
1728 2670 1833 2699 filiabus
1859 2672 1916 2699 suis
1931 2671 2043 2705 requie-

420 2718 482 2746 scil.
500 2727 508 2744 ι
527 2713 666 2749 Rabanus,
682 2721 761 2744 astate
778 2716 927 2751 proximus,
945 2717 984 2743 sic
1000 2717 1096 2744 scribit
1114 2726 1123 2744 :
1141 2727 1150 2743 ι
1168 2717 1196 2745 In
1213 2717 1349 2752 Hierapoli
1364 2718 1478 2753 Philippi
1497 2717 1624 2750 apostoli,
1643 2717 1688 2751 qui
1704 2716 1894 2744 Ebioniturum
1910 2718 2040 2745 hmresim

415 2765 559 2797 exstinxit,
576 2770 605 2792 et
620 2760 723 2798 quievit
745 2763 771 2790 in
787 2769 863 2798 pace.
883 2771 893 2788 ›
916 2762 1056 2791 Usuardus
1071 2765 1174 2801 scripto
1196 2765 1333 2793 mandavit
1349 2765 1407 2792 haec
1426 2764 1508 2792 verba
1527 2773 1534 2791 :
1553 2774 1561 2789 ι
1590 2762 1686 2790 Natale
1714 2764 1895 2798 apostolorum
1923 2763 2041 2798 Philippi

417 2816 443 2838 et
463 2806 570 2841 Jacobi,
586 2818 619 2837 cx
638 2810 735 2844 quibus
759 2809 898 2844 l‘hilippus
924 2813 1065 2843 postquam
1092 2812 1229 2846 Scythiam
1262 2811 1294 2839 ad
1319 2811 1397 2838 lidctu
1423 2810 1522 2838 Christi
1549 2810 1736 2843 convertisset,
1761 2810 1831 2846 apud
1859 2810 2040 2844 Hierapolim,

418 2855 489 2885 Asia:
505 2857 653 2890 civitatem,
671 2857 787 2893 glorioso
803 2858 855 2885 line
873 2857 986 2894 quit-vit.
1010 2867 1018 2882 ι
