2170 3148
239 153 292 188 135
770 156 860 186 νιΓΑ
882 157 912 186 S.
935 155 1110 186 PHILIPPI
1130 155 1325 186 APOSTOLI.
1819 155 1871 189 136

271 212 300 239 2.
311 207 370 239 Ado
385 208 608 247 archiepiscopus
619 205 794 244 Viennensis,
806 212 832 237 in
847 209 937 239 libello
952 211 990 238 De
1001 211 1189 245 festivitatibus
1200 216 1352 238 sanctorum
1367 210 1561 245 apostolorum,
1572 211 1623 238 hoc
1633 200 1750 246 elogium
1767 208 1871 236 edidit:

240 268 250 285 α
271 254 375 286 Natalis
393 258 534 285 beatorum
558 258 744 292 apostolorum
767 257 884 292 Philippi
901 263 928 285 et
948 257 1042 286 Jacobi
1061 267 1068 284 :
1084 265 1118 285 ex
1141 258 1240 292 quibus
1262 253 1414 292 Philippus,
1431 265 1491 284 cum
1517 265 1584 292 pene
1600 257 1739 293 Scythiam
1755 263 1872 283 convcr-

237 305 326 337 tisset,
345 302 515 338 diaeonibus,
530 303 697 339 presbyteris
716 309 745 331 et
767 304 902 339 episcopis
919 300 954 331 ibi
973 305 1140 334 constitutis.
1157 311 1286 330 reversus
1300 309 1342 331 est
1357 301 1390 330 ad
1407 301 1511 336 Asiam,
1526 303 1569 330 ubi
1586 305 1714 330 continua
1734 303 1869 338 prattlica-

239 353 313 380 tione
327 359 375 386 per
390 352 494 388 aliqttot
511 360 598 381 annos
615 353 760 385 insistens,
785 351 988 379 multitudinem
1017 351 1175 387 populorum
1195 350 1315 381 Christo.
1340 346 1479 378 laboribus
1502 351 1554 385 piis
1576 356 1683 385 semper
1706 351 1870 383 inserviens,

236 398 362 426 lucratus
375 404 419 426 est
435 408 442 426 :
459 400 560 434 quique
578 399 649 435 apud
665 398 831 431 Hierapolim
848 398 919 425 Asiae
933 398 1071 424 civitatem
1088 397 1214 424 dormivit
1231 404 1293 424 cum
1310 396 1431 432 patribus
1445 396 1513 429 suis,
1527 395 1608 424 beato
1633 394 1686 423 line
1706 397 1838 431 sepultus.
1858 407 1867 424 ι

236 439 301 474 ilzec
318 447 377 474 Ade
390 455 398 480 ;
413 447 514 482 quibus
531 447 606 474 addit
624 441 780 474 Notkerus:
803 455 812 472 ι
832 445 971 472 Exstincta
994 444 1090 472 hieresi
1116 443 1314 476 Ebionitarum,
1330 443 1375 478 qui
1395 443 1533 470 Clll‘isllll“
1549 441 1640 470 Iesum
1665 447 1727 470 ante
1743 443 1870 470 incarna-

236 494 320 522 tiottis
336 498 443 530 tempus
460 495 544 522 fuisse
564 495 710 530 negabant.
730 503 739 520 ι
759 493 788 520 lit
803 487 938 520 hodierno
955 486 1151 526 Martyrologiu
1171 487 1293 516 Romano
1317 489 1454 516 adduntur
1471 487 1600 516 nonnulla
1617 489 1649 515 de
1663 488 1722 522 ejus
1738 490 1870 525 martyrio

233 540 278 568 his
296 541 386 568 verbis
404 549 411 568 :
429 549 438 567 ι
458 539 562 568 Natalis
582 541 722 568 beatorum
742 540 929 574 apostolorntu
952 537 1067 572 Philippi
1087 541 1114 564 et
1135 530 1239 568 Jacobi,
1256 544 1289 562 ex
1306 536 1405 570 quibus
1427 531 1580 570 Philippus.
1599 537 1740 569 postquam
1760 543 1868 562 onmem

235 587 292 614 fere
321 587 461 623 Scythiam
479 587 511 614 ad
537 587 616 614 lident
633 587 734 614 Christi
753 585 943 617 convertisset,
966 585 1037 620 apud
1053 583 1217 618 Hierapolim
1233 583 1303 610 Asia:
1320 583 1468 615 civitatemI
1488 583 1562 609 cruci
1574 580 1679 614 ailixus,
1691 586 1719 610 et
1737 580 1870 616 lapidibus

236 633 364 666 obrutus,
380 634 501 669 glorioso
516 634 570 661 line
585 634 700 670 quievit.
719 643 729 661 ι
746 633 811 661 Haec
823 633 871 666 ibi,
888 632 986 668 quibus
999 632 1097 659 similia
1112 631 1139 658 iu
1157 639 1206 659 suo
1220 630 1411 667 Martyrologio
1431 631 1514 657 tradit
1528 628 1694 662 Galesinius_
1707 631 1742 657 At
1756 630 1868 658 Mauro-

235 681 313 716 iycns
330 681 473 717 aliquanto
490 681 570 716 plura
588 683 767 712 interserens,
784 689 793 707 ι
814 680 920 712 Natale,
935 680 1034 714 inquit,
1053 679 1194 706 beatorum
1210 678 1393 712 apostolorum
1416 677 1534 712 Philippi
1550 682 1579 705 et
1593 677 1697 710 Jacobi,
1711 685 1746 706 ex
1768 678 1869 713 quibus

234 727 384 764 Philippus,
400 733 543 764 postquam
562 728 701 765 Scythiam
714 728 748 755 ad
763 727 842 754 [idem
856 727 958 754 Christi
975 726 1118 758 convertit,
1134 725 1178 752 ubi
1198 725 1305 760 deiecto
1319 724 1415 753 Martis
1430 726 1578 752 simulacro
1595 728 1724 752 erexerat
1745 732 1868 756 crucem,

236 780 264 802 et
284 782 450 803 venenosum
465 776 615 803 draconem
633 774 845 805 exterminarat;
867 773 937 808 apud
956 772 1121 807 Hierapolim
1143 772 1281 799 civitatem
1296 772 1368 799 Asia:
1391 771 1510 806 glorioso
1536 770 1589 798 line
1609 770 1735 805 quievit:
1754 770 1810 797 sive
1834 771 1867 797 ab

234 819 368 849 Ebionitis
382 822 455 849 cruci
472 821 568 849 aﬂixus
583 827 610 849 et
623 821 757 856 lapidatus
771 821 898 849 occubuit
913 829 919 847 :
933 820 1009 855 juxta
1023 826 1104 854 quem
1128 819 1189 846 duae
1211 818 1272 846 tilia
1299 819 1360 854 ejus
1378 819 1498 854 virgines
1523 818 1662 846 tumulata:
1687 823 1763 850 sunt;
1788 819 1867 845 tertia

235 864 334 900 Ephesi
349 863 432 903 jacet.
451 877 460 893 ι
478 867 540 896 Haec
556 867 727 904 Maurolycus
745 877 752 896 :
770 872 869 902 prmter
883 875 943 902 qua:
958 865 1152 894 Constantinus
1164 865 1282 894 Felieius
1297 865 1425 892 nonnulla
1441 866 1538 893 miscet
1556 873 1590 892 ex
1608 864 1685 892 Actis
1705 864 1820 898 Grecis,
1833 865 1866 893 de

234 913 335 948 quibus
350 921 412 942 mox
428 922 555 949 agemus.

269 960 297 986 5.
316 960 427 988 Vocatio
444 960 558 997 Philippi
586 962 618 989 ad
635 962 815 996 apostolatum
834 961 972 988 nonnullis
992 961 1075 988 etiam
1093 959 1180 987 Fastis
1199 960 1232 986 ad
1247 959 1283 987 28
1310 958 1451 987 Februarii
1473 959 1619 987 ascribitnr
1638 967 1644 986 :
1675 958 1724 986 sed
1757 963 1807 986 .sta
1835 965 1869 986 ex

234 1017 241 1037 ι
262 1006 305 1033 die
321 1006 382 1034 Maii
398 1007 478 1035 latius
491 1008 647 1036 deducenda
669 1008 754 1040 fuere,
768 1013 797 1035 ut
818 1008 860 1035 via
877 1012 1045 1035 sterneretur
1062 1007 1094 1034 ad
1117 1011 1177 1033 acta
1195 1005 1302 1037 Latina,
1317 1005 1404 1040 primo
1418 1006 1477 1033 loco
1493 1006 1594 1038 danda,
1608 1006 1634 1032 in
1651 1005 1751 1040 quibus
1773 1006 1864 1032 omnia

232 1052 419 1086 continentur,
435 1061 496 1088 quae
511 1055 535 1081 in
549 1055 641 1082 citatis
658 1054 860 1090 Martyrologiis
873 1054 1053 1090 attinguntur.
1068 1053 1168 1080 Eadem
1181 1053 1248 1079 Acta
1266 1052 1398 1079 habemus
1412 1052 1438 1079 in
1460 1052 1546 1079 tribus
1561 1052 1713 1079 illustribus
1729 1052 1869 1079 codicibus

233 1099 345 1130 nostris,
361 1107 478 1134 quorum
495 1101 593 1135 aliquis
610 1107 675 1129 ante
690 1103 862 1137 octingentos
877 1110 963 1129 annos
980 1100 1085 1128 videtur
1101 1105 1240 1127 exaratos.
1258 1099 1391 1127 Praeterea
1407 1100 1562 1134 accepinms
1573 1099 1668 1126 eadem
1686 1099 1821 1133 descripta
1834 1106 1867 1126 cx

232 1145 349 1173 Tetustis
366 1147 506 1175 codicibus
532 1148 689 1176 Trevirensi
709 1148 738 1176 S.
757 1148 879 1182 Martini,
899 1148 997 1182 duplici
1015 1147 1214 1174 Andomarensi
1232 1146 1360 1174 Ecclesiae
1383 1146 1559 1177 cathedralis,
1581 1144 1757 1180 Ultrajectino
1776 1145 1867 1172 eccle-

232 1191 280 1219 site
301 1192 331 1220 S.
350 1193 513 1229 Salvatoris,
532 1194 656 1224 Bomano
672 1196 819 1223 cardinalis
834 1195 953 1223 Baronii.
973 1194 1132 1222 invenimus
1156 1194 1213 1229 ipsa
1230 1193 1310 1221 etiam
1331 1194 1358 1220 in
1383 1194 1471 1220 tribus
1496 1193 1597 1227 regium
1622 1191 1727 1219 Snecite
1755 1191 1868 1226 signatis

235 1246 350 1267 numero
364 1240 409 1274 81,
426 1241 480 1268 482
496 1249 524 1269 et
540 1242 621 1274 1604,
641 1242 788 1270 Parisiensi
804 1243 952 1270 cardinalis
967 1241 1109 1274 Mazarini,
1131 1242 1265 1269 Duacensi
1283 1241 1439 1269 tnonaslerii
1454 1240 1648 1274 Aquicinctini,
1663 1238 1810 1266 Bodccensi
1839 1238 1866 1266 in

236 1281 417 1320 Westphalia,
433 1293 463 1314 et
481 1287 507 1314 in
524 1288 620 1316 codice
633 1295 684 1316 ms.
704 1289 846 1323 hospitalis
862 1288 893 1316 ε,
908 1288 1011 1315 Nicolai
1026 1295 1108 1322 prope
1119 1287 1217 1315 Cusam
1234 1296 1241 1314 :
1257 1295 1345 1322 neque
1362 1288 1399 1315 ab
1411 1287 1454 1314 bis
1473 1287 1582 1314 diversa
1599 1291 1674 1318 sunt,
1692 1292 1753 1320 qua:
1773 1285 1868 1312 habuit

232 1337 330 1359 auctor
343 1333 465 1361 historia:
485 1335 517 1361 de
534 1332 723 1361 Trsnslatiotte
739 1335 841 1361 brachii
861 1335 890 1361 S.
908 1334 1022 1368 Philippi
1049 1329 1226 1361 Florentium.
1245 1333 1410 1368 Legendarla
1428 1334 1451 1361 si
1475 1333 1599 1360 libuisset
1622 1337 1764 1366 excutere,
1790 1333 1866 1366 plura

232 1385 375 1414 possemus
389 1380 514 1408 indicare
527 1381 663 1415 exempla.
675 1381 728 1408 Sed
743 1381 769 1408 in
786 1381 882 1416 primis
897 1381 1081 1408 memorabilis
1093 1385 1134 1407 est
1146 1380 1224 1407 nobis
1237 1382 1331 1407 eadem
1346 1380 1412 1406 Acta
1427 1381 1569 1407 cominens
1584 1380 1667 1407 codex
1684 1386 1867 1415 pervt-tustns,

233 1427 375 1460 quadratis
398 1427 550 1454 litterarum
569 1427 696 1455 ductibus
712 1433 740 1455 et
757 1428 915 1455 discrimine
933 1428 1165 1462 diphthongorum
1184 1432 1266 1460 atque
1288 1427 1421 1453 vocalium
1449 1431 1577 1454 accurate
1594 1433 1701 1454 servato
1726 1435 1865 1461 exaratos,

232 1474 278 1508 qui
306 1473 369 1500 olim
397 1475 528 1508 pertinuit
555 1474 588 1501 ad
616 1474 810 1501 monasterium
839 1473 888 1500 SS.
911 1472 983 1500 Petri
1010 1480 1037 1500 et
1064 1473 1140 1500 Pauli
1160 1474 1186 1500 iu
1207 1472 1388 1508 Wissenburg
1415 1473 1542 1500 dimccsis
1563 1472 1712 1507 Spirensis,
1740 1483 1810 1501 nunc
1827 1480 1869 1502 est

232 1521 394 1556 atup'issitni
411 1522 523 1549 baronis
539 1521 650 1555 Blumii,
670 1521 770 1556 smpius
794 1528 807 1546 a
825 1521 903 1547 nobis
921 1520 1077 1552 metnorati,
1095 1521 1129 1547 ob
1155 1524 1290 1547 vetustum
1309 1519 1491 1556 Martyrologii
1518 1520 1723 1557 lliernnymiani
1751 1529 1869 1557 apogra-

233 1570 327 1603 plmm,
351 1569 424 1604 quod
451 1569 508 1604 ipse
524 1574 556 1596 ex
586 1569 681 1597 eodem
705 1569 870 1595 monasterio
888 1573 1028 1602 acceptum
1046 1575 1096 1602 pro
1111 1574 1160 1595 sua
1189 1568 1359 1595 immanitate
1385 1568 1608 1596 communicavit.
1627 1567 1664 1594 Ex
1687 1569 1738 1596 hoc
1761 1574 1868 1596 vetusto

232 1614 325 1642 codice
341 1615 408 1642 Acta
427 1613 559 1641 virtutum
578 1620 604 1641 et
620 1614 777 1649 passionum
794 1618 952 1640 sanctorum
974 1613 1077 1641 Christi
1094 1612 1291 1648 apostolorum,
1306 1612 1455 1642 Reiuoldus
1469 1615 1598 1648 Dehnius,
1614 1614 1754 1642 societatis
1768 1621 1868 1643 nostra:

233 1661 273 1688 vir
292 1662 426 1694 eruditus,
442 1661 578 1698 deseripta
594 1662 671 1690 nobis
689 1662 853 1690 transmisit.

266 1709 294 1735 4.
311 1709 463 1744 Praeligitttt‘
487 1710 549 1737 huic
574 1710 661 1737 codici
689 1718 699 1736 ι
723 1710 838 1745 epistola
855 1709 1001 1742 Melitonis,
1029 1719 1039 1736 ι
1060 1710 1122 1738 aliis
1143 1709 1247 1743 Melliti,
1272 1719 1281 1736 ι
1308 1711 1428 1745 episcopi
1452 1710 1638 1742 Laodicensis,
1663 1711 1696 1738 ad
1722 1711 1866 1738 universos

232 1754 372 1788 episcopos
388 1760 415 1781 et
430 1754 568 1782 Ecclesias
581 1755 793 1790 Catholicornrn,
810 1757 843 1783 de
858 1757 975 1791 quodam
992 1754 1104 1788 Leucio,
1117 1757 1163 1791 qui
1181 1757 1361 1791 quorumdam
1377 1758 1462 1784 Actus
1476 1757 1662 1789 apostolorum
1678 1757 1835 1791 scripserat.
1854 1767 1862 1780 ι

232 1800 313 1828 Notat
328 1801 399 1829 hunc
414 1801 505 1830 Melite
531 1802 655 1831 falsitatis
673 1803 760 1835 titulo,
786 1804 956 1838 potissimum
973 1804 1035 1838 quia
1051 1804 1130 1836 dixit,
1159 1813 1168 1829 ι
1184 1811 1232 1831 eos
1249 1804 1377 1831 docuisse
1394 1804 1447 1830 dno
1470 1803 1603 1838 principia
1624 1803 1686 1830 beni
1702 1807 1729 1829 et
1748 1802 1821 1835 mali,
1839 1807 1866 1830 et

234 1849 303 1875 bona
317 1855 332 1874 a
350 1848 422 1876 bono
444 1853 471 1876 et
496 1849 565 1876 mala
583 1858 596 1876 a
617 1850 687 1878 malo
712 1851 868 1878 substitisse
893 1851 1037 1885 principio.
1057 1860 1066 1876 ι
1093 1850 1193 1877 Eadem
1215 1851 1331 1884 epistola
1356 1850 1506 1885 praeﬁgitnr
1528 1856 1590 1876 ante
1611 1850 1677 1877 Acta
1703 1850 1732 1876 S.
1753 1850 1866 1877 Joannis

233 1895 401 1930 svaitgelistat
413 1896 484 1932 apud
500 1897 686 1925 Florentinum
701 1899 734 1925 ad
752 1898 977 1932 Martyrologium
996 1897 1251 1932 llieronymianum.
1271 1898 1372 1925 Montio
1388 1898 1511 1932 prtetlicti
1530 1898 1634 1931 Leucii,
1651 1899 1711 1926 aliis
1742 1897 1862 1930 Leontii,

231 1942 338 1969 videtur
359 1943 416 1970 ﬁeri
440 1943 466 1970 iit
491 1939 622 1971 Tractatu
649 1944 685 1971 De
708 1945 762 1979 ﬁde
788 1945 841 1971 sive
864 1945 895 1971 de
914 1943 1024 1971 Unitole
1043 1943 1184 1972 Trinitatis
1209 1950 1300 1971 tonIra
1331 1944 1504 1977 Manio/laws,
1528 1945 1574 1979 qui
1600 1950 1674 1972 tumo
1693 1945 1725 1972 Vl
1746 1945 1863 1979 Operntn

230 1989 259 2017 S.
286 1988 431 2024 Augustini
459 1991 619 2018 continetur
640 1997 648 2017 ε
670 1999 764 2017 verum
792 1998 846 2018 non
874 1991 988 2018 habetur
1012 1991 1039 2018 in
1064 1991 1315 2018 Retractationibus
1338 1991 1406 2025 ejus,
1426 1999 1513 2025 neque
1534 1992 1561 2017 in
1581 1990 1703 2018 lndicnlo
1730 1991 1864 2024 Possitlii;

230 2037 383 2069 asseritque
397 2035 538 2071 Philippus
561 2037 653 2064 Lahhe
671 2036 709 2064 De
726 2036 906 2071 Scriptoribus
926 2038 1124 2070 ecclesiasticis,
1145 2048 1154 2064 ι
1174 2038 1291 2066 evicisse
1311 2038 1485 2065 Sirmondum
1504 2038 1529 2064 in
1544 2037 1663 2064 Historia
1680 2038 1864 2065 Prtedestinao

233 2081 305 2108 tiana
319 2089 352 2109 ex
365 2081 417 2110 [ide
431 2091 499 2111 mss.
521 2085 656 2117 codicum,
676 2085 812 2119 praecipue
829 2085 1018 2118 Cerbeiensis,
1038 2087 1109 2121 quod
1125 2087 1162 2113 sit
1179 2086 1273 2114 Eiodii
1288 2086 1407 2121 episcopi
1426 2086 1580 2118 Uzalensis,
1598 2095 1608 2112 ι
1628 2095 1654 2113 in
1671 2085 1864 2113 Proconsulari

231 2128 371 2162 provincia
391 2129 495 2163 Africa,
514 2131 547 2158 ad
563 2138 644 2166 quem
661 2136 770 2159 exstant
784 2132 865 2159 variae
882 2131 911 2159 S.
926 2132 1071 2168 Augustini
1093 2133 1215 2168 epistolis
1236 2141 1242 2160 :
1259 2137 1288 2160 ut
1305 2132 1346 2159 vel
1365 2137 1428 2160 tunc
1453 2126 1516 2160 ante
1536 2133 1672 2160 indicatus
1694 2132 1785 2160 Melite
1805 2131 1864 2159 sive

231 2174 349 2201 Mellitus
364 2176 507 2211 episcopus
523 2178 624 2205 vixisse
641 2179 774 2206 videatur.

265 2221 293 2250 5.
312 2221 380 2250 Sunt
403 2223 461 2251 inec
483 2223 667 2258 apostolorum
689 2228 748 2251 acta
764 2225 938 2259 postmodum
962 2225 1038 2253 varie
1058 2229 1148 2256 aucta,
1165 2228 1192 2251 et
1205 2224 1256 2251 sub
1271 2224 1382 2251 nomine
1397 2225 1499 2258 Abdiae,
1518 2224 1675 2261 Babylonia:
1690 2226 1810 2260 episcopi
1830 2228 1863 2253 ab

230 2269 362 2305 apostolis
383 2271 512 2304 ordinati,
529 2271 629 2306 saepius
651 2278 766 2305 recusa;
785 2272 862 2307 quasi
886 2279 916 2299 ea
940 2280 974 2300 ex
997 2271 1132 2300 Hebraica
1157 2271 1183 2298 in
1208 2271 1330 2298 Graecam
1355 2271 1477 2305 linguam
1505 2272 1692 2298 transtulisset
1712 2272 1863 2306 discipulus

229 2317 323 2345 Abdize
342 2316 500 2351 Eutropius,
517 2322 544 2344 et
565 2318 629 2345 hinc
642 2318 668 2345 in
683 2316 808 2345 Latinam
832 2318 948 2345 vertisse
965 2325 996 2345 se
1019 2319 1093 2345 dicat
1114 2317 1203 2345 Julius
1223 2318 1377 2350 Africanus,
1400 2320 1445 2352 qui
1471 2319 1552 2346 tertio
1578 2319 1679 2345 saeculo
1691 2318 1783 2344 floruit
1811 2319 1862 2345 sub

230 2363 439 2397 imperatoribus
461 2363 637 2399 Heliogabalo
650 2370 677 2392 et
692 2365 848 2392 Alexandro
863 2364 1011 2391 Mammaea:
1025 2364 1091 2391 lilio.
1103 2364 1238 2390 Baronins
1255 2365 1281 2390 in
1300 2365 1372 2391 uotis
1392 2364 1426 2391 ad
1441 2365 1512 2392 hunc
1526 2365 1611 2394 diem.
1628 2374 1637 2390 ι
1658 2365 1745 2398 Licet,
1762 2364 1861 2399 inquit,

230 2410 382 2446 apocrypha
401 2417 564 2439 censeantur
580 2412 636 2439 haec
655 2413 706 2439 sub
732 2412 841 2439 nomine
863 2411 969 2442 Abdias.
983 2418 1047 2439 vera
1069 2415 1160 2438 tamen
1180 2411 1312 2438 nonnulla
1327 2411 1364 2438 ibi
1381 2419 1442 2439 esse
1468 2412 1532 2439 mihi
1553 2412 1632 2440 facile
1655 2414 1807 2447 persuadeo
1824 2422 1830 2441 :
1849 2423 1860 2440 ι

230 2457 347 2485 maxime
359 2458 468 2491 quando
481 2457 590 2486 aliunde
600 2466 632 2486 ea
644 2458 710 2486 Acta
728 2463 768 2493 (ut
782 2459 827 2486 hic
838 2461 871 2486 tie
885 2459 914 2486 5.
928 2458 1074 2493 Philippo),
1090 2458 1156 2486 satis
1170 2458 1332 2493 probantur.
1345 2458 1460 2486 Exstant
1472 2459 1567 2486 eadem
1581 2465 1680 2486 excusa
1696 2467 1767 2487 anno
1782 2459 1862 2492 1551,

229 2505 301 2532 inter
316 2500 468 2538 llapsodias
483 2503 620 2540 Anonymi
643 2503 790 2532 Philalethi
807 2501 967 2539 Eusebiani,
983 2505 1011 2532 in
1032 2504 1119 2538 Vitas,
1135 2505 1266 2532 miracula
1293 2506 1490 2541 passionesque
1508 2507 1693 2540 apostolorum
1721 2514 1736 2534 a
1757 2506 1863 2536 Frede-

230 2553 287 2580 rico
310 2549 416 2578 Nausea
439 2549 591 2579 collectas:
608 2556 635 2578 et
657 2550 683 2578 in
707 2551 842 2586 plet-isque
860 2551 956 2579 hortutt
982 2558 1037 2578 non
1061 2551 1160 2585 legitur
1182 2550 1254 2585 quod
1276 2550 1416 2586 Philippus
1434 2560 1443 2577 ι
1459 2552 1532 2580 cruci
1549 2551 1646 2579 aliisue
1668 2557 1696 2579 et
1721 2552 1858 2586 lapidilms

229 2600 345 2627 obrutus
361 2599 453 2626 luertt.
474 2607 483 2624 ι
505 2594 605 2625 Verum
623 2598 726 2625 inserta
742 2603 806 2626 sunt
819 2599 861 2625 illa
877 2599 959 2626 verba
974 2598 1044 2632 apud
1060 2596 1189 2625 Joninum
1209 2597 1405 2628 Momhritinm,
1420 2597 1447 2625 in
1463 2596 1631 2632 Legendario
1651 2603 1713 2626 ante
1729 2599 1861 2626 ducentos
1886 2614 1888 2618 ι

229 2652 315 2671 annos
331 2651 433 2672 excuso
450 2653 457 2671 ε
471 2644 536 2671 item
554 2644 581 2671 in
596 2643 736 2672 Breviario
751 2645 873 2672 Romano
886 2645 950 2672 anni
969 2642 1039 2672 1522
1054 2649 1137 2679 atque
1154 2651 1187 2671 eo
1206 2643 1277 2678 quod
1290 2644 1367 2678 jussu
1383 2643 1459 2671 Pauli
1477 2651 1551 2679 papae
1566 2643 1599 2672 ΙΙΙ
1611 2653 1625 2671 a
1639 2644 1777 2672 cartlinale
1793 2644 1860 2677 Qui-

229 2691 331 2726 gnonio
353 2691 506 2718 ordinatttut
526 2696 553 2719 et
578 2688 617 2718 Pii
634 2690 656 2718 V
669 2690 746 2725 jussu
773 2695 867 2726 postea
887 2691 989 2718 editqu
1017 2691 1149 2718 hactenus
1174 2695 1342 2721 asservatur,
1368 2690 1431 2718 licet
1449 2691 1475 2717 in
1495 2692 1569 2718 hisce
1586 2691 1652 2718 Acta
1680 2690 1785 2726 integra
1804 2698 1859 2718 non

228 2740 336 2768 dentur,
360 2741 388 2764 ut
408 2737 435 2764 in
453 2738 599 2772 antiquiori
617 2737 766 2766 Breviario.
783 2738 861 2765 Prior
882 2745 945 2772 pars
966 2738 1096 2764 Actorum
1118 2736 1229 2771 integra
1250 2736 1365 2764 habetur
1380 2736 1407 2763 in
1422 2736 1564 2764 Breviario
1577 2737 1642 2764 anni
1657 2737 1736 2769 H79,
1751 2737 1820 2765 M90
1831 2741 1859 2764 et

228 2783 399 2818 sequentium
421 2792 429 2810 :
443 2784 469 2810 in
486 2792 572 2819 eaque
584 2789 663 2819 parte
680 2785 856 2812 continentur
869 2784 913 2811 illa
933 2791 993 2818 qua:
1010 2784 1073 2811 inde
1088 2783 1262 2818 Manrolyt-us
1282 2790 1362 2817 supra
1386 2783 1497 2811 tradidit
1515 2783 1548 2811 de
1562 2792 1571 2809 ι
1589 2791 1725 2811 vencttoso
1739 2785 1858 2811 dracone

229 2830 420 2862 cxtertuinato,
441 2841 450 2857 ι
471 2831 622 2859 autl‘orsan
642 2831 753 2859 diabolo
767 2832 819 2859 sub
843 2831 903 2859 tctri
927 2831 1042 2858 monstri
1067 2831 1165 2864 ﬁgura.
1187 2830 1290 2857 Similia
1320 2831 1418 2859 habent
1444 2830 1538 2859 Petrus
1560 2832 1591 2860 dc
1612 2830 1751 2859 Natalibus
1773 2831 1818 2859 lib.
1832 2840 1857 2859 tv

227 2877 363 2914 Catulugi,
380 2885 441 2914 cap.
464 2878 523 2913 l07,
541 2878 680 2914 Philippus
694 2878 837 2908 Ferrarius
854 2879 891 2907 De
907 2878 1005 2906 sanctis
1024 2877 1125 2911 ltaliw,
1141 2883 1167 2905 ct
1187 2878 1278 2913 plures
1293 2877 1350 2906 alii.
