2170 3148
207 120 258 154 189

744 126 834 156 VlTA
855 127 885 156 S.
910 126 1081 156 PHlLIPPi
1101 127 1300 159 APOSTOLI.

1781 128 1833 163 £90

203 177 344 205 ιλεὺοεται
363 179 409 206 καὶ
436 181 512 216 κοινῇ
542 180 625 207 πᾶσιν
641 180 816 215 οἰκονομήσει
837 181 887 216 τὴν
903 189 990 214 σωτη-
1005 184 1027 211 Λ
1043 190 1060 207 l'l

978 194 990 199 -
1005 184 1027 211 Α
1043 182 1113 208 enim
1130 182 1163 208 iis
1180 182 1224 216 qui
1240 183 1409 216 juventntem
1429 183 1575 214 docebant,
1593 182 1633 210 fas
1651 187 1710 210 erat
1729 183 1832 210 doctri-

205 223 280 257 ρίαν·
293 225 323 250 οὐ
331 225 385 259 γὰρ
400 226 491 259 ἐφεῖτο
501 227 557 257 τοῖς
569 226 629 252 τότε
642 221 801 252 παιδεύουσι
813 227 882 261 πρὸς
894 226 992 260 ἑτέραν

206 267 325 303 μάθησιν
335 271 398 302 τοὺς
417 271 549 305 φοιτητὰς
566 271 694 298 ικπονεϊν
704 291 711 303 ,
727 272 752 298 ει
774 271 812 307 μὴ
823 272 857 298 τὰ
871 271 993 303 Μωσέως

205 315 341 349 πρότερον
358 316 537 349 ιπιλέξοιντο.

241 357 277 387 Γ.
303 361 432 393 Ἐπιστὰς
449 360 496 389 οὖν
513 364 526 390 ὁ
548 363 655 398 Ἰησοῦς
666 364 698 399 τῇ
717 363 861 399 Γαλιλαίᾳ,
889 362 994 390 καὶτὸν

206 406 294 440 μέγαν
307 407 403 435 τοῦτον
417 408 552 435 Φίλιππον
579 408 717 445 εὑρηκὼς,
745 409 904 437 ἀκολουθεῖν
918 409 993 444 αὐτῷ

204 453 392 487 προετρέπετο
401 461 409 468 ·
420 454 467 480 καὶ
478 453 507 485 ὃς
522 453 643 486 ἀκούσας
656 455 695 486 είς
708 455 820 490 μνήμην
833 452 901 490 ἧκεν
913 454 993 486 εὐθὺς

202 493 240 524 ὦν
258 498 290 524 ὲκ
306 499 402 531 παιδὸς
415 500 479 534 περὶ
492 499 611 535 Χριστοῦ
640 501 747 535 ήσκησέ
760 509 790 526 τε
815 500 862 526 καὶ
886 499 993 526 συνιλέ-

203 542 283 575 ξιτο’
309 545 358 572 καὶ
385 545 481 572 τοῦτον
508 546 614 572 ἐκεῖνον
628 544 699 572 εἶναι
718 545 830 580 διέγνω.
856 545 886 571 ὃν
903 546 931 571 αἱ
944 544 992 572 τοῦ

203 590 327 623 Μωσέως
350 591 438 626 βίϐλοι
456 592 614 619 ἰλεύσεσθαι
630 591 746 626 ὕστερον
759 591 918 625 διεσάφουν.
933 591 994 617 Ἐν-

205 636 298 663 τεῦθεν
318 634 395 668 οὗτος
407 638 445 672 τῷ
460 638 608 665 καλέσαντι
626 638 782 674 διδασκάλῳ
795 637 825 664 τδ
847 637 901 664 ἀπὸ
915 636 992 664 τοῦδε

204 683 297 716 συνῆν,
314 683 520 718 συμπροῖοὖσάν
534 692 564 711 τε
575 683 633 720 είχι
648 684 689 720 τῷ
704 685 794 720 χρόνῳ
811 685 862 719 τὴν
880 683 993 718 ἀρετὴν,

203 729 250 755 καὶ
269 730 324 760 τοῖς
350 729 404 756 τῶν
439 730 569 765 μαθητῶν
596 731 756 765 κορυφαίοις
787 729 992 765 συνηριθμεῖτο.

202 775 353 810 Μετασχὼν
365 775 394 802 δὲ
407 775 479 803 οὕτω
493 776 541 802 τοῦ
553 776 669 809 ἀγαθοῦ,
689 777 834 807 κοινωνοὶις
849 776 994 810 παραλαμ-

203 820 279 846 Sive:
297 821 347 847 καὶ
358 821 457 853 ἄλλους
472 821 522 856 τῆς
543 821 732 856 μεταλήψεως,
746 821 794 847 καὶ
811 822 861 847 οὐκ
872 820 994 856 ἀποκρύ-

203 874 302 893 πτεται
327 866 441 901 ταύτην,
470 867 539 893 ἀλλὰ
555 868 664 902 πρῶτον
679 867 834 903 περιτυχὼν
848 867 886 902 τῷ
900 867 994 893 Ναθα-

204 912 281 945 ναὴλ,
299 913 329 944 ὃς
352 913 383 939 ἔκ
399 912 497 939 πολλοῦ
516 913 594 948 φίλος
620 913 704 940 αὑτοῦ
721 914 769 941 καὶ
785 913 904 948 συνήθης
917 912 996 946 ἐτύγ-

204 966 280 993 χανε,
296 957 344 993 τὴν
358 958 405 985 τοῦ
420 959 569 994 ἐρχομένου
585 959 749 995 παρουσίαν,
761 959 809 993 οὐχ
821 959 859 990 ὼς
875 958 916 984 ἔτι
930 958 995 993 μέλ-

203 1002 314 1034 λουσαν,
330 1002 388 1029 ἀλλ’
403 1003 441 1034 ὡς
455 1003 505 1038 ήδη
529 1003 680 1038 παροῦσαν,
698 1003 896 1038 εὐηγγελίσατο
907 1011 914 1018 ·
936 1003 995 1030 Οὐκ

202 1047 254 1080 ἔτι,
273 1048 371 1082 λόγων,
389 1049 419 1075 ὲν
433 1049 543 1076 ἐλπίσιν
557 1050 574 1084 ή
594 1049 718 1085 σωτηρίᾳ
743 1049 781 1085 τῷ
800 1049 923 1085 Ἰσραὴλ,
936 1049 994 1076 ἀλλ’

202 1094 231 1120 δν
246 1095 275 1121 αἱ
299 1095 537 1130 προσημαίνουσαι
568 1095 690 1130 γλῶσσαι
721 1097 770 1123 καὶ
786 1095 825 1131 τῷ
852 1096 994 1131 Πνεύματι

202 1138 319 1174 Σωτῆρα
339 1141 471 1175 προεῖπον
487 1141 532 1167 ἐπ’
547 1141 671 1176 ἐσχάτων
685 1141 724 1176 τῷ
748 1140 858 1177 Ἰσραήλ
873 1142 995 1177 ἀναστή-

203 1185 309 1219 σεσθαι,
335 1187 471 1222 πάρεστι’
492 1186 588 1214 τοῦτον
612 1187 740 1222 εὑρόντες
765 1188 846 1223 ἡμεῖς
866 1188 912 1214 τὸν
939 1188 995 1215 ἀπὸ

202 1230 329 1268 Ναζαρὲτ
345 1232 459 1268 Ἰησοῦν,
473 1234 520 1259 καὶ
530 1232 569 1268 τῷ
581 1233 635 1260 τῶν
650 1233 734 1260 αὑτοῦ
747 1233 897 1269 θαυμάτων
909 1234 994 1270 ὑπερ-

203 1281 266 1310 φυεῖ
283 1279 323 1315 μή
334 1279 441 1316 ιχοντις
452 1281 587 1314 ἀπιστεῖν,
602 1280 711 1317 μακρὰς
730 1282 785 1313 τοῖς
821 1281 914 1313 ἄλλοις
940 1281 1028 1309 ἅπασι

202 1325 323 1360 λιὶομεθα.

239 1371 276 1399 Δ’.
289 1373 403 1406 Τούτοις
423 1374 566 1410 κατάκρας
584 1374 653 1402 ἑλὼν
666 1375 713 1402 τδν
726 1374 885 1409 Ναθαναὴλ,
905 1383 998 1402 καιτοι

202 1417 455 1455 δυσανασχετοῦντα
466 1421 505 1454 τῷ
518 1421 675 1456 πράγματι,
691 1421 738 1447 καὶ
757 1421 795 1456 μὴ
808 1421 841 1447 ἂν
858 1421 890 1447 ἐκ
905 1421 998 1453 Ναζα-

205 1466 252 1500 ρὲτ
263 1467 365 1500 ἀγαθὸν
383 1464 453 1493 εἷναί
468 1475 495 1493 τι
519 1466 734 1501 διατεινόμενον.
757 1466 805 1493 τοῦ
836 1467 886 1501 μὲν
905 1467 938 1494 τὰ
951 1466 997 1494 τοῦ

211 1511 318 1547 Ἰσραὴλ
335 1511 499 1547 πρεσϐεύειν
514 1512 657 1547 ἀφίστησι,
677 1512 817 1547 πειθήνιον
829 1512 858 1538 δὲ
873 1512 912 1548 τῷ
930 1513 998 1548 Χρι-

206 1558 259 1592 στῴ
278 1558 411 1594 προσάγει
436 1558 482 1584 τὸν
496 1559 590 1594 ἄνδρα,
612 1558 649 1592 (b)
663 1558 711 1585 καὶ
731 1558 812 1584 τοῦτο
823 1558 932 1594 πρῶτον
949 1559 995 1586 εὐ·
1007 1577 1029 1608 C

206 1606 280 1635 νοίας
291 1604 486 1638 ἀπαραμίλλου
510 1605 660 1639 παρίστησι
687 1603 843 1639 γνώρισμα.
875 1604 904 1630 '0
915 1604 943 1630 δὲ
960 1605 994 1639 τῇ

205 1650 277 1684 ὑγιεῖ
289 1651 388 1677 αὐτίκα
405 1651 495 1677 πίστει
513 1650 701 1685 προσθέμενος
719 1650 995 1687 παρρησιαστικώτε-

206 1704 252 1730 ρον
266 1695 404 1729 ἒξεϐόησε,
424 1696 530 1729 Ῥαὸὃῒη
547 1696 648 1730 λέγων,
670 1696 702 1722 σὺ
720 1694 745 1722 εί
769 1697 783 1723 ὁ
800 1696 928 1731 βασιλεὺς
947 1696 994 1723 τοῦ

211 1740 331 1775 Ἰσραήλ.
355 1741 414 1775 Ἐφ’
428 1739 450 1775 ᾧ
464 1744 510 1768 καὶ
520 1743 534 1768 ὁ
551 1742 669 1777 Χριστὸς
682 1742 765 1774 αὐτὸς
781 1742 876 1777 ήσΘεὶς
889 1742 926 1774 ὡς
941 1743 996 1769 ἀπὸ

207 1788 321 1822 γνώμης
347 1788 500 1815 ἐνδιαθέτου
524 1787 658 1823 λεχθέντι,
674 1789 843 1816 ὲκκαλύπτει
869 1788 945 1824 αὖτῷ
965 1789 996 1816 τὸ

206 1834 317 1866 οἰκεῖον,
331 1833 402 1860 ὥστε
413 1834 460 1860 καὶ
477 1834 582 1868 μύστην
603 1835 735 1870 μειζόνων
761 1835 874 1862 ἔσεσθαι
892 1843 997 1871 μυστη-

209 1880 286 1917 ρίων,
311 1880 360 1906 καὶ
389 1879 528 1915 βασιλείας
551 1880 617 1908 Θεοῦ
636 1880 751 1916 θεατήν·
779 1881 807 1907 τί
829 1881 884 1917 γάρ
905 1889 995 1916 φησις

209 1935 219 1953 ι
239 1926 325 1961 Ἀμὴν
339 1926 412 1961 λέγω
435 1926 512 1961 ὑμῖν,
532 1927 578 1954 τὸν
597 1927 713 1962 οὐρανὸν
726 1927 866 1961 ἀνεωγότι
884 1928 996 1963 ὄψεσθε,

206 1973 254 1999 καὶ
274 1973 337 2004 τοὺς
359 1972 491 2007 ἀγγέλους
513 1973 560 2000 τοῦ
585 1973 654 2000 Θεοῦ
671 1973 868 2006 ἀναϐαίνοντας
896 1982 926 2000 τε
949 1975 997 2001 καὶ

206 2018 421 2050 καταὸαίνοντας
433 2018 482 2045 ἐπὶ
494 2018 541 2044 τὸν
552 2018 616 2045 Υἰδν
624 2019 671 2045 τοῦ
687 2019 845 2054 ἀνθρώπου.
868 2028 878 2046 s
898 2019 934 2046 Τὸ
949 2019 997 2046 ἀπ’

205 2064 310 2090 ἐκείνου
329 2063 474 2099 τοιγαροῦν
487 2065 502 2090 ὁ
515 2063 664 2100 ἱερώτατος
679 2065 813 2097 Φίλιππος
827 2066 890 2096 ταῖς
911 2065 997 2101 ἱεραῖς

208 2110 415 2145 μυσταγωγίαις
429 2109 539 2144 ὑπέχων
551 2110 582 2136 τὸ
598 2110 656 2142 οὓς,
672 2111 733 2142 ὅλος
762 2110 874 2138 ἐκείνων
894 2109 930 2146 ἦν
947 2111 997 2146 τὴν

205 2156 337 2187 διάνοιαν,
369 2156 504 2191 μηδεμιᾶς
534 2157 615 2184 αὑτὸν
641 2157 818 2193 ἀντισπώσης
855 2157 997 2193 φροντίδος

206 2202 276 2236 πρὶς
288 2202 330 2228 Ere
337 2210 379 2237 ρα,
397 2202 444 2228 καὶ
456 2202 494 2238 τῷ
511 2203 561 2238 τῆς
576 2202 717 2239 θειοτέρας
729 2203 858 2238 γνώσεως
869 2203 938 2238 φωτὶ
951 2204 997 2230 τὸν

1045 236 1104 254 nam
1121 228 1201 254 aliam
1213 227 1350 262 discipulis
1360 228 1478 260 tradere,
1493 229 1545 256 nisi
1564 229 1639 263 prius
1654 228 1765 265 Moysen
1774 230 1834 257 edi-

1044 274 1185 301 dicissent.

1079 365 1122 394 III.
1136 364 1255 393 Veniens
1270 365 1353 399 igitur
1367 364 1394 392 in
1408 363 1546 392 Galilaeam
1558 364 1648 399 Jesus,
1664 371 1690 394 et
1708 374 1834 402 magnum

1045 412 1116 440 hunc
1133 411 1286 446 Philippum
1305 411 1456 445 reperiens,
1470 410 1548 444 sequi
1566 417 1594 437 se
1604 411 1692 445 jubet.
1706 410 1754 439 llic
1770 420 1836 440 vero

1043 462 1074 486 ut
1106 462 1248 484 vocantem
1279 457 1374 489 audiit,
1397 456 1490 484 Statim
1520 456 1594 484 venit
1620 457 1647 484 in
1677 458 1836 484 memoriam

1043 512 1138 531 eorum
1162 510 1223 538 qua:
1238 511 1252 530 s
1275 510 1360 538 puero
1390 506 1551 537 perceperat
1578 501 1780 536 collegeratque
1804 502 1837 529 de

1043 549 1152 576 Christo
1168 550 1309 583 ipsumque
1322 555 1384 575 esse
1397 548 1535 583 cognovit,
1547 555 1627 582 quem
1646 547 1708 574 libri
1726 547 1836 574 MOSaici

1045 600 1188 622 venturum
1211 594 1443 622 demonstrabant.
1466 594 1570 621 Exinde
1584 592 1692 621 vocanti
1709 600 1738 620 se
1754 592 1839 628 Magi-

1044 647 1100 668 stro
1113 640 1237 672 adhaesit,
1249 645 1274 667 et
1289 640 1418 675 paulatim
1433 639 1578 674 proﬁciens
1592 639 1619 666 in
1634 639 1744 671 virtute,
1757 638 1840 665 disci-

1045 687 1169 722 pulorum
1186 687 1331 722 prmeipuis
1345 687 1398 714 fuit
1424 690 1632 713 annumeratns.
1651 685 1728 718 Quod
1749 688 1839 712 antem

1045 730 1158 764 adeptus
1171 735 1229 757 erat
1241 730 1339 757 bonum
1353 730 1434 758 etiam
1448 729 1510 758 aliis
1521 731 1722 758 communicare
1734 729 1837 761 voluit;

1045 776 1167 810 illudque
1189 776 1261 804 haud
1279 776 1459 809 abscondens,
1483 776 1570 809 primo
1586 775 1629 803 cui
1647 776 1768 803 occurrit
1783 774 1841 802 Na-

1048 822 1166 849 thanaeli
1186 822 1256 856 (erat
1283 822 1328 849 bic
1345 822 1370 849 ei
1392 823 1496 849 amicus
1515 826 1543 849 et
1562 822 1706 848 familiaris
1721 828 1736 849 a
1760 821 1841 856 longo

1048 868 1178 902 tempore)
1191 868 1361 903 praesentiam
1375 868 1518 900 venientis,
1532 875 1585 896 non
1601 871 1630 894 ut
1647 866 1777 899 futuram,
1793 866 1840 893 sed

1046 918 1074 940 ut
1088 914 1143 948 jam
1165 913 1341 941 exsistentem
1366 913 1550 945 snnuntiavit,
1566 912 1681 940 dicens:
1701 911 1758 939 Non
1782 912 1838 947 jam

1045 960 1162 995 amplius
1181 960 1208 987 in
1231 967 1281 995 spe
1300 960 1427 988 consiSIit
1443 959 1553 987 lsraelis
1571 960 1645 987 salus
1663 968 1669 986 :
1687 959 1733 986 sed
1756 965 1837 993 quem

1047 1007 1215 1044 prophetica
1227 1007 1326 1043 linguae
1346 1008 1373 1035 in
1391 1007 1494 1042 Spiritu
1511 1007 1698 1042 praedixerunt
1715 1005 1843 1033 Salvato-

1047 1061 1115 1086 rem,
1136 1058 1259 1081 extremo
1274 1055 1302 1081 in
1319 1059 1439 1088 tempore
1463 1052 1665 1085 suscitandum,
1692 1052 1749 1086 ipse
1769 1059 1842 1077 nunc

1046 1100 1134 1128 adest.
1152 1098 1229 1127 Hunc
1243 1107 1308 1135 ergo
1323 1107 1385 1127 cum
1409 1098 1594 1126 invenerimus
1615 1096 1707 1125 Jesnm
1725 1105 1738 1123 a
1754 1095 1843 1123 Naza-

1046 1145 1117 1176 reth,
1134 1151 1223 1178 neque
1236 1144 1371 1178 possimus
1385 1150 1445 1170 esse
1462 1142 1593 1170 increduli
1606 1140 1775 1168 excollcntiie
1792 1139 1842 1166 mi-

1049 1190 1207 1218 raeulornm
1224 1190 1294 1225 ejus,
1309 1189 1370 1217 aliis
1381 1189 1507 1217 omnibus
1526 1189 1636 1223 longum
1655 1187 1747 1214 Valere
1757 1186 1843 1222 jussis

1047 1235 1283 1263 conversationem
1300 1234 1372 1262 illius
1389 1233 1581 1268 suscipiamus.

1047 1282 1153 1318 χαίρειν
1170 1281 1304 1316 εἰπόντες,
1323 1281 1371 1317 τὴν
1396 1282 1456 1317 ἃμα
1471 1281 1561 1316 τούτῳ
1589 1269 1843 1315 διαγωγὴνλπροει-

1084 1373 1129 1403 ιν.
1148 1372 1195 1402 liis
1209 1374 1290 1402 dictis
1302 1379 1362 1409 post
1374 1382 1404 1402 se
1423 1374 1619 1402 Nathanaelem
1636 1373 1761 1406 trahens,
1779 1373 1844 1401 licet

1047 1429 1119 1456 aegre
1143 1427 1316 1456 persuasum.
1333 1425 1359 1447 et
1377 1428 1441 1447 num
1457 1427 1491 1447 ex
1506 1419 1641 1447 Nazarcth
1663 1419 1724 1445 boni
1741 1418 1842 1454 aliquid

1046 1475 1108 1495 esse.
1122 1471 1213 1502 posset
1229 1469 1435 1502 percontantem
1447 1487 1455 1500 ,
1471 1473 1486 1493 a
1517 1473 1581 1493 cura
1597 1464 1707 1492 israelis
1722 1464 1843 1496 abducit,

1047 1513 1211 1549 Christoque
1228 1513 1424 1541 obsecuturum
1449 1512 1528 1545 stitit,
1546 1517 1630 1547 atque
1655 1511 1707 1538 hoc
1726 1510 1842 1545 primum

1046 1561 1161 1588 sincerae
1183 1568 1239 1588 sine
1265 1560 1365 1587 mentis
1385 1564 1578 1594 argumentum
1595 1557 1723 1593 praebuit.
1739 1555 1844 1583 Natha-

1047 1606 1108 1634 nael
1124 1614 1188 1634 vero
1208 1606 1314 1641 integra
1330 1613 1391 1634 cum
1410 1605 1461 1632 fide
1476 1605 1619 1637 assistens,
1637 1603 1778 1631 liberrime
1793 1609 1843 1629 ex-

1046 1652 1173 1688 clamavit
1191 1660 1197 1678 :
1215 1650 1314 1682 Rabbi,
1330 1655 1358 1678 tu
1372 1658 1401 1678 es
1420 1650 1476 1677 Rex
1496 1649 1590 1677 israel.
1608 1649 1697 1683 Quem
1716 1652 1744 1675 ut
1758 1647 1844 1675 sensit

1047 1698 1173 1726 Christus
1201 1705 1234 1725 ex
1261 1697 1344 1724 animi
1376 1695 1609 1724 incommutabilis
1637 1695 1776 1723 sententia
1803 1695 1844 1721 sic

1046 1745 1130 1780 loqui,
1144 1744 1300 1772 manifestat
1315 1743 1339 1772 ei
1358 1743 1429 1779 quod
1448 1750 1606 1777 magnorum
1622 1741 1750 1770 conscius
1773 1745 1846 1768 esset

1046 1790 1156 1818 futurus
1178 1795 1346 1817 secretorum
1363 1793 1390 1817 ct
1415 1789 1490 1823 regni
1510 1787 1557 1815 Dei
1585 1787 1754 1823 speculator.
1773 1786 1844 1821 Quid

1047 1836 1118 1864 enim
1133 1835 1187 1862 ait?
1197 1835 1311 1867 «Amen,
1321 1834 1421 1869 inquit,
1433 1834 1494 1862 dico
1504 1834 1592 1867 vobis,
1604 1833 1732 1862 videbitis
1744 1833 1843 1860 coelum

1048 1886 1183 1916 apertum,
1197 1885 1224 1909 et
1235 1881 1345 1917 angelos
1354 1880 1401 1908 Dei
1413 1880 1592 1908 ascendentes
1605 1885 1632 1907 et
1646 1879 1846 1908 descendentes

1048 1935 1130 1963 super
1136 1927 1233 1955 Filium
1246 1927 1364 1955 hominis
1373 1927 1409 1956 ⁸.»
1421 1926 1514 1954 Exitio
1525 1933 1590 1962 ergo
1600 1931 1721 1961 tempore
1730 1925 1849 1953 sanctis-

1048 1975 1133 2002 simus
1145 1972 1299 2008 Philippus,
1317 1972 1402 2001 sacris
1424 1972 1560 2008 mysteriis
1585 1979 1679 1999 aurem
1691 1978 1846 1998 accommo-

1049 2020 1128 2054 dans,
1145 2024 1202 2047 toto
1225 2019 1253 2047 in
1270 2019 1325 2047 illis
1340 2023 1401 2046 erat
1416 2019 1518 2050 animo,
1534 2018 1654 2053 nullique
1676 2017 1754 2045 alteri
1770 2023 1848 2044 cura:

1048 2075 1110 2094 eum
1120 2066 1274 2097 advertens,
1283 2065 1385 2093 lumine
1393 2064 1535 2092 divinioris
1543 2063 1708 2098 cognitionis
1715 2063 1742 2090 in
1753 2067 1848 2090 mente

1049 2113 1234 2148 purgabatur;
1251 2119 1283 2139 ac
1297 2111 1412 2146 primam
1427 2117 1532 2138 exuens
1552 2109 1745 2146 ignorantiam,
1763 2116 1844 2136 reno-

1050 2159 1164 2187 vabatur
1184 2159 1273 2194 quoad
1297 2159 1433 2186 hominem
1451 2158 1620 2185 interiorem.
1646 2156 1848 2191 Progrediente

1050 2212 1113 2232 vero
1129 2209 1208 2233 actate
1229 2204 1420 2239 perfectiorcm
1436 2212 1499 2240 erga
1514 2204 1655 2232 Christum
1679 2203 1847 2230 charitatem

207 2247 336 2284 λογισμὸν
352 2247 523 2284 ὲκαθαίρετο,
536 2249 585 2284 τήν
604 2257 634 2275 τε
647 2249 784 2286 προτέραν
804 2249 996 2281 ἀποσκευαζό-
1013 2258 1036 2287 ι)
1050 2259 1063 2277 a

985 2263 996 2268 -
1013 2258 1036 2287 ι)
1050 2258 1204 2284 assumens,
1217 2251 1276 2284 ejus
1290 2251 1412 2278 vicissim
1426 2249 1558 2284 aequalem
1570 2257 1633 2284 erga
1652 2256 1681 2276 se
1695 2247 1842 2282 recipiebat

209 2303 289 2330 μενος
300 2295 424 2330 ἄγνοιαν,
447 2296 552 2323 καὶτὸν
569 2297 645 2328 ὲντὺς
674 2296 918 2330 ἀνακαινιζόμινος
945 2295 992 2322 ἄν·

206 2341 326 2375 ορωπον,
354 2342 401 2373 Είς
423 2342 522 2376 ἄνδρας
549 2343 638 2369 τοίνυν
652 2343 740 2378 ἥκων.
757 2342 926 2376 τελεωτέραν
944 2341 994 2375 μὲν

205 2387 256 2421 τὴν
269 2387 380 2422 ἀγάπην
390 2388 439 2422 τὴν
449 2389 488 2420 εἰς
503 2389 620 2424 Χριστὸν
633 2388 840 2423 προσελάμϐανε
849 2395 856 2402 ’
869 2387 920 2422 τὴν
933 2386 995 2421 ῐσην

1048 2304 1181 2330 amorem,
1208 2301 1237 2323 ut
1263 2302 1395 2331 tanquam
1419 2296 1491 2323 filius
1517 2300 1703 2330 repntaretur,
1728 2300 1755 2321 ct
1782 2293 1841 2319 lcro

1049 2342 1165 2370 [mercdis
1189 2346 1272 2375 esset,
1298 2348 1378 2376 atque
1401 2342 1429 2368 in
1459 2341 1577 2368 adventu
1602 2340 1722 2374 Spiritus
1755 2338 1845 2366 sancti

1049 2388 1175 2423 princeps
1187 2396 1267 2422 super
1279 2396 1387 2416 omnem
1405 2393 1504 2415 terram
1522 2387 1744 2414 constitueretur.

207 2434 235 2460 δι
248 2433 312 2468 περὶ
323 2435 404 2461 αὐτοῦ
417 2435 632 2470 ἀπελάμϐανεν,
645 2436 682 2467 ὡς
696 2438 725 2463 ἐν
757 2435 805 2469 [σῳ
833 2434 882 2461 καὶ
904 2434 963 2460 υἱοῦ
988 2434 1149 2470 λογισθῆναι
1170 2434 1220 2471 τὴν
1231 2434 1402 2471 κληρονόμου
1419 2443 1448 2461 τε
1460 2433 1613 2470 πλουτῆσαι
1628 2431 1716 2464 τάξιν,
1732 2432 1780 2459 καὶ
1808 2433 1841 2468 τῇ

208 2482 349 2509 ἔπελεύσει
372 2483 418 2509 τοῦ
435 2483 592 2518 Πνεύματος
613 2484 704 2518 ἅρχων
717 2484 762 2510 ἐπὶ
773 2485 863 2511 πᾶσαν
874 2485 1042 2519 καταστῆναι
1058 2484 1108 2519 τὴν
1121 2484 1183 2518 γῆν.

244 2528 281 2555 E'.
303 2529 379 2556 Ἐπεὶ
389 2529 417 2555 δὲ
429 2531 476 2557 καὶ
490 2531 503 2556 ὁ
516 2529 563 2556 τοῦ
579 2529 769 2564 σωτηριώδους
782 2530 885 2562 πάθους
900 2531 996 2566 καιρὸς

209 2577 372 2611 ἐνειστήκει,
391 2576 424 2603 δι’
445 2573 475 2604 οὗ
488 2576 527 2611 τῷ
553 2576 669 2611 παθητῷ
686 2577 760 2611 γένει
790 2578 966 2613 περιεγένετο
979 2579 996 2614 ή

210 2622 339 2654 ἀπάθεια,
355 2623 402 2649 καὶ
412 2622 582 2654 ἀδιστάκτως
595 2620 673 2654 οὗτος
684 2623 723 2658 τῷ
735 2623 890 2658 διδασκάλῳ
902 2624 995 2658 συνῆν.

189 2665 192 2669 ’
215 2666 326 2703 Ἐδέησε
343 2669 370 2695 δὲ
386 2670 446 2696 κατ’
462 2671 550 2697 ἐκεῖνο
565 2669 674 2706 καιροῦ,
686 2669 741 2697 τῶν
761 2670 898 2706 Ἐλλήνων
911 2678 997 2705 πρεσ-

249 2745 353 2775 ’Joan.
371 2755 390 2779 ι,
406 2747 451 2775 5i.

1086 2531 1118 2559 V.
1132 2531 1198 2558 Cum
1215 2534 1306 2557 autem
1322 2529 1438 2557 instaret
1449 2533 1556 2563 tempus
1571 2526 1720 2554 salutifera:
1733 2524 1844 2552 Passio-

1051 2577 1103 2609 nis,
1116 2584 1168 2612 qua
1185 2576 1306 2611 passibili
1321 2579 1425 2603 natura
1437 2574 1620 2610 comparanda
1636 2571 1843 2607 impassibilitas

1050 2628 1120 2656 erat,
1141 2615 1236 2650 aderat
1255 2622 1314 2658 ipse
1339 2622 1470 2649 continue
1492 2620 1613 2649 Christo.
1637 2619 1757 2653 Contigit
1777 2622 1845 2643 vero

1050 2675 1116 2698 tunc
1131 2669 1216 2706 gzntil
1229 2676 1273 2696 mn
1288 2668 1392 2703 legatos
1409 2668 1515 2704 aliquos
1534 2666 1604 2694 mitti
1623 2664 1842 2699 Hierosolymam

245 2827 282 2863 (3)
316 2827 438 2863 Seqnuns
468 2829 536 2856 linea
571 2830 647 2857 abest
675 2837 689 2857 a
720 2829 844 2858 versione
873 2828 994 2864 antiqua,
1013 2828 1134 2856 fortassis
1158 2833 1179 2856 ιι
1194 2828 1222 2856 in
1239 2827 1294 2856 νδ.
1316 2826 1416 2856 Vcncto
1433 2826 1531 2855 defuit.
