2170 3148
207 194 224 224 2
231 191 265 223 15

822 192 913 222 VITA
935 192 965 221 S.
989 190 1195 222 BONlFAClI.

1773 189 1830 220 ρεο

209 250 333 282 φῦλακάς
348 257 377 275 τε
393 249 489 281 αὖτοὺς
514 249 561 276 καὶ
578 249 703 286 σωτῆρας
714 249 860 280 διαπαντὸς
872 249 991 284 ἔχοιμεν,
1006 247 1033 277 Δ
1045 246 1066 272 ri

971 256 991 278 ν,
1006 247 1033 277 Δ
1045 246 1142 277 rimus.
1157 250 1184 274 et
1196 253 1288 274 sacras
1301 246 1374 274 ardes
1386 246 1427 274 eis
1441 247 1676 279 aedificaverimus,
1695 255 1742 274 eos
1755 255 1828 275 sem-

209 294 303 328 ταῦτα
315 295 383 329 πρὸς
399 295 481 322 αὑτὸν
495 295 634 330 etp-quoia,
650 295 710 323 ἐπεὶ
725 295 793 330 πρὸς
806 295 902 321 ἑκόντα
919 293 994 328 ἔλεγε

210 339 257 366 καὶ
283 339 421 375 πρόθυμον
440 340 490 375 τὴν
519 340 683 375 ὑηρεσὶαν,
715 341 828 377 χρυσίον
846 339 995 378 ὲγχειρῑζει

210 383 304 418 συχνόν
314 392 320 399 ·
333 384 393 410 οὐδὲ
411 385 465 420 γὰρ
479 386 542 420 ἐξῆν
556 385 684 420 λείψανόν
693 394 720 411 τι
740 385 878 420 μάρτυρος
895 385 995 420 προῖκα

207 430 309 463 λαϐεῖν,
327 431 394 457 ἀλλά
416 432 446 457 τὸ
475 432 542 458 πολὺ
567 433 621 458 τῶν
636 433 806 466 Χριστιανῶν
834 432 898 467 περὶ
925 431 996 458 αὐτὰ

209 477 320 512 φίλτρον
348 478 483 512 πορισμοῦ
511 479 567 510 τοῖς
592 478 704 505 ἀσεϐέσι
733 478 870 514 πρόφασις
885 476 930 513 ἦν,
948 478 996 512 χαὶ

209 522 307 557 πολλοῦ
325 523 392 558 πρὸς
405 520 527 555 ἐκείνους
541 524 610 551 αὐτὰ
625 525 756 560 παρέχειν
775 525 875 552 ἐποίει,
891 525 994 551 Τούτου

208 567 255 594 οὖν
267 568 361 601 ἓνεκα,
389 570 526 605 συχνὺντὸ
540 571 660 606 χρυσίον,
685 571 732 597 καὶ
747 571 791 597 ἵνα
808 572 855 598 καὶ
881 572 996 606 πένησιν

210 616 249 645 εἰς
271 615 402 650 διανομὴν
435 616 550 652 ἀρκέσῃ.
569 617 766 652 Σηυνεκπέμπει
789 617 818 644 δὲ
840 618 888 644 καὶ
905 619 996 651 ἱππεῖς

209 659 321 689 δώδεκα.
341 661 414 695 μύρα
426 670 454 687 τε
470 662 517 688 καὶ
534 661 657 692 σινδόνας
672 663 719 689 καὶ
744 661 829 689 ¹εἰτῖλλα
845 664 895 689 ὅσα
911 673 994 698 προσ-

209 705 274 738 ’ἠχον
302 705 343 736 είς
370 706 453 741 τιμὴν
467 708 523 738 τοῖς
540 708 640 740 ἁγίοις.
660 707 741 733 Ἀλλὰ
757 708 920 742 προσεκτέον
933 717 939 723 ·
955 710 997 735 ὲν-

207 750 296 777 ταῦθα
315 751 366 787 γὰρ
385 752 488 787 ἥκομεν
500 752 564 780 ἔνθα
582 754 631 783 καὶ
645 753 675 787 τὸ
699 753 746 780 τοῦ
763 753 932 788 διηγήματος
948 763 996 790 χα-

210 805 362 830 ριεστατον.

245 886 282 914 Δ’.
305 887 350 918 Ὠς
364 888 416 923 ἤδη
438 889 553 924 πορείας
581 889 692 924 ἔμελλεν
706 891 720 917 ὁ
735 891 892 924 Βονιφάτιος
908 891 993 918 ἄπτε-

213 934 285 966 σῗδαι,
305 933 396 965 εὐθὺς,
412 933 507 969 ὥσπερ
521 934 573 960 ὑπὸ
585 935 717 970 γραμμῆς
741 936 792 970 τὴν
806 936 904 962 ἑαυτοῦ
916 935 994 970 νίκην

211 978 258 1005 καὶ
280 979 327 1004 τὸν
342 979 474 1012 στέφανον
498 981 710 1015 προοημαίνων·
726 982 754 1007 ΕΞ
769 981 796 1008 δέ
808 990 877 1014 πως,
893 981 955 1016 ἔφη.
972 980 995 1009 ὦ

208 1024 346 1055 δέσποινα,
362 1026 464 1059 ταύτης
484 1026 533 1060 μὲν
559 1027 720 1062 διαμαρτεῖν
736 1028 786 1063 τῆς
800 1028 993 1063 ἐγχειρήσεως,
1012 1050 1018 1057 .

208 1067 335 1103 δεύτερος
350 1070 388 1102 δὲ,
407 1071 420 1097 ὃ
433 1080 510 1105 φασι,
531 1072 615 1104 πλοῦς
632 1073 662 1100 τὸ
675 1074 740 1108 ἐμόν
759 1082 800 1102 σοι
817 1075 896 1110 σῶμα
914 1083 995 1110 προπ-

209 1115 348 1150 ανεχθείη,
363 1116 416 1151 ἄρα
430 1125 471 1143 σοι
490 1117 522 1144 ἂν
536 1118 615 1145 τοῦτο
639 1120 749 1154 μέτριον
770 1120 812 1155 εἴη
830 1121 876 1147 τοῦ
892 1120 994 1147 σκοποῦ

211 1159 394 1193 παραμύθιον,
420 1162 467 1188 καὶ
484 1164 565 1198 τιμῆς
586 1164 660 1196 ἄξιον
675 1165 749 1199 παρὰ
764 1164 810 1194 σοῦ
832 1166 993 1201 νομισθείης

209 1203 265 1235 Καὶ
282 1204 367 1231 ταῦτα
384 1206 433 1239 μὲν
445 1206 509 1238 ἴσως
531 1208 635 1240 ἐκεῖνος
656 1210 761 1242 παίζων
789 1211 857 1245 πρὸς
878 1212 926 1246 τὴν
951 1212 995 1239 δέ-

210 1256 323 1280 quorum
341 1249 357 1284 ἢ
375 1251 550 1283 σπουδάζων·
572 1253 587 1278 ὁ
608 1253 635 1279 δὲ
651 1254 718 1285 Θεὸς
741 1254 771 1280 τὸ
789 1255 885 1289 μέλλον
902 1255 995 1292 ὥσπερ

208 1294 252 1319 διὰ
267 1294 316 1328 τῆς
346 1295 450 1321 ἐκείνου
478 1298 666 1333 προηγόρευσε
692 1299 826 1334 γλώττης.
848 1301 880 1327 Ἦ
904 1303 996 1335 μέντοι

216 1339 325 1372 Ἀγλαΐς
337 1348 344 1355 ·
361 1341 397 1366 0-3
413 1342 519 1376 καιρδς,
546 1343 609 1378 ἔφη,
635 1345 788 1378 Βονιφάτιε,
817 1347 924 1378 παιδιᾶς
937 1348 997 1374 οὐδὲ

211 1385 300 1419 λόγων
330 1386 470 1420 τοιούτων,
492 1385 529 1414 ὧν
555 1389 745 1424 ἀποσχόμενον
775 1391 896 1423 εὐλαϐῶς
926 1393 997 1428 ἔχειν

212 1430 403 1466 προτρέπομαι
439 1433 486 1458 καὶ
516 1433 655 1467 κοσμίως,
690 1435 751 1461 ἐπεὶ
785 1437 831 1462 καὶ
868 1438 998 1471 τοιούτοις

212 1477 359 1511 ὑπηρετεῖν
376 1477 494 1512 μέλλεις,
511 1475 548 1505 ὦν
560 1480 643 1514 ἡμᾶς,
661 1480 698 1516 μὴ
713 1481 753 1507 ὅτι
769 1490 799 1516 γε
813 1482 920 1516 ψαύειν,
932 1484 998 1512 ἀλλὰ

210 1523 258 1549 καὶ
274 1523 386 1558 βλέπειν
413 1525 477 1556 τοὺς
503 1525 631 1557 ἀναξίους
660 1527 811 1562 πάντολμον
836 1529 883 1556 καὶ
900 1530 997 1565 θρασύ.

209 1569 322 1601 Τούτοις
336 1570 493 1606 ἀρκούντως
511 1572 698 1609 ὲπιτιμήσασα
715 1574 762 1600 καὶ
781 1575 999 1610 ἑντρέψασα,καὶ

209 1615 305 1651 ὥσπερ
321 1616 380 1642 ἀντὶ
395 1617 505 1648 παιδιᾶς
521 1618 638 1653 ἀκαίρου
657 1620 697 1651 εις
724 1620 806 1654 φόϐον
820 1621 930 1656 εὔλογον
944 1623 992 1658 τὴν

210 1662 315 1687 ἐκείνου
326 1661 414 1697 ψυχὴν
424 1664 631 1698 καταστήσασα,
649 1661 709 1691 εἶτα
723 1666 782 1698 καὶ,
791 1666 820 1692 '0
830 1667 906 1699 Θεὸς,
916 1667 992 1694 ἐπει-

210 1706 310 1739 ποῦσα,
326 1708 339 1734 ό
351 1707 385 1733 δι’
403 1708 475 1742 ἡμᾶς
496 1708 604 1745 μορφὴν
616 1709 708 1737 δούλου
726 1711 815 1738 λαϐὼν
829 1713 876 1739 καὶ
889 1712 918 1739 τὸ
930 1714 993 1741 ἑαυ-

209 1754 257 1784 τοῦ
270 1751 340 1787 αἷμα
360 1754 468 1788 ἐκχέας,
493 1755 573 1787 αὑτὸς
589 1756 699 1792 παρίδοι
719 1758 754 1784 τὰ
767 1759 926 1794 πταίσματα
943 1769 993 1794 μου

212 1797 259 1822 καὶ
284 1798 428 1825 ἀποστελεῖ
452 1799 498 1826 τὸν
525 1800 640 1835 ἄγγελον
655 1802 738 1829 αὑτοῦ
765 1803 920 1839 ἔμπροσθέν
935 1813 992 1839 σου,

212 1842 258 1868 καὶ
271 1842 431 1870 καθευθυνεῖ
448 1844 480 1872 τὰ
497 1845 653 1881 διαϐήματά
666 1855 712 1873 σου
723 1855 729 1862 '
747 1848 815 1884 πρὸς
825 1849 930 1880 τούτοις
947 1851 994 1877 καὶ

211 1888 301 1920 δεξιὰν
315 1890 388 1924 αὐτῷ
407 1891 456 1926 τὴν
473 1891 601 1919 ἐπάνοδον
613 1893 750 1931 εὐξαμένη
775 1884 925 1930 ἐξέπεμψε.
944 1896 995 1923 Τὸν

210 1933 238 1960 δὲ
253 1935 409 1969 Βονιφάτιον
425 1935 533 1974 ὤνησαν
550 1939 599 1972 μὲν
612 1939 641 1965 οὐ
659 1940 776 1974 μετρίως
791 1949 820 1966 τε
841 1941 889 1968 καὶ
907 1942 930 1968 οί
945 1941 995 1976 τῆς

209 1980 352 2016 δεσποίνης
369 1982 454 2016 λόγοι,
467 1984 515 2011 καὶ
541 1984 610 2018 πρὸς
627 1984 662 2010 τὰ
678 1984 737 2012 θεῖά
751 1994 780 2011 τε
796 1986 842 2012 καὶ
860 1986 995 2022 σεϐάσμια

210 2026 322 2063 περιδεῆ
340 2028 521 2062 κατέστησαν,
538 2028 600 2054 ὅθεν
618 2029 679 2055 οὗτε
700 2030 788 2064 κρεῶν
807 2031 909 2065 ἥπτετο
926 2032 996 2059 κατὰ

209 2073 260 2107 τὴν
276 2072 400 2107 πορείαν,
414 2073 475 2099 οὕτε
493 2073 547 2108 μὴν
562 2074 626 2109 οῐνῳ
640 2068 738 2110 ἐχρῆτο
750 2084 757 2091 ·
774 2076 858 2112 εἰσῄει
874 2078 903 2107 δὲ
915 2078 996 2105 αὐτὸν

212 2119 261 2149 κα).
277 2118 418 2153 λογισμὸς,
443 2119 536 2154 ὥσπερ
565 2121 738 2156 παιδαγωγὸς
762 2123 873 2159 ἀγαθὸς,
889 2123 994 2159 ὅτιπερ,

212 2160 264 2192 Οἷα
279 2163 390 2198 δράσας,
411 2163 455 2191 οἷα
484 2166 574 2200 μέλλω
589 2167 682 2202 χερσὶν
703 2169 830 2202 ἁνάγνοις
848 2171 996 2205 μετακομί-

211 2210 284 2243 ζειν;
302 2211 355 2237 Καὶ
363 2210 402 2246 τῷ
419 2211 472 2238 δέει
483 2212 571 2248 τούτῳ
585 2213 676 2248 ἠρέμα
687 2222 712 2240 τι
723 2215 772 2249 τῆς
790 2206 859 2251 προς
874 2216 904 2242 τὸ
916 2216 996 2251 σῶμα

1048 300 1097 327 per
1113 291 1262 319 habeamus
1279 292 1409 323 custodes
1422 296 1450 324 et
1464 299 1628 321 servatores.
1647 294 1710 321 [hec
1724 302 1787 322 cum
1801 301 1828 320 et

1047 337 1172 369 dixisset,
1187 342 1215 365 et
1230 345 1258 364 se
1269 337 1389 364 libenter
1403 338 1429 364 id
1447 338 1629 365 ministerium
1645 344 1828 374 promploquc

1047 389 1074 410 et
1087 383 1169 412 alacri
1180 383 1273 416 animo
1286 383 1426 410 obiturum
1438 383 1613 416 ostendisset,
1627 385 1709 411 tradit
1726 386 1750 412 ei
1761 385 1830 412 ntul-

1048 434 1104 455 tum
1120 429 1190 460 auri.
1208 428 1301 464 Neque
1318 429 1391 457 enim
1403 429 1502 456 licebat
1518 430 1601 463 gratis
1615 430 1741 464 accipere
1760 431 1830 458 ullas

1047 480 1197 510 martyrum
1216 476 1358 510 reliquias,
1373 474 1420 502 sed
1438 475 1661 502 Christianorum
1676 483 1789 510 magnus
1803 476 1831 502 in

1020 530 1034 543 ι
1046 528 1093 547 eas
1105 528 1191 552 amor,
1208 526 1267 548 erat
1280 521 1371 556 impiis
1385 528 1466 547 causa
1483 520 1562 552 lucri,
1584 517 1611 546 et
1637 519 1774 547 ellieiebat
1802 527 1832 547 ut

1047 566 1156 594 nonnisi
1172 567 1264 601 magni
1292 574 1339 593 cas
1355 571 1461 601 emptas
1476 566 1639 601 praeberent.
1654 565 1691 592 Ea
1705 565 1739 592 de
1750 574 1832 593 causa

1047 612 1132 639 mittit
1145 612 1259 639 multum
1272 612 1343 643 auri,
1358 617 1386 639 et
1402 617 1431 639 ut
1448 612 1529 639 etiam
1547 612 1672 644 haberet,
1686 612 1760 646 quod
1775 612 1832 639 dis-

1048 658 1182 685 tribueret
1195 659 1371 693 pauperibus.
1388 658 1471 685 Mittit
1497 663 1588 685 autem
1603 665 1665 690 cum
1683 665 1716 685 eo
1745 665 1833 692 equos

1047 712 1156 739 quoque
1171 704 1328 736 duodecim,
1346 709 1373 732 et
1394 708 1580 739 unguentum,
1594 708 1622 730 et
1653 703 1794 736 sindonas,
1805 699 1834 730 et

1047 758 1218 786 quaecunque
1231 751 1283 778 alia
1296 751 1357 778 usui
1371 755 1452 781 erant
1467 750 1500 777 ad
1516 750 1692 778 honorandos
1711 754 1831 777 sanctos.

1048 796 1101 824 Sed
1119 801 1161 824 est
1173 796 1391 829 attendendum;
1408 796 1462 823 huc
1478 796 1551 827 enim
1572 797 1707 829 veg-imus,
1728 796 1774 823 ubi
1791 801 1834 823 est

1047 843 1169 876 narratio
1182 843 1391 879 jncuudissima.

1082 889 1125 917 ιν.
1139 889 1207 917 Cum
1219 890 1274 925 jam
1295 888 1451 917 Bonifacius
1481 893 1554 915 esset
1577 888 1629 916 iter
1648 888 1831 923 ingressurus,

1045 937 1136 964 statim
1152 936 1230 970 quasi
1255 935 1384 970 graphice
1404 935 1547 961 victoriam
1563 942 1638 961 suam
1654 939 1682 960 et
1699 941 1830 961 coronam

1044 980 1278 1016 pprzesignificans:
1295 979 1324 1005 Si
1337 978 1416 1011 forte,
1433 978 1532 1012 inquit,
1543 978 1686 1008 odornina.
1701 977 1832 1012 quemad-

1045 1026 1157 1054 modum
1173 1025 1318 1060 contingit,
1335 1029 1365 1051 ut
1377 1025 1428 1051 hoc
1441 1024 1551 1058 quidcm
1565 1027 1655 1057 empto
1673 1023 1831 1050 frustrcris:

1045 1070 1165 1099 secunda
1192 1078 1270 1101 vero,
1298 1073 1327 1096 ut
1342 1070 1431 1096 aiunt.
1459 1069 1606 1103 navigatio,
1631 1076 1722 1094 meum
1748 1067 1781 1094 ad
1806 1073 1832 1095 te

1045 1124 1145 1151 corpus
1171 1115 1288 1142 allerat:
1319 1114 1439 1140 fueritne
1474 1113 1526 1141 hoc
1554 1113 1602 1140 tibi
1627 1113 1765 1140 mediocre
1795 1113 1833 1139 lui

1046 1161 1162 1189 instituti
1178 1169 1209 1188 ac
1230 1160 1304 1195 scopi
1330 1160 1470 1191 Solatium.
1493 1164 1522 1186 ct
1545 1159 1616 1197 apud
1634 1163 1659 1187 te
1679 1157 1834 1189 habendum

1046 1208 1073 1234 in
1094 1207 1227 1239 ,ltonore?
1251 1205 1285 1233 Et
1309 1206 1366 1233 lure
1392 1205 1503 1240 quidem
1533 1205 1578 1232 ille
1604 1205 1720 1232 fortasse
1750 1204 1835 1238 magis

1045 1254 1144 1286 ludens
1163 1252 1235 1287 apud
1260 1251 1409 1284 dominam,
1433 1259 1514 1287 quam
1535 1259 1618 1286 agens
1638 1251 1711 1278 serio
1728 1259 1734 1277 :
1762 1251 1834 1278 Deus

1046 1302 1136 1325 autem
1150 1298 1187 1328 id.
1211 1296 1285 1331 quod
1308 1301 1368 1323 erat
1390 1297 1524 1327 futurum,
1549 1296 1674 1331 prmdixit
1698 1303 1746 1330 per
1762 1295 1835 1323 illius

1047 1345 1177 1378 linguam.
1193 1343 1284 1377 Aglais
1301 1350 1388 1370 vero:
1403 1342 1463 1369 Non
1485 1347 1538 1375 est,
1552 1350 1567 1369 0
1583 1342 1715 1373 Bonifaci,
1734 1342 1833 1376 inquit,

1048 1394 1155 1424 tempus
1178 1388 1301 1420 ludendi,
1326 1395 1414 1422 neque
1430 1388 1528 1415 borum
1553 1388 1712 1419 verborum,
1742 1395 1756 1413 a
1771 1387 1833 1422 qui-

1048 1436 1099 1463 bus
1112 1435 1295 1463 abstinentem
1309 1434 1405 1470 jubeo,
1421 1439 1450 1461 ut
1467 1434 1510 1468 pie
1524 1438 1552 1461 et
1573 1434 1687 1460 honeste
1703 1437 1729 1460 te
1744 1440 1833 1468 geras.

1048 1483 1115 1511 Nam
1137 1483 1171 1510 iis
1193 1490 1223 1510 es
1240 1482 1435 1514 inservituros,
1458 1489 1518 1516 qua:
1538 1488 1590 1508 nos
1603 1488 1656 1508 non
1671 1481 1759 1508 solum
1775 1485 1834 1508 tan-

1048 1537 1122 1564 gere,
1153 1528 1200 1555 sed
1230 1528 1312 1555 etiam
1339 1528 1463 1562 aspicere
1493 1527 1638 1563 indignos,
1669 1527 1760 1554 nimiae
1791 1531 1834 1554 est

1014 1586 1035 1614 (ι
1052 1575 1172 1602 audaciae
1189 1578 1216 1601 et
1231 1573 1403 1601 temeritatis.
1420 1573 1488 1600 Cum
1508 1573 1551 1600 his
1569 1573 1635 1600 satis
1651 1572 1832 1607 increpasset.

1044 1626 1072 1650 et
1096 1621 1198 1655 pudore
1216 1619 1362 1650 affecisset,
1383 1623 1412 1646 et
1429 1627 1477 1654 pro
1499 1618 1564 1646 ludo
1584 1618 1777 1652 intempestivo
1799 1618 1833 1645 ad

1041 1669 1145 1703 justum
1160 1671 1188 1693 et
1210 1665 1308 1692 rationi
1328 1670 1542 1692 consentaneum
1559 1669 1660 1691 metum
1676 1664 1752 1690 illius
1773 1662 1833 1698 aui:

1045 1721 1116 1740 mam
1133 1711 1301 1739 traduxisset
1315 1715 1343 1737 et
1356 1710 1469 1737 dixisset
1484 1719 1490 1737 :
1511 1710 1592 1741 Deus,
1610 1710 1656 1744 qui
1683 1709 1754 1736 servi
1776 1709 1833 1741 for,-

1045 1766 1116 1787 mam
1132 1761 1241 1792 propter
1254 1764 1303 1783 nos
1318 1756 1427 1790 accipit,
1450 1761 1478 1783 et
1499 1763 1578 1782 suum
1600 1755 1699 1782 effudit
1719 1755 1832 1790 sanguig

1045 1811 1119 1835 nem,
1135 1803 1192 1837 ipse
1205 1802 1239 1829 ad
1254 1809 1313 1828 mea
1329 1809 1382 1828 non
1408 1801 1523 1836 aspiciat
1551 1801 1662 1832 delicta,
1691 1805 1719 1828 et
1744 1801 1834 1834 mittat

1046 1849 1172 1884 angelum
1200 1856 1280 1875 suum
1296 1853 1359 1874 ante
1385 1852 1421 1878 te.
1447 1852 1476 1874 ct
1499 1847 1600 1881 dirigat
1623 1854 1734 1881 gressus
1759 1852 1831 1875 tuos.

1048 1894 1151 1924 Deinde
1173 1893 1292 1920 faustum
1312 1894 1336 1920 ci
1362 1897 1470 1927 precata
1492 1892 1620 1924 reditum,
1633 1892 1830 1921 eumemittit.

1047 1940 1186 1967 Bonifaeio
1211 1947 1277 1966 vero
1301 1946 1356 1965 non
1381 1938 1560 1965 mediocriter
1583 1938 1695 1972 quidem
1722 1936 1834 1972 profuc-

1047 1991 1112 2014 runt
1127 1986 1209 2013 verba
1224 1985 1352 2015 domina},
1368 1989 1396 2011 et
1410 1988 1439 2010 ut
1457 1991 1500 2010 res
1514 1983 1622 2011 divinas
1642 1987 1670 2010 et
1688 1983 1832 2018 religiosas

1047 2034 1229 2062 revereretur,
1255 2028 1416 2056 ctl'ecerunt.
1446 2028 1515 2055 lliuc
1549 2028 1650 2055 factum
1681 2033 1724 2055 cst
1749 2032 1778 2055 ut
1804 2029 1833 2055 in

1048 2078 1146 2105 itinere
1170 2083 1222 2103 nec
1249 2081 1346 2102 carnes
1369 2078 1514 2113 tangeret,
1535 2080 1586 2100 nec
1609 2073 1672 2103 vino
1697 2078 1832 2107 uteretur,

1048 2122 1162 2150 Subibat
1188 2125 1278 2148 autem
1303 2121 1362 2155 ejus
1395 2127 1505 2154 quoque
1534 2124 1654 2146 mentem
1692 2119 1833 2155 cogitatio,

1047 2167 1131 2195 veluti
1157 2166 1267 2202 quitiam
1297 2166 1387 2193 bonus
1412 2165 1574 2201 pmdagogus
1608 2174 1615 2192 :
1640 2165 1735 2198 Qualia
1770 2170 1833 2198 sunt

1048 2221 1108 2248 quae
1124 2212 1187 2245 feci,
1217 2216 1244 2239 et
1259 2211 1349 2247 qualia
1368 2219 1428 2244 sum
1453 2211 1568 2246 impuris
1591 2212 1718 2238 manibus
1740 2216 1834 2247 porta:

212 2256 402 2291 προσπαθείας
428 2257 625 2295 κατωλιγώρει,
656 2260 703 2290 καὶ
734 2260 823 2295 ἑαυτῷ
851 2261 994 2296 προσέχειν
1012 2266 1033 2293 Ι)
1049 2263 1069 2286 lt

976 2270 994 2288 ,ν
1012 2266 1033 2293 ι)
1049 2259 1142 2286 turus?
1168 2258 1281 2292 Propter
1302 2257 1376 2291 hunc
1394 2264 1458 2283 vero
1482 2262 1596 2289 metum,
1621 2257 1723 2283 sensim
1746 2257 1833 2293 negli-

211 2302 350 2330 ὲπείθετο”
364 2303 445 2337 φόϐος
460 2304 509 2338 μὲν
522 2304 576 2339 γὰρ
590 2305 682 2341 πατὴρ
695 2306 832 2341 προσοχῆς
844 2315 851 2322 ·
869 2307 885 2341 ή
902 2307 930 2333 δὲ
945 2315 996 2340 γα-

211 2348 294 2383 λήνης
311 2349 403 2384 μήτηρ
427 2350 476 2376 καὶ
489 2352 694 2384 καταστάσεως,
713 2351 784 2387 αὕτη
800 2352 889 2386 δὲτὴν
906 2352 996 2378 συναί-

212 2393 319 2427 σθησιν,
343 2394 437 2429 ὥσπερ
451 2396 480 2422 ὲν
492 2396 621 2432 ἀταράχῳ
637 2397 690 2424 τινὶ
703 2398 751 2424 καὶ
777 2397 890 2434 καθαρῷ
906 2397 995 2428 ὕδατι,

211 2438 245 2464 τὰ
260 2439 344 2472 αὐτῆς
358 2439 439 2474 αἴσχη
460 2440 615 2468 διαϐλέπειν
636 2443 726 2468 ποιεῖ·
749 2442 795 2468 καὶ
813 2441 900 2474 οὕτως
913 2442 996 2476 ἀρχα).

211 2483 260 2510 καὶ
277 2483 350 2519 ῥίζαι
362 2484 409 2518 τῆς
426 2485 571 2519 μετανοίας
586 2486 711 2520 φύονται,
727 2487 744 2524 ἢ
762 2487 794 2523 δὴ
809 2487 869 2519 τότε
886 2488 995 2515 x1180-

211 2529 334 2564 νιφάτιον
349 2529 438 2561 καλῶς
455 2530 621 2565 συνειλήφει,
636 2532 683 2558 καὶ
698 2533 748 2568 ἤδη
765 2534 833 2570 πρὸς
849 2533 906 2569 βίου
919 2535 997 2570 expl-

211 2575 287 2602 ϐειαν
313 2575 453 2602 ἀπονεύων
481 2577 598 2612 φανερὸς
617 2575 661 2613 ἦν,
680 2580 729 2613 τῆς
759 2580 808 2614 μὲν
840 2581 996 2616 παχυτέρας

210 2621 313 2656 ταύτης
326 2622 373 2648 καὶ
385 2623 514 2658 περιττῆς
526 2625 639 2660 τροφῆς,
649 2625 743 2661 ὥσπερ
763 2626 880 2661 ἔφημεν,
897 2627 996 2661 ἀπεχό.

214 2675 303 2701 μενος,
319 2668 400 2703 εὐχῆς
411 2669 439 2702 δὲ
459 2669 630 2696 ἀδιαλείπτου
652 2670 700 2698 καὶ
711 2672 838 2707 νηστείας
861 2674 930 2704 κατᾲ
947 2673 996 2709 τὴν

213 2714 326 2747 πορείαν
339 2715 477 2749 ἐχόμενος.

248 2843 284 2870 κ’.
307 2843 383 2870 Ἐπεὶ
409 2843 435 2871 δὲ
463 2845 509 2875 καὶ
527 2846 624 2877 ἐπιϐὰς
655 2847 703 2882 τῆς
732 2847 825 2880 Ἀσίας
850 2849 921 2878 κατὶι
944 2850 996 2885 τὴν

215 2890 386 2927 ὑμνουμένην
412 2891 460 2927 τῆς
478 2891 604 2926 Κιλικίας
620 2892 727 2930 Ταρσὸν
749 2894 866 2930 ἐγένετο,
883 2895 947 2923 ἔνθα
962 2895 994 2932 δὴ

1047 2304 1127 2338 gebat
1142 2304 1285 2337 pristinam
1300 2309 1376 2329 suam
1392 2301 1419 2328 in
1436 2309 1536 2336 corpus
1551 2301 1736 2332 affectionem,
1753 2306 1780 2327 et
1802 2306 1834 2329 ut

1047 2349 1099 2376 sibi
1126 2348 1299 2379 attenderetu
1331 2347 1384 2373 sibi
1416 2347 1608 2381 persnadebat.
1639 2347 1706 2378 Nam
1744 2351 1834 2374 metus

1047 2394 1157 2429 quidem
1171 2398 1214 2420 est
1227 2397 1313 2425 mater
1325 2391 1529 2426 tranquillitatis
1547 2396 1574 2419 et
1590 2392 1709 2425 quietis;
1724 2400 1754 2419 ea
1769 2401 1834 2420 vero

1047 2440 1118 2476 parit
1132 2439 1339 2472 conscientiam,
1354 2446 1414 2473 quae
1439 2437 1514 2468 facit,
1537 2443 1566 2465 ut
1592 2438 1682 2467 anima
1706 2443 1834 2473 tanquam

1048 2486 1074 2513 iu
1092 2494 1158 2520 pura
1172 2486 1262 2520 aliqua
1278 2490 1306 2512 et
1325 2492 1378 2512 non
1403 2484 1511 2512 turbata
1527 2493 1609 2523 aqua,
1627 2492 1675 2511 sua
1693 2485 1834 2512 intueatur

1048 2531 1181 2559 dedecora
1200 2539 1208 2558 :
1232 2536 1260 2558 et
1289 2530 1340 2564 sic”
1355 2534 1509 2563 nascuntur
1530 2530 1665 2568 principia
1687 2535 1715 2557 et
1731 2531 1835 2559 radices

1047 2577 1224 2613 poenitentiae.
1251 2578 1310 2605 Jam
1338 2581 1404 2604 tunc
1428 2582 1520 2603 autem
1539 2577 1652 2610 pulchre
1671 2570 1834 2610 conceperat

1048 2624 1150 2651 Bonit‘ar
1162 2624 1218 2655 ius,
1230 2628 1257 2650 et
1271 2624 1326 2660 jam
1344 2627 1438 2659 aperte
1454 2623 1628 2653 ostendebat.
1645 2630 1674 2650 se
1700 2622 1833 2649 inclinare

1047 2669 1080 2696 ad
1096 2669 1177 2696 vitam
1192 2669 1340 2704 perfectam
1355 2674 1382 2696 ct
1400 2672 1568 2698 accuratam.
1587 2673 1617 2694 ut
1633 2668 1679 2702 qui
1700 2675 1714 2694 a
1731 2667 1832 2694 crassis

1047 2715 1157 2749 quidem
1185 2720 1212 2741 et
1234 2713 1456 2749 supervacaneis,
1483 2718 1512 2740 ut
1534 2713 1664 2741 diximus.
1681 2713 1831 2740 abstineret

1047 2760 1196 2793 alimentis,
1223 2759 1340 2787 assiduis
1356 2767 1422 2787 vero
1435 2759 1566 2794 precibus
1581 2764 1608 2786 et
1621 2759 1734 2794 jejuuiis
1751 2767 1826 2786 vaca-

1048 2810 1088 2833 ret
1103 2806 1128 2832 in
1143 2805 1253 2832 itinere.

1081 2852 1114 2879 V.
1135 2852 1282 2886 Postquam
1299 2855 1391 2879 autem
1413 2850 1581 2878 ascendisset
1594 2850 1620 2879 in
1636 2852 1737 2885 Asiani,
1754 2857 1780 2880 et
1802 2853 1835 2886 ad

1048 2897 1213 2926 celebratam
1230 2897 1257 2925 in
1281 2896 1376 2927 Cilicia
1403 2895 1575 2933 pervenisset
1591 2896 1720 2932 Tarsum,
1735 2904 1790 2933 quo
1805 2892 1834 2925 iu
