2170 3148
477 141 534 172 253

477 196 560 226 citur,
580 199 692 222 aeternae
716 193 779 222 vitae
812 198 915 222 sortem
945 193 1091 229 percipiet.
1124 193 1203 221 Tunc
1222 194 1297 225 aitA

475 241 532 268 dux
549 249 556 267 :
573 240 642 268 Cum
664 240 842 276 imperatoris
861 240 949 268 nostri
973 241 1053 268 miles
1076 239 1124 270 sis.
1153 239 1260 266 obtem-

474 294 539 321 pera
555 286 734 321 imperatoris
748 287 851 318 edicto,
875 291 902 313 et
916 286 971 313 diis
985 285 1121 313 sacriﬁca.
1147 285 1187 312 Ad
1205 285 1262 312 hmc

473 333 618 366 respondit
642 337 754 360 sanctus
775 333 869 360 Victor
896 332 945 359 :Si
974 339 1024 366 ego
1049 339 1105 366 quo
1136 336 1260 366 tempore

474 377 526 404 Sub
547 378 714 412 imperatore
733 378 898 408 militabam.
923 382 988 404 tunc
1008 376 1091 404 etiam
1108 376 1223 403 Domino
1236 380 1263 402 ct

475 422 532 449 Deo
548 431 610 450 meo
624 423 732 450 occulte
753 423 921 455 serviebant,
938 421 1079 457 quomodo
1100 429 1175 448 nunc
1189 428 1263 448 com-

477 470 588 497 mittere
605 477 729 504 possum,
759 475 790 497 ut
805 470 852 497 illo
878 469 1026 500 derelicto,
1056 469 1138 496 idolis
1165 467 1264 495 vestris

477 515 648 543 sacrificent?
674 515 769 549 itaque
794 514 837 542 fac
861 514 995 549 quidquid
1009 514 1087 540 libet.
1106 514 1146 540 En
1162 520 1263 547 corpus

478 564 550 590 Deus
564 562 656 593 habet,
687 562 732 596 qui
748 561 865 588 salutem
878 565 906 588 et
922 561 1028 588 ruinam
1045 560 1145 587 aﬂ'crre
1156 563 1258 594 potest.

511 611 544 638 ll.
559 611 629 638 'l'um
648 610 702 637 dux
723 609 789 636 ille:
807 608 894 636 Video
911 612 937 635 te
954 609 1039 635 multa
1054 607 1193 642 sapientia
1214 614 1261 633 or-

476 661 582 687 natum,
595 663 684 689 caque
698 655 725 681 in
741 653 931 688 respondendo
945 652 1025 679 valde
1039 656 1174 678 utentem.
1191 651 1259 682 llca,

477 702 569 738 inquit
585 702 689 731 Vit-tor.
704 699 838 735 sapientia
856 706 911 726 non
925 703 1014 726 estex
1030 705 1084 730 tne,
1114 697 1162 724 sed
1190 697 1262 723 Deus

477 756 555 776 meus
571 748 644 774 illam
666 747 733 773 mihi
752 745 881 773 contulit.
895 745 934 772 Ad
952 745 1010 772 haec
1025 751 1145 778 praeses:
1164 743 1263 770 Libera

478 795 595 829 teipsum
628 802 642 820 a
672 792 767 819 multis
789 790 970 819 cruciatibus.
988 795 1016 816 et
1043 789 1098 816 diis
1127 788 1262 815 sacriﬁca.

477 840 607 872 Quinimo
636 839 776 868 libenter,
815 836 906 870 inquit
956 835 1064 866 Victor.
1107 834 1260 861 cruciatum

477 886 601 920 quemvis
614 884 712 919 patiar.
731 891 765 910 ne
779 882 916 910 sacrificia
932 882 994 908 talia
1012 881 1126 908 oﬂ‘cram
1147 889 1153 906 :
1170 880 1216 907 sed
1234 885 1262 907 et

476 934 546 962 illud
561 933 676 964 aflirmo,
689 932 870 959 vehementer
896 938 938 957 me
960 929 1090 965 gaudere,
1117 928 1190 963 quod
1217 928 1261 954 di-

474 988 548 1016 gnus
566 980 655 1007 factus
666 978 728 1009 sim,
745 977 790 1012 qui
809 984 859 1011 pro
874 976 976 1003 Christi
995 975 1107 1002 nomine
1125 979 1261 1001 tormenta

478 1028 576 1062 patiar,
595 1030 623 1052 et
634 1024 739 1052 caelesti
758 1024 804 1050 illo
818 1023 890 1057 Rege
914 1022 969 1049 frui
992 1028 1112 1056 sperem.
1133 1020 1173 1047 Ad
1206 1020 1263 1046 hinc

478 1072 533 1098 dux
552 1071 596 1098 ille
614 1079 621 1097 :
639 1069 767 1104 Nunquid
787 1068 1009 1096 Christianorum
1030 1066 1160 1093 sacerdos
1174 1073 1205 1092 es
1222 1071 1263 1096 tu,

479 1118 526 1152 qui
544 1122 598 1144 tam
617 1116 768 1151 prudenter
783 1115 865 1142 nobis
883 1113 1055 1148 respondes?
1079 1112 1147 1144 lloc,
1175 1112 1265 1146 inquit

479 1163 584 1195 Victor,
599 1169 713 1188 munere
727 1160 855 1194 indignus
868 1167 928 1186 sum
944 1166 1007 1193 ego,
1031 1157 1079 1185 sed
1094 1157 1196 1184 Christi
1210 1157 1263 1184 mei

480 1208 567 1243 gratia
582 1215 625 1234 me
640 1207 722 1234 talem
736 1205 831 1233 effecit
848 1213 856 1231 :
871 1205 929 1231 hzec
947 1204 1022 1231 enim
1039 1203 1091 1234 his,
1118 1202 1165 1237 qui
1187 1206 1265 1229 recto

482 1253 566 1281 corde
581 1257 656 1284 sunt.
669 1256 698 1279 ct
713 1251 817 1279 Christi
833 1250 961 1277 mandata
978 1250 1139 1280 observant.
1156 1248 1265 1283 sapien-

483 1299 548 1325 liam
560 1302 590 1326 et
611 1298 734 1324 omnium
754 1297 887 1324 bonarum
908 1303 999 1323 rerum
1020 1295 1125 1330 copiam
1150 1303 1184 1322 ex
1207 1294 1265 1321 suis

483 1344 538 1372 illis
568 1343 710 1372 immensis
741 1343 847 1371 divitiis
873 1343 997 1378 largitur.
1027 1340 1265 1375 Quemadmodum

481 1391 553 1418 enim
569 1390 685 1425 agricola
701 1391 760 1425 ipse
773 1397 835 1420 arm
855 1394 956 1416 terram
973 1388 1050 1420 colit.
1065 1395 1189 1422 paratam
1202 1394 1262 1414 eam

482 1437 572 1464 reddit
585 1436 619 1464 ad
632 1435 739 1463 fructus
754 1435 882 1463 ferendos
900 1443 906 1461 :
925 1435 963 1462 ita
978 1439 1004 1461 ct
1020 1434 1067 1461 Dei
1081 1434 1217 1468 sapientia
1231 1440 1265 1460 ac

480 1483 566 1518 gratia
581 1489 629 1510 eos
648 1482 779 1516 aquibus
803 1481 978 1512 observatur,
998 1479 1094 1511 fortes.
1114 1479 1264 1513 sapientes,

1279 856 1298 882 ll

1145 139 1286 170 MENSIS
1301 138 1434 170 MAIUS.

2063 132 2119 164 ΞΗ

1312 193 1524 228 προστάγματος
1539 191 1621 218 αὗτοῦ
1633 191 1680 218 καὶ
1699 190 1838 218 ὲπίθυσον.
1853 190 1885 218 Ὀ
1902 191 1984 225 ᾶγιες
2000 190 2117 223 Βὶκτωρ

1308 236 1402 264 εἶπεν·
1422 239 1476 265 Καὶ
1492 239 1536 264 ὅτε
1563 236 1638 272 αὐτῷ
1665 238 1870 272 ἐστρατευόμην
1902 239 1950 264 καὶ
1973 237 2009 263 τὰ
2024 237 2117 263 αὐτοῦ

1309 285 1453 320 ἐφρόνουν,
1483 284 1580 319 Κυρίῳ
1595 283 1633 318 τῷ
1653 283 1714 318 Θεῷ
1730 292 1781 318 μου
1796 285 1824 309 ὲν
1839 283 1877 318 τῷ
1899 283 2020 317 κρυπτῷ
2052 284 2117 308 ὲὶᾶ-

1308 339 1417 365 τρευον,
1433 331 1479 356 καὶ
1494 330 1542 356 νῦν
1563 330 1592 355 οὐ
1605 330 1724 363 δύναμαι
1757 329 1920 363 καταλεῖψαι
1947 329 2039 355 αὑτὸν
2066 329 2116 354 καὶ

1310 376 1430 406 εἰδώλοις
1455 377 1583 402 ὲπιθὺσσι
1595 383 1603 392 ⁸
1627 375 1700 402 ποίει
1711 374 1757 402 οὖν
1771 375 1785 401 6
1800 375 1888 406 Θέλεις
1905 375 1944 406 είς
1965 375 2020 408 ἐμέ
2036 383 2043 388 ·
2067 374 2115 399 τοῦ

1313 422 1362 456 μὲν
1376 422 1431 456 γὰρ
1451 421 1574 456 σώματός
1595 431 1645 456 μου
1662 421 1786 455 ἐξουσίαν
1811 421 1894 456 ἔχεις,
1908 422 1956 455 τῆς
1974 421 2004 446 δὲ
2015 420 2115 454 ψυχῆς

1311 469 1324 494 6
1337 468 1404 499 Θεὲς
1423 468 1514 501 μόνος,
1527 468 1540 493 6
1555 468 1706 502 δυνάμενος
1719 467 1805 493 σῶσαι
1825 468 1872 493 καὶ
1885 466 2038 492 ἀπολέσαι.

1283 520 1376 541 meum
1392 544 1396 547 ,
1410 513 1438 540 in
1457 520 1539 540 manu
1562 517 1608 540 tua
1631 517 1674 540 est
1689 521 1697 540 :
1715 513 1814 540 anima:
1835 519 1902 538 vero
1935 515 2112 546 potestatem

1346 605 1385 632 B’.
1402 605 1486 639 Λέγει
1499 605 1574 641 αὐτῷ
1590 607 1604 632 6
1624 606 1705 638 δούξ*
1727 606 1798 640 Ὀρῶ
1822 615 1851 633 σε
1868 607 1898 633 ὲν
1913 607 1946 642 τῇ
1966 607 2112 642 ἀπολογία

1311 661 1358 678 σου
1371 651 1472 686 nam
1489 653 1585 685 σοφίαν
1597 653 1788 687 περικείμενον
1798 660 1805 668 ⁸
1822 653 1922 686 σκέψαι
1937 651 1987 679 οὖν
1996 654 2030 679 τὸ
2044 662 2112 686 συμ-

1311 698 1404 733 φέρον.
1417 698 1449 724 '0
1464 697 1541 730 ἅγιος
1556 697 1662 732 Βίκτωρ
1677 698 1770 731 λέγει’
1807 699 1830 724 ll
1845 699 1898 734 ἐμὴ
1916 700 2014 733 σοφία,
2031 695 2058 724 ὥ
2073 699 2111 725 δι-

1311 744 1411 775 καστὰ,
1422 744 1472 769 οὐκ
1488 743 1561 769 ἐστιν
1574 743 1604 774 ἐξ
1616 743 1693 777 ἐμοῦ,
1710 743 1768 769 ἀλλ’
1777 744 1792 770 6
1802 744 1868 776 Θεὸς
1880 753 1931 779 μου
1943 746 2110 780 ἐδωρήσατό

1314 799 1359 825 μοι
1377 790 1474 824 αὐτήν.
1511 789 1540 815 '0
1559 789 1623 820 δοὺξ
1653 789 1744 823 λέγει·
1784 790 1879 817 Ῥύσαι
1910 793 2030 818 casu-:39
2055 794 2110 818 ἀπὸ

1313 836 1420 862 πολλῶν
1443 835 1578 870 βασάνων,
1609 835 1657 861 καὶ
1673 835 1830 870 προσελθὼν
1848 835 1930 863 eam
1946 839 2006 868 τοῖς
2022 837 2108 868 θεοῖς.

1319 882 1349 908 Ὀ
1366 882 1442 916 am;
1467 882 1574 916 Βίκτωρ
1590 879 1681 908 εἶπεν·
1717 882 1789 915 Ἐγὼ
1811 882 1880 917 ὑπὲρ
1899 882 1947 909 τοῦ
1969 883 2010 917 μὴ
2026 883 2108 909 οὖσαι

1315 928 1400 962 ἡδέως
1421 927 1602 962 βασανίζομαι
1618 928 1666 954 καὶ
1680 927 1761 954 πλέον
1779 928 1987 963 διισχυρίζομαι
2003 930 2108 961 διαγω-

1315 973 1466 1008 νιζόμενος,
1487 974 1528 999 ὅτι
1559 973 1734 1008 κατηξιώθην
1762 973 1832 1008 ὑπὲρ
1848 974 1895 1000 τοῦ
1910 975 2047 1008 ὀνόματος
2062 975 2106 1000 τοῦ

1314 1020 1432 1054 Χριστοῦ
1459 1019 1656 1054 βασανισθῆναι
1684 1019 1731 1045 καὶ
1758 1021 1798 1050 εἰς
1825 1020 1874 1054 τὴν
1886 1020 1997 1055 ἀγαθὴν
2010 1021 2107 1047 ἐλπίδα

1314 1065 1403 1091 ἐλθεῖν
1429 1065 1475 1091 τοῦ
1504 1065 1640 1096 Βασιλέως
1668 1065 1722 1091 τῶν
1748 1066 1882 1100 οὐρανῶν.
1911 1067 1994 1100 Λέγει
2009 1067 2107 1101 αὑτῷό

1314 1111 1392 1144 δοὺξ·
1406 1111 1449 1146 Μὴ
1466 1112 1553 1146 ἱερεὺς
1570 1109 1596 1138 εἷ
1610 1112 1664 1137 τῶν
1677 1112 1860 1146 Χριστιανῶν,
1876 1113 1918 1139 ὄτι
1934 1113 2023 1145 οὕτως
2041 1122 2105 1139 συν-

1315 1157 1382 1188 ετῶς
1398 1158 1550 1192 ἀποκρίνῃ
1570 1158 1599 1184 ’0
1610 1158 1687 1192 ἅγιος
1709 1158 1816 1193 Βίχτωρ
1833 1157 1927 1185 εἶπεν·
1947 1160 2021 1193 Ἐγὼ
2038 1161 2105 1188 ταῦ-

1315 1212 1364 1238 της
1379 1203 1428 1238 τῆς
1447 1204 1579 1238 μεγίστης
1592 1205 1703 1239 χάριτος
1717 1205 1762 1231 καὶ
1775 1204 1880 1238 δωρεὰς
1904 1206 2012 1238 ἀνάξιός
2030 1209 2104 1241 sip:-

1316 1251 1333 1285 ή
1356 1250 1384 1276 δὲ
1404 1250 1451 1276 τοῦ
1471 1250 1590 1285 Χριστοῦ
1613 1260 1663 1286 μου
1686 1252 1765 1287 χάρις
1791 1253 1880 1287 ἡγαγέ
1896 1262 1930 1288 με
1947 1255 1983 1283 εἰς
1997 1253 2080 1280 τοῦτο
2095 1262 2102 1269 ’

1317 1295 1385 1331 αὕτη
1400 1296 1456 1331 γὰρ
1473 1297 1548 1323 ἐστιν
1568 1297 1585 1332 ἡ
1602 1298 1760 1332 παρέχουσα
1777 1300 1832 1329 τοῖς
1849 1299 1939 1325 sseae.
1956 1301 1990 1334 τῇ
2007 1301 2104 1335 καρδίᾳ.

1316 1342 1365 1369 καὶ
1381 1343 1436 1373 τοῖς
1451 1342 1618 1377 φυλάσσουσι
1629 1345 1676 1375 τὰς
1694 1343 1803 1376 ἐντολὰς
1819 1345 1865 1371 τοῦ
1877 1345 1996 1380 Χριστοῦ
2010 1347 2104 1380 σοφίαν

1316 1388 1365 1415 καὶ
1387 1387 1496 1415 σύνεσιν
1515 1389 1642 1424 μετέχειν
1661 1391 1763 1421 παντὸς
1780 1391 1902 1424 ἀγαθοῦ·
1926 1392 2024 1427 ὥσπερ
2051 1394 2103 1428 γὰρ

1317 1434 1440 1469 γεωργὸς
1456 1434 1626 1469 καλλιεργῶν
1644 1434 1727 1461 αὐτοῦ
1743 1435 1792 1470 τὴν
1805 1436 1856 1470 γῆν
1868 1437 2008 1471 ἑτοιμάζει
2022 1438 2103 1472 αὐτὴν

1317 1480 1357 1510 εἰς
1376 1480 1576 1515 καρποφηρίαν,
1593 1480 1680 1512 οὕτως
1693 1482 1740 1508 καὶ
1753 1482 1769 1516 ἡ
1784 1482 1831 1508 τοῦ
1849 1482 1916 1509 Θεοῦ
1941 1484 2024 1516 σοφία
2044 1485 2104 1514 τοὺς

478 1535 510 1555 ac
524 1527 592 1555 tales
607 1527 707 1558 reddit,
719 1526 766 1561 qui
781 1527 836 1553 Deo
848 1525 900 1560 ipsi
915 1525 1034 1551 fructum
1050 1524 1122 1551 ferre
1138 1524 1245 1558 possint
1258 1532 1266 1550 :
1282 1526 1297 1555 ε

1283 1526 1304 1555 C
1320 1525 1478 1557 ἐλπίζοντας
1503 1527 1543 1557 εἰς
1560 1527 1646 1561 αὐτὴν
1675 1527 1831 1562 ὲνδυναμοῖ,
1861 1528 1909 1554 καὶ
1927 1529 2044 1562 σοφίζει,
2061 1530 2105 1554 καὶ

465 1581 571 1614 ἰιοαιιο
589 1572 736 1608 permittit,
762 1576 791 1598 ut
808 1571 842 1598 ab
866 1570 994 1598 hostibus
1016 1570 1139 1604 superari
1154 1573 1266 1604 queant.

517 1661 565 1688 lIl.
586 1661 656 1688 Tum
680 1660 736 1687 dux
764 1660 804 1687 ait
823 1669 830 1686 :
849 1659 919 1686 Num
945 1664 972 1686 tu
999 1659 1069 1686 mori
1101 1659 1269 1686 decrevisti?

483 1707 635 1741 Respondit
663 1707 758 1733 Victor
782 1715 789 1733 :
814 1705 977 1740 llujusmodi
1007 1713 1082 1734 mors
1108 1705 1154 1732 his
1183 1705 1267 1732 vitam

483 1752 626 1785 conciliat,
638 1753 685 1787 qui
702 1752 798 1779 brevia
813 1752 871 1779 haec
887 1756 1022 1779 tormenta
1046 1751 1155 1779 fortiter
1173 1751 1208 1778 ad
1222 1759 1268 1778 ex-

485 1802 604 1824 tremum
631 1805 719 1832 usque
737 1797 890 1832 perferunt.
916 1796 955 1824 Ad
973 1797 1031 1824 haec
1046 1796 1101 1824 dux
1118 1796 1161 1824 ille
1178 1806 1185 1822 :
1201 1796 1268 1824 Sen-

485 1843 640 1870 tentiamne’
666 1845 746 1870 istam
767 1845 873 1870 lirmam
899 1843 1006 1870 habes?
1030 1843 1156 1874 Maxime,
1178 1842 1268 1877 inquit

483 1889 589 1915 Victor.
619 1888 688 1915 Tum
721 1889 775 1915 dux
804 1889 952 1924 digitorum
977 1888 1095 1916 Victoris
1122 1895 1268 1922 compages

482 1941 608 1969 cousque
625 1933 762 1968 confringi
785 1934 878 1969 jussit,
902 1934 992 1969 quoad
1011 1942 1026 1960 e
1043 1934 1113 1968 pelle
1136 1934 1193 1967 ipsa
1209 1933 1268 1960 exi-

481 1985 553 2007 rent.
570 1980 629 2013 Quo
644 1980 726 2012 facto,
742 1980 837 2008 Victor
851 1980 890 2007 ait
908 1990 914 2007 :
933 1980 1041 2008 Gratias
1054 1987 1104 2014 ago
1124 1979 1179 2007 Deo
1194 1987 1266 2009 meo,

480 2025 555 2061 quod
587 2026 703 2061 gratiam
732 2034 809 2053 suam
840 2026 998 2061 propiorem
1029 2025 1097 2052 mihi
1133 2024 1266 2051 ostendit.

479 2071 560 2098 Tunc
578 2072 705 2105 quaesivit
723 2071 757 2098 ab
773 2079 807 2099 eo
826 2071 893 2104 dux,
917 2078 1004 2105 quare
1026 2070 1119 2097 cibum
1144 2078 1201 2097 non
1221 2077 1268 2097 su-

481 2120 582 2144 meret.
595 2117 643 2144 Cui
661 2117 804 2150 respondit
815 2116 909 2143 Victor
925 2125 932 2143 :
950 2115 1043 2142 Habeo
1061 2117 1118 2150 ipse
1135 2116 1267 2150 spiritua-

482 2164 537 2190 lom
551 2162 654 2194 cibum,
667 2170 723 2197 quo
737 2163 765 2189 fit
774 2167 803 2189 ut
812 2170 867 2188 non
880 2163 998 2189 esuriam
1010 2163 1036 2188 in
1048 2167 1190 2189 :eternum.
1199 2161 1268 2188 Tum

1320 1573 1393 1598 ποιεῖ
1417 1574 1602 1607 καρποφορεῖν
1630 1573 1669 1607 τῷ
1693 1573 1763 1608 Θεῷ,
1787 1574 1825 1609 μὴ
1854 1575 2038 1609 συγχωροῦσα
2069 1576 2105 1610 τῷ

1319 1616 1410 1651 ἐχθρῷ
1425 1618 1617 1652 περιγενέσθαι
1637 1618 1740 1645 αὐτῶν.

1355 1661 1392 1690 Γ.
1406 1663 1587 1695 Σεϐαστιανὸς
1615 1665 1630 1690 6
1655 1664 1718 1696 δοὺξ
1737 1662 1832 1691 εἶπεν·
1857 1665 1990 1700 Ἔκρινας
2006 1667 2107 1700 μᾶλλον

1319 1708 1364 1735 τὸν
1381 1708 1496 1735 θάνατον
1508 1709 1616 1736 ἑλέσθαι
1634 1709 1650 1745 ἢ
1670 1710 1719 1744 τὴν
1736 1710 1828 1746 ζωήνς
1858 1711 1887 1738 Ὀ
1907 1712 1984 1746 ἅγιος
2001 1713 2107 1747 Βῖκτωρ

1319 1752 1414 1781 εἶπεν·
1433 1752 1516 1786 Οὗτος
1536 1756 1550 1782 6
1565 1755 1678 1787 θάνατος
1694 1755 1766 1791 ζωὴν
1785 1757 1894 1784 αἰώνιον
1914 1758 2044 1792 προξενεῖ
2052 1761 2108 1790 τοῖς

1322 1801 1404 1836 μέχρι
1431 1802 1528 1833 τέλους
1554 1803 1721 1837 ὑπομένουσι
1739 1804 1788 1835 τὰς
1805 1802 1989 1839 προσκαίρους
2007 1806 2107 1837 ταύτας

1321 1847 1465 1881 βασάνους.
1494 1848 1576 1881 Λέγει
1603 1848 1678 1883 αὐτῷ
1709 1849 1723 1875 6
1739 1850 1820 1882 δούξ⁸
1850 1851 1904 1876 Καὶ
1920 1851 1990 1882 ὅλως
2006 1853 2108 1887 ταύτης

1319 1890 1511 1924 ἐπεκράτησας
1526 1891 1575 1925 τῆς
1588 1892 1718 1926 γνὼμης;
1741 1893 1771 1919 Ὀ
1787 1894 1865 1928 ἅγιος
1886 1895 1994 1931 Βίκτωρ
2012 1894 2089 1923 εἶπεν
2102 1907 2108 1913 ·

1320 1936 1385 1963 Νιί.
1400 1937 1466 1963 Τότε
1479 1938 1492 1963 6
1508 1937 1571 1969 δοίιξ
1591 1938 1719 1964 ἐκέλευσε
1735 1940 1942 1976 συγκλασθῆναι
1957 1942 2007 1973 τὰς
2022 1943 2108 1977 ἁρμο-

1319 1980 1380 2011 νίας
1408 1981 1462 2007 τῶν
1479 1981 1618 2008 δακτύλων
1646 1983 1740 2014 αὑτοῦ,
1766 1984 1818 2015 ἕως
1847 1984 1878 2010 ἂν
1894 1986 1926 2011 ὲκ
1949 1986 2000 2020 τῆς
2029 1987 2108 2022 δορᾶς

1320 2025 1475 2058 ἒξέλθωσιν.
1501 2027 1530 2053 Ὀ
1546 2028 1624 2061 ἅγιος
1647 2029 1755 2064 Βίχτωρ
1769 2027 1863 2056 εἶπεν
1886 2029 2051 2066 Εὖχαριστῶ
2073 2034 2108 2066 τῷ

1320 2071 1380 2106 Θεῷ
1401 2080 1452 2106 μου
1474 2073 1601 2104 πάντοτε,
1624 2074 1665 2100 ὃτι
1686 2075 1802 2109 ἢγγισεν
1824 2076 1839 2110 ἡ
1863 2075 1942 2110 χάρις
1970 2076 2053 2103 αὐτοῦ
2071 2080 2108 2109 εἰς

1321 2117 1382 2151 ¹ιιμιέ.
1402 2119 1482 2152 Λέγει
1496 2119 1569 2153 αὐτῷ
1589 2121 1602 2146 6
1616 2119 1693 2151 δούξ’
1709 2121 1758 2146 Διὰ
1774 2121 1799 2146 τί
1831 2120 1880 2156 τὴν
1907 2121 2000 2147 ἄνοιαν
2020 2131 2067 2148 σου
2080 2124 2106 2149 ’,ὑ

1321 2163 1490 2198 λαμὸἀνεις;
1511 2164 1541 2190 '0
1556 2164 1635 2198 ἅγιος
1650 2165 1756 2200 Βίκτωρ
1773 2164 1864 2191 εἶπεν
1878 2166 1939 2193 Ὀτι
1953 2166 2050 2200 βιαίως
2064 2170 2107 2194 θεαὶ

483 2206 618 2241 illejussit
631 2205 938 2236 foruacemacceudi,et
952 2206 1086 2233 Victorem
1097 2207 1123 2232 in
1131 2214 1190 2233 eam
1204 2215 1268 2233 con-
1286 2211 1297 2240 [

1286 2211 1309 2240 D
1323 2209 1423 2240 ἀδίκως
1438 2211 1607 2242 ἀπαιτεῖται,
1620 2212 1666 2237 καὶ
1681 2211 1742 2237 οὔτε
1761 2212 1911 2246 λαμϐάνειν
1931 2213 1993 2239 οὔτε
2006 2214 2107 2240 ἐσθίειν

480 2253 584 2287 jectum
596 2252 629 2279 ad
647 2253 760 2280 tertium
777 2259 862 2286 usque
881 2252 952 2279 diem
969 2252 1084 2279 servari.
1100 2252 1267 2287 Faclumque

481 2299 535 2327 fuit
565 2299 612 2326 ita.
643 2298 737 2326 Tertio
770 2303 861 2325 autem
894 2297 938 2325 die
968 2306 1029 2325 cum
1056 2298 1102 2325 ille
1139 2299 1266 2333 opinare-

483 2351 528 2376 tur
547 2345 685 2372 Victorem
708 2344 743 2371 ab
767 2344 1049 2379 igncjconsumptum
1073 2344 1169 2377 fuisse,
1185 2345 1268 2380 jussit

481 2392 621 2419 fornacem
640 2391 754 2426 aperiri,
781 2395 809 2418 et
832 2393 961 2427 martyris
985 2391 1094 2419 cineres
1119 2391 1147 2418 in
1164 2391 1266 2418 flumen

481 2436 615 2471 demergi.
655 2437 794 2464 Patefacta
825 2436 909 2471 igitur
936 2437 1067 2468 fornace,
1100 2436 1267 2463 invenerunt

475 2481 621 2508 Victorem
635 2481 726 2515 ipsum
740 2481 846 2513 vivum,
864 2485 893 2508 et
906 2482 992 2508 Deum
1010 2481 1178 2514 laudantem,
1192 2481 1266 2516 quod

483 2526 554 2562 ignis
569 2527 630 2561 ejus
646 2533 748 2560 corpus
769 2534 825 2554 non
853 2528 992 2562 tetigerat.
1016 2527 1077 2554 Mox
1104 2527 1187 2562 jussit
1212 2527 1268 2554 dux

484 2579 590 2599 venena
606 2571 737 2606 pestifera
760 2579 822 2599 cum
845 2573 975 2599 carnibus
994 2573 1140 2600 commista
1161 2573 1268 2600 edenda

482 2618 522 2646 ili
549 2618 677 2653 proponi.
695 2617 761 2650 Quae
774 2625 836 2645 cum
850 2626 864 2644 a
882 2618 1005 2645 venefico
1018 2619 1136 2652 quodam
1157 2619 1269 2646 homine

483 2670 610 2700 porrecta
626 2664 651 2692 ei
667 2664 800 2697 fuissent,
827 2669 937 2692 sanctus
964 2670 1068 2700 martyr
1091 2665 1187 2692 Victor
1208 2666 1268 2692 ait:

483 2712 548 2738 Mihi
577 2711 696 2746 quidem"
716 2719 766 2739 non
796 2711 895 2740 liceret
916 2719 1015 2739 carnes
1028 2716 1150 2747 gustare,
1175 2711 1222 2738 sed
1240 2716 1270 2738 ut

484 2766 633 2793 cognoscas
647 2759 780 2787 veneﬁcia
796 2765 841 2787 tua
861 2759 940 2786 nihili
955 2766 1029 2790 esse,
1043 2766 1078 2786 en
1092 2758 1158 2785 istas
1171 2765 1269 2786 carnes

484 2804 640 2832 comedam.
657 2804 781 2840 Cumque
802 2805 864 2832 illas
887 2812 904 2832 e
928 2804 1059 2831 manibus
1079 2804 1196 2831 veneﬁci
1220 2803 1269 2831 ho-

485 2850 569 2879 minis
587 2851 760 2886 -aecepisset,
787 2850 929 2878 Christum
958 2854 1105 2886 precatus,
1133 2849 1268 2884 ejusmodi

1321 2254 1451 2289 βούλομαι
1472 2255 1501 2287 ἐξ
1515 2256 1615 2291 αὐτῆς·
1632 2257 1685 2291 ἔχω
1697 2257 1724 2283 δὲ
1739 2258 1787 2292 τὴν
1799 2260 1991 2293 πνευματικὴν
2006 2262 2108 2296 τροφὴν

1321 2301 1367 2327 καὶ
1378 2302 1408 2327 οὐ
1426 2301 1462 2337 μὴ
1478 2302 1597 2329 πεινάσω
1614 2303 1654 2334 εὶς
1673 2303 1717 2330 τὸν
1743 2303 1838 2331 αἰῶνα.
1855 2305 1946 2331 Ταῦτα
1963 2306 2083 2338 ἀκούσας
2095 2307 2108 2332 6

1319 2347 1392 2380 δοὺξ,
1409 2348 1552 2374 ἐκέλευσεν
1581 2349 1713 2383 ὲκκαῆναι
1737 2350 1852 2384 κάμινον
1867 2350 1914 2377 καὶ
1939 2351 2107 2387 ὲμῦληθῆιαι

1321 2391 1402 2418 αὑτὸν
1431 2392 1459 2418 ὲν
1482 2392 1562 2427 αὐτῇ,
1592 2393 1670 2427 ἄχρις
1686 2394 1797 2429 ἡμερῶν
1814 2394 1908 2429 τριῶν·
1936 2398 1984 2422 καὶ
2000 2398 2107 2429 ἐγένετο

1321 2435 1418 2467 οὕτως.
1439 2436 1517 2462 Μετὰ
1546 2437 1574 2462 δὲ
1599 2437 1648 2468 τὰς
1669 2439 1744 2472 τρεῖς
1757 2438 1874 2473 ἡμέρας,
1891 2439 2006 2473 νομίσας
2023 2440 2037 2466 6
2049 2440 2108 2471 δσυξ

1321 2481 1474 2516 ἀνηλῶσθαι
1487 2482 1568 2508 αὐτὸν
1580 2483 1632 2508 ὑπὸ
1646 2482 1692 2509 τοῦ
1706 2484 1802 2518 πυρὸς,
1812 2483 1956 2510 ἐκέλευσεν
1967 2486 2107 2520 ἀνοιγῆναι

1321 2526 1370 2561 τὴν
1383 2527 1497 2561 κάμινον
1508 2527 1556 2553 καὶ
1568 2527 1679 2562 ῥιφῆναι
1692 2527 1726 2553 τὰ
1740 2528 1807 2555 ὀστᾶ
1818 2529 1902 2555 αὐτοῦ
1915 2530 1956 2562 είς
1968 2530 2016 2556 τὸν
2031 2539 2109 2557 ποτα-

1324 2571 1374 2605 μόν
1387 2579 1393 2586 ·
1413 2573 1458 2598 καὶ
1471 2573 1625 2606 ἀνοίξαντες
1650 2574 1747 2609 αὐτὴν,
1761 2571 1842 2609 εὗρον
1860 2575 1942 2602 αὑτὸν
1958 2575 2049 2607 ζῶντα
2065 2578 2108 2603 καὶ

1321 2617 1468 2650 δοξάζοντα
1491 2619 1536 2644 τὸν
1559 2618 1637 2651 Θεον,
1652 2619 1686 2646 δι’
1709 2620 1750 2645 ὅτι
1766 2619 1822 2646 οὐδ’
1840 2620 1909 2652 ὅλως
1925 2621 2016 2656 ἥψατο
2030 2622 2108 2648 αὑτοῦ

1322 2664 1352 2690 τὸ
1367 2664 1432 2699 πῦρ.
1447 2664 1514 2691 Τότε
1530 2665 1672 2692 ἐκέλευσεν
1684 2667 1697 2692 6
1716 2666 1778 2699 δοὺξ
1795 2667 1929 2702 φίρμακα
1949 2669 2108 2703 ἀναιρετικέι

1322 2709 1432 2745 δοθῆναι
1444 2710 1518 2744 αὺτῷ
1534 2712 1632 2744 φαγεῖν
1649 2712 1719 2746 μετὰ
1742 2713 1847 2746 κρεῶν·
1873 2714 1921 2740 καὶ
1935 2714 2109 2741 ὲπιδοθέντων

1323 2755 1398 2790 αὐτῷ
1422 2756 1477 2783 τῶν
1493 2757 1646 2792 φαρμάκων
1674 2757 1727 2784 ὑπὸ
1753 2757 1800 2784 τοῦ
1818 2759 1918 2793 μάγου,
1934 2760 1986 2795 ἔφη
2003 2761 2017 2786 6
2037 2761 2109 2794 ἅγιος

1323 2801 1447 2837 Βίκτωρ“
1476 2802 1533 2829 Οὐκ
1558 2802 1617 2834 ἐξόν
1636 2812 1681 2838 μοι
1703 2801 1737 2838 ἦν
1751 2804 1840 2839 κρεῶν
1858 2806 1996 2840 ἆψασθαι·
2024 2800 2109 2834 ἴναῖέ

1323 2849 1406 2884 γνῷς,
1422 2849 1462 2877 ὅτι
1477 2849 1553 2877 οὐδέν
1565 2850 1633 2878 εἰσιν
1648 2851 1674 2877 αι
1691 2852 1803 2886 μαγεῖαι
1817 2861 1874 2888 σου,
1888 2853 1934 2880 καὶ
1949 2855 2110 2890 uasa-sponda
