2170 3148
118 119 169 151 ‘26!

625 118 714 151 VITA
730 117 782 147 SS.
801 116 980 147 VICTORIS
1002 118 1048 146 ET
1070 116 1241 148 CORONAE.

1691 117 1745 150 262

117 177 215 208 αὑτὰς,
233 175 316 202 ὲσθίω
330 173 533 210 άνυπερθέτως.
550 173 605 200 Καὶ
631 173 778 208 δεξάμενος
806 175 838 200 ἐκ
854 173 908 199 τῶν
923 178 944 204 Α
960 181 973 200 c

881 173 908 199 ὒν
923 178 944 204 Α
960 167 1093 200 carnibus
1110 174 1186 201 vesci
1203 174 1297 207 coepit,
1313 182 1401 209 neque
1417 176 1568 211 quidquam
1595 175 1658 203 mali
1677 184 1738 210 pas-

118 222 218 257 χειρῶν
242 221 288 247 τοῦ
307 220 406 255 μάγου,
425 218 647 254 προσευξάμενος
665 218 837 253 τῷΧριστῷ.
857 218 904 252 ἦρ-

118 264 182 300 ξατο
201 267 299 293 ἐσθίειν
313 273 319 281 ³
337 265 382 292 καὶ
398 264 492 299 φαγὼν
507 264 584 290 οὐδὲν
598 264 699 290 ἔπαθεν
712 264 807 290 κακόν.
829 263 859 290 Ὀ
875 263 903 289 δὲ

119 314 205 348 μάγος
220 313 266 339 ἐπὶ
291 313 323 347 τῇ
349 313 438 347 οἰκείᾳ.
466 311 570 345 μαγειᾳ
584 309 807 344 καταισχυνθεὶς,
820 312 906 343 προσ-

117 360 219 393 ήγαγεν
233 357 308 392 αὑτῷ
323 357 403 384 πάλιν
420 356 502 392 ἕτερα
521 356 656 391 φάρμακα
681 354 736 382 τῶν
763 355 906 390 προτέρων

115 395 251 437 δεινότερα
267 403 314 428 καὶ
325 402 399 436 λέγει
414 402 488 436 αὐτῷ
503 410 509 417 ·
526 402 580 428 Καὶ
592 401 639 428 νῦν
658 401 733 433 δέξαι
757 403 804 428 καὶ
817 401 888 434 φάγε
898 408 905 415 ·

115 448 161 473 καὶ
179 447 226 472 ἐάν
250 447 346 481 φαγὼν
371 447 454 481 μηδὲν
468 447 558 482 πάθῃς
581 446 679 479 κακὸν,
707 446 908 481 καταλιμπάνω

115 500 167 527 μου
181 493 231 524 τὰς
247 493 375 528 μαγείας)
394 493 441 519 καὶ
461 493 583 519 πιστεύω
608 492 686 527 κάγὼ
702 492 739 527 τῷ
752 493 811 527 Θεῷ
825 489 847 526 ᾧ
861 492 908 518 λα-

115 537 234 572 τρεύεις.
260 538 395 569 Λαϐόντος
426 538 454 564 δὲ
471 538 519 564 τοῦ
536 538 672 573 μακαρίου
701 538 842 573 Βίκτορος,
860 538 908 564 καὶ

117 583 262 617 φαγόντος,
274 584 319 610 καὶ
337 584 421 618 μηδὲν
437 584 568 615 παθόντος
584 585 680 617 κακὸν,
695 584 826 619 ἀνεϐόησε
839 584 907 618 μετᾶ

118 629 208 663 φωνῆς
226 629 247 661 ὁ,
260 629 346 663 μάγος
362 630 408 656 καὶ
425 627 501 656 εἶπεν
515 637 522 644 ·
545 630 701 665 Ἐνίκησας,
719 630 808 665 ψυχὴν
821 630 906 656 ἀπολ-

117 673 237 708 λυμένην
257 673 286 706 ἐξ
301 673 364 709 ᾅδου
394 675 558 708 ἀναγαγών·
588 676 683 710 ὥσπερ
711 676 766 711 γὰρ
795 674 907 708 ἀνδριὰς

117 719 234 754 χαλκοῦς
247 719 413 751 παλαιωθεὶς
430 721 477 746 καὶ
493 720 545 746 ὑπὸ
570 721 616 746 τοῦ
632 721 756 755 τεχνίτου
775 720 908 755 σμηχθεὶς

117 765 319 797 ἀνακαινοῦται,
331 765 415 797 οὕτως
428 766 475 792 καὶ
491 767 504 792 ὁ
524 766 667 801 ἄνθρωπος
683 768 696 792 ὁ
715 766 743 792 ἑν
755 767 848 797 κακοῖς
858 774 910 792 πα-

118 809 254 843 λαιωθεὶς,
270 811 318 838 ἐὰν
331 812 494 848 ἐπιστρέψῃ,
506 813 586 844 σώζει
596 813 770 843 αὑτὸνόΘεὸς
781 814 814 848 τῇ
826 812 907 839 αὑτοῦ

118 857 221 891 χάριτι.
238 857 305 884 Τότε
320 859 333 884 ὁ
352 859 438 893 μάγος
460 859 631 894 παραχρῆμα
654 860 805 885 κατέκαυσε
834 859 903 894 πυρὶ

118 902 208 934 πάσας
217 904 266 933 τὰς
276 904 394 938 μαγικὰς
407 903 488 930 αὐτοῦ
502 904 610 938 βίϐλους
620 905 665 930 καὶ
676 905 741 930 πᾶσι
749 905 805 935 τοῖς
816 905 905 939 ὑπάρ-

117 957 210 983 χουσιν
228 949 310 975 αὐτοῦ
327 949 542 983 ἀποταξάμενος,
555 951 665 983 γέγονεν
687 949 862 984 Χριστιανός.

960 226 1007 245 sus
1029 224 1080 246 est.
1099 219 1246 246 Veneficus
1273 224 1364 246 autem
1390 221 1435 247 ille
1456 227 1508 255 pro
1528 218 1584 249 suis
1605 221 1745 249 veneficiis

960 264 1144 296 erubescens,
1173 264 1225 291 alia
1251 265 1375 298 quasdam
1400 266 1501 292 obtulit
1523 267 1664 301 prioribus
1692 268 1746 294 illis

960 311 1055 344 pejora
1071 319 1077 336 :
1096 309 1169 342 Hmc,
1182 310 1320 344 inquiens.
1348 311 1442 345 accipe
1457 319 1464 337 :
1481 320 1543 346 qua:
1567 320 1629 339 cum
1654 321 1746 340 colue-

961 355 1045 387 deris,
1068 355 1090 382 si
1121 355 1190 382 nihil
1215 355 1279 382 mali
1307 363 1404 390 passus
1417 355 1513 387 fueris,
1538 359 1629 384 stat'm
1658 363 1744 385 arlem

961 401 1094 435 magicam
1107 401 1307 435 derelinquam,
1330 405 1358 427 et
1375 401 1483 428 credam
1507 403 1589 428 etiam
1619 404 1675 437 ipse
1692 405 1747 431 Deo

961 454 1045 481 quem
1063 451 1090 472 lu
1108 446 1186 472 colis.
1205 445 1272 473 Cum
1286 446 1370 480 igitur
1393 446 1491 473 beatus
1520 446 1616 473 Victor
1639 455 1744 475 venena

962 493 1007 520 illa
1024 493 1198 524 comedisset,
1208 500 1298 526 neque
1312 492 1441 526 quiddam
1457 493 1518 520 mali
1533 501 1629 527 passus
1641 493 1746 524 fuisset.

961 538 1102 566 veneﬁcus
1130 538 1174 564 ille
1189 545 1285 572 magna
1308 545 1374 565 voce
1397 539 1519 565 clamans
1539 547 1546 565 :
1566 539 1617 569 En,
1646 539 1747 574 inquit,

962 585 1066 616 Vicisti,
1091 589 1119 612 et
1145 583 1265 610 animam
1295 591 1382 610 mcam
1410 584 1515 619 jamdiu
1539 585 1686 619 perditam,
1713 587 1748 614 ab

964 631 1063 658 inferis
1078 631 1209 658 etlthisli.
1228 631 1305 657 Sicut
1321 631 1394 657 enirn
1411 635 1501 658 statua
1515 639 1597 664 terea,
1615 640 1674 666 qua:
1686 633 1742 668 jam

963 677 1117 704 inveterata
1132 681 1185 707 est,
1202 683 1217 702 a
1232 675 1310 702 fabro
1327 676 1420 711 aliqtto
1435 677 1554 711 expolita
1573 683 1722 705 renovatur
1737 687 1743 704 :

963 723 999 749 ita
1015 727 1043 749 ct
1068 730 1112 749 tne
1139 723 1280 754 miserum,
1311 722 1338 748 in
1363 723 1442 749 malis
1460 723 1654 755 inveteratum,
1677 724 1748 751 Deus

963 769 1022 803 ipse
1046 775 1094 795 sua
1110 768 1196 802 gratia
1213 775 1349 795 rcnovans
1365 769 1512 801 convertit,
1531 773 1558 795 et
1582 770 1615 796 ad
1632 771 1747 798 salutem

964 813 1096 841 traduxit.
1124 813 1219 847 Itaque
1243 814 1382 840 veneficus
1404 813 1450 840 ille
1470 821 1567 841 omnes
1583 823 1648 842 suos
1664 815 1749 842 libros

957 859 1077 894 magicos
1101 859 1157 894 igni
1183 859 1345 891 combussit,
1360 863 1387 886 et
1403 859 1532 887 omnibus
1547 860 1630 887 rebus
1648 869 1749 888 renun‘

960 905 1044 937 tiaus,
1060 904 1235 932 Christianus
1253 903 1344 931 factus
1359 908 1415 931 est.

151 997 188 1022 A’.
206 995 315 1022 Τούτων
344 995 372 1021 δὲ
392 996 501 1021 πάντων
525 995 612 1027 οὕτως
635 995 801 1030 γενομένων,
828 996 881 1031 ἔφη
895 997 908 1022 ὁ
924 999 946 1026 Β
996 996 1006 1022 1

895 997 908 1022 ὁ
924 999 946 1026 Β
996 996 1041 1022 lV.
1057 995 1124 1023 Cum
1141 995 1199 1022 haec
1211 994 1246 1021 ita
1264 1002 1292 1021 se
1306 993 1450 1026 haberent,
1467 994 1521 1021 du‘x
1535 994 1568 1021 ad
1579 995 1689 1022 beatum
1703 992 1749 1022 Vi-

114 1041 177 1073 δοῦξ
192 1041 231 1076 τῷ
247 1041 372 1076 μακαρίῳ
392 1041 501 1075 Βίκτορι
515 1049 521 1056 ·
545 1041 675 1068 ὲπίθυσον
690 1043 744 1073 τοῖς
763 1042 905 1076 μεγίστοις

115 1087 198 1118 θεοῖς,
214 1087 260 1113 καὶ
275 1087 354 1120 γενοῦ
372 1087 464 1113 λοιπὸν
487 1087 598 1119 συνετὸς
625 1088 673 1113 καὶ
693 1088 797 1122 φρόνιμ
813 1096 837 1119 ς.
877 1087 905 1114 '0

116 1133 200 1167 ἃγιος-
222 1131 331 1166 Βίκτωρ
351 1129 447 1158 εἶπεν·
472 1131 543 1165 Ἐγὼ
567 1132 681 1159 πάντοτε
711 1133 822 1163 συνετός
847 1133 906 1167 εἰμι

115 1175 160 1202 ’τὶν
168 1165 234 1202 Θεὸν
246 1176 424 1210 ὲπιγνὼσκων
438 1185 444 1191 ·
456 1174 486 1203 Ὀ
497 1177 559 1209 Gobii
572 1175 649 1204 εἶπεν
660 1186 666 1191 ·
683 1178 767 1204 Τοῦτο
785 1180 834 1205 ούκ
849 1179 906 1206 ἔστι

117 1221 236 1252 σύνεσις,
267 1222 335 1248 ἀλλὰ
361 1222 462 1257 μωρία,
480 1223 511 1249 τὸ
533 1223 570 1258 μὴ
590 1223 733 1258 βούλεσθαι
760 1224 834 1251 θύεν
851 1227 906 1255 τοῖς

116 1267 198 1298 θεοῖς.
217 1267 247 1294 ’0
260 1267 335 1301 ἆγιος
350 1268 457 1303 Βίκτωρ
471 1266 567 1294 εἶπεν·
584 1268 624 1294 Τὰ
641 1269 719 1303 μωρὰ
738 1269 785 1295 τοῦ
802 1270 906 1304 κόσμου

116 1313 256 1345 ἐξελέξατο
267 1314 280 1338 ὁ
297 1314 374 1345 Θεὸς,
392 1313 435 1340 ῐνσι
448 1314 511 1345 τοὺς
526 1314 625 1348 σοφοὺς
641 1315 818 1351 καταισχύνῃ.
834 1316 907 1350 Ἔφη

117 1359 185 1394 πρὸς
202 1359 284 1386 αὐτὸν
300 1361 314 1386 ὸ
327 1359 388 1392 δούξ
401 1367 408 1375 ·
425 1359 479 1386 Ποῦ
492 1359 648 1395 γέγραπται
666 1361 769 1395 enim;
787 1361 817 1389 Ὀ
829 1362 906 1396 ἅγιος

117 1404 225 1439 Βίκτωρ
251 1402 328 1430 εἶπεν
341 1412 348 1418 ’
366 1405 472 1437 Παῦλος
489 1407 502 1431 ὁ
515 1406 664 1437 ἀπόστολος
692 1407 810 1439 ἐδίδαξεν
822 1409 905 1442 ἡμᾶς.

124 1449 153 1475 '0
172 1450 235 1482 ὄοὺξ
258 1449 334 1476 εἶπεν
344 1458 351 1464 “
369 1451 475 1477 Οὐκοῦν
487 1452 552 1483 Θεὶς
566 1450 599 1487 ἦν
611 1454 625 1478 ὁ
640 1453 763 1486 Παῦλο;;
786 1454 815 1480 '0
828 1454 906 1488 ἅγιος

117 1494 225 1530 Βίκτωρ
242 1494 317 1522 εἶπεν
328 1503 336 1512 ⁰
364 1496 470 1528 Παῦλος
495 1497 563 1528 Θεὸς
579 1499 630 1524 οὐκ
648 1498 732 1531 ἐστιν,
749 1499 816 1525 ἀλλὰ
837 1500 905 1526 Θεοῦ

117 1540 265 1572 ἀπόστολος
283 1540 330 1567 καὶ
349 1541 429 1575 σοφὸς
442 1541 611 1576 ἁρχιτέκτων
624 1551 631 1557 ·
647 1544 693 1570 ἐπὶ
705 1544 759 1579 γὰρ
773 1544 811 1579 τῷ
825 1545 907 1580 θεμε-

118 1585 166 1620 λίῳ
182 1585 338 1625 τῴγτεθέντι
354 1586 515 1622 ᾠκοδόμησε
529 1588 576 1614 καὶ
590 1588 734 1624 ἐπλήρωσε
751 1590 800 1625 τὴν
815 1591 906 1618 οἰκου-

118 1631 203 1666 μένην
215 1624 265 1666 ¹ἰῆς
283 1632 393 1667 διδαχῆς
413 1632 496 1660 αὑτοῦ
509 1641 517 1649 ο
532 1634 579 1659 καὶ
597 1634 688 1660 λαϐὼν
708 1635 803 1670 σοφίαν
829 1637 904 1671 παρὰ

117 1677 197 1708 Θεοῦ,
216 1678 295 1713 ἔσχεν
307 1679 336 1705 ἐν
354 1679 444 1714 ἑαυτῷ
456 1680 486 1705 τὸ
500 1679 637 1715 πλήρωμα
654 1680 707 1706 τῶν
724 1681 841 1716 Γραφῶν
857 1683 903 1709 καὶ
917 1674 938 1702 c

119 1722 217 1755 ἔδειξεν
230 1723 289 1749 ὁδὸν
300 1725 355 1756 τοῖς
368 1725 487 1759 σωθῆναι
500 1725 682 1761 βουλομένοις.
699 1727 727 1753 '0
742 1728 804 1760 ὃοὺξ
816 1727 902 1755 εἶπεν·

119 1769 227 1795 Παῦσαι
243 1769 337 1796 λοιπὸν
362 1771 410 1805 τῆς
437 1772 543 1806 μωρίας
574 1781 620 1798 σου
634 1774 747 1809 ταύτης,
763 1775 809 1800 καὶ
825 1774 905 1801 θῦσον

119 1816 175 1846 τοῖς
184 1814 266 1847 θεοῖς,
282 1817 342 1842 ἐπεὶ
353 1817 402 1843 οὐκ
413 1817 502 1852 ὡφελή
508 1819 582 1844 σουσί
595 1827 623 1845 σε
635 1821 669 1845 τὰ
686 1821 796 1854 ῥήματα
807 1820 903 1847 ταῦτα.

125 1860 154 1887 Ὀ
167 1860 242 1895 ἅγιος
257 1862 363 1898 Βίκτωρ
376 1861 452 1890 εἶπεν
462 1872 469 1879 ⁸
486 1864 544 1891 Οὐκ
561 1866 619 1899 εἰμὶ
634 1866 734 1900 μωρὸς,
751 1866 819 1893 ἀλλὰ
835 1868 905 1893 πάνυ

119 1907 252 1942 φρόνιμος
269 1908 314 1933 τὸν
341 1909 407 1934 Θεόν
426 1918 477 1943 μου
505 1910 542 1944 μὴ
567 1910 734 1946 ἀρνούμενος
747 1920 754 1927 ο
776 1913 863 1946 μωροὶ
877 1913 906 1939 δέ

118 1954 170 1979 εισι
186 1953 231 1979 καὶ
248 1953 364 1989 ἄφρονες
380 1955 405 1981 οι
417 1955 562 1987 ἀκούοντές
579 1964 625 1982 σου
638 1958 685 1982 καὶ
701 1957 810 1992 δαίμοσι
827 1958 906 1985 θύον-

118 2009 164 2033 τες
175 2010 183 2016 ·
201 2002 248 2029 καὶ
265 2003 319 2037 γὰρ
336 2004 350 2028 ὁ
377 2003 468 2036 πατὴρ
484 2003 562 2037 ὑμῶν
586 2004 600 2029 ὸ
614 2004 737 2035 διάϐολος
753 2005 801 2030 ἀπ’
819 2005 907 2040 ἀρχῆς

118 2048 238 2082 ψεύστης
251 2049 327 2074 ἐστὶν
343 2049 389 2074 καὶ
409 2049 458 2084 τὴν
470 2048 599 2084 ἀλήθειαν
624 2049 674 2076 οὐκ
695 2049 774 2083 ἔγνω.
801 2050 838 2081 ὡς
861 2051 908 2077 καὶ

119 2094 199 2127 ὑμεῖς
218 2093 245 2119 οὶ
260 2093 378 2120 διάκονοι
396 2094 492 2120 αὑτοῦ·
521 2094 588 2121 ἀλλὰ
604 2095 651 2121 καὶ
665 2096 691 2121 αἱ
705 2096 813 2130 καρδίαι
831 2097 907 2132 ὑμῶν

119 2141 310 2176 πεπήρωνται,
322 2140 371 2176 τὴν
385 2140 486 2175 γνῶσιν
502 2141 551 2176 τῆς
567 2140 697 2176 ἀληθείας
715 2142 752 2178 μὴ
766 2141 886 2177 ἔχουσαι.

154 2232 192 2259 E'.
209 2232 276 2258 Τότε
291 2231 430 2267 θυμωθεὶς
446 2232 460 2257 ὸ
475 2232 538 2264 δοῦξ
553 2232 680 2259 ἐκέλευσε
696 2232 730 2259 τὰ
743 2231 826 2268 νςῦρα
843 2233 907 2260 ὅλου

116 2278 165 2304 τοῦ
181 2278 307 2313 σώματος
321 2278 403 2304 αὑτοῦ
415 2278 604 2314 ἀποκοπῆναι·
623 2279 671 2306 καὶ
683 2279 778 2305 τούτου
791 2280 908 2314 γενομέ-

958 1047 1062 1069 ctorcm
1078 1049 1229 1068 conversus
1246 1049 1253 1068 :
1269 1040 1408 1071 Sacriﬁca,
1430 1041 1530 1075 inquit,
1543 1041 1596 1068 diis
1612 1043 1750 1074 maximis,

956 1093 1051 1115 etcsto
1063 1088 1195 1122 prudens.
1209 1087 1302 1114 Victor
1315 1086 1472 1121 respondit:
1485 1087 1541 1121 Ego
1550 1088 1669 1121 prudens
1678 1095 1749 1115 sem-

956 1141 1005 1169 per
1031 1141 1090 1160 sum
1104 1152 1111 1164 ,
1133 1141 1195 1160 cum
1209 1133 1294 1159 Deum
1310 1140 1485 1168 cognoscam.
1513 1132 1572 1159 Non
1589 1138 1641 1165 est,
1660 1134 1748 1168 inquit

956 1179 1196 1214 dux,prudentia*,
1213 1179 1260 1206 sed
1270 1178 1393 1206 stultitia:
1402 1178 1521 1213 signum,
1535 1179 1606 1206 nolle
1620 1178 1750 1215 diis-ipsis

961 1225 1131 1252 sacrilicare.
1147 1225 1186 1252 Atl
1200 1225 1258 1252 haec
1280 1233 1393 1252 sanctus
1412 1225 1525 1252 Victor:
1545 1225 1633 1252 Stult.-
1651 1227 1748 1253 mundi

960 1271 1043 1305 elegit
1067 1271 1150 1302 Deus,
1179 1276 1208 1297 ut
1233 1271 1373 1305 sapientes
1401 1271 1553 1298 confundat
1569 1272 1588 1298 '.
1615 1272 1692 1299 Tunc
1710 1264 1749 1299 ait

959 1315 1035 1342 (lux:
1059 1316 1093 1342 Et
1115 1316 1226 1342 ubinam
1255 1317 1305 1343 hoc
1327 1316 1459 1351 scriptum
1477 1317 1600 1352 legitur?
1629 1317 1680 1345 Cui
1704 1326 1748 1346 rc-

957 1360 1069 1396 spoudit
1087 1361 1178 1388 Victor
1195 1370 1200 1388 :
1218 1361 1318 1389 Paulus
1334 1362 1475 1396 apostolus
1491 1370 1541 1390 nos
1564 1362 1621 1390 lucc
1641 1364 1747 1392 docuit.

957 1408 1040 1439 Num,
1057 1407 1147 1442 inquit
1171 1408 1228 1439 ille,
1258 1408 1330 1435 Deus
1345 1412 1405 1434 erat
1419 1408 1539 1435 Paulus?
1561 1409 1612 1435 Cui
1629 1409 1743 1436 Vit-tor:

958 1453 1070 1480 Minime
1085 1453 1188 1480 Paulus
1204 1453 1277 1480 Deus
1289 1458 1341 1484 est,
1359 1454 1407 1480 sed
1427 1454 1473 1480 Dei
1488 1455 1642 1488 apostolus,
1664 1459 1690 1481 et
1703 1462 1747 1481 sa-

959 1500 1041 1535 piens
1065 1500 1255 1527 architectus:
1278 1500 1424 1527 aedificavit
1442 1501 1516 1527 enim
1543 1508 1627 1535 super
1649 1502 1748 1527 funda—

957 1551 1080 1573 mentum
1100 1546 1174 1580 quod
1195 1546 1316 1580 positum
1337 1545 1462 1577 fuerat’,
1488 1550 1516 1572 et
1537 1545 1665 1572 doctrina
1694 1554 1744 1572 sua

957 1593 1054 1620 orbem
1080 1597 1218 1619 terrarum
1238 1592 1355 1626 replevit
1383 1601 1390 1618 :
1418 1592 1465 1626 qui
1492 1599 1556 1618 cum
1578 1592 1744 1626 sapientiam

957 1639 1010 1666 sibi
1019 1646 1032 1665 a
1042 1638 1097 1665 Deo
1106 1638 1231 1664 traditam
1240 1637 1402 1672 accepisset,
1413 1628 1567 1664 divinarum
1579 1637 1744 1663 Litterarum

958 1684 1066 1719 plenam
1090 1684 1294 1719 perfectamque
1329 1683 1456 1710 notitiam
1485 1683 1511 1709 iu
1528 1690 1556 1709 se
1578 1682 1687 1711 habuit.
1717 1687 1745 1709 et

958 1729 1013 1760 his,
1032 1728 1079 1763 qui
1097 1728 1165 1755 salvi
1181 1735 1242 1755 esse
1261 1727 1388 1762 cupiunt,
1416 1727 1486 1754 viam
1511 1727 1641 1763 osteqdit.
1666 1726 1747 1754 Tunc

957 1775 996 1801 ait
1022 1757 1076 1801 dux
1096 1782 1102 1800 :
1127 1774 1227 1800 Desine
1249 1774 1275 1800 in
1297 1778 1437 1808 posterum
1458 1773 1492 1800 ab
1513 1773 1563 1800 ista
1581 1757 1693 1800 )i‘ussnia
1720 1777 1748 1800 et

957 1820 1011 1847 diis
1026 1819 1168 1852 sacrifica;
1191 1826 1245 1845 non
1263 1818 1337 1845 enim
1363 1818 1415 1845 tibi
1430 1817 1583 1853 proderunt
1598 1817 1681 1844 verba
1696 1818 1748 1844 ista

958 1869 1015 1892 tua.
1033 1864 1155 1896 Minime,
1171 1863 1262 1897 inquit
1278 1863 1381 1894 Victor,
1396 1863 1510 1890 insanus
1532 1870 1582 1896 ego
1596 1871 1668 1893 sum,
1695 1863 1744 1889 sed

958 1912 1038 1940 valde
1053 1911 1186 1946 prudens,
1203 1918 1265 1937 cum
1279 1911 1365 1937 Deum
1384 1916 1476 1936 uicum
1497 1916 1552 1935 non
1572 1916 1676 1942 negem.
1697 1909 1742 1934 lu-

959 1958 1020 1986 saui
1035 1963 1063 1985 et
1076 1957 1220 1983 dementes
1234 1959 1308 1987 sunt,
1333 1954 1380 1989 qui
1399 1959 1423 1980 te
1441 1953 1569 1984 audiunt,
1595 1958 1622 1979 et
1643 1953 1746 1979 daatuo-

960 2004 1043 2031 uibus
1056 2002 1183 2029 victimas
1195 2001 1316 2027 offerunt
1331 2007 1338 2025 :
1362 1998 1470 2025 Etenim
1485 2001 1564 2032 pater
1581 2001 1671 2024 vester
1683 1996 1745 2023 dia-

958 2049 1040 2077 bolus
1054 2048 1170 2075 mendax
1185 2051 1237 2078 est,
1253 2051 1281 2072 et
1293 2045 1319 2072 in
1334 2044 1452 2072 veritate
1472 2051 1526 2070 non
1555 2043 1632 2070 stetit
1648 2050 1656 2069 :
1673 2042 1746 2070 sicut

959 2100 988 2122 et
1016 2102 1085 2125 vos,
1110 2093 1158 2128 qui
1186 2091 1254 2119 estis
1286 2091 1360 2118 illius
1373 2089 1493 2117 ministri
1510 2089 1531 2115 ³.
1556 2088 1630 2121 Quin
1661 2088 1744 2115 etiam

958 2141 1041 2169 corda
1055 2145 1146 2167 vestra
1158 2142 1296 2167 excaecata
1312 2141 1387 2171 sunt,
1404 2135 1529 2165 veritatis
1546 2135 1673 2162 notitiam
1685 2143 1742 2163 non

959 2188 1103 2215 habentia.

999 2234 1031 2260 ν.
1053 2233 1131 2260 Tunc
1148 2232 1241 2260 furore
1255 2238 1389 2259 accensus
1401 2230 1456 2257 dux
1483 2229 1540 2261 ille,
1564 2227 1646 2263 jussit
1661 2227 1747 2254 totius

960 2279 1084 2313 corporis
1100 2279 1228 2312 martyris
1247 2284 1348 2304 nervos
1364 2275 1469 2302 divelli.
1490 2275 1550 2306 Quo
1572 2273 1656 2304 facto,
1677 2271 1747 2298 dixit

118 2332 176 2356 νου,
193 2323 269 2350 εἶπεν
282 2325 295 2350 ὁ
308 2325 385 2357 ἅγιος
408 2324 517 2359 Βίκτωρ
529 2332 535 2338 ·
570 2325 663 2351 Ταῦτα
679 2325 768 2350 πάντα
793 2325 906 2359 πάσχων
924 2332 945 2360 ῃ
962 2331 975 2350 s

887 2334 906 2351 ιν
924 2332 945 2360 ῃ
962 2327 1075 2350 sanctus
1091 2323 1184 2350 Victor
1201 2332 1208 2349 :
1226 2321 1295 2349 Cum
1308 2321 1400 2348 omnia
1419 2321 1476 2346 haec
1492 2327 1506 2345 a
1521 2324 1547 2345 te
1563 2318 1663 2353 patior,
1682 2317 1744 2343 nul-

120 2369 173 2394 ὑπδ
183 2368 241 2398 σοῦ,
256 2368 309 2394 οὐδ’
324 2369 391 2399 ὅλως
406 2368 530 2403 ᾐσθόμην
542 2368 698 2402 ἀλγηδόνος,
710 2368 754 2394 διὰ
768 2368 816 2403 τὴν
828 2369 907 2403 χάριν

118 2414 167 2441 τοῦ
184 2414 251 2440 Θεοῦ
263 2414 313 2448 τὴν
328 2414 531 2448 ὲνδυναμοῦσάν
550 2422 584 2448 με
598 2423 604 2430 ·
621 2414 716 2448 ὥσπερ
731 2414 784 2449 γὰρ
795 2414 907 2448 κέντρον

119 2462 174 2489 ἀπὸ
190 2461 268 2492 ποδὸς
294 2461 478 2496 ἐκφερόμενον
499 2460 662 2494 συνεκφέρει
679 2461 768 2495 ἑαυτῷ
793 2460 841 2496 τὴν
857 2469 908 2488 κα-

119 2509 231 2544 κουχίαν
252 2508 299 2534 καὶ
326 2508 417 2533 πᾶσαν
442 2506 492 2541 τὴν
517 2505 653 2540 ἀλγηδόνα
677 2507 724 2532 καὶ
754 2507 906 2533 ἀνάπαυσιν

120 2558 234 2592 παρέχει
256 2556 295 2591 τῷ
311 2555 430 2590 σώματι,
455 2554 542 2585 οὕτως
568 2553 656 2587 κάγὼ,
669 2554 723 2580 τῶν
737 2554 841 2588 νεύρων
857 2563 908 2588 μου

121 2602 362 2633 ἀποσπασθέντων,
374 2601 446 2627 πὰνυ
467 2599 667 2634 ἀνεπαυσάμην
681 2600 725 2626 διὰ
740 2599 788 2634 τὴν
801 2601 829 2624 ὲν
843 2600 910 2634 Χρι-

122 2648 178 2683 στῷ
193 2647 282 2674 πίστιν
297 2649 343 2674 καί
357 2647 407 2681 τὴν
425 2645 603 2681 ἑνισχύουσάν
620 2653 653 2680 με
667 2646 757 2680 χάριν.
776 2645 842 2670 Τότε
857 2645 909 2671 πά-

121 2694 164 2721 λιν
179 2694 192 2720 ὁ
206 2693 268 2726 δοῦξ
290 2694 337 2719 ἐπὶ
365 2694 457 2719 πλεῖον
483 2692 635 2727 ὀργισθεὶς,
661 2692 806 2717 ἐκέλευσεν
820 2691 909 2717 ἔλαιον

123 2738 245 2775 σφοδρῶς
260 2738 419 2773 πυρωθῆναι
435 2739 482 2764 ml.
505 2737 669 2773 ὲπιχεθῆναι
685 2735 759 2772 αὐτῷ
773 2736 843 2762 κατὰ
857 2736 910 2762 τῶν

961 2369 1018 2396 lum
1046 2368 1159 2395 omnino
1174 2375 1272 2395 sensus
1288 2367 1412 2394 dolorem
1427 2364 1550 2400 percipio
1570 2368 1684 2398 propter
1697 2363 1746 2390 Dei

961 2415 1088 2451 gratiam,
1114 2422 1175 2448 qua:
1207 2421 1250 2440 me
1291 2413 1464 2440 corroborat.
1508 2410 1746 2444 Quemadmodum

960 2462 1035 2489 enim
1056 2461 1195 2488 aculeusa
1211 2460 1280 2495 pede
1298 2459 1415 2494 alicujus
1431 2458 1556 2489 evulsus,
1574 2463 1668 2484 secum
1692 2463 1747 2482 una

961 2507 1085 2534 dolorem
1101 2514 1210 2533 omnem
1220 2506 1322 2537 aufert,
1332 2509 1361 2532 et
1377 2504 1487 2539 corpori
1502 2503 1602 2531 deinde
1622 2501 1745 2536 requiem

962 2552 1065 2588 pt-tebet
1081 2561 1087 2579 :
1107 2553 1143 2578 ita
1158 2556 1186 2578 et
1202 2559 1263 2586 ego,
1280 2550 1375 2577 nervis
1386 2550 1455 2576 meis
1475 2549 1601 2579 divulsis,
1627 2548 1746 2573 maxime

960 2603 1102 2626 recreatus
1132 2605 1204 2629 sum,
1234 2597 1325 2624 divina
1355 2595 1442 2631 gratia
1465 2603 1508 2622 me
1536 2593 1745 2621 cerroborante.

959 2645 1037 2672 Ture
1051 2645 1106 2671 dux
1120 2643 1206 2677 magis
1221 2644 1362 2677 magisque
1378 2643 1478 2673 iratus,
1500 2640 1581 2676 jussit
1596 2639 1685 2666 oleum
1699 2645 1744 2664 vc-

961 2691 1103 2718 hetuenter
1116 2688 1247 2719 calefieri,
1264 2692 1291 2714 et
1314 2688 1340 2714 in
1360 2687 1483 2714 occultas
1504 2690 1596 2720 partes
1619 2682 1745 2718 corporis

961 2735 1080 2762 infundi.
1108 2733 1169 2767 Quo
1197 2733 1290 2763 facto.
1325 2732 1421 2759 beatus
1446 2734 1548 2765 martyr
1576 2729 1616 2757 ait
1640 2737 1646 2755 :
1675 2727 1744 2754 Tam

159 2822 168 2840 ί
186 2821 196 2849 1
215 2819 279 2848 Cor.
293 2828 313 2855 ι,
326 2818 372 2846 ‘27.
410 2820 421 2835 ⁸
437 2818 446 2846 l
465 2819 526 2847 Cor.
547 2827 589 2854 ιιι,
606 2819 649 2854 Η,
677 2819 719 2846 12.
759 2819 768 2834 ⁸
785 2816 865 2845 Joan.
887 2825 944 2849 vui,
965 2816 1010 2844 Η.
