2170 3148
233 187 291 219 269

852 190 941 220 VITA
964 190 996 219 S.
1017 188 1242 219 SAMPSUNIS.

1813 194 1866 224 270

236 243 345 270 πίπτων
359 244 539 279 διηγημάτων
555 245 569 271 ὁ
584 245 663 279 λόγος
677 244 763 280 αὐτῷ,
779 245 827 272 καὶ
846 245 1030 281 μεταλλαγαῖς
1046 248 1058 276 Α

1046 243 1182 276 Αΐιιὶεςρ,
1211 249 1239 270 et
1267 252 1398 279 perquam
1428 245 1590 274 familiarem
1620 247 1678 274 viro
1707 247 1733 274 in
1762 256 1867 276 summa

236 287 390 314 ὑποθέσεων
404 289 435 314 οὐ
451 290 603 324 συγχεϊται,
618 289 679 316 οὐδὲ
692 289 864 325 ταράττεται.
884 299 892 315 ι
911 290 977 322 Qum
989 290 1025 316 ita

235 334 319 362 vertit
332 334 448 362 Allatius
465 343 472 360 :

271 380 298 406 5.
318 389 327 405 ι
347 380 517 416 Principium
535 382 597 417 ejus
617 382 773 409 orationum
796 382 889 409 statim
915 383 1025 418 attingit

234 425 400 460 subjectum,
412 430 441 453 et
453 435 549 461 parum
566 427 731 462 procedens.
747 428 870 456 ostendit
892 428 934 455 sui
956 429 1025 456 scri-

233 471 272 505 pti
294 479 428 505 scopum;
447 478 475 500 et
495 473 523 500 in
545 474 686 501 nonnullis
704 474 887 505 orationibus,
900 481 962 501 cum
983 480 1025 502 to-

233 522 294 545 tum
309 524 504 553 argumentum
522 519 687 554 recapitulet
708 520 735 547 in
757 527 903 551 summam.
919 519 946 547 id
966 524 1024 547 sta-

233 563 282 590 tim
299 564 326 591 in
343 569 436 599 partes
446 565 554 593 dividit.
571 565 604 594 Se
619 572 709 594 autem
727 567 916 594 accommodat
928 574 1023 600 perso-

233 609 278 636 nis
305 614 333 637 et
359 612 542 646 temporibus,
564 617 646 640 etest
668 613 778 648 qttidem
798 613 928 641 omnibus
951 614 1023 640 idem

232 656 309 683 color
329 658 464 685 orationis
487 663 516 685 et
541 667 595 686 una
611 660 731 694 qualitas
746 660 895 693 dictionis;
915 668 1022 688 morum

231 706 324 730 autem
342 704 418 731 varia
433 708 476 731 est
496 705 621 738 mutatio,
644 710 682 739 et,
698 710 729 733 ut
754 706 852 734 dixerit
873 706 1022 741 quispiam,

229 749 390 781 artiﬁciosa,
413 758 468 778 non
499 759 549 785 per
569 756 655 778 artem
675 760 719 779 res
735 758 854 785 mutans,
873 753 932 784 sed,
949 753 1022 787 quod

229 795 381 830 unicuique
407 797 447 823 rei
472 801 499 823 et
526 805 650 831 persona:
675 798 805 826 inridenti
829 799 1020 832 conveniebat,

233 841 429 876 interpretans,
447 842 589 877 Tanquam
605 848 696 870 autem
714 843 747 871 ad
764 844 911 880 archetypa
927 851 1021 871 evem-

231 886 317 920 pluria
339 894 369 913 ac
386 894 430 914 res
442 887 612 921 antiquiores
626 888 746 921 intttens,
764 897 814 916 nec
826 889 862 916 ab
875 890 928 916 illis
943 898 1021 918 rece~

232 931 283 962 dit,
299 940 332 959 ne
354 933 483 960 videatur
503 933 607 968 aliquid
626 934 699 961 aliud
719 934 820 968 facere,
835 940 863 962 et
879 935 911 962 ad
927 944 1019 963 exem-
1038 926 1058 953 Β

231 978 291 1012 plar
314 986 425 1013 quoque
446 983 530 1006 totam
565 983 730 1007 transmutat
752 981 861 1008 dicendi
889 981 1018 1014 formam,

230 1031 283 1050 non
307 1024 442 1052 diversam
463 1024 569 1053 iaciens
591 1027 752 1059 materiam,
769 1027 816 1054 sed
840 1028 911 1062 quod
931 1028 957 1054 in
976 1028 1020 1054 di-

227 1069 308 1095 cendi
322 1077 422 1103 genere
435 1074 577 1105 peccatum
591 1075 659 1104 erat,
676 1073 835 1108 corrigens;
854 1080 944 1108 neque
959 1081 1020 1101 sen-

229 1116 330 1143 tentias
347 1116 490 1150 innovans,
508 1119 556 1145 scd
569 1123 736 1147 Convertens
747 1119 861 1154 ﬁguram
877 1119 1017 1152 dictionis,

225 1166 256 1188 et
274 1161 299 1189 ei
316 1161 440 1190 incidens
456 1164 546 1190 oratio
569 1164 598 1191 in
616 1164 805 1192 diversitatem
829 1166 1018 1193 narrationum

223 1213 254 1235 ct
274 1208 432 1236 varietatem
453 1214 679 1243 argumentorum
701 1218 757 1238 non
770 1211 951 1238 confunditur
968 1219 1019 1240 ne-

223 1261 281 1288 que
297 1254 483 1288 perturbatur,
501 1265 511 1282 ι
532 1260 585 1284 etc.

261 1300 289 1326 4.
308 1299 370 1327 Haec
383 1301 430 1335 qui
444 1308 507 1328 cum
522 1301 658 1330 Protemio
673 1302 795 1329 auctoris
808 1302 971 1335 contulerit,
989 1302 1018 1330 in

220 1354 260 1373 eo
282 1346 495 1381 Metaphrastem
521 1353 650 1382 agnoscet
674 1358 681 1376 :
701 1349 728 1376 in
755 1349 815 1383 ipso
837 1351 912 1377 enim
939 1349 1020 1377 initio

224 1391 388 1426 scriptionis
412 1400 469 1420 suae
502 1401 616 1429 scopum
641 1394 835 1429 intentumque
864 1395 1018 1430 signiﬁcat;

222 1437 340 1470 deinde,
362 1446 423 1474 qua
447 1439 611 1467 documenta
632 1440 666 1467 ad
692 1440 854 1475 Sampsonis
876 1441 1018 1468 historiam

221 1482 374 1511 texendatn
399 1484 538 1516 habuerit,
563 1485 695 1519 exponit;
711 1493 772 1520 quae
787 1486 912 1521 quamvis
927 1487 1018 1514 incru-

222 1529 286 1556 dite
300 1534 328 1556 et
340 1529 455 1556 barbare
467 1534 561 1557 essent
576 1531 739 1565 composita,
749 1537 911 1559 secuturum
926 1536 1017 1559 tamen

223 1581 286 1601 sese
300 1573 456 1609 proﬁtetur,
473 1582 630 1610 quanquam
655 1583 686 1603 ea
713 1576 819 1604 meliori
833 1577 902 1612 stylo
925 1582 1013 1605 meta-

226 1621 372 1655 phrastice
384 1625 511 1648 exornet.
529 1621 632 1649 Deinde
647 1623 669 1649 si
687 1627 770 1650 totam
788 1623 869 1659 hujus
887 1625 1015 1659 scriptio-

226 1666 271 1693 nis
297 1665 424 1699 formam,
452 1667 563 1702 stylum,
579 1667 819 1704 -frequentemque
843 1669 1013 1705 adagiorum,

227 1712 293 1739 hinc
307 1712 370 1740 inde
388 1713 497 1740 erudite
515 1713 773 1748 intercurrentium,
789 1724 869 1744 usum
888 1717 1015 1745 conside-

227 1766 283 1788 res,
300 1762 382 1792 atque
396 1765 428 1785 ea
439 1759 532 1786 omnia
550 1767 612 1787 cum
625 1760 753 1795 genuinis
775 1760 850 1788 illius
867 1769 898 1789 ac
909 1769 1015 1797 germa-

228 1803 272 1830 nis
300 1802 413 1834 fetibus,
429 1803 463 1830 de
486 1804 588 1839 quibus
613 1810 721 1833 constat
739 1807 811 1842 apud
835 1807 965 1834 Allatium
987 1809 1014 1835 in

227 1847 341 1882 prtefata
361 1849 490 1882 Diatriba,
513 1851 613 1886 ubique
638 1852 851 1887 Metaphrastem
879 1854 1016 1881 invenies.

229 1894 361 1921 Praeterea
385 1899 475 1922 certos
490 1903 540 1923 nos
561 1897 653 1924 reddit
676 1903 773 1926 auctor
791 1899 857 1926 Vitae
880 1899 964 1934 hujus
988 1900 1014 1926 in

227 1939 373 1973 l‘rotemio,
395 1949 424 1968 se
442 1942 592 1970 multorum
617 1944 733 1971 aliorum
749 1949 918 1977 sanctorum,
944 1953 1017 1972 mar~

225 1991 316 2021 tyrum
331 1987 442 2021 quidem
461 1988 570 2017 labores
594 1993 623 2016 et
643 1991 803 2022 certamina,
826 1991 1016 2018 confessorutn

225 2041 293 2060 vero
315 2034 385 2060 vitas
407 2039 436 2061 et
463 2043 506 2062 res
524 2041 616 2070 gestas
640 2036 785 2071 diligenter
808 2038 1015 2073 conscripsisse,

226 2079 310 2112 iique
328 2078 577 2115 Constantinopoli,
592 2081 639 2108 ubi
662 2081 691 2109 S.
717 2082 875 2118 Sampsonis
895 2085 1017 2112 tumulus

225 2124 389 2151 etelcstibus
416 2125 538 2153 clarebat
572 2127 722 2163 prodigiis;
751 2128 814 2156 inde
828 2134 856 2156 et
875 2137 907 2157 ea
924 2135 1018 2158 narrat

228 2169 372 2202 tniracuia,
393 2179 455 2206 quae
476 2176 523 2199 aut
551 2174 607 2208 ipse
627 2174 714 2202 oculis
740 2177 893 2211 conspexit,
919 2177 961 2203 vel
983 2177 1017 2204 ab

225 2215 344 2243 oculatis
363 2217 478 2247 testibus
494 2218 552 2253 ipse
566 2219 690 2253 audivit;
706 2229 766 2256 qme
781 2223 825 2249 cui
850 2223 931 2250 istius
948 2229 1017 2251 tem-

224 2262 301 2296 poris
319 2263 422 2290 auctori
441 2265 625 2299 ascribentur,
646 2267 697 2294 nisi
714 2268 909 2302 Metaphrasti?

262 2308 289 2334 5.
304 2307 382 2336 Hunc
405 2317 459 2336 non
479 2310 700 2347 ludimagistrum
717 2315 970 2349 trivialemJuisse,
987 2320 1017 2343 ut

225 2354 338 2387 quidam
352 2355 536 2390 somniarunt,
552 2358 599 2385 sed
615 2367 721 2386 summa
734 2360 760 2386 in
772 2361 914 2394 republica
927 2361 1017 2394 digni-

226 2403 283 2426 tate
297 2401 470 2433 exculluisse,
486 2407 580 2437 utpote
605 2405 652 2438 qui
680 2405 803 2440 Magistri
821 2410 848 2432 et
869 2406 1017 2439 Loqui/leta:

227 2445 340 2471 nomine
366 2447 540 2482 appelletur;
555 2451 626 2483 quod
649 2458 744 2477 eorum
767 2459 867 2479 munus
893 2459 945 2483 est.
969 2452 1016 2487 qui

228 2490 350 2518 rationes
367 2491 472 2519 ﬁscales
488 2494 530 2520 vel
552 2494 677 2528 publicas
696 2502 866 2532 cognoscunt
885 2503 913 2526 et
928 2500 1017 2527 disce-

225 2541 316 2571 ptant.
330 2543 512 2573 sumptusque
530 2540 574 2567 vel
596 2545 624 2567 et
649 2541 755 2570 reditus
779 2543 815 2571 ita
834 2544 965 2580 dirigunt,
986 2550 1016 2573 ut

227 2583 385 2617 reipublice
411 2585 504 2619 potius
527 2595 609 2621 quatit
632 2588 800 2623 privatorum
814 2598 914 2619 munus
928 2593 1015 2620 susti-

227 2634 326 2660 neant;
343 2629 438 2663 hujus,
454 2630 576 2665 inquam,
593 2632 736 2667 dignitatis
756 2634 842 2662 fuisse
862 2636 1016 2672 Metaphra-

227 2678 308 2705 stem,
321 2675 466 2703 evidenter
478 2677 696 2706 demonstratum
710 2680 796 2708 lector
809 2682 930 2710 inveniet
942 2684 1013 2718 apud

228 2718 390 2748 Bollandum
414 2728 538 2750 nosn'um
567 2725 595 2751 in
621 2725 781 2754 Praefationc
804 2736 868 2763 gen.
888 2730 920 2756 ad
941 2730 1015 2757 Vitas

229 2771 398 2798 sluctorum,
415 2776 476 2802 cap.
490 2770 514 2801 1,
531 2770 544 2805 §
560 2771 587 2803 5,
603 2776 631 2799 et
648 2772 737 2800 fusius
750 2775 822 2809 apud
836 2774 963 2803 Allatium
987 2777 1014 2803 in

228 2812 348 2840 Dialriba
368 2815 508 2848 pradicta.
526 2818 656 2846 Nostrum
667 2827 732 2848 vero
748 2827 888 2849 auctorem
904 2825 1013 2859 conspi-

228 2867 286 2886 cuae
305 2860 387 2887 fuisse
403 2860 429 2888 in
444 2863 583 2896 republica
603 2865 755 2900 dignitatis,
773 2875 806 2895 ex
824 2877 857 2896 eo
872 2870 935 2897 licet
950 2878 1015 2897 con—

225 2905 320 2940 jtccre,
337 2907 410 2941 quod
430 2907 456 2935 in
474 2908 532 2936 Vita
555 2918 632 2938 num.
656 2911 689 2939 12
711 2918 816 2942 asserat
845 2922 874 2942 se
894 2917 1013 2945 amicum

1081 288 1211 323 dignitate
1224 289 1386 321 constituto,
1403 288 1486 317 Leoni
1503 291 1619 323 scilicet,
1639 293 1669 319 ὃν
1688 292 1703 318 ὁ
1717 294 1868 330 πατρικίων

1079 343 1109 359 τε
1136 335 1184 360 καὶ
1207 334 1396 369 πραιπησῑτων
1419 335 1474 370 εἶχε
1498 337 1588 371 χηρδς,
1611 340 1659 364 καὶ
1693 339 1722 370 ὃς
1750 341 1866 376 μετῆλθε

1081 379 1130 414 μὲν
1146 379 1196 414 τὴν
1213 379 1260 405 τοῦ
1284 380 1469 415 Δρουγγαρίου
1493 382 1617 417 τὴνιτῶν
1633 385 1774 418 πὶωῖμων,
1802 396 1867 421 μετ-

1078 425 1143 460 ῆλθε
1169 426 1197 452 δὲ
1222 426 1268 452 καὶ
1293 427 1341 461 τὴν
1370 426 1416 452 τοῦ
1445 427 1596 461 Λογοθέτου
1619 429 1664 454 τοῦ
1692 431 1796 465 Apage-3
1817 432 1866 466 ἁρ-

1078 473 1140 507 χήν,
1165 482 1175 498 ‹
1190 473 1236 507 qui
1258 473 1284 499 in
1307 473 1486 507 patriciorum
1504 475 1768 509 praapositorumquc
1791 479 1866 503 ortli-

1079 526 1142 546 nem
1154 519 1258 546 re'latus
1271 519 1332 549 fuit.
1349 519 1450 554 quique
1465 520 1503 546 rei
1522 521 1665 548 maritimae
1678 522 1865 555 przrfecturam

1077 571 1111 591 ac
1131 564 1288 599 Logothetze
1298 565 1403 592 Cursus
1414 565 1523 600 publice
1540 567 1731 601 magistratum
1746 570 1838 603 gessit,
1854 581 1862 594 ι

1077 618 1139 645 quas
1157 616 1221 638 sunt
1236 611 1307 638 inter
1323 619 1449 646 suprema
1470 613 1628 647 rcipttMit'ar
1637 613 1868 650 Constantinopo-

1076 657 1167 684 litanae
1182 665 1307 686 munera.

1111 723 1138 750 6.
1152 723 1220 751 Cum
1235 733 1301 752 vero
1323 726 1393 753 alius
1420 727 1532 760 quidam
1556 727 1620 758 Leo.
1639 728 1686 763 qui
1703 729 1802 756 Leonis
1819 737 1865 765 pa-

1078 769 1149 796 tricii
1170 772 1323 798 ministerio
1342 773 1466 806 suberat,
1480 774 1583 808 quique
1601 780 1661 802 erat
1677 779 1868 812 protospatha—

1077 816 1134 844 rius
1152 817 1189 852 (id
1203 823 1246 844 est
1264 819 1392 853 princeps
1406 827 1502 847 corum
1516 821 1562 855 qui
1578 821 1612 848 ad
1627 823 1751 857 corporis
1775 828 1867 850 custo-

1078 863 1149 890 diam
1167 869 1247 891 crant
1267 865 1402 900 deputati)
1426 866 1531 894 domini
1548 869 1590 894 sui
1607 869 1692 903 gratia
1713 878 1744 897 ac
1761 870 1863 903 favore,

1075 917 1157 944 quam
1174 911 1208 938 ob
1221 919 1330 938 causam
1347 913 1451 944 nescio,
1469 914 1626 945 excidisset.
1647 916 1793 951 nullusque
1817 926 1866 952 pm

1073 957 1173 983 misero
1206 958 1378 986 intercedere
1395 960 1519 992 auderet,
1538 961 1613 996 quod
1630 961 1750 990 diﬁieilis
1766 965 1799 990 ad
1817 972 1864 999 pa-

1072 1002 1182 1030 tricium
1198 1009 1304 1038 pateret
1315 1005 1417 1037 aditus,
1442 1012 1470 1034 et
1484 1015 1564 1042 asper
1590 1013 1662 1036 esset
1680 1009 1706 1036 in
1726 1011 1863 1037 sermonis

1071 1056 1231 1084 congressu,
1239 1052 1392 1085 praesertim
1400 1052 1596 1082 interfamnlos
1604 1063 1612 1087 ;
1621 1055 1698 1082 solus
1705 1056 1787 1092 hujus
1796 1057 1863 1084 Vitae

1070 1099 1176 1128 auctor,
1189 1102 1240 1130 pro
1252 1103 1300 1123 Sua
1313 1096 1418 1125 scilicet
1433 1099 1569 1134 quaapud
1583 1099 1701 1127 Leonem
1718 1101 1862 1135 patricium

1068 1137 1190 1172 pollebat
1209 1140 1378 1169 auctoritate
1391 1147 1421 1181 et
1436 1143 1533 1177 gratia.
1553 1144 1721 1179 pertinacem
1739 1146 1860 1174 animum

1069 1184 1103 1211 ad
1116 1184 1318 1220 impetrandam
1335 1188 1436 1216 misero
1449 1189 1557 1218 veniam
1580 1191 1758 1226 interpellare
1778 1193 1862 1220 susti-

1071 1229 1142 1262 nuit,
1160 1235 1190 1258 ut
1202 1232 1319 1266 ipsemet
1335 1234 1419 1262 refert
1437 1235 1496 1263 loco
1514 1236 1666 1271 pracitato.
1682 1237 1748 1265 Inde
1759 1238 1862 1266 inferre

1072 1274 1137 1303 licet
1156 1277 1230 1305 hunc
1250 1287 1359 1314 quoque
1377 1281 1462 1308 fuisse
1485 1283 1592 1310 eximia:
1615 1283 1756 1319 dignitatis
1778 1288 1861 1320 atque

1070 1322 1254 1355 auctoritatis,
1273 1325 1440 1361 dignumque
1451 1328 1499 1362 qui
1518 1329 1546 1355 itt
1563 1330 1630 1356 tanti
1645 1330 1695 1357 viri
1710 1331 1859 1358 amicitiam

1070 1366 1338 1406 familiaritatemque
1371 1373 1578 1402 admitteretur.
1605 1376 1741 1404 Convenit
1775 1378 1861 1412 igitur

1070 1414 1176 1442 auctori
1193 1420 1288 1442 nostro
1306 1417 1393 1452 stylus
1411 1422 1439 1445 et
1453 1420 1591 1447 scribendi
1614 1421 1731 1449 formula
1747 1423 1859 1458 Symeo-

1071 1461 1114 1488 nis
1128 1461 1330 1497 Metaphrastis,
1343 1465 1473 1492 convenit
1491 1467 1552 1493 vita:
1578 1467 1745 1500 institutum,
1760 1477 1861 1497 conve~

1070 1507 1112 1535 nit
1146 1509 1286 1543 dignitas;
1312 1519 1386 1538 nunc
1411 1519 1546 1546 superest,
1574 1518 1666 1540 utrum
1692 1522 1752 1542 eum
1779 1521 1860 1544 aetate

1070 1556 1193 1590 ejusdem
1209 1557 1357 1584 convenire
1372 1558 1468 1592 possit,
1482 1560 1646 1594 perspicere.

1103 1624 1129 1651 7.
1152 1624 1291 1652 Flornisse
1307 1626 1518 1661 Metaphrastem
1539 1629 1643 1656 ultimis
1653 1631 1733 1657 annis
1749 1631 1855 1666 imperii

1066 1671 1167 1699 Leonis
1184 1672 1354 1707 Philosophi.
1377 1674 1423 1708 qui
1443 1674 1513 1701 obiit
1533 1684 1604 1703 anno
1621 1676 1684 1706 909.
1701 1683 1808 1706 constat
1825 1687 1857 1706 ex

1067 1716 1211 1751 ipsinsmet
1222 1719 1379 1746 testimonio
1391 1720 1417 1747 in
1432 1720 1492 1747 Vita
1502 1720 1529 1747 S.
1541 1720 1724 1754 Tlteoclistcs,
1741 1723 1785 1749 ubi
1802 1723 1856 1751 ait:

1071 1772 1079 1788 ε
1100 1762 1240 1800 Γενομένῳ
1259 1765 1304 1800 tto!
1325 1774 1389 1792 ποτε
1411 1767 1481 1792 κατὰ
1501 1770 1545 1794 τὴν
1560 1767 1649 1803 Πάρον
1665 1778 1671 1784 ·
1691 1770 1790 1804 γὲγθνα.
1809 1770 1838 1797 δέ
1851 1780 1858 1787 ο

1067 1810 1114 1836 καὶ
1139 1811 1191 1846 γὰρ
1219 1813 1264 1838 ἐπὶ
1291 1813 1404 1848 Κρήτην
1425 1814 1548 1841 διέπλεον
1564 1815 1615 1842 ὑπὸ
1635 1817 1681 1843 τοῦ
1704 1818 1857 1853 μακιρὶτου

1068 1857 1181 1889 Afrum;
1197 1859 1284 1884 ἐκεῖσε
1297 1860 1432 1893 πεμφθείς
1446 1869 1452 1875 ·
1469 1862 1594 1892 Asan-tog,
1615 1865 1697 1898 φημὶ,
1712 1864 1758 1890 τοῦ
1780 1865 1858 1890 εὐτυ-

1067 1903 1130 1938 χοῦς
1151 1903 1235 1935 ὅντως
1258 1904 1401 1939 βασιλέως.
1429 1908 1476 1933 καὶ
1495 1907 1544 1942 τὴν
1563 1909 1690 1944 εὐτυχίαν
1711 1910 1855 1945 Ῥωμαίων

1068 1948 1106 1984 τῷ
1125 1949 1202 1984 τάφῳ
1219 1950 1408 1985 ἀναθάψαντυς
1420 1961 1426 1967 ·
1444 1953 1610 1989 ἐπεμπόμην
1630 1955 1658 1981 δὲ
1678 1965 1859 1990 συστρατευν-

1071 2003 1150 2028 μενος
1174 1995 1298 2030 Ἡμερὶῳ
1313 1996 1352 2031 τῷ
1364 1997 1444 2027 πάνυ.
1457 1997 1495 2033 τῷ
1509 2000 1759 2035 στρατηγικωτὰτῳ
1776 2001 1858 2034 δηλα.

1068 2040 1111 2074 δὴ,
1132 2040 1179 2071 Xa).
1190 2040 1299 2076 ἄρχοντι
1314 2042 1360 2068 τοῦ
1376 2051 1403 2068 τε
1421 2043 1532 2078 δρόμου,
1548 2044 1595 2070 καὶ
1610 2043 1657 2071 τοῦ
1679 2045 1774 2071 στόλου
1793 2055 1859 2072 παν-

1069 2088 1160 2118 τόςημ
1195 2087 1376 2123 Ἐστελλόμην
1410 2088 1555 2124 τοιγαροῦν
1584 2089 1665 2116 τοῦτο
1689 2090 1739 2124 μὲν
1761 2090 1859 2125 ἐκείνῳ

1071 2134 1338 2169 συστρατευόμενος,
1362 2134 1409 2161 καὶ
1435 2135 1668 2171 προόιῦαζὸμενος
1694 2137 1734 2167 εἰς
1761 2138 1859 2171 πεῖραν

1069 2182 1267 2216 στρατηγικὴν.
1286 2179 1329 2207 οἷαι
1349 2181 1438 2212 πῶλος
1453 2182 1534 2218 μητρῖ
1551 2183 1619 2217 πρὶς
1636 2182 1670 2209 τὰ
1680 2183 1858 2217 γενναιύτιτηχ

1069 2227 1123 2253 τῶν
1139 2229 1376 2263 στρατηγημάτων
1389 2228 1554 2263 συσκαίρων.
1570 2228 1648 2255 Οὕτω
1668 2229 1722 2264 γὰρ
1736 2227 1770 2263 ἦν
1783 2230 1796 2255 ὁ
1812 2229 1858 2255 τιιῧ

1031 2269 1054 2297 D
1070 2273 1221 2308 μακαρίτου
1252 2282 1303 2308 μου
1332 2273 1468 2304 Βασιλέως
1492 2273 1611 2305 σκοπός·
1640 2274 1718 2299 τοῦτο
1744 2273 1860 2308 631:9:-

1072 2319 1235 2353 σϐευόμενος
1262 2319 1329 2353 apt;
1357 2319 1420 2351 τοὺς
1447 2319 1496 2354 τὴν
1512 2320 1625 2354 Κρήτην
1639 2320 1748 2354 ἔχοντας
1773 2320 1858 2354 Ἀρα-

1070 2364 1131 2395 ϐας.
1150 2373 1158 2389 ι
1174 2365 1238 2397 Qua:
1262 2365 1300 2391 sic
1322 2364 1418 2392 Latine
1439 2369 1537 2392 sonant
1557 2365 1656 2392 Allatio
1672 2374 1700 2392 :t
1718 2366 1787 2392 Cum
1809 2366 1860 2393 ali-

1069 2411 1180 2446 quando
1197 2412 1224 2438 in
1243 2412 1312 2439 Paro
1330 2419 1418 2440 essem
1455 2413 1601 2447 insula;fui
1621 2418 1711 2440 autem
1731 2422 1738 2440 :
1755 2421 1817 2440 nam
1831 2413 1858 2440 in

1069 2456 1178 2484 Cretam
1204 2457 1363 2493 navigabam
1393 2466 1406 2485 a
1438 2457 1528 2486 Leone
1552 2459 1639 2487 beata:
1660 2459 1798 2488 memoriae
1826 2468 1859 2488 eo

1070 2503 1188 2536 missus;
1208 2503 1308 2536 Leone,
1332 2504 1455 2539 inquam,
1474 2505 1520 2533 illo
1536 2515 1599 2533 vere
1618 2507 1756 2534 fortunato
1773 2507 1860 2542 impe-

1070 2553 1173 2581 ratore,
1194 2550 1240 2584 qui
1259 2551 1346 2585 ipsam
1369 2551 1556 2580 Romanorum
1581 2553 1739 2581 felicitatem
1766 2561 1859 2581 secum

1071 2596 1179 2623 videtur
1211 2596 1238 2624 in
1263 2598 1420 2632 sepulcrum
1447 2598 1571 2626 intulisse
1589 2609 1594 2626 :
1613 2599 1741 2626 tnittebar
1767 2603 1859 2626 autern

1068 2650 1122 2669 una
1142 2643 1263 2671 militans
1287 2651 1349 2671 cum
1370 2644 1523 2673 clarissimo
1543 2646 1588 2672 illo
1608 2645 1746 2677 ilemerio,
1766 2649 1861 2679 utpote

1067 2689 1186 2717 ducendi
1215 2690 1352 2718 exercitus
1378 2691 1557 2726 peritissimo,
1591 2692 1682 2719 dromi
1715 2692 1859 2726 praefecto.

1067 2737 1113 2771 qui
1129 2741 1157 2764 et
1174 2737 1308 2764 universae
1325 2737 1406 2765 classi
1423 2738 1576 2772 imperabat
1593 2759 1598 2765 .
1615 2757 1622 2765 .
1640 2739 1767 2765 Mitlebar
1781 2738 1862 2773 igitur

1068 2782 1168 2816 partim
1196 2790 1258 2809 cum
1281 2790 1314 2809 eo
1342 2783 1474 2816 militans,
1499 2789 1526 2811 et
1544 2784 1576 2811 ad
1594 2784 1776 2820 imperatoriae
1795 2785 1861 2811 artis

1067 2828 1263 2855 documentum
1296 2829 1406 2863 aliquod
1433 2830 1656 2864 promovendus,
1685 2835 1715 2857 ut
1743 2831 1861 2865 equulus

1069 2874 1162 2906 matri,
1193 2875 1226 2901 ad
1256 2875 1385 2910 praeclara
1409 2877 1470 2909 ejus
1491 2880 1684 2912 stratagrmata
1713 2877 1859 2904 assiliens:

1068 2921 1095 2948 id
1128 2921 1201 2948 enim
1240 2922 1377 2958 pra-cipue
1408 2923 1548 2959 Angustus
1580 2922 1859 2958 spectabatzpartim
