2170 3148
36 2218 42 2255 l

37 2258 160 2306 ξ.

39 2309 55 2344 ε

46 2485 52 2527 t

434 149 480 180 £71

1115 143 1256 173 MINSIS
1272 141 1422 173 JUNlUS.

2006 136 2072 167 272

410 220 413 224 ι
433 211 462 233 ut
489 205 521 232 ad
550 203 655 230 Arabas
676 201 784 229 Cretam
811 200 968 228 obtinentes
995 199 1132 236 legatione
1161 199 1222 227 fun—
1237 205 1258 231 Α
1274 198 1399 234 (ingenii)
1419 196 1648 232 incomparabiles
1664 194 1757 223 statim
1779 199 1806 222 et
1826 203 1841 222 a
1859 195 1963 230 primo,
1982 199 2014 221 nt
2030 201 2079 222 se-

430 259 519 287 gerer.
541 259 550 276 ι

464 297 491 324 8.
509 296 548 324 Ex
573 295 616 322 bis
638 294 722 322 infert
748 294 896 322 Bollandus
919 297 1022 325 noster,
1045 293 1072 320 in
1095 292 1222 328 prmdicta

432 342 604 377 prmfatione,
632 340 846 375 Metaphrastem
871 339 898 367 id
923 339 1052 374 temporis
1075 346 1128 365 non
1154 338 1224 366 adeo

431 388 517 416 fuisse
533 393 601 415 natu
619 391 792 422 provectum.
809 390 838 413 ut
853 385 900 420 qui
919 385 1102 420 imperatoriae
1114 384 1225 412 virtutis

434 434 596 461 tirocinium
610 439 711 467 ponere
723 432 774 459 sub
791 436 921 459 veterano
933 431 1170 466 ducejuberetur,
1184 431 1226 457 ei—

433 487 486 515 que
503 479 614 506 additus
629 478 710 505 fuerit
723 475 767 504 οἷαι
779 478 867 508 πῶλος
888 477 982 512 μητρί,
998 486 1006 502 ι
1020 476 1094 504 velut
1106 476 1225 511 equulus

435 526 528 557 matri,
549 534 558 550 ι
578 526 723 560 solumque
743 525 768 552 ei
793 524 890 551 tribuit
914 532 946 550 ιι
962 531 998 550 ou
1016 531 1068 550 uti
1088 531 1224 550 annorum

435 576 555 599 aetatem.
573 571 692 598 Allatius
708 578 774 598 vero
790 570 860 597 hanc
881 569 1090 597 similitudinem
1110 577 1164 596 non
1190 569 1224 596 ad

435 622 556 647 aetatem,
574 616 621 644 sed
636 617 669 643 ad
690 616 858 643 docilitatem
875 621 904 644 et
915 615 1088 651 disciplinam
1103 616 1226 644 referens

435 671 468 691 ex
483 663 589 690 ultimis
605 663 707 695 verbis,
720 662 799 689 τοῦτο
811 663 839 689 δὲ
853 663 1071 697 πρεσϐευόμενος
1083 662 1150 698 πρθς
1162 663 1225 694 τοὺς

434 708 484 743 τὴν
494 709 606 743 Κρήτην
616 707 726 742 ἔχοντας
736 707 870 743 Ἀραδας,
901 717 909 733 ι
930 708 1029 743 partim
1039 713 1068 734 ut
1080 708 1112 734 ad
1123 708 1226 734 Arabas

435 755 545 782 Cretam
561 754 719 782 obtinentes
732 755 868 790 legatione
883 755 1022 790 fungerer,
1045 763 1054 779 ›
1071 754 1223 785 concludit,

436 809 468 828 ea
483 801 510 828 in
526 801 702 836 expeditione
718 801 928 836 Metaphrastem
943 801 1125 834 provectioris
1135 801 1224 827 aetatis

437 845 532 876 fuisse,
547 853 608 880 qua:
623 853 708 881 capax
718 851 793 873 esset
805 846 972 874 sustinendm
987 847 1170 877 auctoritatis,
1182 851 1224 873 at-

437 899 492 926 que
513 892 586 919 illius
608 892 771 926 prudentize,
798 900 859 928 qua:
886 893 912 919 in
940 893 1029 928 legato
1052 893 1226 927 requiritur:

437 945 524 972 quare
551 945 639 965 annos
663 945 706 970 XL,
737 943 785 965 aut
805 939 947 965 minimum
969 946 1038 965 xxxv
1064 939 1089 965 ei
1119 938 1226 966 tribuit.

439 982 522 1010 Multa
545 983 655 1018 quidem
686 984 732 1011 ille
759 989 856 1019 praeter
882 985 935 1012 alia
959 992 1046 1020 eaque
1066 984 1226 1019 gratissima

438 1028 546 1056 erudite
556 1030 691 1065 congerit,
699 1029 771 1058 unde
783 1031 941 1066 opinionem
954 1038 1031 1058 suam
1040 1030 1225 1058 verosimilem

441 1073 548 1101 reddat.

476 1121 502 1149 9.
518 1121 615 1148 Omnia
638 1124 741 1154 tamen,
764 1128 935 1156 quteeunque
958 1121 1046 1153 affert,
1069 1128 1125 1149 rem
1150 1121 1228 1157 plane

440 1172 493 1195 non
510 1167 671 1198 conﬁciunt,
683 1167 765 1202 idque
777 1168 864 1194 Solum
877 1167 1059 1199 convincunt,
1075 1167 1230 1194 communi—

441 1219 483 1240 ter
502 1213 529 1240 id
544 1215 704 1248 contingere
715 1213 867 1240 secundum
885 1213 1055 1239 ordinarium
1073 1221 1164 1239 rerum
1182 1214 1229 1239 lut-

440 1266 581 1286 manarum
601 1265 724 1289 cursum,
745 1265 800 1285 non
823 1265 889 1285 vero
905 1258 1040 1289 absolute,
1065 1258 1101 1284 ita
1126 1258 1228 1285 factum

441 1311 583 1338 nunquam
595 1311 665 1330 esse.
679 1303 770 1338 Capax
784 1303 886 1330 etenim
901 1307 943 1330 est
957 1311 1150 1338 nonnunquam
1163 1304 1229 1331 ado-

441 1349 570 1377 lescentia
588 1356 679 1376 rerum
702 1350 894 1380 maximarum.
919 1354 975 1377 tum
1003 1350 1029 1376 in
1047 1350 1154 1381 militia,
1172 1355 1228 1377 tum

441 1395 471 1423 in
484 1395 636 1430 republica,
655 1395 806 1430 prtesertitn
838 1395 860 1422 si
886 1395 1032 1430 prudentia
1057 1400 1084 1422 et
1109 1395 1230 1422 exterior

440 1441 568 1476 corporis
587 1441 703 1476 species,
733 1446 761 1468 ut
784 1442 948 1476 quandoque
973 1441 1074 1468 factum
1099 1441 1229 1473 vidimus,

441 1487 530 1514 etatis
546 1486 682 1514 defectum
698 1487 833 1521 suppleat.
846 1486 879 1514 Ut
891 1487 960 1513 alios
977 1490 1149 1520 praatercam,
1165 1485 1231 1512 Sci-

443 1532 488 1568 pio
503 1532 659 1565 Africanus,
670 1533 742 1567 quod
754 1533 877 1559 Romana
894 1532 977 1558 habet
998 1531 1123 1560 historia.
1146 1539 1233 1558 annos

444 1585 505 1604 sxw
520 1582 611 1610 natus,
636 1577 785 1613 imperator
813 1577 912 1604 missus
936 1582 978 1604 est
1006 1577 1034 1603 in
1063 1576 1231 1612 Hispaniam,

444 1632 524 1659 quam
549 1629 669 1659 quatuor
693 1624 832 1650 mensium
857 1622 944 1658 spatio
970 1621 1234 1657 Carthaginensibus

443 1669 557 1704 eripuit.
572 1669 720 1704 Pompeius
742 1669 866 1703 Magnus,
880 1672 948 1695 teste
966 1667 1097 1695 Cicerone
1113 1668 1141 1695 in
1157 1668 1231 1696 Orat.

445 1722 493 1749 pro
517 1714 572 1748 lege
601 1713 726 1746 Manilia,
753 1723 761 1738 ι
780 1714 893 1740 ineunte
918 1712 1103 1740 adolescentia
1134 1714 1232 1740 summi

447 1762 505 1796 ipse
521 1760 660 1788 exercitus
677 1760 826 1794 imperator
843 1758 914 1791 fuit;
936 1768 946 1784 ι
969 1762 998 1785 et
1020 1762 1111 1786 tamen
1132 1763 1233 1794 quanta

447 1807 474 1834 in
493 1806 661 1833 moderando
675 1805 872 1840 dirigendoque
887 1804 1010 1832 exercitu
1027 1806 1175 1839 prudentia
1189 1814 1234 1833 re-

451 1860 567 1888 rumque
584 1860 649 1880 usus
664 1852 831 1887 requiritur!
849 1851 929 1879 Juvat
941 1852 986 1879 hic
997 1858 1145 1880 annectero
1159 1853 1233 1888 quod

446 1897 675 1934 refertBeyerlinlt
685 1898 711 1925 in
721 1897 830 1925 Tltealro
838 1898 896 1925 υἱιαε
904 1898 987 1931 llum.,
995 1898 1096 1926 verbo:
1107 1898 1233 1935 Legatus.

447 1954 457 1971 Ι
477 1945 624 1976 Venerant,
637 1945 737 1979 inquit,
755 1944 891 1979 superiori
906 1953 965 1972 aevo
987 1945 1020 1972 ad
1039 1945 1234 1980 imperatorem

445 1991 567 2020 Orientis
583 1991 721 2018 imberbes
734 1990 826 2025 legati,
837 1998 907 2025 quos
925 1998 988 2018 cum
1005 1991 1049 2018 ille
1069 1991 1233 2026 despiceret,

445 2038 516 2071 quod
546 2038 780 2064 adolescentiores
808 2037 885 2064 missi
909 2042 1011 2070 essent,
1031 2037 1118 2064 libere
1138 2043 1165 2064 et
1185 2045 1235 2064 au-

445 2084 540 2112 dacter
553 2083 682 2110 dixerunt
701 2091 707 2109 :
731 2081 758 2110 Si
775 2090 808 2109 ex
824 2083 909 2110 menti
925 2083 1052 2118 lanugine
1072 2082 1234 2110 aestimanda

446 2129 482 2156 sit
496 2128 621 2163 aptitudo
636 2133 665 2156 et
683 2127 812 2162 dignitas,
831 2127 925 2155 hircos
940 2129 1063 2164 potiores
1077 2133 1169 2164 partes
1185 2129 1234 2156 ha-

450 2175 564 2202 bituros.
584 2183 593 2199 ι

484 2220 528 2247 10.
545 2219 623 2253 Quod
637 2219 722 2256 igitur
737 2219 764 2247 in
782 2219 878 2255 paucis
893 2219 1017 2255 contigit,
1034 2219 1061 2246 in
1080 2219 1235 2255 Metaphra-

447 2273 488 2296 ste
506 2267 669 2301 contingere
683 2266 783 2301 potuit.
795 2265 944 2301 prtesertim
959 2273 1021 2292 cum
1035 2265 1149 2292 Michael
1162 2266 1237 2294 Psel-

447 2315 489 2342 lus
510 2314 597 2349 ipsius
626 2313 818 2345 encomiastes,
835 2313 894 2349 ejus
913 2313 939 2340 in
956 2313 1044 2347 prima
1064 2316 1144 2339 aetate
1160 2313 1237 2348 inge-

447 2361 532 2391 nium.
546 2361 725 2394 innatatnque
746 2359 823 2394 quasi
840 2359 1012 2394 prudentiant
1025 2358 1139 2386 extollat
1158 2359 1236 2387 hisce

449 2407 540 2434 verbis
557 2416 564 2433 ε
586 2416 595 2432 ι
614 2406 670 2432 Καὶ
684 2407 715 2432 τὸ
737 2406 808 2432 κατὰ
825 2406 934 2432 πάντων
950 2406 1116 2440 ἀσὲγχριτον
1137 2406 1237 2440 κράτος

449 2455 496 2480 καὶ
507 2451 707 2488 ἁπαράμιλλον,
723 2449 756 2486 ἦν
776 2452 824 2486 μὲν
836 2451 914 2482 εὐθὺς
927 2451 956 2478 ca
972 2452 1002 2478 ὲκ
1013 2451 1134 2486 πρώτης,
1149 2452 1186 2483 ὡς
1199 2453 1238 2478 sl-

449 2501 521 2533 πεῖν,
537 2499 682 2534 γενέσεως,
699 2498 747 2524 καὶ
764 2498 792 2530 ἐξ
808 2497 943 2530 ἀνθούσης
959 2499 1008 2532 ἤδη
1024 2498 1126 2533 τριχὸς,
1141 2497 1238 2533 ὥσπερ

448 2548 472 2574 oi
495 2547 548 2573 τῶν
566 2546 682 2572 λεόντων
703 2544 829 2580 σκύμνοι,
842 2543 922 2575 εὐθὺς
934 2544 982 2579 τὴν
997 2545 1084 2580 ὀφρὺν
1103 2545 1236 2579 παραδει-

448 2592 587 2625 κνὺοντξς,
609 2591 656 2618 καὶ
678 2590 732 2617 τῶν
755 2589 925 2624 ἔπαυχενίων
948 2590 1051 2625 τριχῶν
1077 2590 1108 2617 τὸ
1133 2590 1236 2617 λάσιον.

449 2639 582 2675 ’Υπήνθει
602 2638 656 2673 γὰρ
676 2636 750 2672 αὐτῷ
769 2636 804 2662 τὰ
819 2637 868 2669 τῆς
890 2635 1023 2666 συνέσεως
1044 2635 1124 2669 ἄνθη,
1141 2636 1188 2662 καὶ
1207 2635 1238 2662 τὺ

447 2687 575 2720 φρίνημι
595 2683 673 2720 ῥίζαν
690 2682 751 2709 τινὰ
771 2679 827 2717 εἶχε
845 2680 967 2716 βαθεῖαν,
988 2681 1035 2708 καὶ
1063 2682 1077 2708 ὁ
1103 2681 1165 2712 ναῦς
1194 2680 1238 2713 ἐξ-

449 2732 588 2768 ήστραπτέ
611 2740 637 2758 τι
668 2729 830 2765 Θαυμάσιον.
858 2728 950 2755 Ταῦτα.
968 2728 997 2754 δὲ
1011 2729 1066 2760 τοῖς
1087 2728 1136 2762 μὲν
1149 2728 1239 2760 ἄλλοις

448 2778 585 2813 ἁριοῦντα
600 2776 746 2812 ἐτύγχανεν
763 2777 802 2807 εἰς
817 2775 967 2807 τελείωσιν,
982 2775 1079 2810 ἐκείνῳ
1093 2775 1122 2800 δὲ
1139 2783 1240 2810 προχα-

450 2825 578 2858 μίγματα
591 2822 640 2857 τῆς
654 2823 760 2853 τελείας
778 2821 942 2856 ὲγνωρὶζετι)
955 2820 1073 2855 φύσεως.
1097 2829 1105 2845 ι
1124 2820 1189 2853 Qua:
1206 2829 1239 2847 ex

449 2870 676 2906 interpretatione
688 2868 777 2896 Allatii
792 2868 829 2895 ita
839 2872 954 2896 sonant:
971 2876 979 2894 ι
997 2867 1031 2894 Et
1045 2867 1116 2894 vites
1127 2867 1237 2903 quidem

1276 244 1329 271 mel
1346 244 1448 274 dicam,
1464 248 1539 274 ortu,
1552 243 1635 269 etiam
1647 241 1762 268 ﬂorente
1775 240 1875 275 capillo
1886 240 2074 271 ostendebat;

1276 299 1330 317 non
1346 298 1426 317 secus
1444 295 1526 324 atque
1544 289 1654 315 leonum
1673 287 1756 315 catuli
1773 287 1924 314 ostendunt
1943 287 2077 321 protinus

1275 336 1456 371 supercilium
1477 341 1505 362 et
1529 336 1642 362 densam
1661 333 1724 361 colli
1738 333 1844 369 jubam.
1862 333 1970 360 Etenim
1987 332 2075 359 flores

1276 382 1450 418 pullulabant
1481 380 1688 413 intelligentiae,
1715 383 1743 406 et
1769 377 1888 406 habebat
1916 377 2076 412 prudentize

1276 427 1442 463 profundam
1455 427 1601 462 quamdam
1621 425 1752 456 radicem,
1773 424 1893 459 quodam
1909 422 2074 449 admirabili

1275 474 1381 510 fulgore
1393 481 1470 501 mens
1481 473 1608 500 micabat.
1623 471 1684 498 Hth
1699 471 1760 498 aliis
1771 470 1882 505 quidem
1894 469 2075 497 suﬂ’ecissent

1275 519 1309 547 ad
1340 519 1556 555 perfectionem;
1581 517 1608 544 in
1647 517 1694 544 illo
1720 520 1812 543 autem
1848 514 2075 550 agnoscebantur

1276 565 1360 592 veluti
1375 563 1498 599 quzedam
1518 563 1595 597 prius
1612 562 1758 597 descripta:
1772 561 1876 595 ﬁgurae.
1893 567 1954 595 quae
1977 559 2074 594 perfe-

1276 617 1347 639 ctam
1363 612 1422 646 ejus
1446 611 1567 638 indoletn
1593 609 1852 645 prmsignilicabant.
1867 617 1877 634 ι
1906 607 1978 641 Quid
2007 607 2074 634 miri

1277 658 1372 692 igitur.
1384 657 1407 684 si
1422 656 1620 691 lletaplirastes
1635 655 1662 682 id
1679 655 1812 690 temporis
1823 654 1961 689 legatione
1974 654 2072 688 aliqua

1278 704 1437 738 perfunctus
1463 702 1558 733 luerit,
1584 701 1731 737 prudentia
1760 700 1846 735 magis
1880 707 1960 734 quam
1989 704 2074 726 :etate

1277 748 1443 784 provectus?
1460 749 1530 776 forte
1553 748 1635 775 etiam
1650 748 1713 774 aliis
1732 747 1828 782 legatis
1847 746 2008 773 senioribus
2024 745 2076 771 ho-

1278 796 1354 823 noris
1370 802 1452 823 causa
1465 794 1587 826 additus,
1606 798 1636 820 ut
1652 791 1883 828 quemadmodum
1903 792 1954 818 sub
1973 791 2072 818 Hime-

1278 843 1322 869 rio
1333 847 1468 870 veterano
1482 841 1552 868 duce
1568 840 1607 867 rei
1621 839 1758 870 militaris,
1771 838 1807 865 ita
1821 837 1873 865 sub
1893 837 1927 864 iis
1943 837 1982 864 rei
2001 838 2074 871 poli-

1281 889 1340 916 tiore
1367 888 1440 915 inter
1462 893 1572 914 exteras
1590 886 1715 913 nationes
1734 885 1920 912 rudimentum
1945 889 2071 918 poneret.

1318 936 1360 961 ll.
1383 933 1461 966 Quod
1490 933 1572 968 igitur
1597 931 1656 959 ﬁeri
1685 931 1786 966 potuit,
1810 930 1911 956 factum
1939 929 2075 964 tantisper

1280 987 1480 1016 supponamus,
1494 983 1577 1014 atque
1591 978 1688 1005 ultimo
1703 977 1803 1004 Leonis
1817 975 1976 1010 Philosophi
1989 983 2074 1006 anno,

1280 1035 1340 1054 tera:
1353 1026 1508 1054 communis
1520 1025 1582 1055 9H,
1594 1023 1722 1060 Symeoni
1749 1022 1925 1056 Metaphrasti
1948 1029 2000 1047 ut
2027 1026 2074 1047 ant

1281 1081 1354 1100 nan
1374 1079 1509 1099 annorum
1524 1076 1632 1098 aetatem
1651 1070 1816 1096 tribuamus.
1835 1067 1940 1094 Poterit
1955 1072 2021 1094 tunc
2035 1067 2069 1093 ad

1282 1125 1402 1154 tempora
1415 1117 1563 1152 Nicephori
1579 1117 1674 1144 Phocte
1686 1116 1842 1151 pervenisse
1858 1114 1915 1150 (qui
1927 1122 2001 1140 anno
2011 1122 2072 1140 um

1281 1164 1404 1200 ejusdem
1414 1163 1506 1191 muli
1517 1162 1661 1197 imperium
1671 1161 1792 1189 Orientis
1798 1160 1914 1194 adeptus
1923 1159 2073 1193 fuiliatque

1283 1211 1460 1246 octogenario
1485 1210 1572 1245 major
1588 1209 1676 1243 aliqua
1699 1208 1783 1235 etiam
1809 1206 1996 1233 elucubrasse.
2013 1205 2067 1232 Hoc

1283 1258 1438 1292 supposito.
1455 1256 1599 1284 videamus
1609 1263 1643 1282 an
1656 1253 1834 1288 ehronologia
1849 1253 1908 1279 hac
1924 1251 2067 1279 convenire

1283 1304 1371 1338 possit
1384 1307 1479 1330 nostro
1491 1301 1610 1333 auctori,
1625 1301 1671 1336 qui
1690 1307 1766 1327 num.
1781 1300 1814 1326 l9
1829 1305 1942 1325 narrans
1956 1298 2073 1324 miracu-

1284 1351 1341 1377 lum
1357 1349 1430 1384 quod
1445 1349 1539 1376 Bard-te
1557 1347 1780 1383 protospathario
1798 1345 1910 1376 accidit,
1923 1345 1961 1371 ait
1979 1352 1987 1371 :
2009 1343 2074 1376 Σφό-

1283 1396 1334 1430 δρα
1349 1396 1378 1422 δὲ
1399 1392 1477 1426 οὗτος
1499 1393 1631 1428 Ῥωμανῷ
1651 1392 1756 1426 βασιλεί
1775 1391 1813 1425 τῷ
1837 1392 1955 1418 ἐπιεικεῖ
1978 1398 2007 1416 τε
2030 1390 2075 1415 καὶ

1285 1441 1397 1476 χρηστῷ
1423 1441 1628 1476 προσῳκείωτο,
1655 1440 1684 1466 ὃν
1710 1440 1757 1465 καὶ
1786 1439 1860 1464 ἴσασι
1887 1437 2002 1469 πάντες,
2019 1436 2074 1462 υιὶν

1288 1487 1497 1513 Κωνπταντίνου
1515 1486 1654 1520 γενέσθαι,
1670 1485 1728 1517 τοῦ,
1753 1485 1787 1510 τὰ
1811 1483 1901 1510 πάντα
1931 1482 2074 1509 συνελόντα

1287 1533 1383 1565 εἰπὼν,
1400 1532 1625 1568 βασιλικωτάτου,
1648 1542 1656 1558 ι
1677 1531 1707 1558 Ei
1722 1530 1914 1565 verotBardt)
1926 1536 2022 1564 magna
2034 1528 2076 1555 in-

1286 1584 1449 1607 tercesserat
1477 1579 1650 1606 familiaritas
1677 1585 1738 1604 cum
1760 1577 1885 1604 Rotttano
1910 1577 2074 1610 imperatore

1284 1625 1403 1660 benigno
1420 1629 1448 1652 et
1461 1624 1608 1657 clemente,
1620 1623 1811 1659 quem-sciunt
1829 1629 1925 1649 omnes
1938 1621 2023 1648 fuisse
2042 1621 2074 1647 i-

1284 1671 1350 1699 lium
1368 1671 1554 1703 Constantini,
1574 1671 1621 1706 qui
1640 1671 1682 1705 (ut
1696 1669 1788 1697 omnia
1804 1669 1889 1697 semel
1908 1668 2010 1702 dicam)
2024 1667 2074 1706 fuit

1284 1718 1433 1753 imperator
1457 1717 1596 1752 egregius,
1611 1725 1621 1742 ι
1646 1715 1748 1751 quibus
1765 1714 1860 1742 verbis
1888 1714 1923 1741 de
1951 1713 2075 1740 Romano

1283 1762 1456 1790 Constantini
1473 1761 1699 1798 Porphyrogeniti
1720 1761 1788 1791 lilio.
1802 1760 1896 1796 utjatn
1911 1764 2021 1786 mortuo
2033 1758 2076 1784 lo-

1284 1809 1330 1842 qui
1342 1808 1462 1840 videtur,
1483 1808 1537 1835 nisi
1553 1807 1624 1834 forte
1636 1807 1706 1834 verti
1720 1806 1807 1841 possit
1822 1814 1829 1832 :
1855 1815 1865 1831 ι
1880 1804 1912 1832 Ei
1934 1811 2000 1831 vero
2020 1811 2076 1830 rna-

1283 1863 1336 1890 gna
1348 1854 1537 1882 intercedebat
1551 1853 1724 1881 familiaritas
1739 1859 1802 1880 curn
1819 1852 1944 1879 Romano
1955 1851 2075 1885 impera-

1285 1906 1355 1932 tore,
1370 1908 1450 1935 queiu
1463 1900 1554 1927 sciunt
1569 1907 1667 1927 omnes
1681 1907 1742 1926 esse
1754 1899 1839 1926 tilium
1851 1897 2043 1927 Constantini;
2065 1906 2074 1921 ι

1285 1951 1366 1982 atque
1385 1947 1423 1973 ita
1439 1948 1472 1973 ad
1488 1946 1605 1974 Romani
1623 1945 1800 1980 imperatoris
1819 1950 1954 1979 tempora,
1972 1943 2019 1978 qui
2041 1942 2075 1969 ab

1286 2000 1357 2020 anno
1382 1992 1435 2020 9ϋο
1460 1993 1493 2020 ad
1516 1992 1552 2020 63
1571 1992 1718 2026 imperium
1735 1992 1833 2023 tenuit,
1851 1990 1948 2017 referri
1971 1994 2073 2024 posset,

1285 2038 1354 2066 alias
1365 2038 1398 2066 ad
1411 2038 1581 2066 successoris
1597 2038 1670 2066 illius
1680 2037 1827 2072 Nicephori
1842 2037 1940 2064 Phocze
1955 2040 2078 2069 tempora

1287 2083 1504 2117 transferendus,
1533 2084 1656 2119 adeoque
1683 2084 1751 2111 nihil
1779 2083 1825 2111 hic
1839 2088 1893 2114 cst,
1915 2081 1989 2117 quod
2016 2090 2077 2108 cum

1286 2133 1367 2156 aztate
1383 2128 1577 2164 Metaphrastis
1590 2135 1703 2165 pugnet.

1324 2175 1367 2203 l2.
1383 2175 1419 2203 At
1434 2176 1533 2203 terruit
1546 2183 1589 2202 me
1601 2175 1674 2210 quod
1686 2182 1762 2202 num.
1778 2175 1812 2202 l5
1827 2175 1942 2210 legatur,
1961 2178 1990 2201 ut
2006 2172 2077 2208 apud

1252 2235 1274 2263 ο
1289 2223 1400 2252 Surium
1432 2224 1592 2252 translatum
1619 2229 1673 2256 est.
1697 2224 1803 2251 scilicet
1821 2234 1828 2251 :
1849 2234 1858 2250 ι
1877 2225 1947 2251 l'etit
1971 2231 1985 2250 a
2007 2223 2078 2250 bono

1287 2269 1392 2297 Joanne
1409 2269 1466 2306 (ille
1480 2270 1554 2297 enim
1568 2275 1634 2297 tunc
1643 2270 1786 2297 obtinebat
1798 2269 1956 2304 imperium)
1969 2274 1998 2295 ut
2012 2275 2076 2296 cura

1290 2314 1371 2348 hujus
1400 2315 1500 2343 domus
1523 2315 1576 2343 sibi
1601 2315 1838 2347 demandaretur;
1857 2324 1866 2340 ι
1886 2314 1934 2341 ubi
1958 2313 2078 2341 Joannes

1289 2361 1427 2390 Zemisees
1443 2361 1615 2397 indigitatur,
1626 2361 1674 2396 qui
1685 2369 1758 2388 anno
1769 2361 1821 2388 969
1834 2368 1950 2396 regnare
1965 2361 2076 2395 incepit,

1290 2408 1324 2435 ad
1335 2409 1415 2443 cujus
1429 2412 1552 2442 tempora
1567 2407 1767 2442 Metapbrastes
1778 2414 1850 2442 κει-ε
1867 2410 1958 2442 potest
1975 2406 2078 2440 pertin-

1290 2453 1432 2488 gere,ttisi
1454 2460 1518 2480 eum
1534 2453 1722 2487 nonagenario
1735 2453 1879 2488 majorem,
1899 2452 1990 2479 Vitam
2010 2452 2078 2478 hanc
2095 2458 2100 2482 ι

1290 2499 1434 2533 scripsisse
1446 2498 1590 2526 fateamur.
1605 2498 1692 2532 Quam
1705 2499 1741 2525 ob
1760 2507 1817 2526 rem
1831 2506 1882 2534 pro
1896 2498 2002 2526 Joanne
2014 2498 2097 2539 δαί-ἶ

1292 2544 1410 2571 bcndutn
1428 2549 1494 2579 puto
1514 2544 1725 2572 Constantinum
1741 2553 1748 2571 :
1766 2545 1849 2579 idque
1862 2552 1895 2571 eo
1909 2544 2018 2571 facilius
2034 2543 2080 2570 ad—

1291 2589 1377 2616 ducor
1399 2594 1429 2616 ut
1451 2589 1571 2621 credam,
1589 2589 1653 2624 quia
1673 2590 1699 2616 in
1718 2589 1857 2624 ecgrapho
1873 2594 1968 2616 nostro
1986 2589 2091 2624 Graeco:

1291 2642 1392 2662 nomen
1414 2635 1534 2662 Joannes
1548 2635 1652 2669 integre
1670 2635 1802 2668 scriptum
1819 2643 1873 2661 non
1893 2635 2021 2666 habetur.
2034 2620 2094 2669 sed!

1292 2657 1392 2662 ..ηυνη
1414 2657 1534 2662 ---ω-,ν
1548 2657 1652 2669 ...ηυη
1670 2657 1802 2668 "ur.-."
1819 2657 1872 2661 ..νη
1893 2657 2021 2666 ..--ν-...,
2034 2657 2079 2661 ___

1292 2681 1399 2708 duabus
1416 2686 1521 2708 tantum
1539 2680 1694 2708 initialibus
1715 2681 1815 2708 litteris
1835 2680 1889 2706 Ίῶ.
1914 2680 1945 2708 1η
1964 2657 2104 2707 anthen-‘

1293 2727 1346 2754 tice
1363 2727 1446 2762 igitur
1463 2734 1564 2754 nomen
1587 2726 1784 2754 Constantinus
1812 2734 1862 2761 per
1885 2726 2080 2761 compendium

1292 2775 1425 2809 scriptum
1451 2773 1535 2801 fuerit
1554 2773 1662 2801 duabus
1683 2778 1730 2801 aut
1750 2773 1840 2800 tribus
1864 2773 1960 2807 primis
1984 2773 2083 2800 litteris

1294 2821 1356 2846 Κῶν
1384 2825 1488 2847 tantum
1510 2828 1691 2854 expressum;
1712 2821 1785 2848 unde
1807 2813 1916 2848 extritis
1947 2820 2082 2848 edacitate

1293 2867 1439 2901 temporis,
1457 2867 1483 2893 in
1501 2867 1589 2902 pritua
1604 2867 1694 2894 littera
1707 2867 1860 2900 K,tlunluis
1877 2868 2040 2896 trausrersis
2052 2867 2083 2895 lic

2167 1442 2170 1622 t

2166 1710 2170 1959 4
