2170 3148
222 179 276 211 273

836 179 922 210 VlTA
946 180 974 209 S.
997 180 1039 209 SA
1045 180 1068 209 Μ
1075 179 1168 210 PSON
1175 180 1219 209 IS.

1803 178 1835 208 Ξῖ
1842 178 1857 208 ll

225 235 313 262 neniis
332 238 358 260 et
373 233 466 260 ultima
489 231 558 260 forte
585 232 678 259 littera
691 242 715 264 ν,
729 232 773 259 Ὶῶ
786 234 966 266 remanserit;
982 241 1014 260 ex
1030 239 1053 265 Α
1070 234 1143 261 illius
1171 233 1293 261 historiae
1320 238 1407 268 putat,
1440 242 1501 268 quae
1525 234 1635 265 habeat,
1667 233 1856 260 nosocomium

225 289 313 316 eoque
329 281 460 308 Joannem
477 279 603 306 fecerint.
624 280 693 307 Cum
715 279 798 314 igitur
818 279 864 307 illa
880 280 916 307 ita
934 288 1009 307 cout-

226 327 305 354 mode
316 326 445 361 explicari
460 326 577 361 possint,
592 330 746 360 cantet-aque
756 326 848 352 omnia
860 325 1012 360 Metapbra-

225 373 258 399 sti
284 372 457 404 conveniant,
494 372 563 398 nihil
590 372 678 401 obest.
703 371 853 405 quominus
871 371 958 399 Vitam
982 371 1011 398 S.

226 419 384 453 Sainpsonis
407 419 433 446 ei
456 419 638 450 ascribamus,
651 425 733 452 quant
759 418 786 445 in
804 417 942 452 decrepita
963 425 1012 445 sua

225 468 366 495 senectute
378 464 577 499 composuerit,
589 468 734 498 postquam
748 463 930 498 plurimorum
943 472 1015 491 mar-

226 514 316 546 tyrum
336 514 365 538 et
382 510 584 542 confessorum,
604 515 634 538 ut
651 510 766 545 ipsemet
790 510 948 542 conﬁtetur,
972 518 1016 538 res

225 560 318 590 gestas
333 555 361 582 in
377 555 466 583 lucem
481 556 617 583 ediderat.

265 601 307 627 1'5.
329 601 458 628 Notatutn
483 601 594 629 invenio
619 601 646 628 in
664 601 757 629 Indice
775 605 870 629 nostro
888 601 1017 634 viatoria,

229 645 318 673 Vitam
340 646 510 681 Sampsonis,
541 655 600 682 qua:
626 647 734 682 incipit,
755 646 836 674 Ἀλλὰ
859 647 909 682 μὲν
940 647 1019 682 χάρι-

228 700 272 722 tu:
291 691 372 727 ἔργον
387 693 434 720 καὶ
446 692 605 728 θεραπείας,
622 693 670 728 τῆς
685 694 753 728 πρέις
772 693 816 720 τὸν
837 692 926 728 μέγαν
941 693 1018 727 Σαμ-

228 737 299 770 ψών,
321 742 388 771 etc.,
411 738 515 765 servari
540 738 755 773 manuseriptam
780 738 808 765 in
845 738 1020 766 bibliothecis

230 784 362 812 Vaticana
375 789 404 812 et
415 785 584 813 Vallicellina
599 785 711 817 Romam
735 785 800 812 item
818 785 845 812 in
863 785 1022 812 Florentina

231 835 259 857 et
276 830 451 858 Taurineusi.
478 830 564 858 Nobis
591 831 635 857 illa
653 831 757 865 pridem
779 835 901 858 extracta
917 830 969 858 fuit
988 838 1022 859 es

233 875 328 902 codice
350 882 415 906 ms.,
433 879 464 901 ut
481 875 537 910 jam
552 875 620 905 dixi,
644 875 773 903 Medicam
793 874 865 910 regis
886 875 1023 903 Christia-

1065 279 1238 314 Sampsonis,
1257 278 1354 306 eodem
1377 285 1502 313 rogante,
1517 287 1531 305 a
1550 279 1705 306 Iustiniano
1721 286 1856 309 erectum.

1065 332 1130 352 cum
1150 325 1302 359 Procopius
1313 324 1397 356 dicat,
1416 325 1694 360 resuturatum,quod
1705 326 1760 360 jam
1777 330 1857 352 antea

1064 371 1136 399 idem
1151 370 1285 405 Sampson
1301 371 1508 398 exaetliﬂcasset.
1526 371 1626 398 Verum
1642 371 1712 398 adeo
1725 372 1855 406 exiguum

1065 415 1116 442 fuit
1140 416 1260 450 primum
1281 416 1347 443 illud
1365 415 1526 450 Sampsonis
1542 416 1700 447 aedilicium.
1718 421 1772 443 tam
1795 417 1858 444 illu-

1065 466 1123 489 stre
1136 469 1202 489 vero
1219 466 1331 496 tamque
1348 461 1522 497 magniﬁcum
1545 469 1560 489 a
1573 461 1729 489 Iustiniano
1743 462 1858 490 factum,

1068 511 1099 534 ut
1125 507 1194 534 nihil
1218 508 1329 535 veritati
1356 507 1509 535 detraxisse
1541 507 1742 542 Metaphrastes
1769 508 1858 535 videri

1068 553 1166 588 possit.
1177 552 1256 586 Quod
1272 553 1349 581 addit
1365 552 1499 580 Baronius
1517 553 1552 580 de
1573 552 1786 587 conﬂagratione
1799 553 1860 588 ejus

1068 599 1234 632 nosocomii,
1259 607 1341 634 quam
1368 604 1424 627 tum
1445 599 1595 635 contigisse
1617 599 1778 631 arbitratur.
1796 607 1861 626 cum

1070 646 1122 674 sub
1141 646 1286 674 Anastasio
1309 645 1417 674 Sanctae
1435 645 1546 680 Sophia;
1570 646 1703 680 templum
1731 650 1860 673 exustum

1071 691 1141 724 fuit;
1156 691 1261 719 clarum
1283 696 1325 720 est
1340 692 1369 718 in
1386 691 1511 719 historiis
1527 700 1581 719 non
1599 691 1684 719 semel
1701 691 1768 719 illud
1791 696 1861 719 tem-

1072 737 1147 772 plum
1178 737 1315 765 incendiis
1337 738 1488 765 obnoxium
1511 738 1610 771 fuisse;
1629 737 1776 766 Iustiniani
1795 745 1861 765 vero

1073 790 1146 809 anno
1162 790 1178 809 v
1190 782 1256 809 illud
1269 783 1457 810 nosocomium
1475 783 1618 811 incensum
1632 791 1693 811 esse
1709 783 1780 810 idem
1798 783 1859 809 Pro-

1074 827 1171 862 copius
1187 828 1270 855 refert
1280 828 1328 856 lib.
1344 836 1351 856 t
1367 829 1404 856 De
1415 829 1484 864 tedii.
1506 834 1534 857 et
1553 829 1637 856 tBelli
1649 828 1726 856 Pen.
1738 837 1798 863 cap.
1815 830 1860 861 24,

1076 877 1104 901 et
1123 874 1305 909 Theophanes
1330 875 1364 902 ad
1384 883 1487 902 annum
1509 883 1524 901 ν
1547 875 1707 903 Iustiniani.
1735 875 1863 902 Fortasse

235 920 354 954 nissimi,
369 920 421 948 sub
439 920 492 948 hoc
510 921 601 954 titulo,
615 921 676 952 Bia:
691 922 736 948 καὶ
754 922 874 949 πολιτεία
886 923 934 949 τοῦ
948 923 1022 949 ὁσίου
1041 915 1060 943 Β
1075 927 1091 945 η

1007 932 1022 949 υ
1041 915 1060 943 Β
1075 919 1186 954 majoris
1207 919 1337 947 momenti
1361 920 1390 948 ﬁt
1411 921 1438 948 in
1453 920 1504 947 hae
1517 928 1557 953 re,
1574 920 1647 955 quod
1663 921 1813 955 Procopius
1829 921 1862 947 de

238 966 341 1001 Ματρὸς
354 966 433 1001 ἡμῶν
450 967 570 1001 Σαμψὼν
585 967 630 993 τοῦ
643 967 779 1002 ξενηδόχου
789 977 795 983 -
821 978 830 994 ο
845 969 903 997 Vita
918 974 946 996 et
958 977 1023 997 cott-

234 1011 353 1044 versatio
368 1012 455 1039 sancti
469 1012 558 1040 Patris
573 1013 658 1041 nostri
680 1014 849 1048 Sampsonis,
866 1015 1023 1049 exceptoris

235 1057 386 1092 hospitum.
405 1067 414 1084 ι
434 1058 560 1086 Latinam
576 1060 777 1094 impresseruut
798 1061 966 1095 Lipomanus
982 1066 1024 1089 lo—

237 1110 281 1129 ino
293 1103 320 1134 6,
331 1109 359 1131 et
373 1111 406 1131 ex
419 1103 477 1139 ipso
490 1104 587 1131 Surius
601 1109 674 1132 lomo
685 1105 717 1137 2;
731 1105 807 1140 juxta
822 1105 1026 1140 interpretatio-

233 1156 301 1179 nem
311 1148 438 1178 Gentiani
454 1150 563 1178 llerveti
579 1159 587 1178 ς
604 1158 685 1185 quam
699 1150 824 1178 eamdem
840 1159 891 1186 ego
908 1159 1021 1188 quoquc

236 1193 281 1220 hic
300 1194 418 1226 retineo.
441 1195 469 1223 iu
485 1195 580 1230 paucis
597 1201 688 1223 tamen
704 1196 854 1231 aliquibus,
869 1205 933 1225 cum
950 1203 1024 1226 textu

235 1240 328 1267 Graeco
341 1241 456 1274 collatis,
467 1246 612 1270 mutatam.

461 1308 521 1344 §ll.
536 1323 570 1330 -—
582 1309 694 1345 Tempus
704 1311 806 1338 mortis.

275 1377 316 1404 l4.
341 1377 418 1411 Quod
447 1378 481 1405 ad
511 1384 618 1406 atatem
643 1380 803 1415 Sampsonis
819 1380 928 1411 attinet,
943 1380 1027 1406 Meta-

238 1423 376 1457 phrastes,
396 1423 580 1459 Menologium
604 1424 697 1452 Basilii
721 1425 1029 1461 PorphyrogenitiJle-

239 1477 296 1496 mea
317 1476 427 1498 excusa.
440 1469 568 1505 Origines
589 1470 900 1505 Constantinopolitanae
918 1471 1029 1498 inedita:

239 1519 317 1555 parte
334 1523 363 1547 ιι,
377 1523 440 1542 cum
457 1515 585 1542 ﬂoruisse
601 1515 680 1542 aiunt
700 1515 751 1543 sub
766 1515 922 1544 Iustiniano
941 1516 1028 1550 impe-

239 1565 341 1592 ratore,
359 1566 453 1596 utpote
479 1561 526 1596 qui
555 1562 589 1589 ab
619 1562 713 1590 eodem
739 1567 834 1590 sancto
855 1563 881 1589 in
901 1561 1028 1589 viviscx-

239 1606 355 1634 sistente
382 1607 416 1634 ab
440 1607 637 1635 itnmedicabili
653 1608 751 1635 morbo
772 1609 858 1636 fuerit
878 1608 1030 1640 liberatus;
1044 1605 1066 1616 “

240 1655 333 1685 atque,
345 1656 374 1679 ut
386 1660 436 1687 pro
448 1656 524 1680 tanto
533 1653 668 1681 beneﬁcio
682 1658 773 1688 grates
789 1653 913 1686 referret,
929 1654 1033 1689 magni-

243 1694 323 1722 licum
338 1696 426 1724 eidem
441 1697 621 1725 aediﬁcaverit
634 1698 848 1730 xenodochium,
868 1698 940 1734 quod
955 1698 1034 1726 dein-

244 1742 277 1768 de
304 1742 445 1777 llospitale
474 1744 503 1771 S.
530 1743 690 1780 Sampsonis
710 1750 753 1772 est
780 1745 957 1780 appellatum.
985 1745 1034 1772 Ast

245 1787 394 1815 cardinalis
406 1788 541 1817 Baronius
552 1789 580 1817 in
592 1790 671 1818 Notis
686 1791 718 1818 ad
735 1791 956 1826 Martyrologium
976 1791 1032 1818 Ro-

245 1840 367 1865 manum,
395 1833 448 1861 hoc
472 1834 528 1868 die,
547 1842 579 1862 ea
600 1836 692 1864 omnia
711 1837 813 1864 erroris
832 1837 933 1872 arguit.
951 1845 984 1863 ex
1000 1844 1033 1863 co

245 1879 318 1912 quod
348 1878 507 1915 Procopius,
519 1881 567 1916 qui
588 1881 642 1910 illis
663 1883 835 1916 temporibus
849 1883 927 1914 vixit,
946 1891 1034 1917 caque

244 1926 280 1950 ob
304 1926 399 1952 oculos
420 1925 527 1960 habuit,
548 1927 597 1957 lib.
622 1937 630 1956 t
648 1928 757 1962 zEdi/ic.
792 1928 937 1956 Iustiniani
957 1930 1033 1962 imp.,

245 1977 305 2004 cup.
324 1969 351 2001 2,
371 1976 497 2005 testetur,
517 1972 657 2008 Hospitale
683 1973 843 2008 Sampsouis
861 1975 982 2006 nomine,
1000 1975 1034 2002 ab

243 2015 340 2043 eodem
368 2015 519 2052 Sainpsone
544 2024 682 2052 erectum,
702 2020 767 2047 olitn
791 2020 917 2047 incendio
934 2020 1034 2048 conﬂa-

245 2069 355 2096 grasse;
371 2070 489 2097 cumque
501 2063 546 2089 vix
563 2063 688 2098 quedam
705 2063 900 2091 remansissent
911 2063 1034 2099 vestigia,

246 2107 312 2134 illud
332 2108 420 2142 ipsum
438 2109 573 2144 hospitale
588 2109 622 2137 ab
635 2109 732 2137 eodem
748 2110 902 2138 Iustiniano
915 2109 1034 2145 impera-

247 2157 307 2181 tore
332 2155 538 2182 muniiicentius
562 2156 744 2183 instauratum
773 2155 868 2186 fuisse,
891 2163 1034 2191 censuque

246 2206 339 2227 annuo
359 2199 478 2235 ingentis
491 2201 615 2236 pecunia:
631 2201 838 2236 locupletatum.
858 2201 926 2230 Cum
940 2207 1032 2229 autem

247 2244 450 2280 Metaphrasles
471 2254 547 2274 num.
564 2248 592 2274 ll
614 2251 740 2279 testetur,
755 2247 860 2275 dictum
877 2248 1034 2275 incendium

246 2291 394 2326 centigisse
415 2297 476 2327 post
497 2293 603 2321 obitum
621 2293 791 2329 Sampsonis,
812 2295 923 2329 quando
942 2298 970 2321 et
984 2293 1035 2321 So-

248 2337 320 2373 phia:
332 2338 424 2366 nobile
440 2340 572 2373 templum
583 2345 711 2367 exustum
724 2345 776 2372 est,
789 2347 822 2367 ac
836 2341 940 2374 pariter
954 2345 1037 2367 teste-

249 2388 294 2411 tur
312 2384 487 2412 Marcellinus
504 2386 531 2412 in
548 2385 696 2419 Chronico,
715 2386 742 2413 id
758 2385 906 2420 contigisse
923 2386 949 2413 in
966 2392 1038 2412 tem-

250 2428 364 2462 poribus
379 2429 513 2468 Apastasii
528 2430 720 2464 imperatoris;
734 2430 874 2457 concludit
886 2429 1038 2465 prmlauda-

251 2480 295 2502 tus
321 2474 490 2506 cardinalis,
516 2475 597 2510 longe
626 2481 690 2503 ante
715 2476 863 2503 Iustiniani
893 2477 1037 2512 imperium

250 2522 430 2555 Sampsonem
454 2520 526 2548 diem
547 2528 626 2547 suum
642 2521 745 2548 obiisse
759 2530 766 2554 ;
793 2525 875 2556 atque
891 2529 925 2549 ex
941 2522 1037 2550 eodem

251 2567 386 2602 Procopio
412 2567 501 2594 multo
521 2567 608 2602 magis
623 2567 762 2602 redarguit
778 2567 943 2599 Ccdrenum.
973 2568 1038 2595 dum

251 2614 288 2640 ait
299 2613 480 2648 conﬂagrasse
490 2613 600 2640 domum
611 2613 798 2648 Sampsoniam
810 2622 881 2641 anno
889 2614 1039 2650 penultimo

253 2659 409 2686 Iustiniani.
762 2650 766 2654 ’

292 2705 334 2731 15.
350 2705 402 2732 llas
415 2705 589 2732 difficultates
609 2704 734 2732 dissolvit
758 2705 887 2733 Nicolaus
909 2706 1038 2734 Aleman-

257 2759 309 2778 nns
324 2751 351 2777 in
369 2751 442 2778 notis
463 2751 496 2778 ad
512 2759 573 2787 cap.
590 2751 607 2778 4
625 2751 750 2780 Historiae
773 2760 879 2779 arcana:
903 2752 1038 2787 Procopii.

256 2797 337 2824 Iuvat
351 2798 410 2832 ejus
427 2798 510 2825 verba
526 2798 571 2826 hic
586 2803 734 2826 annectere
750 2807 756 2825 :
773 2808 781 2824 ι
797 2798 887 2834 Longe
902 2799 1040 2833 antiquio.

258 2851 314 2871 rem
331 2843 486 2872 Iustiniano
499 2843 678 2878 Sampsonem
690 2845 780 2872 credit
793 2845 941 2872 cardinalis
960 2845 1043 2872 Baro-

258 2891 321 2920 nius
335 2891 361 2919 in
375 2891 452 2919 Notis
466 2891 498 2919 ad
514 2891 749 2927 Martyrologium,
769 2899 796 2920 et
814 2893 941 2920 vacillare
962 2893 1041 2919 [idem

1076 964 1237 1000 Sampsouis
1260 970 1341 993 aetate
1369 966 1426 993 ait:
1449 966 1533 1001 Ἀνήρ
1556 974 1597 996 τις
1617 967 1747 1001 eaeaeae};
1765 967 1794 992 ἑν
1807 968 1864 994 τοῖς

1075 1011 1130 1037 ἄνω
1146 1011 1262 1046 χρόνοις,
1280 1010 1398 1045 Σαμψὼν
1429 1012 1514 1046 ὀνημα
1535 1020 1542 1027 ο
1566 1011 1612 1038 Vir
1628 1012 1734 1046 quidam
1749 1013 1806 1046 pius
1818 1013 1866 1046 qui

1075 1057 1251 1092 superioribus
1268 1058 1347 1085 armis
1376 1058 1477 1092 ﬂoruit.
1503 1058 1536 1084 At
1558 1058 1610 1084 hoc
1623 1058 1707 1085 etiam
1725 1058 1792 1084 nihil
1805 1063 1863 1088 est;

1077 1112 1137 1130 nam
1170 1103 1319 1138 Procopius
1350 1104 1450 1131 librum
1481 1104 1558 1130 illum
1591 1104 1628 1131 De
1656 1103 1788 1137 aediﬁciis,
1819 1103 1864 1130 ubi

1076 1149 1128 1176 hoc
1157 1149 1250 1182 habet,
1268 1153 1392 1176 extremo
1420 1149 1567 1177 Iustiniani
1597 1149 1714 1184 imperio
1742 1149 1864 1183 scripsit,

1075 1203 1173 1231 nempe
1196 1203 1243 1224 sex
1269 1202 1298 1224 et
1322 1196 1432 1231 triginta
1447 1200 1528 1230 atque
1555 1196 1673 1230 amplius
1702 1196 1786 1222 annis
1804 1199 1867 1230 post

1076 1247 1191 1270 mOrteiu
1215 1242 1384 1277 Sampsonis.
1402 1242 1514 1277 Vigehat
1533 1248 1623 1270 tamen
1638 1243 1707 1269 adeo
1727 1243 1788 1276 ejus
1809 1249 1867 1269 me-

1076 1288 1174 1319 moria.
1201 1293 1230 1315 ut
1255 1289 1442 1321 Iustiniauus,
1471 1289 1583 1316 Novella
1607 1289 1642 1316 59
1667 1294 1694 1316 et
1724 1289 1788 1319 151,
1817 1288 1865 1315 ubi

1077 1333 1111 1361 de
1128 1335 1278 1368 Sampsone
1307 1334 1439 1368 loquitur,
1466 1335 1494 1360 Ὀ
1507 1334 1557 1369 τῆς
1571 1335 1647 1366 ὁσίας
1665 1336 1774 1370 μνήμης
1793 1335 1868 1369 Σαμ-

1078 1379 1137 1413 ψών
1155 1379 1239 1410 dicat,
1256 1389 1266 1404 ‹
1285 1379 1392 1406 Sancta:
1419 1380 1559 1407 memoriae
1585 1380 1738 1414 Sampson;
1758 1390 1768 1406 ι
1795 1380 1868 1414 quod

1080 1425 1122 1459 (ut
1145 1425 1236 1453 obiter
1256 1425 1359 1459 notem)
1383 1432 1444 1452 cum
1471 1425 1499 1451 in
1524 1426 1645 1459 antiquis
1661 1425 1868 1459 manuscriptis-

1079 1470 1181 1498 litteris
1199 1471 1387 1506 singularibus
1409 1470 1437 1497 S.
1455 1470 1491 1498 M.
1504 1475 1627 1497 notatutn
1645 1475 1729 1498 esset.
1746 1470 1817 1496 male
1842 1469 1870 1496 in

1079 1515 1480 1543 LatiniseditionibusNovella:
1488 1516 1534 1543 l3!
1543 1519 1687 1550 exceptum
1697 1521 1738 1543 est
1747 1524 1755 1542 :
1765 1515 1872 1542 Sancta:

1081 1561 1170 1589 Maria:
1189 1561 1332 1595 Sampson.
1349 1561 1428 1594 Quod
1448 1566 1539 1589 autern
1559 1561 1586 1588 in
1603 1562 1787 1596 Metapbraste
1807 1569 1868 1589 eun-

1084 1606 1229 1641 rigendum
1243 1607 1323 1642 plane
1349 1615 1460 1638 censeo,
1490 1612 1532 1634 est
1559 1608 1630 1634 ratio
1656 1608 1789 1642 temporis
1810 1608 1872 1634 vine

1084 1651 1244 1687 Sampsonis
1269 1657 1297 1680 et
1325 1661 1460 1680 annorum
1485 1653 1592 1688 imperii
1619 1653 1786 1684 Iustiniani;
1807 1660 1869 1679 nam

1083 1698 1205 1726 antistite
1220 1697 1296 1725 Mena
1311 1698 1489 1733 Sampsonem
1508 1697 1690 1732 superfuisse,
1710 1697 1781 1724 hami
1799 1697 1870 1724 bene

1082 1743 1280 1778 Iletaphrastes
1295 1749 1399 1775 narrat.
1415 1751 1478 1770 cum
1499 1748 1563 1771 ante
1580 1743 1754 1771 consulatum
1769 1743 1874 1770 Bebza-

1083 1789 1116 1816 rii
1134 1790 1246 1821 obiisse,
1260 1797 1295 1817 ex
1313 1791 1424 1818 Novella
1440 1790 1474 1818 59
1492 1790 1639 1825 perspicue
1653 1794 1771 1817 constet.
1790 1789 1874 1816 Porro

1083 1836 1205 1870 ejusdem
1230 1836 1349 1863 Novella
1373 1836 1523 1871 publicatio
1547 1840 1630 1871 atque
1654 1836 1754 1863 electio
1776 1835 1872 1867 Menas,

1085 1880 1140 1908 fere
1156 1881 1182 1907 in
1196 1881 1267 1908 idern
1282 1887 1389 1916 tempus
1408 1882 1546 1914 incidunt,
1567 1889 1665 1916 nempe
1681 1881 1755 1909 circa
1770 1887 1874 1908 anitum

1083 1927 1229 1954 Iustiniani
1248 1935 1292 1960 xi;
1307 1931 1334 1954 at
1349 1935 1415 1954 vero
1426 1932 1490 1954 ante
1503 1935 1605 1954 annum
1619 1928 1679 1962 ejus
1697 1935 1713 1954 ν
1729 1933 1870 1954 mortuum

1085 1972 1263 2007 Sampsonem
1278 1973 1363 2000 fuisse
1382 1981 1465 2000 nemo
1483 1973 1601 2000 dubitet.
1623 1973 1663 2000 Ad
1688 1973 1762 2000 hunc
1777 1973 1874 2000 calcu-

1085 2017 1140 2045 lum
1155 2019 1308 2046 revocanda
1323 2023 1387 2046 sunt
1409 2026 1470 2053 qua:
1494 2020 1527 2046 de
1542 2018 1669 2045 incendio
1689 2018 1840 2045 nosocomii
1860 2025 1875 2046 ι

1085 2065 1268 2101 Mctaphraste
1282 2069 1442 2093 narrantur.
1463 2074 1472 2089 ι

1121 2112 1164 2140 l6.
1183 2111 1246 2140 llaec
1274 2110 1384 2139 erudite
1408 2111 1579 2138 Alamannus
1602 2119 1608 2137 :
1632 2114 1661 2137 at
1683 2118 1760 2141 vero,
1781 2114 1876 2137 contra

1084 2158 1156 2193 quod
1182 2158 1227 2186 hic
1251 2158 1400 2190 existimat,
1423 2161 1519 2185 auctor
1542 2156 1672 2184 Chronici
1697 2156 1876 2184 Alexandrini

1085 2205 1282 2240 amplissimum
1305 2212 1337 2232 ea
1359 2208 1522 2239 tempestate
1539 2204 1621 2239 (anno
1644 2204 1751 2231 scilicet
1777 2203 1876 2238 quinto

1085 2251 1249 2285 Iustiniani)
1281 2250 1366 2278 fuisse
1409 2250 1449 2277 ait
1476 2249 1665 2277 nosocomium
1700 2248 1877 2282 Sampsonis;

1085 2303 1149 2324 cum
1167 2296 1239 2323 dicat
1260 2302 1267 2321 ξ
1284 2306 1292 2321 ε
1307 2295 1396 2322 Ξενὼν
1413 2295 1460 2322 τοῦ
1481 2294 1601 2329 Σαμψὼν
1623 2295 1637 2319 ό
1654 2293 1740 2327 μέγας
1763 2292 1878 2326 nation,

1087 2343 1134 2369 καὶ
1155 2342 1294 2368 ἀπώλοντο
1313 2341 1338 2368 οὶ
1367 2342 1396 2367 ὲν
1413 2340 1487 2374 αὑτῷ
1516 2339 1691 2374 ἀνακείμεναι
1718 2339 1853 2374 ἄρρωστοι
1870 2344 1877 2351 “

1090 2387 1299 2414 Xenodochium
1335 2385 1496 2420 Sampsonis
1536 2392 1664 2419 magnum
1689 2384 1878 2420 conﬂagravit,

1089 2439 1199 2466 unaque
1218 2431 1326 2466 periere
1341 2431 1388 2466 qui
1407 2431 1434 2457 in
1450 2437 1484 2457 eo
1497 2434 1576 2458 erant
1591 2430 1704 2457 infirmi.
1727 2439 1738 2455 ι
1756 2430 1878 2464 Repara-

1090 2483 1148 2504 tum
1168 2482 1259 2504 autent
1278 2480 1306 2504 et
1323 2475 1518 2504 rea‘diﬂcatum
1532 2482 1547 2502 a
1562 2474 1718 2503 Iustiniano
1743 2475 1815 2502 haud
1831 2475 1879 2502 diu

1091 2526 1185 2558 postea
1201 2522 1289 2554 stetit,
1311 2522 1448 2557 siquidem
1465 2529 1537 2549 anno
1550 2528 1647 2548 xxxvii.
1655 2521 1778 2555 ejusdem
1791 2521 1879 2556 impe~

1091 2568 1188 2595 ratoris
1205 2576 1314 2595 rursum
1335 2567 1416 2598 arsit,
1434 2571 1464 2594 ut
1481 2566 1582 2594 scribit
1597 2566 1779 2602 Theophanes
1801 2572 1829 2595 et
1845 2575 1880 2594 ex

1089 2623 1123 2643 eo
1150 2615 1291 2643 Cedreuus
1312 2623 1320 2643 :
1343 2624 1353 2641 ι
1371 2613 1416 2649 Τῷ
1441 2614 1479 2647 λζ’
1505 2614 1559 2640 ἔτει
1572 2616 1682 2648 γέγονεν
1705 2614 1880 2648 ὲμπυρισμδς

1093 2661 1196 2696 μέγας,
1222 2661 1267 2687 καὶ
1296 2661 1399 2696 ἐκαύθη
1429 2660 1541 2692 τελείως
1575 2660 1591 2686 ό
1614 2659 1699 2692 ξενὼν
1730 2659 1776 2686 τοῦ
1807 2659 1882 2694 Σιμ-

1089 2707 1158 2742 ψών.
1203 2707 1281 2735 Anno
1307 2707 1476 2742 (Iustiniani)
1508 2714 1599 2734 nam
1632 2705 1733 2734 factum
1766 2709 1809 2732 est
1840 2704 1882 2732 in-

1092 2754 1220 2782 cendium
1236 2761 1374 2788 maguum.
1388 2758 1417 2781 et
1430 2752 1612 2788 conﬂagravit
1626 2752 1736 2787 penitus
1755 2752 1879 2780 xenodo-

1093 2801 1186 2827 chium
1209 2799 1378 2834 Sampsonis.
1399 2809 1408 2826 I
1426 2799 1557 2833 Quamvis
1572 2802 1667 2834 postea
1687 2799 1882 2826 recdiﬂcatum

1094 2850 1213 2873 ςοιιςιοι.

1131 2893 1172 2918 17.
1195 2891 1286 2924 Quare
1314 2891 1416 2918 frustra
1442 2889 1582 2925 redarguit
1603 2889 1707 2916 erroris
1727 2889 1882 2916 Cedrenum
