2170 3148
206 185 257 216 2⁵11

817 185 907 215 VITA
925 186 957 215 S.
979 184 1204 215 SAMPSONIS.

1773 188 1828 220 2'18

206 243 268 274 λεὺς
285 240 483 277 ὗπεραγασθεὶς
497 241 545 277 τὴν
561 240 661 276 ἀρετὴν
674 240 722 268 τοῦ
732 241 838 276 ἁνδρδς,
851 241 899 267 καὶ
913 240 993 271 σέϐας
1006 243 1030 271 Α
1046 241 1060 268 h

972 243 1030 271 ιςΑ
1046 241 1149 269 honore
1179 241 1299 273 babens,
1327 243 1471 269 maximam
1494 247 1522 270 et
1549 243 1684 271 celebrem
1717 237 1829 274 domum

208 287 281 321 αὐτῷ
296 287 447 322 ἀπονέμων,
467 286 513 312 τὸν
530 286 658 321 μέγιστον
672 283 746 313 οἷκον
762 287 809 312 καὶ
824 285 989 321 περιϐόητον

207 333 242 360 δι’
253 332 335 360 αὑτοῦ
346 332 500 367 ἀνεγείρας,
514 331 617 365 ξενῶνα
625 331 822 363 κατεσκεύασε,
836 331 883 358 καὶ
895 339 990 357 σκευο-

209 377 314 411 φὺλακα
328 377 376 412 τῆς
393 378 524 413 Μεγάλης
543 377 705 412 Ἐκκλησίας
720 377 766 403 τὸν
783 377 878 410 ’Λγιον
896 375 990 402 τοῦτον

210 422 382 458 κατέστησεν.
398 423 483 454 Αὐτὸς
500 423 529 449 δὲ
548 422 637 454 καλῶς
652 422 699 449 καὶ
717 421 847 455 θεοφιλῶς
866 421 991 447 πολιτευ-

208 468 334 502 σάμενος,
351 469 399 495 καὶ
415 469 523 500 πολλοῖς
538 469 667 503 πρόξενος
683 469 820 502 σωτηρίας
834 468 990 502 γενόμενος,

207 514 254 540 καὶ
282 513 398 545 πολλοὺς
422 514 491 549 πρὸς
518 513 599 548 ζῆλον
624 515 671 541 καὶ
698 514 815 549 μίμησιν
834 512 881 540 τοῦ
907 512 990 540 αὑτοῦ

207 560 373 594 ἀκραιφνοῦς
390 560 449 595 βίου
459 560 649 595 διαναστήσας,
664 561 722 586 ἐκεῖ
740 560 790 594 μὲν
806 558 990 590 ἀνεπαύσατο,

207 606 339 641 κατετέθη
351 606 379 633 δὲ
394 606 424 633 τὸ
441 607 530 642 τίμιον
542 607 626 633 αὐτοῦ
639 606 764 641 λείψανον
777 606 806 631 ὲν
817 605 856 640 τῷ
871 604 992 639 μεγίστῳ

204 652 262 686 νειῷ
279 652 326 678 τοῦ
337 653 417 686 ἁγίου
435 652 558 685 Μωχίου,
571 652 631 680 καθ’
646 652 765 686 ἑκάστην
781 647 862 685 βρύον
879 651 992 684 ίαματο-

206 698 276 733 φόρα
294 698 405 734 νάματα
425 699 465 730 είς
479 699 557 732 δόξαν
574 699 620 724 καὶ
633 695 707 725 αἶνον
721 697 840 732 Χριστοῦ
861 697 907 723 τοῦ
925 695 992 722 Θεοῦ

204 745 220 777 ἡ
225 743 293 777 μῶν.

237 790 282 817 25.
319 800 327 816 ι
351 790 468 818 Sanetus
483 790 528 818 ille
548 789 705 825 (Sampson)
718 797 820 825 genere
854 789 996 816 Romanus

204 839 274 861 erat.
300 834 351 862 llic
373 834 531 862 distributis
554 834 627 862 inter
649 842 784 869 pauperes
803 833 917 865 divitiis,
934 840 995 868 qua:

206 881 258 908 sibi
283 889 300 908 a
327 881 490 916 pereuntibus
517 885 596 908 erant
616 881 727 913 relictae,
741 880 775 907 ad
791 880 994 915 imperatoriam

1041 287 1127 321 ipsius
1154 294 1239 314 suasu
1260 286 1422 314 :edillcatam
1450 287 1478 314 in
1502 289 1704 317 xenodochium
1729 293 1828 320 erexit.

1040 333 1170 360 Sanctum
1187 337 1318 368 praeterea
1335 333 1497 368 supellectili
1508 341 1591 361 sacrae
1606 335 1718 370 majoris
1731 336 1828 365 Eccle-

1040 379 1087 406 sia:
1099 379 1230 414 pra-fecit.
1245 378 1369 406 Tandem
1385 383 1445 413 post
1464 378 1608 406 honestam
1625 381 1752 417 piamque
1764 391 1830 411 cou-

1042 425 1235 456 versationcm,
1254 428 1399 458 postquam
1412 424 1538 458 plurimis
1548 425 1644 452 salutis
1656 431 1751 454 auctor
1762 428 1830 455 luis.

1042 472 1093 499 set.
1110 469 1266 503 multosque
1295 469 1328 496 ad
1358 468 1448 496 zelum
1479 474 1507 496 et
1527 469 1589 496 vitae
1606 478 1662 497 sua:
1686 471 1831 505 inculpata:

1043 514 1225 542 imitationem
1251 514 1419 548 excitasset,
1442 515 1544 542 ibidem
1577 515 1694 549 quievit,
1727 516 1824 550 pretio-

1043 567 1158 593 sumque
1186 559 1272 594 ipsius
1295 567 1396 594 corpus
1421 561 1570 595 repositum
1594 565 1636 588 est
1661 561 1687 588 in
1712 562 1831 588 maximo

1044 604 1145 638 templo
1163 604 1192 631 S.
1210 604 1301 635 Mocii,
1321 605 1348 631 iu
1361 604 1422 632 dies
1436 605 1549 632 salutari
1564 606 1730 640 scaturigine
1740 606 1832 633 mede-

1043 651 1096 677 lam
1110 650 1215 677 morbis
1234 650 1363 682 all‘erens,
1382 650 1415 678 ad
1433 650 1542 677 laudem
1559 655 1586 678 ct
1601 651 1715 686 gloriam
1728 650 1830 678 Christi

1043 699 1091 726 Dei
1110 699 1229 733 nostri.)

1078 744 1123 771 ει.
1140 743 1226 779 Hujus
1241 750 1351 778 quoque
1375 743 1462 770 sancti
1486 743 1539 770 hoc
1553 743 1597 771 die
1615 750 1715 771 nomen
1731 743 1831 771 Inscri-

1045 794 1121 824 ptum
1136 789 1272 824 reperitur
1288 789 1452 817 Kalendario
1468 789 1579 824 Syriaco
1603 797 1650 817 seu
1670 789 1831 821 Chaldalco,

1045 834 1139 862 Romae
1154 834 1288 870 impresso
1302 842 1374 862 anno
1389 834 1467 865 1624,
1482 835 1556 869 quod
1581 835 1646 862 olim
1670 843 1742 862 anno
1766 835 1833 862 1662

1046 881 1142 908 Latine
1168 881 1287 908 reddidit
1316 881 1347 908 D.
1363 881 1507 916 Joseplius,
1523 881 1616 908 ltalice
1637 889 1704 908 vero
1731 881 1832 916 Symon

206 926 348 954 civitatem
366 927 452 958 venit,
466 931 549 962 atque
565 927 591 954 in
605 927 724 954 oratoria
741 931 768 954 et
785 926 913 953 basilicas
932 933 992 953 sese
1011 918 1030 944 Β
1046 927 1160 962 Moyses,
1175 927 1256 954 auibo
1270 927 1377 962 collegii
1393 927 1587 954 Maronitarum
1602 927 1717 954 alumni.
1746 927 1833 961 Hujus

207 973 353 1007 recipiens,
366 973 410 1008 pie
425 973 547 1000 locorum
560 973 670 1000 illorum
683 974 826 1000 sanctitate
838 972 991 1005 fruebatur,

206 1018 396 1053 privatamque
409 1023 491 1053 atque
504 1019 647 1046 obscuram
662 1019 764 1046 ducens
777 1019 872 1050 vitam,
887 1019 994 1046 divina-

207 1071 266 1089 rum
281 1064 486 1098 Scripturarum
504 1064 620 1092 lectione
631 1065 752 1092 animum
764 1064 930 1098 oblectabat,
941 1065 991 1092 soli

206 1108 262 1136 Deo
277 1109 400 1137 intentus
418 1118 424 1136 :
438 1110 511 1138 unde
529 1111 655 1146 cognitus
668 1119 682 1138 a
697 1111 859 1147 dignissimo
876 1112 995 1147 patriar-

202 1155 253 1182 cha
270 1155 349 1183 Mena
362 1156 397 1183 ab
407 1156 504 1184 eodem
514 1158 642 1184 sacerdos
653 1157 807 1190 ordinatur,
820 1158 910 1185 factus
923 1166 995 1185 unus

201 1209 233 1228 rx
246 1201 335 1229 clero.
351 1202 417 1230 Erat
429 1210 495 1230 vero
510 1207 608 1238 portus
623 1205 754 1232 salutaris
769 1205 939 1240 pauperibus
953 1210 994 1232 at-

200 1255 254 1281 que
274 1255 330 1283 ope
345 1247 542 1283 indigentibus.
563 1249 687 1284 Cumque
716 1249 755 1277 rei
783 1250 896 1277 medicae
918 1253 992 1277 esset

199 1293 321 1327 peritus,
336 1294 424 1329 ipsum
439 1295 522 1322 etiam
535 1295 729 1331 imperatorem
744 1295 928 1323 Iustinianum
942 1296 992 1322 itu-

198 1339 361 1367 medicabili
379 1340 476 1368 morbo
488 1341 658 1369 laborantem
674 1341 811 1374 liberavit.
825 1341 890 1368 lnde
904 1341 991 1375 impe-

199 1389 276 1413 rator
301 1386 452 1414 admiratus
475 1385 528 1413 viri
555 1386 696 1420 virtutem,
712 1394 830 1421 eumque
847 1395 946 1422 magno
963 1387 992 1414 in

212 1486 328 1495 -——\

1047 978 1177 1008 prmterea
1204 974 1331 1001 meminit
1362 973 1584 1008 Martyrologium
1618 972 1833 1008 Arabico-Egy-

1047 1020 1144 1054 ptium.
1162 1019 1234 1054 quod
1249 1027 1281 1047 ex
1292 1019 1408 1047 Arabico
1429 1019 1570 1046 transtulit
1584 1019 1677 1046 Gratia
1693 1019 1834 1046 Simonius

1047 1064 1190 1096 Maronita,
1206 1064 1381 1098 postmodum
1395 1064 1584 1098 Tripolitanus
1600 1064 1625 1090 in
1644 1063 1721 1099 Syria
1740 1063 1833 1090 archi-

1045 1111 1200 1145 episcopus.
1219 1111 1247 1138 ln
1264 1111 1315 1138 hoc
1336 1110 1530 1146 Martyrologio
1546 1115 1706 1144 sequentem
1731 1110 1834 1136 oratio-

1045 1165 1106 1183 nem
1131 1157 1215 1183 habet
1232 1165 1295 1184 cum
1311 1156 1340 1185 S.
1351 1157 1456 1185 Joanne
1470 1155 1692 1191 Eleemosynario
1709 1163 1834 1182 commu-

1045 1211 1107 1229 nem
1126 1212 1131 1229 :
1150 1212 1158 1228 ‹
1178 1202 1326 1231 Possedisti
1357 1203 1459 1235 omnia,
1485 1210 1501 1229 ο
1530 1202 1611 1229 Pater
1636 1206 1730 1229 sancte
1753 1201 1832 1228 Sam-

1045 1255 1125 1282 pson,
1149 1247 1214 1275 dum
1246 1249 1273 1275 in
1302 1248 1431 1276 onmibus
1456 1247 1531 1276 fuisti
1558 1256 1668 1283 semper
1692 1247 1832 1281 assiduus,

1046 1294 1137 1321 ditans
1147 1303 1291 1329 pauperes,
1309 1295 1437 1330 ipsosque
1452 1295 1575 1327 alens,et
1589 1295 1755 1326 sublevans;
1770 1302 1835 1329 pre-

1045 1348 1107 1368 care
1131 1341 1272 1368 Christum
1293 1342 1390 1375 Deum,
1405 1346 1435 1369 ut
1448 1342 1547 1370 liboret
1560 1341 1667 1369 animas
1682 1346 1802 1369 nostras.
1820 1351 1829 1367 ι

572 1579 686 1622 ΤΟΥ
722 1576 796 1622 ΕΝ
826 1578 1009 1633 ΑΓΙΟΙΣ
1048 1580 1266 1623 ΠΑΤΡΟΣ
1292 1582 1456 1626 ΗΜΩΝ

752 1682 1304 1787 ΣΑΜΣΩΝ

538 1836 752 1902 ΒΙΟΣ
803 1834 969 1900 ΚΑΙ
1021 1835 1497 1902 ΠΟΛΙΤΕΙΑ.

460 2042 545 2131 S.
627 2045 726 2129 P.
791 2045 890 2133 N.
959 2044 1561 2136 SAMPSONIS

582 2206 754 2264 VITA
796 2207 886 2263 ET
925 2205 1437 2265 CONVERSATIO

920 2403 1057 2432 PROLOG
1063 2403 1082 2431 υ
1087 2403 1115 2431 S.

241 2481 283 2506 A'.
308 2479 388 2506 Ἀλλὰ
409 2478 463 2513 μὴν
477 2479 588 2514 χάριτος
606 2480 686 2515 ἔργον
710 2479 756 2506 καὶ
772 2479 931 2514 θεραπείας,
948 2478 998 2514 τῆς
1011 2487 1032 2515 C
1086 2481 1096 2507 Ι

979 2487 998 2514 ις
1011 2487 1032 2515 c
1086 2481 1106 2507 l.
1121 2480 1224 2508 Partim
1234 2480 1345 2515 quidem
1362 2488 1458 2516 magno
1473 2480 1615 2516 Sampsoni
1628 2480 1836 2516 gratitudiucm.

204 2528 276 2563 πρὸς
297 2526 343 2553 τὸν
363 2526 449 2562 μέγαν
463 2526 582 2561 Σαμψὼν
598 2525 811 2560 ἐκπληροῦντες,
827 2525 885 2560 ἃμα
899 2525 927 2551 δὲ
946 2525 994 2551 καὶ

205 2573 313 2610 μέμψιν
330 2572 378 2607 τὴν
394 2573 424 2605 ἐξ
438 2573 590 2608 ἀνθρώπων
608 2571 788 2604 ἐκκλίνοντες,
803 2572 843 2603 εἰς
862 2571 908 2598 τὸν
922 2580 994 2607 παρ-

205 2621 274 2646 όντα
298 2619 376 2653 λόγον
406 2618 568 2654 καθήκαμεν
594 2617 717 2649 ἑαυτοὺς,
746 2618 791 2644 καὶ
815 2617 860 2643 τὸν
888 2617 992 2643 ἐκείνου

205 2664 391 2696 συντάξασθαι
407 2664 463 2699 βίον
479 2664 658 2700 εὐγνωμόνως
675 2663 843 2699 ὑπέστημεν.
866 2663 920 2690 Καὶ
937 2663 994 2694 πῶς

205 2711 264 2745 γὰρ
279 2710 310 2736 οὺ
323 2710 424 2746 μέμψις
439 2710 550 2744 εὕλογος
567 2712 614 2737 καὶ
628 2710 729 2741 δικαία,
744 2710 767 2736 εἰ
781 2709 886 2736 πολλῶν
895 2709 996 2744 ἐτέρων

205 2757 307 2790 ἁγίων,
327 2757 380 2783 τῶν
396 2757 445 2791 μὲν
460 2757 616 2792 μαρτύρων,
627 2756 681 2782 τῶν
697 2756 725 2782 δὲ
739 2757 785 2782 καὶ
799 2755 885 2786 ἄλλως
901 2755 998 2790 εὐαρε-

207 2802 352 2836 στηχότων
369 2802 440 2837 Θεῷ,
461 2803 514 2830 τῶν
529 2803 579 2838 μὲν
596 2802 693 2834 ἄθλους
708 2803 753 2828 καὶ
770 2803 879 2833 πόνους,
891 2801 945 2827 τῶν
969 2801 997 2828 δὲ

199 2849 258 2876 ,καὶ
277 2847 350 2882 βίους
365 2848 412 2875 καὶ
427 2848 540 2883 πράξεις
558 2849 630 2875 κατὰ
651 2849 770 2884 σπουδὴν
790 2847 997 2882 συνταξάμενοι,

208 2894 306 2922 ntimo
318 2895 350 2929 δὴ
370 2894 416 2922 τοῦ
434 2895 551 2930 μεγάλου
568 2894 687 2930 Σαμψὼν
703 2894 864 2930 φαινοίμεθα
888 2894 993 2921 κατολι-

1046 2530 1073 2554 et
1091 2527 1196 2554 cultum
1214 2527 1528 2559 debltumexhibentcs,
1544 2527 1644 2561 partim
1672 2530 1765 2553 autem
1785 2526 1836 2553 ho-

1047 2573 1151 2600 minum
1172 2573 1273 2608 justam
1294 2573 1412 2601 vitantes
1435 2572 1692 2608 reprehensionem,
1713 2572 1747 2599 ad
1766 2571 1838 2598 hanc

1045 2620 1211 2648 accessimus
1237 2619 1412 2652 orationem,
1437 2623 1465 2647 et
1486 2619 1560 2646 illius
1586 2618 1737 2646 scribenda:
1766 2617 1837 2644 Vita:

1045 2674 1116 2693 onus
1139 2666 1258 2693 libenter
1287 2665 1471 2699 suscepimus.
1499 2663 1644 2697 Quomodo
1668 2663 1742 2690 enim
1780 2669 1836 2689 non

1043 2712 1149 2746 optimo
1166 2711 1228 2746 jure
1250 2710 1528 2745 reprcltenderemur,
1552 2709 1586 2741 si,
1609 2709 1656 2743 qui
1683 2707 1834 2734 multorum

1044 2755 1160 2783 aliorum
1175 2759 1345 2785 sanctorum,
1361 2759 1418 2781 tum
1436 2758 1598 2790 martyrum,
1613 2758 1670 2781 tum
1685 2753 1765 2780 aliter
1779 2753 1835 2779 lien

1045 2801 1222 2836 placitorum,
1247 2801 1357 2828 illorum
1374 2801 1485 2836 quidem
1501 2800 1610 2827 labores
1625 2805 1653 2827 et
1672 2800 1833 2828 certamina.

1045 2848 1141 2874 horum
1159 2855 1226 2874 vero
1251 2847 1333 2873 vitam
1359 2852 1387 2874 et
1412 2855 1456 2874 res
1481 2852 1573 2882 gestas
1598 2848 1745 2882 diligenter
1768 2854 1835 2872 cou-

1045 2893 1216 2927 scripsimus.
1248 2892 1321 2920 hunc
1344 2900 1471 2928 magnum
1494 2894 1670 2928 Sampsouctu
1695 2891 1837 2919 videamur
