2170 3148
129 156 181 189 281

745 156 764 184 Υ
771 155 832 185 [TA
855 155 887 184 S.
911 152 1139 183 SAMPSONIS.

1700 148 1752 179 28:)

129 223 203 245 τινος
218 214 328 249 ἡδίστης
347 213 448 248 τροῳῆς
459 212 586 248 ἐμμελῶς
597 211 696 247 εἴχετο,
709 213 756 238 καὶ
770 211 803 237 δι’
820 211 910 244 ὀλίγου
927 213 948 239 Α
964 218 986 244 ῳ

892 219 910 236 .υ
927 213 948 239 Α
964 218 1046 244 quam
1059 208 1263 245 iucundissimo
1276 209 1339 235 cibo
1362 209 1386 235 ei
1406 208 1557 243 diligenter
1582 206 1749 234 adhaerebat

131 259 199 294 πρὸς
212 260 300 285 πᾶσαν
315 258 402 293 αὐτῆς
417 258 467 291 τὴν
482 258 583 292 γνῶσιν
598 258 721 292 ἀφίκετο.
733 257 809 292 Μηδὲ
825 258 913 290 lupt-

130 306 191 338 κῆτ,
207 304 256 338 τῆς
279 303 470 339 φιλανθρώπου
491 304 600 339 τέχνης,
619 305 633 330 ὁ
656 303 913 338 φιλανθρωπότατος

130 352 278 386 ἀμελήσας.
297 350 379 378 Ἀλλὰ
397 351 444 377 καὶ
457 351 525 385 αὐτῇ
543 350 695 384 φιλοπόνως
710 349 912 383 προσενεχθεὶς,

129 397 175 423 καί
190 405 230 423 τοι
248 397 327 431 ὀλίγα
346 397 395 431 μὲν
412 397 516 432 ὑπῆρχε
537 398 570 431 τῇ
586 397 669 431 τέχνῃ
686 396 835 431 χρώμενος,
858 395 913 421 τῶν

127 442 150 468 δ’
166 442 254 469 ἄλλων
266 442 424 478 παρεχώρει
442 443 480 478 τῷ
497 442 619 477 οεουργῷ
637 442 685 476 τῆς
706 442 817 477 χάριτος
833 441 913 475 νοσή-

130 496 203 522 ματα
229 489 278 514 καὶ
296 489 370 523 πάθη
381 489 479 515 ἀνίατα
499 487 670 523 θεραπεύων,
688 488 735 514 καὶ
749 488 787 519 ὼς
807 487 912 521 προκά-

127 535 224 568 λυμμα
237 534 286 569 τῆς
298 536 409 569 χάριτος
422 535 569 571 ἐπιχειρῶν
584 536 617 570 τῇ
631 534 715 570 τέχνῃ
728 534 772 560 διὰ
786 541 899 560 ταπεινο

129 579 266 614 φροσύνης
280 581 330 606 ὑπε
335 580 443 615 ρόολήν.

164 669 200 696 I".
220 670 264 701 Ὠς
284 670 312 696 δὲ
336 670 382 697 καὶ
400 671 423 696 οἱ
441 670 559 706 πατέρες
577 669 661 697 αὑτοῦ
683 670 728 697 τὸν
744 670 800 705 βίον
816 669 913 696 ἀπέλι-

129 723 189 747 πον,
206 715 255 742 οὐκ
279 715 318 742 ἔτι
338 716 442 750 μέλλων
464 714 508 752 ἦν,
529 717 583 742 οὐδ’
602 716 831 751 ἀναϐαλλόμενος,
855 716 914 742 ἀλλ’

127 761 164 792 ὡς
188 761 286 796 καιροῦ
306 761 454 796 λαϐόμενος
474 762 638 798 ἐπιτηδείου,
655 763 702 789 ἇτε
720 762 834 797 μηδενὸς
860 762 913 788 ὑπ-

128 806 257 841 άρχοντος
278 807 324 834 τοῦ
346 808 524 840 κωλύσοντος,
538 809 574 835 τὰ
595 809 665 836 κατὰ
678 808 791 844 γνώμην
814 809 912 840 ἐποίει,

129 853 175 877 καὶ
198 852 312 878 πλούτου
333 853 382 886 μὲν
395 853 516 887 φθαρτοῦ
537 854 582 880 καὶ
607 855 775 889 προσκαίρου
798 854 913 880 πλοῦτον

128 894 238 921 αἰώνιον
253 896 451 931 ἀπηλλάττετο
475 898 544 924 κατὰ
558 899 607 932 τὴν
623 898 697 924 θείαν
713 898 759 925 τοῦ
773 899 910 925 Δεσπότου
927 890 949 918 Β

126 940 229 975 φωνὴν,
248 942 263 975 ἢ
278 942 311 967 τὰ
324 942 482 977 ὑπάρχοντα
498 943 624 977 πωλῆσαι
642 943 746 970 κελεύει
764 945 809 970 καὶ
822 952 911 977 παρα-

125 988 199 1021 σχεῖν
222 987 418 1023 ἐλεημοσύνην,
442 989 565 1016 ὲπκτεῦοέν
588 999 617 1017 τε
643 990 773 1025 βαλάντια
803 991 839 1027 μὴ
857 1001 908 1018 πα-

123 1033 271 1067 λαιούμενα
295 1035 459 1070 κτήσασθαι.
490 1036 589 1062 Ἐδίδου
611 1037 639 1063 δὲ
660 1037 706 1063 τὸν
725 1038 850 1071 πλοῦτον,
878 1039 909 1065 οὐ

123 1080 196 1106 κατὰ
223 1081 321 1115 μικρὸν
361 1081 421 1107 οὐδὲ
452 1081 628 1116 φειδομένως,
657 1081 718 1108 οὔτε
755 1083 809 1117 μὴν
839 1083 909 1109 κατὰ

123 1126 249 1159 στράγγα
270 1127 351 1161 ῥέων,
366 1127 433 1154 ἀλλα
453 1130 498 1154 καὶ
517 1128 576 1154 λίαν
590 1128 673 1164 χύδην
689 1129 736 1154 καὶ
747 1128 907 1163 ἀνειμένως,

122 1171 225 1204 ἀμφοῖν
248 1173 361 1206 χειροῖν,
377 1172 407 1198 τὸ
426 1173 474 1199 τοῦ
493 1173 584 1207 λόγου,
601 1175 669 1208 πρὸς
684 1174 734 1205 τὰς
757 1173 811 1200 τῶν
826 1174 909 1208 πενή-

121 1225 176 1242 των
206 1217 222 1252 ἢ
250 1218 405 1245 πεινώντων
430 1219 574 1246 ἀπαντλῶν
599 1220 744 1254 γαστέρας,
764 1219 809 1246 καὶ
829 1219 908 1246 τοῦτο

120 1263 171 1296 οὐχ
183 1262 267 1294 ἅπαξ,
279 1263 339 1289 οὐδὲ
353 1263 404 1295 δὶς,
420 1264 488 1291 ἀλλὰ
501 1265 544 1291 διὰ
561 1265 663 1295 παντὸς
677 1265 723 1290 τοῦ
739 1264 797 1298 βίου
813 1264 905 1291 ποιεύ-

123 1316 204 1340 μενος
217 1316 224 1323 ’
235 1309 375 1342 ἡλικιῶτις
391 1310 444 1343 γὰρ
458 1310 531 1344 αὺτῷ
547 1311 594 1336 καὶ
611 1309 760 1344 σύντροφος
782 1310 846 1344 ἄχρι
867 1310 903 1335 τέ.

121 1353 184 1382 λους
197 1353 214 1388 ἡ
231 1353 410 1388 ἐλεημοσύνη.
427 1355 482 1386 Τὰς
500 1355 528 1381 δὲ
541 1355 596 1381 τῶν
611 1355 713 1381 δούλων
732 1355 831 1388 ἀγέλας
849 1355 910 1381 οὐκ-

121 1399 163 1424 έτι
188 1398 280 1432 μένειν
304 1398 370 1432 παρ’
383 1399 472 1433 ἑαυτῷ
489 1399 578 1432 ἠξίου,
597 1399 657 1425 οὐδὲ
680 1399 734 1426 τῶν
755 1399 909 1434 ὁμοδούλων

121 1443 307 1479 ὑπερηφάνως
323 1443 384 1470 κατ’
394 1443 548 1476 αὺοεντίαν,
561 1444 619 1471 ἀλλ’
635 1445 792 1480 ἐλευθερίας
806 1445 908 1480 μᾶλλον

120 1489 240 1523 εὐγενῶς
259 1489 348 1523 ἠξίου,
363 1489 510 1524 αὐτάρκεις
531 1490 624 1521 αὐτοῖς
638 1490 766 1525 παρέχων
790 1491 838 1518 καὶ
859 1490 907 1522 τὰς

121 1535 190 1567 πρὸς
204 1535 233 1560 τὸ
247 1534 297 1570 ζῇν
315 1535 453 1568 ἀφορμάς.
468 1534 499 1561 Τί
516 1535 570 1570 γὰρ
585 1535 671 1562 ἐδεῖτο
688 1537 737 1570 τῆς
754 1537 782 1569 ἐξ
802 1535 907 1571 ἀνορὼο

121 1589 180 1608 πων
192 1581 314 1612 δουλείας
332 1582 345 1607 ὁ
358 1581 450 1607 δοῦλον
467 1581 562 1607 ἑαυτὸν
572 1582 611 1617 τῷ
627 1582 719 1617 Κυρίῳ
733 1583 841 1617 γνήσιον
854 1583 891 1616 ἀφ
900 1597 907 1601 -

122 1628 322 1661 οσιωσάμενος;
336 1627 413 1653 Οὕτω
424 1627 489 1662 γοῦν
502 1628 565 1662 περὶ
581 1628 614 1654 τὰ
627 1628 690 1654 ὄντα
702 1628 845 1660 διατεθεὶς,
855 1628 907 1654 τῶι

123 1674 301 1708 προσκαίρων
323 1675 368 1700 καὶ
379 1674 459 1700 οἱονεὶ
478 1674 588 1710 δεσμῶν
605 1683 685 1702 τινων
705 1675 826 1709 ἀναθεὶς,
843 1674 908 1701 κοῦ-

123 1728 173 1753 φος
187 1718 220 1753 ἦν
236 1720 355 1754 ατεχνῶς
370 1720 417 1746 καλ
432 1719 558 1752 εὔζωνος,
569 1721 617 1747 καὶ
628 1721 667 1755 τῷ
682 1720 723 1746 ἑνὶ
737 1721 787 1755 μὲν
802 1721 907 1755 χιτῶνι,

124 1764 165 1790 ἑνὶ
184 1765 212 1790 δὲ
232 1764 285 1790 τῶν
296 1765 409 1791 οἰκετῶν
424 1765 602 1800 ἀρκούμενος.
621 1764 688 1792 Εἶτα
709 1767 757 1792 καὶ
770 1765 820 1800 τὴν
841 1766 908 1792 Ῥώ-

126 1818 180 1845 μην
193 1810 333 1837 ἀπολιπὼν
347 1811 360 1838 ὁ
372 1811 514 1843 Γεννάδας,
527 1812 594 1846 πρὸς
608 1812 657 1847 τὴν
667 1812 730 1839 νέαν
741 1813 842 1847 ταύτην
856 1813 904 1847 ἁφ-

125 1858 241 1882 ικνεῖται
264 1856 383 1891 Ῥώμην,
397 1856 445 1891 τὴν
463 1857 509 1884 τοῦ
531 1858 604 1884 θείου
619 1858 836 1890 Κωνσταντίνου,
857 1867 909 1893 φη-

125 1901 174 1936 μί’
192 1901 239 1935 ἀφ’
259 1899 293 1936 ἧς
316 1902 366 1936 μὲν
383 1903 472 1935 αίτίας
491 1904 612 1939 κινηθεὶς
636 1904 705 1939 πρὸς
724 1903 803 1930 τοῦτο
818 1903 909 1938 λέγειν

122 1947 173 1972 οὐκ
185 1946 255 1981 ἐχω-
272 1947 342 1982 πλὴν
363 1948 413 1975 οὐκ
439 1948 514 1975 ἀθεεὶ
540 1949 659 1981 πάντως,
674 1949 728 1975 οὐδ’
744 1949 909 1982 ἀλυσιτελῶς

121 1993 155 2027 τῇ
172 1992 288 2028 λαμπρᾷ
303 1993 389 2029 ταύτῃ
411 1995 455 2020 καὶ
476 1994 593 2028 βασιλίδι
610 1995 666 2021 τῶν
684 1995 787 2021 πόλεων
802 1995 909 2031 ἐνδεδτι·

124 2037 232 2072 μηκὼς,
275 2038 320 2064 καὶ
334 2039 362 2065 τὸ
381 2040 453 2074 ἱερὴν
470 2040 551 2066 αὑτοῦ
569 2041 743 2067 ὲναπόκειται
758 2041 849 2075 σῶμα,
861 2042 910 2076 θη-

125 2084 224 2118 σαυρὸς
247 2084 355 2116 ἄσυλος,
371 2084 485 2117 πλοῦτος
502 2086 648 2119 ἀδάπανος,
666 2088 826 2122 νοσημάτων
840 2089 909 2116 πάνυ

122 2138 177 2156 των
189 2130 371 2164 ἀλεξιτήριον.

157 2178 193 2203 Δ’.
220 2177 249 2206 ΤΟ
267 2177 331 2210 γοῦν
350 2177 386 2204 τὰ
402 2177 491 2204 πάντα
513 2178 598 2213 μέγας
619 2178 739 2214 Σαμψὼν
759 2180 807 2215 τὴν
825 2180 909 2215 μεγά-

965 262 993 283 et
1011 257 1084 282 brevi
1109 261 1231 290 tempore
1254 254 1328 281 venit
1347 254 1379 280 ad
1406 262 1515 281 omnem
1533 254 1593 288 ejus
1614 252 1753 288 cognitio-

965 310 1038 329 nent.
1068 302 1167 328 Verum
1199 308 1261 328 cum
1292 307 1381 334 neque
1407 300 1583 330 medicinam.
1616 307 1677 334 quze
1707 306 1753 325 ars

965 348 1043 375 valde
1058 348 1187 374 conducit
1213 347 1338 373 humanae
1365 345 1456 375 saluti,
1476 345 1518 370 vir
1539 345 1754 371 humanissimus

964 394 1138 428 neglexisset,
1168 393 1215 420 sed
1233 400 1262 419 se
1288 392 1372 419 etiam
1395 391 1420 417 ei
1448 391 1595 425 diligenter
1619 391 1752 422 dedisset,

964 439 1015 466 etsi
1036 444 1095 465 arte
1112 446 1209 472 parum
1233 437 1382 464 admodum
1407 436 1440 462 ad
1466 441 1600 470 quaestum
1619 436 1655 462 sit
1675 443 1752 467 usus.

965 485 991 512 in
1013 485 1181 519 pauperibus
1205 489 1296 511 tamen
1319 483 1403 510 cessit
1425 482 1526 509 divinae
1550 481 1645 516 gratiae
1673 482 1754 507 mini-

964 531 1060 563 sterio,
1079 530 1190 557 nmrbos
1202 536 1304 557 curans
1327 528 1555 556 immedicabiles.
1572 532 1601 554 ct
1624 531 1753 561 tanquam

963 578 1057 611 gratia:
1072 577 1226 604 velamento
1241 579 1300 602 arte
1319 580 1398 602 utens
1419 580 1532 609 propter
1555 580 1689 600 summam
1705 573 1755 598 bu-

965 621 1121 648 utilitatem.

1000 667 1044 694 Ill.
1060 668 1208 702 Postquam
1229 672 1320 694 autem
1339 667 1400 701 ejus
1413 670 1542 700 parentes
1562 672 1577 692 e
1592 665 1647 692 vita
1661 673 1756 691 ures-

964 713 1073 744 sissent.
1087 721 1140 740 non
1159 713 1276 747 amplius
1294 712 1488 742 cunctabatur,
1516 718 1567 738 nec
1588 710 1752 742 diﬂerebat;

964 761 1011 788 sed
1029 766 1092 795 apta
1110 768 1176 787 usus
1191 759 1347 791 occasione,
1362 763 1458 794 utpote
1473 758 1547 793 quod
1572 758 1664 785 nullus
1679 762 1753 784 esset

965 806 1164 841 prohibiturus,
1181 813 1212 832 ea
1230 805 1360 838 faciebat,
1381 812 1443 839 qua:
1463 804 1516 832 sibi
1532 804 1709 835 videbantur,
1725 809 1754 831 et

965 852 1062 879 breves
1091 857 1282 886 periturasque
1319 851 1431 878 divitias
1460 851 1654 878 commutabat
1689 858 1753 877 cum

963 899 1084 929 aeternis,
1101 898 1293 932 obtemperans
1305 897 1365 924 voci
1382 898 1543 930 Duminicaa,
1556 897 1666 932 jubenti
1682 905 1752 923 ven-

964 945 1030 972 dere
1043 952 1074 971 ca
1088 952 1149 978 quae
1162 944 1225 978 quis
1236 944 1329 976 habet,
1340 947 1370 970 et
1383 944 1507 979 praebere
1520 944 1722 978 elcemosynam
1732 945 1751 976 ',

963 997 986 1017 e'
1010 990 1075 1017 hinc
1090 997 1184 1024 parare
1197 997 1351 1021 crumenas,
1366 998 1426 1024 quae
1440 990 1553 1016 minime
1566 993 1751 1017 vetcrascun'.

966 1037 1049 1063 Dabat
1066 1044 1129 1062 vero
1144 1043 1210 1070 opes
1223 1043 1278 1062 non
1291 1043 1382 1070 parce,
1398 1035 1481 1070 idque
1499 1043 1550 1062 nec
1566 1036 1686 1062 tenuiter
1701 1043 1753 1062 nec

963 1083 1090 1117 guttatim
1107 1081 1253 1112 distillans,
1270 1081 1318 1108 sed
1332 1080 1443 1115 profuse
1458 1081 1608 1108 admodum
1623 1087 1651 1107 ct
1667 1082 1751 1115 large,

962 1129 1105 1159 ambabus,
1132 1133 1162 1154 ut
1186 1128 1298 1160 dicitur,
1321 1127 1449 1155 manibus
1476 1126 1623 1154 effundens
1646 1128 1673 1153 in
1688 1134 1754 1153 vcn-

963 1179 1018 1200 tres
1034 1181 1197 1208 pauperum,
1210 1177 1258 1200 Iut
1269 1172 1467 1204 esurientium;
1486 1172 1569 1206 idque
1585 1179 1639 1199 non
1657 1171 1752 1202 semel,

962 1224 1010 1246 aut
1026 1219 1079 1251 bis,
1096 1219 1143 1246 sed
1159 1226 1209 1254 per
1220 1223 1304 1245 totam
1324 1219 1405 1246 vitam
1423 1226 1430 1244 :
1452 1222 1569 1245 cunnala
1594 1217 1667 1244 enim
1690 1224 1753 1244 cum

963 1265 1023 1300 ipso
1040 1269 1068 1292 et
1091 1266 1249 1292 connutrita
1270 1273 1357 1299 usque
1379 1265 1412 1291 ad
1430 1269 1546 1291 mortem
1561 1264 1613 1290 fuit
1634 1263 1754 1290 eleemo-

962 1319 1040 1346 syna.
1068 1312 1217 1338 Servorum
1252 1317 1343 1338 autem
1367 1318 1463 1345 greges
1492 1310 1603 1337 nolebat
1635 1310 1753 1344 amplius

962 1358 1034 1392 apud
1050 1365 1078 1384 se
1095 1364 1218 1387 manere,
1245 1365 1334 1390 neqtle
1358 1357 1384 1383 iu
1410 1364 1504 1383 servos
1528 1357 1568 1383 uti
1592 1360 1753 1390 arroganter

963 1403 1079 1438 imperio
1095 1411 1101 1430 :
1118 1402 1166 1430 sed
1182 1402 1275 1437 potius
1290 1401 1420 1428 libertate
1435 1401 1553 1436 ingenue
1575 1400 1752 1434 dignabatur,

962 1450 1003 1477 eis
1025 1448 1136 1476 abunde
1159 1447 1295 1482 praebens.
1319 1446 1394 1481 quod
1418 1446 1453 1473 ad
1475 1446 1577 1473 victum
1601 1445 1752 1473 sulliceret.

961 1495 1031 1529 Quid
1048 1495 1121 1522 enim
1134 1495 1159 1522 ei
1171 1502 1241 1529 opus
1251 1499 1311 1521 erat
1330 1495 1466 1520 servitute
1480 1492 1635 1524 hominum,
1653 1492 1700 1526 qui
1723 1498 1753 1518 se

962 1550 1056 1570 verum
1076 1545 1104 1570 et
1117 1548 1275 1576 germanum
1300 1547 1410 1567 servum
1435 1539 1551 1567 Domino
1573 1545 1753 1565 consecrare.

963 1588 1023 1616 rat?
1036 1587 1082 1615 Sic
1096 1588 1189 1622 itaque
1212 1594 1277 1621 erga
1298 1585 1444 1613 facultates
1467 1585 1594 1616 allectus,
1615 1584 1752 1618 rebusque

961 1634 1159 1669 temporalibus
1174 1638 1304 1667 tauquam
1324 1632 1443 1659 vinculis
1455 1637 1565 1663 exutus,
1580 1635 1639 1657 erat
1655 1637 1752 1657 revera

960 1680 1028 1708 levis
1043 1685 1071 1707 ct
1088 1681 1240 1711 accinctus,
1259 1683 1288 1706 et
1303 1686 1357 1705 una
1374 1678 1484 1712 quidem
1500 1678 1604 1708 tunica,
1621 1684 1677 1703 uno
1701 1684 1752 1703 au-

962 1730 1015 1753 tem
1030 1726 1135 1753 famulo
1159 1729 1319 1753 contentus.
1345 1724 1449 1751 Deinde
1475 1723 1561 1750 Roma
1585 1723 1682 1750 relicta
1706 1722 1752 1749 hic

961 1773 1002 1800 vir
1028 1772 1156 1808 egregius
1180 1773 1206 1798 in
1232 1771 1303 1798 hanc
1329 1778 1427 1798 novam
1454 1770 1528 1796 venit
1551 1770 1684 1800 Romam,
1710 1769 1752 1795 di-

959 1820 1028 1851 vini,
1043 1821 1167 1853 inquam,
1194 1817 1367 1845 Constantini
1392 1817 1542 1843 civitatem.
1567 1817 1655 1850 Atque
1677 1823 1752 1850 qua:-

960 1874 1023 1893 nam
1041 1865 1153 1901 quidem
1178 1859 1240 1891 eum
1263 1871 1345 1890 causa
1369 1862 1548 1897 permoverit,
1575 1869 1749 1896 nequaquam

960 1919 1070 1947 possum
1085 1912 1186 1938 dicere.
1209 1910 1261 1937 Sed
1290 1916 1345 1936 non
1370 1909 1429 1935 sine
1453 1909 1498 1935 Dei
1521 1909 1644 1939 numine,
1662 1915 1752 1942 neque

960 1958 1073 1986 omnino
1093 1957 1230 1984 inutiliter
1250 1959 1378 1983 versatus
1403 1955 1430 1981 in
1458 1954 1508 1980 bac
1533 1954 1606 1988 regia
1631 1958 1673 1980 est
1687 1953 1752 1980 civi~

960 2009 1025 2036 tate,
1039 2004 1066 2030 in
1080 2011 1133 2038 qua
1148 2006 1190 2030 est
1201 2003 1283 2029 etiam
1305 2008 1414 2027 sacrum
1441 2000 1501 2035 ejus
1525 2006 1626 2033 corpus
1643 1998 1752 2034 reposi-

961 2056 1040 2083 tum,
1081 2051 1229 2077 thesaurus
1269 2051 1482 2078 sacrosanctus,
1526 2045 1649 2075 divitia,
1689 2052 1751 2079 qua:

959 2097 1073 2125 minime
1090 2099 1302 2127 consumuntur,
1329 2093 1453 2120 omnium
1477 2091 1638 2119 morborum
1661 2098 1751 2118 reme-

959 2145 1045 2172 diuiti.

993 2191 1037 2218 IV.
1056 2191 1106 2219 Hic
1130 2200 1195 2227 ergo
1220 2191 1295 2219 omni
1320 2198 1352 2217 ex
1372 2193 1449 2224 parte
1468 2195 1582 2223 magnus
1603 2186 1750 2221 Sampson,

122 2223 172 2259 λην
192 2223 270 2257 τήνδε
292 2224 369 2250 πόλιν
390 2225 562 2257 καταλαϐὼν,
592 2226 621 2251 ὲν
647 2226 754 2261 σμικρᾷ
778 2227 828 2261 μέν
852 2235 907 2254 τινι
923 2232 975 2264 Dc

890 2236 907 2254 ἰ
923 2232 1023 2264 Deum
1051 2238 1084 2264 ad
1110 2238 1179 2265 hanc
1204 2237 1373 2272 pervenisset
1401 2235 1553 2266 civitatem,
1576 2233 1602 2259 in
1630 2233 1747 2266 quadam

123 2271 213 2305 φαύλῃ
227 2271 319 2304 διῆγεν
333 2271 415 2306 οἰκίᾳ,
431 2271 460 2297 ὲν
475 2272 503 2297 δὲ
516 2271 555 2306 τῷ
572 2272 685 2307 πλησίον
705 2272 837 2307 κήδεσθαι
859 2281 906 2298 πο-

122 2316 169 2347 λὺς
184 2314 217 2350 ἦν
229 2323 236 2330 ·
251 2317 301 2351 τὴν
316 2317 371 2351 γὰρ
383 2318 473 2344 οἰκίαν
488 2317 589 2352 ταύτην
605 2317 811 2352 φιλανθρωπίας
840 2318 907 2344 ὑπό-

124 2362 198 2388 θεσιν
214 2362 261 2389 καὶ
281 2363 398 2396 ἰατρεῖον
421 2362 537 2397 ἄμισθον
551 2364 745 2398 ποιησάμενος,
759 2364 821 2395 τοὺς
838 2364 909 2399 νόσῳ

124 2407 304 2442 πιεζομένους
321 2407 432 2440 ξενίζων
445 2406 478 2443 ἦν
492 2410 538 2435 καὶ
558 2409 728 2444 φιλαδέλφως
742 2410 907 2445 ὑποδεχόμε-

123 2462 180 2486 νος.
197 2453 296 2489 καὶμὴ
318 2453 396 2489 μόνον
419 2454 576 2488 ἆπιμελείας
598 2455 681 2488 ἀξιῶν
697 2457 798 2492 πάσης,
813 2457 907 2493 ὥσπερ

122 2501 146 2527 o‘.
160 2501 208 2536 τῆς
225 2499 323 2534 τέχνης
336 2499 475 2535 βούλονται
488 2500 576 2534 νόμοι,
591 2501 658 2528 ἀλλὰ
674 2502 720 2529 καὶ
734 2503 838 2538 τροφῆς
850 2512 908 2530 κοιο

124 2546 218 2574 νωνῶν
231 2547 278 2574 καὶ
297 2546 455 2582 στρωμνῆς,
471 2546 626 2579 ἀκολούθως
648 2549 707 2576 ταῖς
729 2549 775 2575 τοῦ
789 2549 907 2584 Χριστοῦ

125 2592 255 2624 ἐντολαῖς,
277 2592 325 2618 καὶ
346 2591 425 2618 τοῦτο
454 2592 503 2627 μὲν
523 2593 558 2619 τὰ
580 2595 629 2626 τῆς
653 2594 760 2628 τέχνης,
776 2595 855 2621 τοῦτο
880 2595 908 2622 δὲ

127 2638 226 2672 μᾶλλον
239 2639 285 2665 καὶ
301 2638 334 2664 τὰ
353 2639 402 2672 τῆς
415 2639 527 2674 χάριτος
541 2639 754 2674 ἐνδεικνύμενος.
784 2641 838 2668 Ποῦ
855 2642 909 2677 γὰρ

124 2683 222 2718 τέχνης
237 2683 316 2718 ἔργον
330 2684 459 2719 δαίμονας
471 2685 645 2717 ἀπελαύνειν,
659 2687 704 2712 καὶ
720 2687 815 2713 παθῶν
832 2688 907 2714 ἀνιά-

123 2737 177 2755 των
196 2728 414 2764 Θαυματουργεῖν
432 2730 515 2763 ἴασιν,
533 2730 550 2757 ἃ
572 2732 669 2766 ἐκείνῳ
688 2733 795 2767 δρᾶσαι,
808 2730 854 2759 οἶα
873 2734 905 2767 δὴ

123 2777 168 2802 καὶ
191 2777 220 2802 τὸ
241 2776 353 2811 θελῆσαι
366 2777 455 2812 ῥᾴδιον
476 2779 522 2804 καὶ
540 2777 649 2811 ἁπλῶςς
662 2779 759 2806 ’Λλλου
777 2779 825 2813 μὲν
843 2780 905 2807 ἄλλο

157 2871 164 2885 ¹
181 2869 274 2897 Matth.
290 2877 344 2896 xu.

960 2291 1043 2318 parra
1062 2288 1089 2309 et
1103 2284 1199 2309 humili
1216 2283 1298 2309 domo
1314 2281 1470 2312 habitabat,
1490 2280 1517 2306 in
1541 2278 1659 2313 proximi
1684 2285 1749 2303 cura

959 2328 1077 2363 gerenda
1106 2328 1243 2355 assiduus.
1274 2327 1341 2354 Nam
1368 2334 1430 2353 cum
1455 2325 1525 2352 banc
1540 2324 1651 2350 domum
1670 2323 1748 2350 beni~

960 2375 1071 2409 gnitatis
1084 2379 1286 2410 argumentum,
1312 2378 1339 2400 et
1361 2372 1510 2407 gratuitam
1531 2371 1642 2397 fecisset
1662 2369 1747 2397 ofﬁci-

961 2427 1033 2452 nam,
1052 2427 1110 2452 cos,
1126 2420 1172 2455 qui
1191 2420 1288 2447 morbo
1306 2419 1513 2455 premebantur,
1530 2417 1651 2452 hospitio
1674 2416 1749 2444 exci-

957 2466 1059 2500 piebat,
1075 2472 1103 2493 et
1125 2466 1244 2494 fraterne
1268 2466 1405 2493 tractabat
1423 2473 1430 2492 :
1450 2472 1502 2491 nec
1526 2463 1616 2491 solum
1644 2462 1671 2489 in
1698 2469 1748 2489 eos

957 2511 1030 2538 omni
1047 2512 1178 2540 utebatur
1202 2519 1268 2539 cura
1293 2516 1321 2538 et
1339 2510 1494 2546 diligentia,
1512 2514 1543 2537 ut
1560 2510 1657 2537 volunt
1671 2509 1746 2542 leges

957 2559 1035 2589 artis,
1056 2558 1102 2586 sed
1129 2563 1157 2585 et
1180 2559 1284 2591 cibum,
1312 2564 1338 2586 et
1367 2558 1458 2585 cubile
1485 2557 1526 2585 eis
1555 2555 1767 2593 impertiebath

956 2604 1106 2631 secundum
1123 2603 1226 2632 Christi
1246 2609 1396 2639 pmcepta,
1422 2603 1521 2638 partim
1548 2602 1659 2637 quidem
1678 2601 1747 2628 artis

956 2657 1022 2679 suae,
1045 2649 1142 2684 partim
1165 2657 1231 2676 vero
1251 2649 1352 2676 divine
1376 2648 1471 2683 gratia:
1490 2646 1623 2674 beneﬁcia
1645 2646 1748 2680 imper-

959 2695 1039 2722 tiens.
1056 2695 1127 2727 Quid
1152 2695 1248 2722 enim?
1275 2695 1316 2721 An
1345 2695 1413 2722 artis
1438 2701 1509 2728 opus
1534 2697 1577 2720 est
1605 2692 1746 2719 daemones

959 2739 1106 2773 expellere.
1128 2744 1156 2766 et
1176 2739 1337 2766 inorbOrum
1360 2738 1514 2765 mirabilem
1533 2737 1641 2765 efﬁcere
1666 2744 1746 2764 cura-

959 2784 1082 2812 tionem?
1103 2786 1168 2819 Qune
1190 2785 1301 2820 quidem
1314 2785 1339 2813 ei
1355 2785 1455 2816 facere,
1476 2792 1530 2812 non
1553 2783 1644 2810 minus
1661 2790 1745 2818 quam

1778 2923 1885 2972 Γ
