2170 3148
440 157 492 188 ‘283

1088 155 1230 186 MENSIS
1248 155 1400 186 JUNIUS.

2016 149 2077 182 ΞΗ

440 212 518 243 velle,
539 215 597 238 erat
616 210 705 238 facile.
731 211 762 238 Et
775 210 855 237 alteri
874 210 985 246 quidem
1008 210 1113 245 aliquid
1135 209 1222 241 aliud,
1238 211 1260 239 Δ
1274 218 1297 236 τι

1220 230 1222 238 .
1238 211 1260 239 Δ
1274 217 1317 236 τιο
1333 208 1454 244 Σαμψὼν
1471 208 1499 235 δὲ
1515 209 1531 243 ὴ
1553 207 1688 242 ξενοδοχία
1701 207 1748 234 καὶ
1764 206 1952 242 φιλανθρωπία
1985 206 2040 232 καὶ
2062 207 2077 231 ό

439 255 581 290 Sampsoni
605 261 697 282 autem
720 255 894 290 hospitalitas
917 260 946 284 et
962 256 1129 292 benignitas,
1145 260 1173 283 et
1195 256 1223 282 in

437 305 550 337 egentes
567 302 768 335 misericordia,
782 307 841 330 erat
851 303 921 331 adeo
937 303 1057 338 propria,
1074 307 1104 330 ut
1124 310 1220 337 prope-

438 348 550 376 modum
567 349 619 384 ipsi
636 349 771 376 naturalis
789 349 878 382 ﬁeret,
899 350 970 378 sicut
985 349 1035 377 soli
1055 349 1166 384 quidem
1181 353 1224 376 est

438 394 606 427 illuminare,
626 395 681 431 igni
696 400 787 423 autem
811 403 901 423 urere.
919 395 989 423 llinc
1001 396 1084 423 etiam
1102 396 1224 423 innotuit

438 440 464 467 ei
481 441 527 474 qui
544 445 610 468 tunc
627 446 688 468 erat
711 441 811 469 Christi
830 441 957 469 Pontifex
972 449 980 468 :
995 441 1127 468 bonitatis
1149 441 1223 468 enim

440 486 570 521 splendor
599 491 628 514 et
659 487 743 514 decus
764 495 820 520 eos,
850 487 897 522 qui
921 494 982 514 eam
1008 490 1148 519 exercent,
1168 487 1224 514 cito

442 532 574 565 propalat.
603 533 628 560 Is
657 537 747 560 autern
770 537 829 560 erat
853 533 946 560 Menas
965 533 1014 568 (2),
1041 533 1143 561 virtute
1170 541 1224 560 non

441 577 585 605 obscurus.
601 579 642 605 Ab
660 579 708 606 illo
724 578 870 606 ordinatur
884 579 1028 611 sacerdos,
1045 579 1156 613 triginta
1167 579 1224 614 jam

441 631 528 650 annos
542 628 632 656 natus,
649 629 677 651 et
690 625 772 660 paulo
784 625 856 660 plus.
878 625 982 652 Deinde
999 629 1027 652 et
1045 625 1071 652 ei
1093 625 1225 657 innotuit,

441 669 488 702 qui
507 668 717 696 administrabat
742 670 900 705 imperium.
921 669 950 697 ld
965 674 1059 697 autem
1077 677 1111 697 ex
1132 677 1167 697 eo
1180 677 1228 697 ac-

441 713 520 739 cidit.

478 759 508 786 V.
533 759 707 788 Justinianus
741 761 854 796 quidem
880 765 951 793 erat,
982 761 1030 797 qui
1062 761 1227 796 imperabat,

440 807 518 840 cujus
534 812 562 834 et
583 807 693 842 imperii
717 807 883 835 diuturnum
908 808 964 835 fuit
989 812 1101 842 tempus
1127 809 1178 843 (ὅ),
1199 812 1229 835 et

439 851 495 878 vita
519 852 647 880 illustris.
675 853 708 881 Ei
731 853 846 881 morbus
867 853 994 881 incubuit
1017 854 1096 881 valde
1124 855 1226 889 gravis,

441 905 504 924 cum
531 898 556 924 ei
580 898 650 925 male
677 898 776 926 aﬂ'ectu
802 903 896 926 essent
928 899 1068 934 pudenda,
1086 904 1114 927 et
1129 888 1226 926 vesica
1243 888 1264 914 Β

441 944 518 978 gravi
538 943 676 972 laboraret
704 945 806 973 ulcere.
825 946 915 981 Atque
938 946 984 974 ille
1006 947 1117 981 quidem
1143 946 1229 981 patie~

444 990 534 1022 batur,
549 996 576 1018 et
591 991 743 1026 laborabat,
760 1001 810 1020 nec
827 993 935 1021 dolores
958 993 1030 1021 ferre
1055 998 1172 1029 poterat.
1198 994 1228 1021 Ei

443 1041 534 1063 autem
557 1042 616 1064 erat
638 1038 837 1066 circumfusum
867 1047 982 1067 examen
1011 1039 1180 1067 medicorum
1202 1043 1230 1067 et

444 1082 516 1109 circa
529 1090 602 1116 eum,
619 1089 648 1110 ut
662 1091 720 1113 mos
737 1089 791 1118 est,
806 1085 921 1112 aderant
944 1093 1042 1121 magno
1062 1086 1155 1113 studio
1171 1086 1232 1113 dis-

445 1133 572 1163 putantes
595 1137 602 1156 :
623 1130 669 1164 qui
698 1129 732 1157 ad
751 1131 970 1165 promittendum
995 1131 1126 1166 quidem,
1150 1136 1178 1159 et
1196 1131 1230 1159 ad

444 1174 515 1201 bona
532 1182 580 1209 spe
601 1175 772 1209 implendum
792 1181 859 1203 sunt
877 1176 958 1203 valde
980 1177 1112 1212 prompti,
1133 1181 1164 1204 ut
1184 1177 1231 1211 qui

445 1226 468 1247 el
484 1222 544 1255 cjus
557 1229 678 1254 manum,
693 1223 739 1256 qui
757 1223 874 1256 laborat,
899 1223 965 1249 hinc
983 1223 1109 1254 inritent,
1131 1228 1158 1250 et
1175 1223 1232 1251 eili-

447 1267 533 1299 ciaut,
546 1272 577 1294 ut
593 1268 628 1295 sit
651 1267 685 1295 ad
705 1268 827 1296 dandum
844 1269 961 1296 alacrior
978 1278 985 1295 :
1003 1273 1033 1296 ut
1055 1273 1147 1296 autem
1169 1277 1233 1304 pro-

448 1313 532 1340 missa
555 1312 695 1341 deducant
715 1313 748 1341 ad
772 1313 913 1346 elfeetum,
936 1319 964 1342 et
979 1315 1149 1342 laborantem
1166 1315 1234 1342 libe-

449 1364 511 1386 rent
528 1360 562 1387 ab
576 1367 610 1387 eo
627 1360 700 1396 quod
715 1368 778 1388 eum
793 1361 862 1388 male
876 1361 970 1394 habet,
986 1369 1039 1389 non
1053 1361 1143 1389 solutn
1154 1361 1231 1388 brevi

449 1414 503 1433 non
530 1411 646 1441 possunt
668 1407 790 1440 edicere,
809 1407 857 1435 sed
880 1415 971 1443 neque
1001 1408 1082 1443 longa
1104 1416 1181 1435 mora
1204 1413 1233 1435 et

447 1451 589 1484 dilatione,
612 1461 701 1488 neque
719 1453 793 1488 longi
816 1454 950 1488 temporis
970 1458 1079 1482 utentes
1103 1454 1208 1481 auxilio
1225 1463 1232 1481 :

447 1496 495 1523 sed
509 1497 596 1531 parati
609 1497 722 1532 quidem
741 1503 807 1526 sun:
821 1506 918 1525 eorum
929 1497 978 1533 qui
992 1498 1131 1532 laborant,
1153 1506 1235 1526 accu-

1274 257 1338 291 περὶ
1365 255 1427 288 τοὺς
1446 255 1544 286 ἐνδεεῖς
1562 251 1652 285 οἶκτος
1669 253 1700 280 τὸ
1715 252 1872 282 ίδιαίτατον,
1892 251 1931 282 ὡς
1957 250 2074 286 μικροῦ

1274 303 1374 334 καὶηείς
1389 302 1496 336 φύσεως
1507 300 1666 327 ἀποϐαίνειν
1685 299 1900 333 ἀναγκαιότητα,
1916 295 1975 324 οἷον
1994 297 2073 332 ἡλίῳ

1275 349 1325 384 μὲν
1346 349 1377 375 τὸ
1399 348 1537 382 φωτίζειν,
1554 346 1620 381 πυρὶ
1635 346 1662 372 δὲ
1681 345 1712 372 τὸ
1727 345 1829 372 καίειν.
1855 343 2003 370 Ἐντεῦθεν
2022 342 2076 368 καὶ

1273 396 1313 430 τῷ
1327 395 1478 431 τηνικαῦτα
1499 396 1626 430 ἀρχιερεῖ
1648 394 1696 421 τοῦ
1716 393 1834 428 Χριστοῦ
1855 393 1934 428 δῆλος
1952 393 2075 426 γίνεται

1276 442 1371 477 (ἀρετὴ
1388 442 1442 476 γὰρ
1466 442 1581 476 πρᾶγμα
1611 440 1656 467 ῐαα
1685 439 1756 473 φωτὶ
1785 439 1904 472 λάμπον,
1924 437 1989 463 ὅθεν
2024 436 2076 461 καὶ

1275 487 1342 521 ταχὺ
1372 485 1433 512 λίαν
1458 485 1642 520 ἀνακηρύττει
1675 484 1737 515 τοὺς
1768 482 1932 518 μετιόντας).
1961 479 2075 513 Μῆνας

1274 530 1351 563 οὗτος
1374 529 1408 566 ἦν
1441 532 1454 557 ὁ
1477 531 1526 565 τὴν
1553 529 1653 565 ἀρετὴν
1682 530 1732 556 οὐκ
1748 529 1856 563 ἄδηλος,
1883 528 1928 554 καὶ
1954 526 2074 560 ἱερεὺς·

1275 579 1321 606 ὑπ’
1345 578 1448 605 ἐκείνου
1478 577 1671 612 χειροτονεῖται
1697 575 1845 610 τριάκοντα
1871 574 1921 608 ἤδη
1940 572 2075 606 γεγονὼς

1277 626 1336 660 ἐτη,
1365 625 1412 652 καὶ
1441 625 1538 659 μικρόν
1565 633 1592 651 τι
1616 623 1695 658 πρός.
1717 620 1782 648 Εἶτα
1807 621 1853 647 καὶ
1869 620 1907 654 τῷ
1921 619 1972 652 τὴν
1991 618 2075 652 βατι-

1276 673 1351 699 λείαν
1380 671 1499 698 διέποντι
1526 671 1641 705 φανερὸς
1667 668 1793 703 γίνεται·
1822 666 1886 700 παρ’
1916 665 2013 692 αἰτίαν
2045 663 2074 689 δὲ

1277 719 1415 752 τοιαύτην.

1312 763 1351 791 E'.
1369 762 1554 794 Ἰουστινιανὸς
1573 762 1622 796 μὲν
1649 758 1683 796 ἦν
1701 761 1715 787 ὸ
1733 760 1854 794 κρατῶν,
1875 755 1907 785 οὗ
1920 757 1968 784 καὶ
1984 758 2002 783 ὁ
2022 756 2075 790 τῆς

1277 814 1363 848 ἀρχῆς
1373 811 1468 847 χρόνος
1479 811 1573 842 πολὺς,
1590 809 1637 835 καὶ
1651 809 1665 835 ὸ
1682 808 1738 843 βίος
1751 807 1897 840 ὲπιφανήςυ
1910 804 2011 838 Τούτῳ
2028 803 2073 828 νδ·

1278 867 1323 889 σος
1334 859 1480 893 ἐνσκήπτει
1497 858 1568 892 μάλα
1583 855 1679 890 βαρεῖα
1701 853 1755 880 τῶν
1769 852 1875 879 αἰδοίων
1886 850 1960 884 αὐτῷ
1977 858 2072 882 πονη-

1280 905 1334 940 ρῶς
1346 905 1472 939 ἑχόντων,
1490 903 1538 929 καὶ
1555 902 1604 936 τῆς
1623 901 1742 931 κύστεως
1759 899 1833 925 ἕλκει
1849 897 1959 933 χαλεπῷ
1977 905 2073 922 κακωι

1279 952 1382 986 θείαις.
1402 951 1431 976 'O
1457 950 1506 984 μὲν
1521 947 1568 975 οὖν
1590 947 1692 982 ἔπασχέ
1710 955 1738 973 τε
1756 946 1801 972 καὶ
1821 946 1922 978 ἔκαμνε
1946 944 1995 969 καὶ
2021 943 2073 972 τᾶς

1278 997 1374 1028 ὀδύνας
1386 996 1491 1032 φέρειν,
1507 995 1536 1021 οὐ
1550 994 1662 1025 δυνατὸς
1677 991 1722 1028 ἦν·
1739 992 1840 1027 ίατρῶν
1854 991 1882 1016 δὲ
1895 991 1999 1023 σμῆνος
2019 989 2073 1014 αῦ-

1279 1043 1318 1078 τῷ
1326 1043 1504 1077 περιεκέχυτο
1512 1040 1629 1076 καὶπερὶ
1637 1039 1726 1069 αὑτὸν,
1738 1038 1832 1072 ὥσπερ
1843 1036 1912 1066 ἔθος,
1926 1034 2072 1060 σπουδαιοε

1280 1089 1438 1123 λογοὺμενοι
1451 1087 1588 1122 παρῆσαν,
1607 1087 1632 1113 οἳ
1647 1083 1858 1118 ὶπαγγείλασθαι
1877 1081 1926 1116 μὲν
1941 1081 1988 1106 καὶ
2004 1081 2072 1112 ἀγα-

1282 1136 1336 1163 θῶν
1351 1136 1467 1162 ἐλπίδων
1480 1134 1623 1170 πληρῶσαι
1636 1131 1735 1166 κομιδὴ
1745 1131 1896 1164 πρόχειροι,
1912 1128 1958 1155 ἅτε
1970 1127 2003 1159 δὴ
2023 1127 2070 1152 καὶ

1281 1182 1330 1217 τὴν
1348 1183 1428 1217 χεῖρα
1441 1181 1487 1207 τοῦ
1501 1180 1650 1214 κάμνοντος
1662 1177 1786 1204 ἐντεῦθεν
1803 1174 2003 1204 ὕποκινοῠπες,
2020 1174 2068 1198 καὶ

1283 1227 1492 1264 προθυμοτέραν
1512 1227 1550 1257 είς
1563 1224 1697 1254 ἐπιδόσεις
1713 1220 1782 1249 εἶναι
1799 1219 2065 1268 σιιαρα‹ι’›ιεν.›‹ίζοντες⁸

1283 1275 1322 1306 είς
1337 1274 1418 1309 ἔργον
1431 1273 1459 1299 δὲ
1469 1272 1499 1298 τὸ
1515 1269 1684 1304 ὲπαγγελθὲν
1695 1269 1819 1303 ἀγαγεῖν,
1833 1265 1939 1293 καὶτοῦ
1955 1264 2066 1290 λυποῦν-

1283 1329 1326 1352 τος
1342 1319 1495 1352 ἀπαλλάξαι
1505 1318 1552 1345 τὸν
1581 1317 1752 1351 πιεζόμενον,
1767 1315 1797 1341 οὗ
1814 1314 1893 1349 μόνον
1906 1312 1956 1338 οὐκ
1971 1312 1999 1337 ιν
2015 1309 2069 1336 ὀλί-

1284 1374 1324 1401 γῳ
1346 1366 1454 1393 δυνατοὶ
1476 1365 1574 1396 ποιεῖν,
1599 1362 1656 1389 ἀλλ’
1673 1361 1735 1388 οὐδε
1757 1359 1839 1396 τριϐῇ
1863 1358 1910 1385 καὶ
1940 1356 2070 1392 μελλήσει

1284 1413 1424 1444 πολλάκις,
1441 1411 1500 1438 οὐδὲ
1519 1410 1565 1437 τὸν
1586 1409 1691 1445 μακρὸν
1712 1407 1808 1443 χρόνον
1825 1405 2010 1440 λαμϐἅνοντες
2031 1403 2071 1433 είς

1287 1458 1442 1494 βοήθειανι¹
1461 1456 1518 1484 ἀλλ’
1549 1456 1654 1490 ἕτοιμοι
1686 1454 1787 1489 μᾶλλον
1821 1453 1883 1482 τοὺς
1915 1450 2072 1484 πάσχοντας

1286 1503 1426 1530 αἰτιᾶσθαι
1439 1503 1488 1538 τῆς
1505 1501 1681 1537 βραδύτητος,
1694 1499 1710 1534 ἢ
1725 1497 1773 1525 καὶ
1788 1497 1836 1529 τὰς
1853 1495 1918 1530 πρὸς
1934 1495 1962 1521 τδ
1981 1494 2073 1528 χεῖρον

448 1549 509 1570 sure
526 1543 698 1576 tarditatem,
720 1551 755 1572 at;
788 1545 873 1572 etiam
893 1546 927 1573 ad
943 1546 981 1579 id,
1005 1549 1078 1581 quod
1101 1551 1142 1574 est
1159 1546 1237 1574 dete-
1249 1565 1272 1595 ρ
1289 1559 1304 1577 σ

1217 1554 1237 1574 5-
1249 1565 1272 1595 C
1289 1549 1492 1585 συμϐαινούσας
1509 1547 1697 1583 περιπετείας,
1713 1546 1778 1572 ὡσεὶ
1795 1544 1832 1579 μὴ
1846 1545 1901 1595 τοῖς
1916 1540 2074 1595 παραγγέλ-

449 1589 518 1620 tius,
539 1589 755 1623 proclivitatem,
774 1595 803 1617 ut
826 1591 873 1626 qui
894 1591 938 1619 vel
961 1592 1105 1626 praceptis
1120 1600 1175 1619 non
1189 1600 1236 1620 ac-

450 1633 605 1668 quiescant,
628 1636 672 1662 vcl
695 1635 757 1663 cibo
778 1641 806 1663 et
824 1640 890 1671 potu
913 1645 968 1664 non
983 1645 1027 1668 ea,
1049 1646 1103 1672 qua
1121 1646 1170 1673 par
1182 1642 1235 1672 est,

450 1678 578 1707 cautione
608 1685 741 1709 utantur:
766 1689 796 1709 se
824 1687 926 1715 autem,
943 1688 971 1710 et
994 1690 1036 1715 ea,
1051 1691 1112 1717 qua:
1135 1685 1168 1711 ad
1189 1691 1238 1711 cu~

452 1724 569 1752 randum
598 1727 741 1760 adhibent,
769 1728 968 1757 medicamenta
1002 1730 1116 1757 minime
1144 1738 1238 1766 περι-ο-

452 1770 587 1800 heudunt.
615 1772 686 1806 Quid
714 1782 779 1809 ergo
803 1775 974 1810 imperator?
998 1776 1146 1811 Postquam
1169 1776 1239 1804 vidit

452 1824 500 1843 eos
523 1818 606 1844 multa
627 1818 738 1852 quidem
761 1819 865 1852 dicere,
881 1825 908 1848 et
933 1828 1029 1856 magna
1052 1821 1135 1849 verba
1152 1821 1239 1856 loqui,

453 1862 521 1888 nihil
547 1867 638 1890 autem
663 1864 789 1892 conferre
821 1865 855 1892 ad
879 1866 1061 1899 curationem,
1088 1867 1144 1895 imo
1172 1875 1240 1895 vero

452 1907 562 1941 Ludere,
579 1914 606 1936 et
618 1910 736 1945 majores
747 1909 858 1938 dolores
873 1910 990 1945 aliene,
1010 1912 1068 1946 ipse
1085 1912 1240 1947 agitabatur

452 1954 563 1988 quidem
580 1955 731 1989 doloribus,
749 1956 824 1984 ferre
846 1964 913 1984 vero
933 1966 989 1985 non
1006 1963 1125 1993 poterat.
1150 1959 1240 1994 Atque

451 2008 546 2028 omnes
574 2001 685 2036 quidem
708 2002 832 2030 medicos
852 2010 887 2030 ex
906 2011 985 2038 aequo
996 2005 1196 2037 condemnans,
1212 2009 1244 2032 ut

452 2047 573 2079 inutiles,
597 2048 624 2075 in
650 2049 748 2075 malam
776 2057 834 2076 rem
856 2049 934 2077 abire
957 2050 1065 2084 jussit:
1093 2050 1128 2077 ad
1156 2049 1242 2078 Deum

454 2099 545 2120 autent
567 2093 701 2128 confugit,
724 2099 752 2121 et
773 2094 799 2121 ei
826 2102 924 2129 magno
952 2095 1043 2123 studio
1057 2095 1191 2128 adhaeret,
1215 2101 1243 2123 et

455 2138 531 2165 illinc
548 2139 646 2172 quaerit
665 2139 807 2166 auxilium.
823 2139 1027 2174 Nonnunquam
1046 2141 1120 2168 enim
1137 2146 1243 2176 egestas

456 2184 546 2215 docet,
561 2184 627 2218 quid
644 2184 725 2212 nobis
739 2186 775 2212 sit
795 2185 878 2219 utile;
892 2190 921 2213 et
933 2185 1027 2219 eliicit,
1049 2191 1080 2213 ut
1095 2186 1241 2220 discamus,

1290 1604 1372 1631 μασιν
1390 1595 1523 1625 εἴκοντας,
1537 1594 1555 1629 ἦ
1576 1593 1640 1628 περὶ
1660 1592 1709 1623 τὰς
1727 1590 1841 1626 βρώσεις
1858 1589 1873 1623 ἢ
1894 1589 1990 1618 πόσεις
2005 1588 2076 1621 ἀφυ-

1287 1643 1395 1673 λάκτως
1421 1641 1532 1677 ἔχοντας
1543 1647 1551 1655 ·
1570 1640 1676 1670 ἑαυτοῖς
1692 1638 1720 1664 δὲ
1742 1637 1791 1664 καὶ⁴
1807 1633 1847 1668 οἷς
1861 1635 2011 1669 κέχρηνται
2036 1634 2075 1664 εἱς

1289 1688 1437 1725 θεραπείαν
1466 1686 1632 1722 φαρμάκοις,
1662 1684 1764 1720 μέμψιν
1789 1683 1814 1709 οἱ
1835 1681 1968 1717 {ishis-tot
1994 1688 2078 1714 προτ-

1290 1724 1421 1762 άπτουσιν
1449 1731 1589 1767 οὐδεμίαν.
1607 1731 1640 1756 Τί
1657 1728 1704 1756 οὖν
1726 1729 1740 1755 ὁ
1756 1727 1900 1763 βασιλεύςς
1924 1725 1970 1752 ἐπὶ
1989 1724 2077 1751 πολλᾶ

1291 1779 1342 1814 μὲν
1357 1778 1455 1808 αὐτοὺς
1465 1776 1593 1811 λέγοντας
1608 1774 1681 1809 ἐώρα
1696 1774 1744 1801 καὶ
1754 1770 2076 1808 μεγαλορῤημονοῦντας,

1290 1823 1366 1850 οὐδὲν
1382 1822 1411 1849 δι
1424 1822 1492 1857 πρὸς
1507 1819 1656 1856 θεραπείαν
1674 1818 1817 1849 ἀνύοντας,
1835 1816 1875 1842 ὅτι
1891 1816 1929 1850 μὴ
1943 1815 1991 1841 καὶ
2013 1814 2079 1848 βλά-

1291 1877 1408 1900 πτοντας
1422 1868 1470 1894 καὶ
1486 1867 1598 1894 ἁκεσίαν
1612 1866 1736 1895 ἅπαντας
1751 1861 2006 1898 ἀποδεικνυμένους,
2027 1861 2078 1887 αὑ-

1291 1915 1336 1946 τός
1349 1923 1378 1940 τε
1394 1913 1502 1944 ὀδύναις
1513 1911 1641 1939 ἐϐάλλετο
1659 1910 1719 1945 μὲν,
1737 1910 1830 1944 φέρειν
1840 1907 1868 1933 δὶ
1887 1907 1937 1933 οὐκ
1949 1905 2081 1939 ἡδύνατο¹

1293 1959 1395 1996 ἰατρῶν
1408 1959 1459 1995 μὶν
1476 1959 1521 1985 ἐπ’
1540 1959 1602 1992 ῑσης
1627 1956 1737 1983 πάντων
1754 1954 1785 1981 τδ
1803 1953 1977 1987 ἀνωφέλητον
1993 1959 2082 1977 κατα-

1292 2007 1384 2041 γνοὺς,
1395 2004 1524 2040 οἰμώζειν
1538 2003 1656 2037 ἔφασκε·
1673 1999 1839 2036 προσερεύγει
1851 1999 1879 2025 δὲ
1896 1997 1997 2033 μᾶλλον
2007 1996 2082 2030 Θεῷ.

1292 2053 1340 2080 καὶ
1358 2051 1441 2078 αὑτοῦ
1456 2051 1517 2077 λίαν
1531 2048 1658 2084 ἑμμελῶς
1672 2048 1839 2081 περιέχεται,
1850 2044 1898 2071 καὶ
1910 2043 1960 2078 τὴν
1973 2041 2084 2069 ἐκεῖθεν

1293 2099 1373 2132 ζητεῖ
1388 2097 1525 2133 βοήθειαν.
1547 2095 1626 2122 Ἐστι
1637 2095 1692 2129 γὰρ
1716 2094 1760 2120 ὅτε
1780 2092 1814 2127 δὴ
1831 2091 1878 2118 καὶ
1891 2091 1908 2125 ἡ
1920 2089 2024 2124 ἀπορία
2041 2088 2084 2114 δι-

1292 2144 1427 2176 δάσκαλος
1442 2144 1508 2178 ἡμῖν
1523 2141 1571 2169 τοῦ
1583 2139 1785 2170 λυσιτελοῦντος
1799 2139 1915 2172 γίνεται,
1930 2136 1979 2163 καὶ
1988 2135 2051 2163 ὅθεν
2065 2135 2083 2169 ἡ

1294 2191 1411 2227 ἀψευδὴς
1435 2190 1497 2225 ἧκει
1526 2188 1647 2224 βοήθεια,
1678 2185 1823 2221 μανθάνειν
1850 2184 1959 2210 ποιεῑ.ι
1981 2182 2013 2208 Ἦ
2028 2182 2084 2218 γὰρ

457 2230 593 2257 nndenam
609 2238 704 2258 verum
719 2231 810 2259 veniat
822 2231 955 2260 auxilium
969 2241 975 2260 :
989 2242 997 2258 ι
1014 2232 1153 2260 Auxilium
1171 2233 1244 2260 enim
1260 2233 1284 2263 Ι)
1297 2238 1312 2274 β

969 2241 975 2260 :
989 2242 997 2258 ι
1014 2232 1153 2260 Auxilium
1171 2233 1244 2260 enim
1260 2233 1284 2263 Ι)
1297 2237 1408 2274 βοήθειά
1423 2245 1484 2272 μου,
1497 2235 1575 2271 φησι,
1589 2234 1663 2270 παρά
1679 2232 1792 2269 Κυρίου.
1817 2241 1825 2259 1

456 2284 558 2306 meum.
580 2277 678 2312 inquit,
694 2285 710 2305 a
724 2277 840 2305 Domino
854 2279 875 2306 “.
896 2287 906 2305 ι

491 2323 533 2350 Vl.
552 2322 620 2350 Cum
634 2323 726 2358 itaque
743 2324 921 2352 vehementer
938 2324 1074 2360 petiisset.
1099 2333 1153 2353 non
1168 2325 1244 2354 tarde

457 2370 647 2404 consequitur,
677 2369 726 2397 sed
747 2370 773 2397 ei
791 2370 820 2397 in
843 2371 949 2398 somnis
972 2371 1127 2399 ostenditur
1149 2372 1244 2399 multi-

460 2415 525 2441 tudo
539 2415 721 2448 medicorum,
737 2416 783 2451 qui
800 2416 897 2444 ordine
913 2417 1025 2452 quidem
1040 2417 1177 2449 astabant,
1194 2417 1245 2445 bo-

461 2465 536 2487 uesta
562 2469 643 2493 vero,
669 2465 697 2488 et
731 2469 791 2496 quae
821 2463 1012 2491 sacerdotibus
1043 2464 1246 2497 conveniebat,

460 2513 491 2533 er
511 2511 538 2532 nl
567 2511 643 2534 veste
670 2507 769 2535 induti.
791 2508 865 2536 Vidit
885 2513 976 2536 autem
995 2510 1141 2544 quemdam
1167 2517 1247 2537 acce-

460 2551 571 2579 dentem
591 2553 761 2586 cunuchutn,
776 2562 809 2581 ex
825 2562 892 2582 auro
909 2555 1019 2590 quidem
1034 2561 1161 2583 contexta
1173 2561 1249 2584 veste

460 2600 598 2632 indutum,
615 2600 766 2635 Prmposito
777 2609 844 2629 vero
858 2603 958 2630 amictu
974 2602 1102 2635 similem,
1113 2601 1161 2636 qui
1174 2601 1250 2629 visus

459 2654 474 2673 c
485 2653 502 2675 ιι
514 2648 663 2675 ostendere
681 2656 764 2675 unum
777 2656 943 2684 quemquam
958 2657 990 2677 ex
1005 2648 1130 2681 medicis,
1146 2655 1201 2682 quo
1213 2647 1250 2675 sit

501 2712 510 2724 ⁷
522 2711 591 2737 Psal.
604 2718 664 2742 cxx,
680 2710 707 2735 ἓ.

498 2792 533 2820 t2)
550 2791 571 2817 A
587 2790 744 2818 Patriam-ha
766 2790 843 2818 Mena
859 2797 914 2817 non
935 2789 1056 2825 potuisse
1072 2788 1250 2822 Sampsoncm

463 2826 772 2887 (nulinarigsacerdotem
786 2825 890 2852 dictum
903 2831 944 2852 est
959 2825 985 2852 in
1013 2825 1166 2851 Comment.
1182 2831 1252 2858 pra:-

465 2864 507 2887 \iu
525 2871 539 2887 ιι
576 2863 584 2887 Ι
612 2883 616 2887 .

465 2864 507 2889 \in
525 2871 539 2888 ιι
576 2863 616 2888 18.

1334 2324 1380 2360 ς’.
1393 2324 1508 2360 Θερμῶς
1525 2321 1671 2358 τοιγαροῦν
1691 2320 1820 2356 αῑτήσας,
1837 2318 1867 2345 οὗ
1890 2317 2010 2354 βραδέως
2025 2317 2086 2343 ἑπι-

1297 2372 1437 2406 τυγχάνει,
1459 2370 1529 2397 ἀλλὰ
1552 2368 1613 2396 κατ’
1632 2368 1698 2403 δναρ
1722 2366 1796 2401 αὐτῷ
1822 2365 1960 2392 δείκνυται
1984 2362 2088 2397 ἰατρῶν

1298 2418 1400 2453 πλῆθος
1423 2416 1548 2452 στιχηδδν
1564 2414 1775 2450 παριστάμενοι.
1790 2414 1839 2446 τὴν
1859 2413 1910 2446 μέν
1925 2419 1967 2437 τοι
1990 2409 2088 2443 στολὴν

1298 2463 1470 2499 ἱεροπρεπῶς
1499 2461 1689 2497 περικείμενοι
1705 2468 1711 2474 ·
1742 2458 1871 2493 εὐνοῦχον
1895 2457 1924 2483 δὲ
1940 2465 2000 2483 τινα
2012 2463 2087 2490 παρ⁴

1297 2510 1409 2536 ελθόντα
1419 2509 1504 2542 ἑώρα,
1520 2508 1661 2543 χρυσουψῇ
1678 2506 1728 2541 μὲν
1741 2503 1985 2540 περιϐεϐλημένον,
1998 2501 2088 2535 Πραι-

1302 2555 1406 2590 ποσίτῳ
1419 2555 1448 2581 δὲ
1466 2554 1516 2589 τὴν
1527 2552 1662 2587 ἀναϐολὴν
1673 2552 1778 2586 ὅμοιον,
1790 2549 1820 2581 ὃς
1835 2549 1882 2575 καὶ
1899 2546 2089 2574 ὑποδεικνύειν

1303 2601 1378 2635 αὒτῷ
1392 2601 1473 2636 ἐῴκει
1491 2599 1544 2626 τῶν
1561 2598 1660 2633 ἰατρῶν
1682 2598 1809 2629 ἕκαστον,
1825 2595 1898 2626 ὅπως
1921 2594 1993 2636 ἐχειῗ
2004 2600 2091 2627 προο-

1303 2647 1379 2672 ώπου
1397 2635 1445 2673 καὶ
1463 2645 1570 2680 ἡλικίας
1596 2644 1642 2670 καὶ
1657 2642 1884 2678 παραστήματος,
1908 2639 1951 2672 ἐφ’
1970 2635 2011 2669 οἷς
2040 2637 2089 2662 ἕνα

1341 2787 1379 2820 (3)
1393 2784 1528 2847 lRegnavit
1541 2782 1712 2811 Justiniauus
1728 2779 1840 2816 Magnus
1857 2778 1890 2805 ab
1902 2785 1974 2804 anno
1986 2774 2091 2803 (Ἀπίκιὶ

1342 2823 1390 2847 7m
1418 2820 1479 2847 465.

1307 2822 1356 2848 5:27
1368 2821 1399 2849 ad
1418 2820 1479 2847 465.
