2170 3148
89 164 149 196 285

716 165 805 195 VlTA
825 166 856 196 S.
877 164 1098 195 SAMPSONIS.

1678 168 1733 199 286

90 221 164 248 εντα
181 221 212 247 τὺ
230 220 377 256 πρόσχημα
398 221 539 253 ταπεινὸν,
556 220 605 256 τὴν
626 221 722 247 πολιὰν
751 220 888 256 εὐπρεπῆ,
904 226 928 254 Δ
944 229 947 238 ε

874 231 888 255 ι,
904 226 928 254 Δ
944 220 1032 251 vultu,
1051 225 1131 247 aatate
1145 226 1173 247 et
1191 220 1304 252 habitu;
1319 221 1391 248 inter
1409 229 1478 256 quos
1492 230 1587 253 unum,
1608 223 1654 257 qui
1671 225 1731 249 erat

90 267 147 302 τὴν
163 266 268 293 ἔνδυσιν
281 267 408 300 εὐσταλῆ,
420 267 553 302 γνωρίσαι
566 275 595 293 τε
611 267 705 294 τοῦτον
720 267 758 302 τῷ
782 267 887 302 βασιλεῖ

91 313 300 347 ἐμμελέστερον
323 313 371 340 καὶ
389 310 444 344 οἶός
465 314 524 339 ἐστι
546 313 656 340 πάντων
675 313 886 347 παρασκευάσαι

91 358 277 392 καταμαθεῖν,
295 358 340 384 καὶ
356 359 393 389 ὡς
405 359 486 390 αὐτὸς
503 358 593 393 μόνος,
608 359 637 384 οὺ
655 359 705 394 μέν
715 367 757 385 τοι
770 359 824 385 τῶν
840 359 886 386 ἄλ-

90 405 149 431 λων
164 405 264 438 οὐδεὶς,
280 405 378 438 φάναι,
393 405 504 436 δυνατός
533 414 574 432 σοι
597 405 690 432 δοῦναι
713 405 761 432 τοῦ
783 405 886 434 πάθους

89 450 266 484 ἀπαλλαγήν.
289 451 365 477 Ἐπεὶ
379 449 424 477 οὖν
436 452 483 478 καὶ
503 451 588 478 ὕπνου
607 452 700 486 ἀνείθη
716 452 729 478 6
743 451 884 486 βασιλεὺς,

93 497 188 531 ἁληθῆ
203 498 298 530 κρίνας
314 498 359 523 τὸν
370 497 474 532 ὄνειρον
488 499 586 532 (ἐποίει
604 498 658 533 γὰρ
680 499 819 525 πιστεύειν
837 500 886 525 καὶ

89 543 182 569 ταῦτα
197 544 380 578 οἰκονομήσας
391 544 454 570 ίδετν
468 544 513 569 καὶ
527 544 630 578 μέλλων
645 544 674 576 ἐξ
686 543 765 579 ἔργου
780 544 814 571 τὰ
825 546 887 580 ὀρα-

90 589 177 616 Οέντα
191 589 403 623 πιστώσεσθαι),
422 591 509 625 χαραῖς
529 590 578 624 μὲν
601 590 772 625 πληροῦται·
801 599 885 624 μετα-

91 635 221 661 καλεῖται
236 635 263 661 δὲ
280 636 343 666 τοὺς
356 636 466 669 ἰατροὺς
481 635 591 667 εὐθέως.
609 637 663 662 Καὶ
677 637 701 662 οι
719 636 769 670 μὲν
785 635 884 670 συνῆλ-

90 683 142 707 θον
168 683 214 708 καὶ
231 683 272 713 είς
293 682 355 716 ὄψιν
378 682 454 717 αὐτῴ
474 683 650 718 παρέστησαν
672 683 811 714 ἅπαντες·
831 684 845 709 6
862 683 884 710 δ’

89 727 174 763 ἐπῄει
189 728 304 754 ἕκαστον
321 728 553 763 φιλοπραγμονῶν
580 729 712 763 ἐσχάτως,
733 729 780 755 καὶ
803 729 885 763 $261-

90 775 178 806 νίζων
193 775 244 810 οὐχ
255 773 347 810 ἧττον,
364 775 380 810 ἢ
395 775 441 802 τὸν
458 775 556 810 χρυσον
568 776 585 810 ἡ
603 775 686 802 Λυδία
698 775 781 808 λίθος,
799 776 886 810 πρόσ-

90 821 172 846 ωπόν
197 829 228 847 τε
244 821 292 848 καὶ
311 821 404 856 σχῆμα
428 821 477 847 καὶ
494 821 604 856 ἠλικίαν
627 821 698 848 κατὰ
721 822 755 848 τὰ
779 821 886 848 ὑποδει-

91 865 197 900 χθὲντα
224 866 378 901 παράσημα
405 866 449 892 διὰ
475 867 529 893 τῶν
550 867 671 902 ὀνείρων.
695 867 738 898 Ὧς
760 867 788 893 δὲ
810 868 885 894 οὐδὲν

938 268 1029 303 specie
1053 267 1176 298 humilis,
1204 267 1279 293 canis
1307 267 1435 298 decorus.
1459 269 1558 295 vestitu
1596 269 1732 296 honestus

937 319 965 341 et
983 313 1163 346 compositus.
1183 313 1343 346 diligentius
1361 320 1470 344 curare,
1500 320 1530 340 ut
1553 319 1634 340 notus
1657 320 1730 341 esset

938 359 1114 393 imperatori;
1143 363 1171 386 et
1193 358 1313 391 eﬂicere,
1339 363 1369 385 ut
1391 359 1475 385 sciret
1494 360 1585 392 qualia
1605 365 1677 387 esset
1701 368 1729 386 tu

936 405 1074 437 omnibus,
1089 410 1117 432 et
1131 405 1233 432 dixisse
1253 414 1259 432 :
1281 405 1331 432 llic
1345 405 1431 436 solus,
1453 410 1480 431 et
1497 405 1590 431 nullus
1607 414 1640 432 ex
1654 406 1729 437 aliis,

938 449 985 477 tibi
1013 454 1102 484 potest
1125 450 1203 482 dare,
1225 454 1253 476 ιιι
1269 457 1283 476 a
1302 454 1391 477 morte
1417 450 1556 476 libereris.
1582 450 1729 484 Postquam

937 501 1029 522 autem
1052 503 1067 522 a
1091 503 1187 523 somno
1210 495 1262 523 fuit
1286 496 1423 523 excitatus
1446 495 1606 530 imperator,
1631 504 1728 522 verum

934 542 1061 577 judicans
1085 549 1145 569 esse
1161 543 1298 569 somnium
1316 543 1358 578 (ut
1374 542 1501 569 crederet
1522 543 1608 573 enim,
1628 542 1729 569 effece-

936 592 978 614 rat
994 588 1017 615 is
1031 589 1077 622 qui
1093 588 1251 623 providerat
1264 593 1294 616 ut
1313 589 1430 621 videret,
1450 593 1478 615 et
1503 596 1565 623 qua:
1583 590 1640 615 visa
1668 589 1728 615 fue-

937 637 1008 665 rant,
1027 638 1086 659 erat
1102 640 1131 659 re
1145 633 1203 667 ipsa
1223 633 1461 667 confirmaturus),
1477 633 1609 667 impletur
1618 633 1729 667 quidem

936 678 1056 712 gaudio:
1087 679 1205 706 accersit
1243 684 1333 706 autem
1359 681 1451 706 statim
1472 680 1605 706 medicos.
1633 679 1666 706 Et
1690 679 1729 706 illi

936 724 1046 758 quidem
1063 729 1265 756 convenerunt,
1281 729 1310 752 et
1327 733 1355 752 se
1372 726 1398 752 ei
1422 733 1518 752 omnes
1533 733 1626 753 coram
1645 726 1725 752 stite-

936 774 1011 796 runt.
1029 769 1078 797 llic
1100 778 1165 797 vero
1181 778 1407 805 unumquemque
1434 771 1581 803 lustrabat.
1611 771 1729 806 diligen-

937 816 1041 843 tissime
1072 821 1267 850 perscrutans,
1296 822 1324 844 et
1353 825 1407 844 non
1441 818 1532 844 minus
1566 817 1729 845 examinans

935 869 1016 896 quam
1030 869 1127 888 aurum
1147 862 1216 896 lapis
1232 862 1344 897 Lydius,
1360 862 1523 897 vultumque
1548 867 1577 890 et
1600 863 1726 898 ﬁguram,

91 911 151 937 τῶν
170 911 314 946 παρόντων
338 911 411 946 ἑώρα
434 911 535 938 τοιόνδε
559 911 714 947 γνώρισμα,
738 911 809 947 λύπῃ
838 912 886 938 καὶ
903 906 922 933 Β
936 917 948 934 t'

870 912 886 938 ,ὶ
903 906 922 933 Β
936 912 964 934 ιιι
986 912 1105 940 aetatem,
1130 908 1282 935 secundum
1308 909 1398 943 signa,
1421 916 1482 943 qua:
1507 913 1587 935 erant
1617 913 1727 937 ostensa

90 957 199 991 ἀπορίᾳ
222 956 371 991 συνείχετο,
391 957 438 983 καὶ
459 955 503 983 οἷα
523 957 736 992 ὄιψητικώτερος
759 958 800 984 ἔτι
817 958 884 985 καθ-

91 1001 191 1027 ίστατο
212 1001 260 1027 τοῦ
275 1001 493 1035 ὲπαγγελθέντος
509 1002 716 1037 ἀποτυγχάνων.
743 1003 884 1029 Ἐντεῦθεν

92 1045 181 1080 πολλή
206 1054 235 1072 τε
256 1047 304 1073 καὶ
324 1046 414 1082 θερμὴ
431 1047 478 1072 καὶ
490 1046 564 1078 ὀξεῖα
576 1047 700 1082 ζήτησις,
719 1048 884 1083 ἐπαγγελίαι

90 1100 123 1117 τε
135 1091 248 1126 δωρεῶν
264 1092 310 1118 καὶ
326 1092 414 1127 τιμῶν
435 1093 583 1128 μεγίστων,
597 1094 629 1124 ἃς
644 1095 658 1120 6
674 1093 720 1120 τὸν
735 1094 821 1130 ἄνδρα
838 1095 884 1122 τὸν

91 1137 264 1172 ζητούμενον
283 1138 453 1173 ἐμφανίσων,
470 1139 626 1171 ἀκολούθως
645 1137 686 1172 οἷς
701 1137 755 1167 εἶδε
781 1141 885 1176 συμϐόο

87 1185 147 1215 λοις
177 1185 191 1210 6
221 1185 358 1220 βασιλεὺς,
379 1185 492 1220 ἔμελλεν
507 1187 588 1218 εὐθὺς
603 1187 749 1222 λήψεσθαι.
771 1189 805 1215 '0
834 1189 884 1224 μὲν

85 1229 135 1257 οἷον
153 1230 280 1265 ἐζητεῖτο
305 1231 364 1258 λίαν
384 1232 523 1267 ἐκθύμως,
540 1233 589 1260 καὶ
615 1234 646 1260 τὸ
667 1233 812 1269 γνώρισμα
837 1233 882 1270 ἦν,

85 1277 117 1302 οὐ
135 1277 211 1303 κατὰ
227 1277 274 1304 τοῦ
292 1277 423 1311 Πέλοπος,
435 1277 531 1313 ὥσπερ
544 1277 615 1305 οἵδεν
629 1280 643 1306 6
657 1279 753 1314 μῦθος,
770 1281 823 1307 ἀπὸ
836 1281 882 1308 τοῦ

84 1321 180 1356 ὤμου,
195 1322 253 1349 ἀλλ’
269 1323 323 1350 ἀπὸ
342 1323 389 1350 τοῦ
410 1323 553 1358 περιόντος
569 1324 617 1357 τῆς
632 1324 732 1359 ἀρετῆς
752 1325 798 1352 καὶ
815 1334 884 1359 προ-

84 1368 254 1403 ηγουμένως
284 1364 340 1395 ἁτὶδ
364 1368 412 1396 τοῦ
440 1368 643 1405 μετριοπαθοῦς
665 1370 713 1396 καὶ
737 1372 883 1399 συνεσταλ-

88 1413 175 1449 μένου
180 1434 188 1441 .

124 1502 163 1530 Z’.
188 1503 265 1529 Ἐπεὶ
278 1503 306 1530 δὲ
321 1504 369 1531 καὶ
383 1503 423 1530 ἔτι
436 1504 570 1541 δυσχερὴς
583 1503 617 1541 ἦν
631 1506 648 1541 ἡ
663 1506 772 1542 εὕρεσις
789 1507 882 1542 (6x96-

86 1557 175 1575 πτετο
195 1548 249 1583 γὰρ
270 1549 300 1575 οὐ
318 1550 367 1584 τὴν
384 1550 493 1585 μορφὴν
516 1551 701 1585 μιταόάλλων,
721 1550 765 1580 οἷα
778 1553 810 1588 δὴ
834 1553 881 1580 καὶ

85 1594 132 1621 τὸν
141 1595 257 1629 Πρωτέα
271 1595 443 1629 πλάττουσιν,
457 1595 514 1622 ἀλλ’
532 1597 675 1633 οῑκονομίᾳ
689 1598 742 1624 τινὶ
754 1594 892 1634 θειοτέρᾳχ

86 1641 187 1667 τούτου
202 1641 408 1675 συμϐαίνοντος,
423 1642 468 1669 ἴνα
486 1643 534 1669 καὶ
551 1643 568 1678 ή
584 1643 697 1680 βραδεῖα
710 1644 826 1680 δήλωσις
840 1646 879 1671 ἔτι

92 1688 199 1723 μᾶλλον
210 1688 292 1714 αὑτὸν
308 1688 476 1724 ὲπιπόθητον
490 1690 661 1727 καταστήσῃ)
675 1690 724 1725 ὀψὲ
739 1693 787 1718 καὶ
803 1692 880 1727 μόλις

86 1734 144 1760 τῶν
158 1732 262 1767 ἰατρῶν
274 1741 315 1765 τις
332 1733 386 1760 τῶν
400 1733 559 1768 βασιλικῶν,
570 1736 609 1770 τῷ
622 1736 671 1771 μὲν
689 1737 795 1771 βασιλεῖ
811 1737 880 1771 γνώ-

90 1787 184 1813 ριμος,
203 1778 322 1813 συνήθης
338 1779 366 1805 δὲ
382 1779 422 1814 τῷ
436 1780 567 1815 Μεγάλῳ,
582 1782 629 1807 καὶ
645 1781 679 1808 τὰ
699 1782 803 1809 ἐκείνου
817 1783 879 1819 ἄρι-

89 1831 142 1849 στα
156 1823 295 1856 συνειδὼς,
311 1825 342 1850 οὺ
358 1824 392 1851 τὰ
407 1825 456 1860 τῆς
473 1826 573 1861 ἀρετῆς
585 1828 677 1861 μόνον,
693 1828 761 1854 ἀλλὰ
784 1830 830 1855 καὶ
845 1830 879 1857 τὰ

89 1869 140 1902 τῆς
157 1870 268 1904 χάριτός
297 1878 325 1896 τε
344 1870 390 1897 καὶ
406 1870 460 1897 τῶν
476 1872 635 1906 Θαυμάτων,
647 1873 723 1900 ἔνθεν
736 1874 810 1909 αὺτῷ
831 1875 879 1901 καὶ

89 1916 244 1950 συμϋαλεῖν
264 1917 355 1952 ῥᾴδιον
374 1915 419 1952 ἦν,
445 1919 548 1945 ἐκεῖνον
568 1918 637 1946 εἶναι
655 1920 700 1946 τὸν
724 1921 878 1955 ίασόμενον,

89 1962 172 1993 αὐτὸς
184 1959 262 1994 οὗτος
279 1963 357 1998 δῆλον
368 1964 449 1995 εὐθὺς
466 1965 511 1991 τὸν
526 1966 620 1999 Μέγαν
630 1965 669 2000 τῷ
689 1965 794 2001 βασιλεί
808 1967 876 1994 καθ-

89 2009 182 2042 ίστησι
211 2011 257 2033 καὶ
279 2010 365 2043 χαρᾶς
392 2009 466 2044 αὐτῷ
487 2010 591 2043 γίνεται
613 2011 752 2045 πρόξενος,
772 2012 836 2047 ὅσης
854 2013 879 2039 οἱ

86 2054 170 2080 πάθει
187 2055 338 2090 σωματικῷ
354 2055 506 2090 κάμνοντες
528 2056 575 2083 καὶ
592 2057 751 2092 ἀπαλλαγῆς
766 2059 879 2094 ἐφιέμε-

85 2108 137 2132 νοι,
152 2100 263 2126 δυνατοὶ
278 2101 358 2135 μόνον
380 2103 509 2129 συνεῖναι.
528 2103 613 2134 Εᾷθὺς
633 2104 682 2139 μὲν
697 2104 743 2131 οὖν
763 2105 804 2136 είς
816 2105 878 2140 ὄψιν

85 2149 98 2172 ὁ
119 2146 279 2181 θαυμαστὸς
299 2147 373 2182 αὺτῴ
390 2147 490 2183 παρῄει
508 2149 627 2184 Σαμψών
640 2157 646 2164 ·
662 2150 722 2177 οὐδὲ
744 2151 798 2187 γὰρ
817 2152 877 2179 οὐδὲ

86 2194 175 2228 βραχὺ
195 2193 225 2218 τὸ
242 2193 324 2227 μέσον
348 2194 433 2228 ἀκοῆς
445 2203 528 2230 φημι,
544 2196 591 2222 καὶ
606 2196 654 2230 τῆς
670 2196 734 2227 θέας
749 2198 876 2232 γενέσθαι

936 961 985 988 per
999 954 1115 981 somnia.
1129 954 1275 988 Postquam
1290 959 1381 981 autem
1399 954 1505 981 nullum
1523 954 1592 981 vidit
1616 955 1669 982 tale
1689 955 1728 982 si-

935 1007 1018 1034 gnum
1043 999 1071 1026 in
1096 999 1137 1026 eis
1156 1000 1203 1033 qui
1222 1000 1348 1031 aderant,
1375 1000 1470 1028 dolore
1489 1000 1671 1032 adiciebatur,
1699 1006 1727 1028 et

936 1045 1066 1079 perplexo
1081 1049 1141 1072 erat
1155 1045 1259 1077 animo,
1274 1046 1416 1081 multoque
1431 1045 1521 1074 tactus
1539 1051 1582 1074 est
1602 1047 1722 1078 avidior,

935 1092 1008 1126 quod
1035 1092 1157 1119 nondum
1180 1097 1253 1120 esset
1279 1093 1445 1127 promissum
1474 1097 1629 1120 assecutus.
1658 1093 1727 1121 llinc

935 1138 1051 1173 diligens
1067 1138 1139 1165 facta
1155 1143 1197 1166 est
1213 1139 1364 1173 inquisitio,
1384 1139 1577 1174 donorumque
1597 1144 1625 1166 et
1642 1139 1728 1166 maxi-

935 1192 1042 1211 morum
1059 1184 1194 1211 honorum
1211 1185 1366 1219 promissio,
1378 1193 1448 1220 quos
1461 1190 1534 1212 esset
1551 1191 1725 1219 accepturus,

935 1231 982 1265 qui
1000 1231 1089 1257 virum
1113 1231 1273 1258 ostenderet
1294 1239 1326 1258 ex
1349 1231 1384 1267 iis
1406 1231 1517 1258 indiciis
1540 1239 1601 1266 qua:
1619 1232 1727 1259 vidi-rat

935 1277 1094 1311 imperator.
1130 1276 1178 1304 llic
1209 1277 1322 1311 quidem
1348 1277 1498 1313 diligenter
1531 1278 1724 1312 quaerebatur;

934 1323 1042 1357 signum
1055 1327 1158 1353 autent,
1174 1330 1229 1355 quo
1249 1328 1462 1357 cognosceretur
1484 1329 1555 1355 erat,
1577 1332 1629 1351 non
1654 1332 1724 1359 quo-

935 1366 1017 1393 modo
1044 1366 1154 1400 Pelopis
1178 1368 1220 1401 (ut
1241 1371 1336 1394 narrat
1361 1367 1473 1403 fabula)
1496 1369 1647 1401 humerus;
1675 1369 1723 1396 sed

934 1412 1022 1439 virtus
1041 1411 1174 1447 insignis,
1199 1417 1227 1439 et
1251 1412 1387 1447 przecipue
1412 1414 1546 1441 moderati
1578 1422 1670 1442 mores
1695 1420 1724 1442 et

933 1458 1089 1494 compositi.

969 1504 1024 1531 Vll.
1043 1504 1110 1531 Cum
1128 1509 1220 1531 autem
1233 1509 1308 1532 esset
1324 1503 1444 1532 diﬂlcilis
1458 1504 1582 1532 inventio
1601 1505 1723 1537 (celaba-

935 1555 979 1578 Iur
993 1550 1079 1583 enim,
1101 1559 1155 1577 non
1181 1550 1295 1578 formam
1327 1555 1445 1583 mutans,
1474 1556 1504 1578 ut
1532 1551 1639 1586 ﬁngunt
1661 1553 1725 1580 Pro-

933 1601 1017 1627 teum,
1030 1596 1078 1623 sed
1093 1596 1211 1631 quodam
1235 1597 1329 1623 divino
1354 1596 1407 1624 hoc
1425 1597 1574 1624 eveniente
1596 1598 1723 1630 consilio,

933 1647 963 1669 ut
977 1642 1080 1670 tardior
1091 1644 1212 1670 ostensio
1229 1650 1292 1670 eutn
1308 1643 1435 1670 redderet
1451 1643 1537 1679 magis
1553 1643 1724 1671 desiderabi-

932 1688 1008 1723 lem),
1025 1689 1069 1716 vix
1097 1689 1207 1716 tandem
1236 1697 1308 1717 unus
1330 1698 1362 1717 ex
1388 1690 1504 1717 ntedicis
1535 1691 1722 1725 imperatoris,

931 1740 1013 1762 notus
1027 1735 1137 1770 quidem
1153 1736 1323 1770 imperatori,
1339 1744 1438 1771 magno
1454 1741 1547 1764 autetn
1570 1737 1718 1772 Sampsoni

931 1780 1082 1814 familiaris,
1109 1787 1138 1809 et
1161 1782 1206 1816 qui
1233 1788 1276 1809 res
1296 1782 1371 1811 illius
1393 1783 1495 1817 optime
1518 1788 1642 1815 noverat,
1666 1791 1721 1811 non

930 1828 1060 1854 virtutem
1081 1828 1182 1859 solum,
1209 1828 1256 1855 sed
1286 1829 1368 1856 etiam
1392 1829 1507 1863 gratiam
1525 1834 1553 1856 et
1577 1830 1720 1862 miracula,

929 1880 993 1901 eum
1008 1873 1180 1901 manifestum
1198 1874 1298 1901 reddit.
1315 1875 1383 1902 Hinc
1402 1879 1493 1902 autem
1512 1875 1550 1902 illi
1565 1875 1644 1902 facile
1660 1881 1721 1903 erat

930 1919 1077 1955 conjicere,
1093 1927 1156 1946 eum
1172 1928 1232 1947 esse
1244 1921 1291 1955 qui
1308 1921 1384 1948 illum
1401 1925 1461 1947 erat
1481 1925 1638 1948 curaturus.
1670 1921 1720 1948 llic

929 1973 995 2001 ergo
1008 1966 1066 2000 ipse
1081 1974 1208 2001 magnum
1220 1967 1298 1994 illum
1318 1967 1498 2001 Sampsonem
1518 1971 1612 1993 notum
1630 1967 1721 1993 reddit

931 2011 1100 2047 imperatori,
1118 2017 1146 2039 et
1159 2012 1185 2040 ei
1203 2017 1305 2039 tantam
1325 2011 1455 2039 conciliat
1479 2012 1613 2043 lzetitiam,
1630 2020 1719 2046 quan-

930 2062 984 2085 tam
1003 2058 1033 2090 ii,
1050 2059 1097 2093 qui
1112 2059 1240 2086 laborant
1256 2058 1353 2085 morbo
1377 2058 1513 2093 corporis,
1530 2063 1556 2085 et
1575 2058 1609 2085 ab
1624 2066 1657 2085 eo
1669 2066 1719 2084 ru-

929 2104 1009 2139 piunt
1030 2104 1161 2135 liberari.
1193 2105 1245 2132 soli
1274 2110 1391 2138 possunt
1431 2104 1595 2139 intelligere.
1630 2104 1719 2139 Atque

929 2150 1020 2177 statim
1032 2150 1144 2184 quidem
1161 2150 1237 2177 venit
1250 2150 1421 2177 admirabilis
1438 2149 1573 2184 Sampson
1595 2157 1601 2174 :
1628 2157 1717 2183 nequ

928 2196 1001 2223 enim
1024 2196 1096 2224 inter
1117 2196 1207 2224 visum
1227 2203 1256 2224 et
1279 2196 1404 2224 auditum
1424 2196 1582 2224 intercessit
1610 2200 1719 2229 tempus

85 2241 230 2275 παρῆκενο
246 2239 331 2271 οὕτως
357 2240 439 2267 αὐτὸν
458 2241 474 2276 ὴ
495 2241 542 2268 τοῦ
570 2242 634 2268 ίδεῖν
657 2243 776 2278 ἰσχυρῶς
802 2241 874 2271 εἷλεν
891 2244 913 2271 D
929 2250 942 2268 v

861 2253 874 2271 ν
891 2244 913 2271 D
929 2242 969 2269 vel
989 2242 1183 2269 brevissimum
1200 2249 1206 2267 :
1231 2246 1337 2269 tantum
1359 2241 1419 2276 ejus
1432 2241 1543 2267 videndi
1568 2241 1717 2273 imperato-

84 2286 230 2320 ἐπιθυμία.
253 2286 324 2312 Ἰδὼν
344 2285 391 2313 οὖν
409 2287 514 2322 ἀνέγνω
532 2288 623 2320 καλῶς
640 2289 694 2315 ἀπὺ
711 2290 765 2315 τῶν
777 2290 874 2321 νυκτὸς

83 2332 240 2366 ὁραθέντων
262 2332 296 2358 τὰ
317 2333 376 2367 μεθ’
393 2334 500 2368 ἡμέραν
516 2335 677 2370 φαινόμενα,
700 2332 757 2361 οἷον
776 2335 874 2370 ὀφθαλ-

86 2381 147 2413 μῶν
177 2379 348 2415 ἡμερότητα,
378 2381 486 2415 μορφῆς
525 2381 683 2416 ἱλαρότητα,
721 2381 795 2416 ἠθῶν
828 2381 874 2407 εὐ-

85 2425 215 2460 κοσμίαν,
232 2424 362 2459 πώγωνος
377 2426 545 2461 αὑχμηρίαν,
561 2427 694 2462 ὀμμάτων
707 2429 872 2462 κατήφειαν,

84 2471 210 2506 σύμϐολά
238 2479 267 2496 τε
292 2470 367 2506 αὐτῷ
407 2471 591 2506 ἐπιτρέποντα
630 2472 871 2507 μετριοφροσύνης.

84 2517 177 2544 Ταῦτα
198 2517 312 2548 ἐκεῖνος,
335 2517 494 2550 προσιόντος
515 2516 562 2543 τοῦ
581 2517 749 2552 θαυμαστοῦ,
773 2518 873 2545 θεασά-

85 2563 239 2596 μενος,οὺδὲ
255 2562 386 2594 καθεκτὸς
399 2560 432 2598 ἦν
446 2563 497 2593 ἔτι,
511 2563 569 2589 ἀλλ’
580 2564 699 2595 ἀναστὰς
709 2564 738 2596 ἐξ
752 2564 872 2599 ἀμέτρου

86 2610 262 2643 napi/4955a;
280 2608 438 2642 πεςιὸάλλει
457 2617 486 2634 τε
506 2608 552 2634 τὸν
567 2609 662 2643 εὐτελῆ
683 2609 713 2635 τὸ
742 2610 872 2644 φαινόμε-

84 2662 140 2686 νον,
159 2655 172 2680 6
194 2654 243 2688 τὴν
261 2654 399 2688 βασιλείαν
418 2655 611 2689 περίϐλεπτος,
636 2656 682 2681 καὶ
706 2655 777 2689 φιλεῖ
802 2656 872 2689 ἄγαν

85 2699 181 2734 ἡδέως,
195 2701 225 2725 οὔ
249 2701 334 2735 στόμα
350 2702 438 2735 μόνον,
457 2701 524 2727 ἀλλὰ
540 2704 586 2727 καὶ
607 2701 739 2736 κεφαλὴν,
764 2699 803 2728 Ἦ
820 2702 871 2737 μὴν

85 2746 166 2776 αὐτὸς
182 2745 216 2776 εἴ,
232 2746 328 2779 λέγων,
347 2748 447 2781 Πάτερ,
471 2748 552 2779 αὐτδς
572 2745 606 2779 εἷ,
631 2748 645 2773 ὀ
664 2748 725 2774 κατ’
742 2748 807 2783 δναρ
827 2758 871 2783 μοι

85 2793 244 2827 παραδόξως
264 2794 416 2826 ἐπιφανεὶς,
434 2794 501 2820 ἀλλὰ
529 2795 575 2820 καὶ
602 2794 632 2820 τὺ
657 2794 743 2826 πάθος
763 2796 793 2821 τὸ
808 2796 871 2829 ἐμὸν

86 2840 264 2873 ὲπαγγελθεὶς
288 2840 424 2867 ἰάσασθαι.
444 2841 536 2873 Οὕτως
558 2841 654 2873 εἰπὼν,
670 2841 751 2873 εὐθὺς
774 2843 813 2873 εἰς
837 2842 871 2868 τὰ

85 2885 250 2920 προσωτέρω
268 2886 401 2922 συνεισῄει
428 2887 481 2913 τῶν
503 2887 647 2921 βασιλείων
674 2888 810 2924 ἐγκρατὴς
832 2888 869 2915 ὄιν

927 2296 983 2315 rem
998 2293 1109 2322 ceperat
1135 2288 1315 2315 desiderium.
1338 2288 1407 2314 Cum
1426 2294 1491 2314 vero
1510 2293 1572 2313 eum
1592 2286 1716 2315 vidisset,

925 2341 958 2360 ex
972 2333 1005 2359 iis
1031 2341 1092 2366 quae
1104 2337 1186 2360 noctu
1199 2333 1257 2359 visa
1274 2332 1395 2364 fuerant,
1420 2332 1536 2366 pulchre
1559 2331 1717 2365 recognovit

924 2385 957 2404 ea
981 2385 1042 2412 qua:
1064 2377 1251 2404 cernebantur
1281 2377 1418 2409 interdiu,
1448 2382 1544 2411 utpote
1570 2377 1715 2403 oculorum

926 2423 1175 2456 mansuetudinem,
1193 2423 1289 2451 format
1301 2423 1481 2455 hilaritatem,
1498 2430 1606 2450 morum
1630 2423 1716 2449 hone-

924 2474 1021 2497 statem
1033 2491 1040 2502 ,
1055 2470 1148 2497 barbae
1166 2470 1321 2504 squalorem
1333 2489 1341 2502 ,
1366 2474 1494 2504 aspectus
1521 2469 1672 2501 tristitiam,
1687 2473 1716 2497 et

923 2525 984 2552 quae
999 2524 1062 2544 eum
1083 2516 1218 2544 decebant
1242 2517 1318 2552 signa
1341 2517 1550 2544 moderationis.
1570 2517 1634 2543 Haec
1649 2523 1712 2542 cum

924 2565 980 2596 ille,
1003 2563 1156 2591 admirabili
1178 2564 1326 2591 accedente
1349 2563 1513 2598 Sampsone,
1538 2568 1612 2590 esset
1645 2570 1713 2590 con-

924 2610 1079 2644 templatus,
1091 2617 1145 2636 non
1162 2610 1250 2644 potuit
1269 2609 1389 2643 amplius
1405 2610 1555 2639 contineri,
1580 2608 1626 2636 sed
1645 2616 1710 2635 sur-

922 2665 987 2691 gens
1004 2664 1057 2691 pra:
1079 2655 1256 2683 immoderata
1270 2656 1375 2686 lmtitia,
1395 2663 1458 2682 eum
1482 2655 1528 2689 qui
1543 2654 1635 2689 specie
1650 2654 1712 2681 vilis

922 2706 981 2729 erat
995 2707 1021 2729 ct
1038 2702 1171 2737 abjectus,
1192 2701 1261 2736 ipse,
1289 2702 1335 2736 qui
1358 2706 1418 2728 erat
1442 2700 1558 2735 insignis
1580 2699 1709 2735 imperio,

922 2749 1104 2784 amplectitur,
1122 2754 1150 2776 et
1165 2748 1288 2776 suaviter
1308 2747 1457 2775 admodum
1475 2747 1628 2778 osculatur,
1653 2753 1709 2773 non

922 2803 952 2822 os
965 2796 1064 2826 solum,
1077 2795 1124 2822 sed
1137 2795 1219 2822 etiam
1235 2799 1327 2829 caput,
1344 2794 1440 2821 dicens
1460 2801 1466 2819 :
1482 2793 1572 2824 Certe,
1587 2801 1604 2820 ο
1618 2793 1708 2824 Pater,

924 2847 950 2868 tu
968 2850 998 2869 es
1012 2842 1079 2876 ipse,
1096 2841 1142 2876 qui
1159 2841 1226 2868 mihi
1242 2839 1446 2869 admirabiliter
1460 2840 1487 2866 in
1503 2839 1609 2866 somnis
1625 2847 1706 2874 appa-

924 2888 1002 2915 ruisti
1016 2897 1021 2914 :
1035 2887 1101 2921 quin
1115 2887 1196 2915 etiam
1218 2892 1244 2915 te
1271 2886 1397 2916 morbum
1416 2893 1508 2914 meum
1529 2885 1667 2921 pollicitus
1677 2894 1707 2912 es
