2170 3148
185 165 240 196 293

803 161 891 191 VITA
912 160 943 190 S.
970 157 1194 188 SAMPSONIS.

1753 153 1807 185 291-

220 219 272 247 lB’.
292 218 468 255 Προσκείσθω
482 218 530 244 καὶ
546 216 627 252 ἔτερα
643 215 698 243 τῶν
713 215 873 251 θαυμάτων,
889 215 919 241 οὐ
936 212 970 240 τὰ
984 213 1010 243 Α
1057 211 1077 239 Χ

949 212 970 240 ’ὰ
984 213 1010 243 Α
1057 211 1116 239 XII.
1130 211 1299 246 Adjiciantur
1314 211 1366 238 alia
1379 218 1488 247 quoque
1509 211 1650 245 miracula,
1671 219 1726 239 non
1745 219 1806 246 qua)

187 266 293 298 πολλοῖς
304 266 435 301 πρότερον
451 263 586 299 γενόμενα
600 263 717 299 χρόνοις,
732 262 766 289 δι’
779 261 895 296 ἀπορίαν
911 269 971 287 και-

186 313 240 340 νῶν
257 312 302 339 καὶ
315 310 479 346 προσφάτων
495 309 567 343 (οὐδὲ
585 309 639 344 γὰρ
653 308 826 335 ἐκλείπουσιν
844 306 908 342 ἄχρι
924 306 971 332 καὶ

188 359 234 386 νῦν
246 359 299 384 τῶν
315 355 446 391 ποταμῶν
456 355 613 391 μιμούμενα
626 354 690 385 τοὺς
703 353 814 388 ῥέοντας
827 351 970 385 ἀεννάως).

187 405 253 432 ἀλλὰ
269 404 302 430 τὰ
318 402 410 438 μικρῷ
424 401 542 437 πρόσθεν
562 400 744 435 γεγενημένα,
760 399 803 425 ἴνα
823 398 869 424 καὶ
892 397 972 423 πλέον

187 450 258 476 οὕτω
271 449 356 475 πιστὰ
375 449 430 483 εἴη,
445 449 482 474 τὰ.
500 447 549 482 μὲν
569 446 668 477 αὐτοὺς
683 445 804 476 ἐκείνους
823 443 972 478 διηγουμέ-

185 504 248 526 νους
265 495 371 530 ἔχοντα,
385 494 448 525 τοὺς
462 493 516 519 τῶν
531 492 649 527 χαρίτων
664 490 864 525 ἁποναμένους,
885 489 971 522 γλώτ-

186 548 237 573 τας
250 539 409 574 φιλαλήθεις
434 538 482 565 καὶ
495 538 534 572 τῷ
548 537 641 572 ψεύδει
659 535 834 563 παντάπασιν
851 534 974 569 ἀπεχθα-

188 587 303 623 νομένας
317 595 324 601 ·
337 586 371 612 τὰ
384 585 413 612 δὲ
436 585 498 616 τοὺς
509 584 582 618 γένει
596 583 784 618 προσήκοντας
802 582 818 617 ἢ
833 581 973 616 ὑπηρετή-

188 641 288 663 σαντας
312 632 329 668 ἢ
352 631 440 662 ἄλλως
462 629 653 666 ᾠκειωμένους
675 628 767 660 αὐτοῖς
788 626 901 657 ἐκείνοις
916 627 972 656 τοῖς

186 679 241 705 τῶν
258 678 405 712 θαυμάτων
419 675 643 710 πεπειραμένοις.
659 674 764 700 Αὐτίκα
778 673 843 707 γοῦν
865 671 972 709 Θεοδώ-

187 732 271 759 ριτος,
290 724 304 749 ὁ
322 723 360 757 τῴ
374 719 736 756 Σπαοαροκουὸικουλαρίων
752 718 910 753 διαπρέπων
923 717 972 743 τά·

187 777 283 804 γματι,
297 765 319 802 ᾦ
331 767 414 802 πολλή
434 775 466 800 γε
479 767 495 802 ή
508 765 596 801 ἁρετὴ
613 765 805 800 μαρτυρεῖται,
820 763 972 798 χρηπτότης

187 815 259 850 μετὰ
285 815 336 850 τῆς
370 813 512 848 ἀληθείας,
539 811 587 838 καὶ
617 809 803 846 μετριοπαθὴς
827 809 971 835 ἐπιείκεια.

184 859 272 892 Οὗτος
304 860 445 894 ὑπηρέτης
469 856 515 894 ἦν,
540 857 586 883 καὶ
615 855 760 891 ὑπηρετῶν
797 855 971 886 οἰκειότατος,

186 890 303 936 Λέοντος
320 890 429 931 ἐκείνου.
441 890 524 938 φημὶ,
539 902 568 928 δν
589 903 603 929 6
630 890 683 938 τῷν
706 901 860 936 Πατριχίων
875 909 905 926 τε
927 899 973 926 καὶ
990 890 1010 918 Β

187 951 378 986 πραιποσίτων
399 948 456 986 εἶχε
473 949 561 985 χορὸς.
592 948 639 975 καὶ
664 948 692 980 ὃς
718 947 833 983 μετῆλθε
859 946 908 980 μὲν
927 946 972 972 τὸν

186 998 234 1024 τοῦ
251 997 436 1032 Δρουγγαρίου
457 996 513 1022 τῶν
531 995 673 1030 πλωῖμων,
688 993 803 1029 μετῆλθε
817 992 845 1019 δὲ
860 992 906 1019 καὶ
922 991 972 1027 τὴν

187 1045 234 1071 τοῦ
249 1044 399 1077 Λογοθέτου
418 1042 465 1068 τοῦ
477 1042 578 1077 δρόμου
593 1041 690 1076 ἀρχὴν,
710 1041 753 1074 ἐφ’
768 1037 785 1076 ᾖ
807 1039 855 1065 καὶ
875 1038 972 1073 τέθνη-

187 1099 234 1118 κεν
250 1091 280 1116 οὺ
302 1089 383 1115 πλέον
400 1088 469 1123 μετὰ
483 1087 530 1114 τὸν
543 1087 647 1114 ἐκείνου
663 1085 788 1118 θάνατον,
841 1084 924 1119 μῆνες
941 1083 973 1109 τὺ

187 1136 325 1170 μέγιστον,
346 1135 436 1160 πέντε.
460 1132 553 1167 Τούτῳ
570 1131 715 1166 τοιγαροῦν
735 1130 775 1166 τῷ
800 1128 971 1164 Θεοδωρίτῳ,

187 1182 235 1208 καὶ
247 1180 338 1215 ἕτερος
353 1178 388 1215 ἦν
399 1178 487 1215 [Λέων
497 1176 628 1213 τοῠνομα]
641 1178 694 1204 τῶν
709 1175 972 1211 συνυπηρετούντων

185 1229 225 1264 τῷ
238 1229 383 1263 περιφανεῖ
397 1227 502 1260 Λέοντι,
520 1226 588 1253 ἀλλά
603 1227 651 1252 καὶ
667 1224 775 1256 οἰκείως
794 1224 910 1259 ἑχόντων
926 1224 972 1249 καὶ

183 1275 301 1302 ἰδιωτῶν
316 1283 371 1306 τις,
388 1271 637 1309 πρωτοσπαθάριός
662 1279 692 1297 τι
715 1271 769 1305 γὰρ
794 1267 838 1304 ἦν,
863 1270 910 1296 καὶ
933 1268 971 1300 ὡς

185 1320 303 1354 σύνηθες
317 1319 471 1354 ὀνομάζειν,
487 1319 534 1344 ἐπὶ.
556 1317 605 1343 τοῦ
628 1316 819 1349 Μαγκλαόίου,
840 1314 916 1348 φίλος
940 1323 971 1340 τε

184 1367 224 1401 τῷ
244 1365 402 1399 Θεοδωρίτῳ
416 1364 446 1394 ἐς
457 1363 492 1390 τὰ
507 1361 625 1398 μάλιστα
641 1361 688 1387 καὶ
703 1359 893 1394 συνυπηρέτης
906 1359 972 1394 ὁμό-

184 1413 284 1448 ψυχος,
300 1410 394 1445 Τούτῳ
408 1409 498 1436 τοίνυν
508 1408 547 1443 τῷ
562 1408 656 1435 Λέοντι
676 1407 690 1433 6
705 1406 888 1442 Δρουγγάριος
903 1406 973 1432 κατά

183 1468 249 1486 τινα
273 1457 412 1492 πρόφασιν
435 1455 603 1491 χαλεπήνας,
619 1452 650 1485 ἑξ
664 1452 750 1488 ὄψεώς
769 1461 798 1478 τε
822 1451 909 1484 ἔθετο,
928 1451 974 1478 καὶ

187 1503 345 1541 παρρησίας
370 1502 453 1529 αὑτὸν
474 1500 612 1536 ἀπέστησε
639 1499 690 1535 τῆς
716 1498 857 1534 συνήθους,
878 1498 973 1534 χρόνον

1023 258 1115 286 multis
1131 262 1194 285 ante
1211 257 1290 284 annis
1310 257 1380 284 facta
1400 262 1473 289 sunt,
1489 258 1562 292 quod
1581 258 1672 285 desint
1693 265 1762 285 nova
1778 263 1805 285 ct

1022 303 1142 331 recentia
1159 305 1223 338 (non
1238 303 1312 330 enim
1327 303 1353 329 in
1368 302 1531 330 hodiernum
1550 311 1634 338 usque
1649 303 1722 331 diem
1739 303 1806 330 deli-

1022 350 1108 382 eiunL,
1133 353 1227 384 utpote
1250 355 1384 383 perennes
1408 348 1542 375 imitantia
1569 348 1690 382 ﬂuvios),
1715 349 1762 376 sext
1776 357 1808 376 ea

1022 405 1082 431 qua:
1097 396 1180 430 paulo
1196 400 1258 422 ante
1282 395 1466 429 contigerunt,
1496 394 1612 427 ideoque
1633 400 1697 421 sunt
1722 395 1808 429 magis

1023 442 1186 473 credibilia;
1218 448 1333 476 quaeque
1359 440 1445 467 relata
1474 440 1594 468 fuerunt.
1628 444 1684 466 tum
1707 440 1741 467 ab
1773 441 1808 468 iis

1023 487 1100 521 ipsis,
1114 486 1161 521 qui
1178 485 1310 512 beneﬁcia
1329 485 1471 512 consecuti
1486 489 1560 515 sunt.
1585 484 1652 511 viris
1665 484 1804 516 veridicis,

1023 538 1050 561 et
1063 533 1152 561 omnis
1173 532 1306 560 mendacii
1318 532 1444 559 osoribus
1465 540 1471 557 :
1497 536 1552 558 tum
1567 531 1601 558 ah
1622 531 1685 563 illis,
1700 531 1747 565 qui
1760 537 1808 559 aut

1023 579 1231 614 consanguinei.
1245 583 1293 606 aut
1305 578 1410 611 famuli,
1431 582 1478 605 aut
1494 578 1574 605 aliter
1587 577 1736 604 familiares
1751 577 1808 605 fue-

1024 630 1088 653 runt
1104 626 1146 655 iis,
1169 626 1196 652 in
1216 625 1320 659 quibus
1344 624 1473 651 miracula
1498 628 1605 659 patrata
1628 629 1702 651 sunt.
1730 624 1808 651 Adsit

1024 671 1106 706 igitur
1146 670 1354 701 Theodoritus,
1384 669 1706 704 Spatlxaroeubicularius
1742 670 1808 697 insi-

1023 715 1083 751 gnis
1099 715 1166 751 (10),
1185 715 1262 750 cujus
1288 714 1463 742 testatissima
1485 721 1527 742 est
1551 716 1650 748 virtus,
1675 715 1808 750 probitas,

1023 763 1168 793 vcracitas,
1192 766 1219 789 ct
1234 769 1341 789 summa
1360 761 1445 788 animi
1470 761 1631 789 moderatio.
1655 762 1679 790 ls
1695 768 1755 791 erat
1769 763 1810 790 fa-

1024 808 1124 839 mulus,
1143 812 1171 835 et
1189 807 1354 835 famulorum
1372 807 1612 840 familiarissimus,
1634 813 1663 836 et
1681 810 1809 837 fidelissi-

1023 861 1084 882 mus
1101 853 1200 881 Leouis
1219 854 1304 886 illius,
1320 854 1367 888 qui
1390 859 1449 880 erat
1462 861 1494 880 ex
1508 854 1604 881 ordine
1619 854 1808 889 patriciorum,

1024 906 1052 928 et
1063 900 1285 936 prmpositorum,
1304 900 1407 935 quique
1422 900 1506 934 gessit
1522 900 1710 935 magistratum
1720 900 1810 927 Drun-

1023 947 1090 982 garii
1105 946 1127 981 (ί
1137 946 1159 980 1)
1174 946 1389 977 classiariorum,
1413 953 1520 973 necnon
1537 946 1739 973 ratiocinatoris
1752 946 1808 982 (Ιῖ)

1023 1001 1140 1027 cursus;
1157 994 1184 1020 in
1204 1001 1259 1028 quo
1276 993 1348 1021 diem
1364 992 1463 1021 clausit
1483 998 1649 1026 extremum,
1669 1002 1722 1021 non
1746 1002 1807 1021 am-

1024 1035 1096 1078 plius
1123 1050 1204 1077 quam
1230 1048 1349 1073 menses,
1373 1044 1403 1067 ut
1425 1047 1574 1071 summum.
1599 1040 1722 1076 quinque
1747 1047 1810 1076 post

1023 1089 1128 1116 obitum
1147 1087 1232 1115 illius.
1259 1087 1324 1114 Erat
1343 1086 1511 1113 Theodorito
1527 1086 1592 1114 huic
1615 1087 1697 1114 etiam
1716 1087 1809 1116 socius

1023 1141 1055 1162 ex
1071 1140 1185 1160 numero
1209 1140 1303 1160 secum
1330 1131 1519 1159 {annulantium
1544 1132 1645 1160 illustri
1668 1132 1765 1165 Leoni,
1780 1139 1808 1161 et

1023 1182 1081 1216 ipse
1094 1179 1149 1208 Leo
1157 1179 1256 1209 dictus.
1268 1178 1381 1205 domino
1392 1185 1442 1205 suo
1455 1177 1554 1205 charus
1566 1178 1807 1213 atquefamiliaris.

1024 1228 1088 1255 Erat
1111 1227 1184 1254 enim
1205 1225 1443 1261 protospatharius
1473 1229 1501 1252 et
1527 1229 1557 1252 ut
1572 1232 1631 1252 mos
1655 1229 1697 1252 est
1719 1225 1809 1252 nomi-

1023 1281 1089 1301 nare
1111 1273 1179 1308 (15),
1201 1273 1228 1299 in
1259 1271 1410 1299 Manclabio
1432 1271 1499 1308 (14).
1525 1272 1579 1301 Hie
1607 1279 1730 1300 summus
1749 1276 1810 1300 erat

1024 1319 1183 1347 Theodoriti
1207 1318 1322 1349 amicus,
1347 1321 1384 1347 et.
1402 1317 1541 1345 unanimis
1566 1317 1659 1345 socius
1679 1318 1707 1345 in
1727 1318 1810 1346 mini-

1024 1365 1119 1393 sterio.
1138 1364 1207 1392 Huic
1221 1369 1312 1391 autem
1326 1363 1410 1390 Leoni
1427 1370 1490 1390 eum
1503 1363 1595 1397 aliqua
1606 1363 1641 1390 de
1653 1371 1734 1391 causa
1746 1371 1809 1391 sue-

1024 1410 1175 1438 censuisset
1191 1409 1372 1443 Drungarius.
1385 1415 1448 1434 eum
1472 1407 1569 1435 habuit
1590 1415 1759 1443 suspectum,
1781 1413 1809 1436 et

1025 1461 1148 1490 tempore
1163 1463 1217 1483 non
1232 1461 1317 1489 parvo
1329 1461 1392 1482 eum
1415 1461 1429 1480 a
1449 1459 1581 1482 consueta
1596 1455 1715 1482 removit
1731 1455 1810 1482 fami-

1023 1502 1153 1534 liaritate,
1171 1505 1199 1529 et
1219 1501 1254 1529 ab
1276 1508 1318 1534 ea,
1333 1509 1415 1537 quam
1444 1502 1522 1537 prius
1546 1501 1676 1534 habebat,
1697 1501 1808 1530 ﬁducia.

183 1551 247 1586 οὐχὶ
262 1549 375 1586 βραχύν.
393 1548 506 1583 Μάρτυς
527 1547 584 1581 είμὶ
602 1545 650 1572 καὶ
662 1544 744 1576 αὐτὸς
761 1544 812 1580 τῆς
836 1546 904 1579 πρὸς
926 1543 971 1570 τὸν
984 1557 1006 1586 c
1023 1549 1040 1576 ε

951 1552 971 1570 >ν
984 1557 1006 1586 c
1023 1549 1088 1576 Sum
1101 1556 1211 1583 quoque
1226 1556 1277 1583 ego
1294 1549 1370 1576 testis
1384 1548 1528 1583 Druugaril
1544 1549 1676 1576 adversus
1689 1548 1808 1577 Leonem

185 1599 291 1625 Λέοντα
309 1594 492 1631 χαλεπότητος
513 1592 560 1619 τοῦ
577 1591 683 1626 ἀνδρὸς,
708 1591 756 1618 κα)⁸
770 1591 820 1625 τὴν
835 1591 971 1625 ἀποστρο-

186 1643 241 1678 φὴν
256 1639 325 1673 οἶδα,
342 1639 389 1666 καὶ
408 1638 458 1674 τὴν
470 1638 580 1674 χρονίαν
594 1637 755 1663 ἀπόστασιν.
773 1634 828 1661 Καὶ
848 1633 903 1668 γὰρ
924 1632 972 1659 καὶ

184 1689 267 1719 αὐτὸς
280 1688 371 1722 ἠξίουν
386 1685 457 1721 ὑπὲρ
471 1684 517 1711 τοῦ
530 1684 654 1715 Λέοντος,
679 1682 755 1716 φίλος
770 1681 807 1707 ὢν
828 1680 876 1707 καὶ
906 1688 971 1706 συν-

184 1735 254 1771 ήθης
269 1733 307 1769 τῷ
321 1731 509 1768 Δρουγγαρίῳ.
529 1730 637 1756 ’ίίνιᾶτο
665 1728 780 1755 τοίνυνὸ
797 1729 873 1754 Λέων
900 1727 972 1771 μάλα

185 1778 310 1813 σφοδρῶς
327 1778 372 1804 καὶ
385 1775 489 1811 ἀθυμίᾳ
504 1775 650 1810 συνείχετο,
670 1773 719 1800 καὶ
735 1773 785 1807 τὴν
797 1772 885 1808 λύπην
902 1770 969 1808 εἶχε,

186 1825 237 1851 καὶ
261 1823 352 1850 αὐτῶν
384 1822 484 1848 ὀστέων
511 1820 667 1854 ἁπτομένην
696 1819 744 1846 καὶ
775 1819 892 1854 μυελῶν,
923 1818 972 1846 καὶ

188 1870 307 1906 ἰσχυρῶς
326 1870 471 1904 τήκουσαν.
488 1865 542 1894 Ἦν
561 1866 589 1892 δὲ
607 1865 638 1892 τὸ
654 1865 755 1892 λυποῦν
772 1865 801 1891 οὐ
820 1866 900 1899 μόνον
923 1865 970 1892 τοῦ

185 1918 311 1948 Λέοντος,
330 1915 398 1941 ἀλλὰ
415 1914 465 1948 μὲν
485 1913 533 1940 καὶ
552 1911 717 1947 Θεοδώριτος
739 1911 783 1937 τὸν
799 1910 880 1936 αὐτὸν
897 1909 970 1936 εἷλκε

184 1962 269 1996 ζυγὸν
283 1961 328 1988 τοῦ
346 1960 436 1994 λόγου,
453 1961 499 1985 καὶ
516 1958 641 1993 συνήλγει
656 1956 730 1991 αὺτῷ
747 1957 793 1982 καὶ
807 1956 969 1991 συνέπασχε,

183 2010 280 2044 νόμοις
295 2008 376 2034 εἴκων
391 2005 605 2040 φιλανθρωπίας,
624 2004 671 2030 ac:
701 2003 732 2037 δὴ
762 2002 837 2036 φίλος
861 2001 898 2027 ὢν
923 2003 971 2028 καὶ

183 2054 390 2089 συνυπηρέτης,
405 2052 500 2085 ὥσπερ
511 2052 524 2076 6
539 2050 615 2083 λόγος
631 2048 737 2083 φθάσας
754 2048 899 2082 ἐδήλωσεν.

222 2100 274 2127 ΙΓθ.
289 2099 381 2133 Ταύτῃ
396 2098 485 2123 τοίνυν
503 2096 570 2130 μηδὲ
583 2095 673 2129 φέρων
687 2094 757 2121 οὕτω
771 2095 908 2129 πάσχοντα
925 2095 970 2122 τὸν

179 2148 290 2175 Λέοντα
311 2144 441 2179 καθορᾷν,
461 2142 602 2176 ἀπετόλμα
619 2140 719 2175 δηλαδὴ
741 2141 787 2166 καὶ
806 2140 970 2176 παρεκινδύ-

179 2202 247 2221 νευε
275 2193 330 2222 τοῖς
360 2190 449 2224 λόγοις
475 2189 530 2219 τοῖς
559 2187 626 2222 πρὸς
649 2188 695 2213 τὸν
714 2187 818 2214 ἑαυτῶν
836 2187 970 2223 δεσπότην

178 2240 300 2277 (σφόδρα
311 2237 366 2272 γὰρ
377 2235 556 2270 δυσπρόσιτος
566 2242 595 2259 τε
611 2235 657 2260 καὶ
668 2233 845 2269 δυσομίλητος
859 2234 872 2260 6
887 2234 968 2269 ἀνὴρ,
985 2224 1009 2253 θ

178 2288 232 2315 καὶ
265 2286 382 2320 μάλιστα
409 2284 439 2310 ἐν
454 2280 613 2319 ὑπηρέταις)
634 2279 682 2306 καὶ
703 2279 778 2312 ἠξίου
801 2279 866 2315 περὶ
885 2279 970 2306 αὑτοῦ

178 2333 284 2368 τρόπον
307 2330 351 2357 τὸν
373 2330 505 2364 ἓμφρονα-
519 2329 639 2362 οἴχεται,
657 2326 755 2360 λέγων,
772 2325 786 2351 6
802 2325 878 2351 Λέων
897 2325 970 2360 οἶχε-

178 2385 250 2406 ται·
271 2378 329 2406 δέος
351 2375 388 2410 μὴ
399 2375 445 2401 καὶ
462 2375 559 2408 δρᾶσαι
575 2373 625 2408 μέν
636 2381 661 2398 τι
676 2372 729 2398 τῶν
747 2371 883 2406 χαλεπῶν,
901 2372 969 2406 ὕπερ

179 2426 317 2456 ἄντικρυς
333 2422 363 2447 οὐ
377 2420 538 2456 βουλόμεθα,
560 2418 628 2453 μηδὲ
653 2417 768 2443 θανάτου
793 2416 971 2451 καταστῶμεν

219 2527 277 2563 (l0)
293 2526 431 2562 Spatharii
446 2529 535 2563 erant,
549 2524 594 2559 qui
608 2524 740 2563 custodiae
749 2523 970 2563 corporisitnpeo

176 2559 284 2594 ment-is
298 2559 376 2589 erant
392 2560 527 2596 deputati,
542 2566 633 2596 arvoce
645 2559 750 2596 Σπάθα,
763 2559 968 2596 ψιῳμιιιήοτοιη

175 2593 302 2637 gladium
316 2593 795 2637 signiﬁcatuquoillinarjnabatltur.‘
807 2593 875 2621 Vide
895 2593 967 2637 Icon-

158 2633 161 2644 ί
175 2629 259 2671 'éium
272 2635 298 2660 in
313 2629 452 2671 Glossarip
467 2629 712 2671 G'rzeco-l'iznrharo.‘
723 2629 971 2671 ‘Spaltharocubicu-

159 2665 281 2698 Tarius.
297 2669 343 2702 qui
360 2667 441 2694 simul
470 2665 601 2700 spatbarii
621 2669 649 2691 et
670 2665 832 2692 cubicularii
858 2671 970 2691 munere

157 2703 362 2738 ’fungebatur.
420 2736 424 2738 Α
486 2735 510 2738 __
640 2734 649 2738 _
872 2735 876 2738 _
919 2733 932 2738 _

221 2734 279 2774 (Ῑί)
294 2736 471 2774 Drttugarius,
486 2735 566 2774 idest
581 2734 737 2774 praefectus.
751 2740 765 2761 a
781 2742 849 2774 voce
864 2734 968 2774 Δροιξγ-

174 2769 319 2810 γοέ,ηιιω
344 2769 459 2810 σιδιηιηὶ
482 2769 596 2810 militum
615 2770 763 2810 signiﬁcat.
785 2769 968 2810 Leunclavius

174 2804 208 2838 i'n
234 2804 410 2835 Otiomastico
439 2806 555 2833 Turcieo
581 2806 618 2833 ita
641 2806 744 2833 Graecis
773 2804 905 2839 appellari
929 2805 968 2831 ait

174 2843 306 2873 baculum
324 2841 431 2874 tribuni,
445 2849 525 2876 quem
540 2842 626 2868 instar
641 2841 741 2876 sceptri
759 2840 839 2875 gerit,
862 2840 967 2876 l'orle_a

175 2889 250 2908 voce
264 2879 360 2906 Latina
373 2874 492 2909 truncus,
505 2881 535 2903 ut
547 2876 585 2903 ait
603 2874 741 2912 Cangius;
757 2874 839 2911 quem
854 2874 966 2903 consule

1025 1594 1230 1630 indignationis,
1250 1595 1360 1630 vidique
1381 1596 1553 1623 aversionem
1576 1595 1637 1630 ejus
1656 1599 1685 1622 et
1704 1595 1812 1623 diutur-

1024 1648 1086 1668 nam
1106 1641 1320 1675 separationem.
1347 1641 1403 1668 lmo
1426 1649 1478 1677 ego
1504 1649 1616 1676 quoque
1639 1642 1733 1677 rogavi
1759 1649 1810 1676 pro

1023 1687 1126 1718 Leone,
1143 1691 1173 1715 ut
1187 1688 1234 1722 qui
1249 1695 1339 1716 essem
1352 1688 1504 1723 Drungario
1525 1688 1632 1722 amicus
1646 1692 1674 1715 et
1689 1687 1809 1715 familia-

1024 1733 1073 1761 ris.
1090 1733 1173 1761 Valde
1189 1733 1281 1768 itaque
1297 1734 1448 1769 angebatur
1461 1733 1528 1766 Leo,
1546 1739 1575 1761 et
1591 1741 1689 1768 magna
1707 1733 1810 1761 allicie-

1024 1779 1106 1807 hatur
1121 1779 1205 1807 animi
1225 1779 1400 1814 aegritudine,
1418 1778 1551 1814 dolorque
1567 1778 1608 1806 vel
1629 1779 1687 1813 ipsa
1702 1785 1765 1805 ossa
1780 1782 1810 1805 et

1024 1825 1157 1852 medullas
1188 1825 1327 1859 tangebat,
1352 1829 1381 1852 et
1404 1825 1484 1852 valde
1514 1823 1704 1852 consumebat.
1737 1823 1810 1856 Quin

1024 1870 1106 1897 etiam
1119 1869 1303 1896 Theodoritus
1329 1869 1401 1896 idem
1420 1869 1516 1904 jugum
1541 1868 1675 1899 trahebat,
1692 1873 1723 1895 ut
1739 1867 1810 1895 dici-

1025 1918 1079 1944 tur,
1106 1914 1219 1949 ejusque
1253 1914 1416 1942 movebatur
1444 1913 1648 1945 misericordia,
1678 1913 1810 1948 gravique

1023 1961 1117 1987 dolore
1145 1960 1324 1994 afﬁciebatur,
1349 1961 1456 1996 legibus
1486 1960 1587 1987 cedens
1615 1959 1753 1991 amicitiae,
1780 1963 1810 1985 ut

1023 2006 1070 2040 qui
1095 2011 1171 2034 esset
1195 2007 1312 2039 anticus,
1338 2011 1367 2034 et
1391 2006 1417 2033 in
1451 2006 1607 2033 ministerio
1637 2005 1742 2038 socius,
1780 2008 1811 2031 ut

1022 2052 1100 2086 prius
1115 2057 1156 2080 est
1172 2056 1324 2080 ostensum.

1058 2098 1128 2126 Xlll.
1142 2098 1211 2126 Cum
1228 2098 1319 2133 itaque
1334 2098 1407 2126 Ierre
1430 2106 1484 2126 non
1507 2102 1612 2134 posset.
1630 2097 1750 2124 Leonem
1767 2095 1810 2124 sic

1022 2145 1103 2175 allici.
1128 2153 1210 2172 ausus
1239 2149 1280 2172 est
1305 2145 1398 2173 verbis
1419 2153 1500 2172 suum
1526 2144 1636 2180 aggredi
1666 2143 1809 2170 dominum

1023 2194 1124 2226 (neque
1139 2191 1212 2219 enim
1226 2191 1312 2218 facilis
1325 2191 1357 2218 ad
1374 2199 1437 2219 eum
1446 2191 1557 2227 patebat
1569 2191 1670 2220 aditus.
1686 2194 1715 2217 et
1729 2195 1810 2223 asper

1022 2241 1082 2263 erat
1101 2237 1128 2263 in
1152 2237 1289 2264 sermonis
1311 2237 1515 2272 congressione,
1534 2237 1652 2264 maxime
1676 2235 1749 2263 inter
1768 2237 1811 2264 [ει--

1024 2283 1124 2317 mulos)
1140 2288 1168 2310 et
1185 2283 1314 2318 prudenti
1331 2284 1397 2310 inita
1412 2284 1530 2315 ratione,
1556 2290 1606 2317 pro
1627 2290 1661 2310 eo
1679 2283 1785 2318 rogavit
1800 2292 1808 2310 :

1023 2329 1108 2360 Perit,
1132 2329 1237 2361 dicens,
1257 2329 1311 2356 Leo
1333 2329 1426 2363 perit:
1447 2329 1600 2356 timendum
1624 2334 1677 2360 est.
1700 2337 1735 2356 ne
1755 2330 1809 2357 sibi

1022 2380 1103 2408 grave
1121 2373 1223 2408 aliquid
1235 2374 1332 2406 faciat,
1358 2374 1430 2408 quod
1452 2374 1563 2408 quidem
1584 2378 1661 2402 certe
1675 2375 1807 2409 nolimus,

1026 2426 1114 2453 neque
1127 2419 1212 2446 simus
1228 2424 1355 2447 auctores
1368 2421 1427 2455 ejus
1448 2421 1556 2448 mortis.
1572 2421 1654 2449 Miser
1667 2422 1740 2450 enim
1751 2423 1808 2458 jam

1025 2523 1052 2550 in
1078 2527 1195 2557 utroque
1219 2523 1368 2551 Glossario.
1394 2523 1444 2552 Hic
1470 2524 1639 2559 Drungarius
1654 2525 1687 2552 ad
1713 2525 1809 2554 classis

1024 2560 1212 2594 praefecturam
1233 2558 1359 2586 refertur.

1058 2592 1113 2627 (12)
1131 2593 1281 2627 Λογοϐἐτης
1296 2594 1346 2630 τοῦ
1370 2594 1475 2630 Δρομου
1503 2599 1563 2621 erat
1592 2595 1625 2626 is,
1650 2595 1697 2630 qui
1723 2595 1808 2630 ratio-

1020 2636 1070 2691 3:5
1083 2635 1182 2655 cursus
1200 2629 1302 2663 publici
1318 2628 1501 2664 expendebat.
1521 2630 1587 2657 Vide
1607 2628 1739 2665 Catigium
1756 2629 1809 2656 ibi-

1056 2672 1092 2690 m.

1127 2699 1385 2735 Πρωτοσπαοάριος,
1402 2699 1551 2736 Praefectus
1576 2700 1724 2727 custodum
1745 2706 1808 2727 cor-

1139 2769 1316 2803 Μαγκλάὸιον
1340 2769 1450 2797 Clavum
1471 2770 1617 2805 signiﬁcat,
1638 2778 1690 2805 qua
1717 2778 1808 2797 arma-

1019 2803 1122 2844 bantur
1137 2805 1184 2839 qui
1201 2810 1281 2844 erant
1303 2803 1654 2844 imperatoriafcohortisf
1672 2806 1718 2833 hic
1739 2812 1807 2844 vero

1019 2840 1138 2876 sumitur
1153 2847 1203 2874 pro
1213 2840 1272 2875 ipsa
1285 2841 1399 2870 cohorte
1413 2840 1601 2876 imperatoria.
1613 2841 1732 2869 Rursum
1744 2840 1808 2868 vide

1020 2874 1168 2910 Cangium.
