2170 3148
189 174 241 204 309

676 167 763 198 VITA
783 168 811 197 S.
833 165 1022 197 STEPHANI
1043 164 1090 194 ET
1111 163 1318 193 SOClORUM.

1752 159 1808 193 310

196 253 1804 276 Μ

563 360 955 450 MENSIS
1022 356 1430 448 JULIUS.

259 625 348 680 DE
388 623 488 680 SS.
538 621 913 679 STEPHANO
956 617 1300 677 EPISCOPO
1346 616 1731 674 RHEGIENSI

846 741 921 784 ET
955 738 1165 789 SOCIIS.

454 840 584 872 SUERA
600 839 805 877 EPISCOPO,
819 837 992 872 AGNETE,
1010 837 1248 868 FELICITATE
1266 837 1318 868 ET
1344 832 1554 868 PERPETUA

608 911 889 941 MARTYRIBUS
917 909 1067 938 RiiEGll
1097 910 1137 938 IN
1166 909 1402 939 CALABRIA.

696 980 767 1012 (Julii
781 981 822 1006 die
835 981 850 1006 5
865 980 926 1005 Acta
938 978 984 1004 SS.
995 977 1106 1002 Bolllnd.
1120 977 1150 1002 ad
1161 978 1224 1003 hanc
1235 978 1324 1008 diem.)

236 1126 261 1152 Ι.
280 1124 407 1152 NotiOres
427 1124 493 1152 olim
514 1124 592 1152 fuere
611 1124 640 1151 hi
660 1124 747 1151 sancti
767 1124 840 1159 apud
863 1124 983 1157 Grtecos,
999 1125 1023 1154 Α
1036 1124 1196 1159 episcopum
1222 1123 1384 1157 Bovenscm,
1401 1123 1447 1159 qui
1471 1123 1660 1159 suﬂ‘raganeus
1679 1129 1721 1152 est
1747 1126 1820 1153 Rhe-

199 1179 282 1206 quam
304 1171 374 1206 apud
392 1171 516 1198 Latinos.
533 1171 717 1199 Memineruut
733 1179 829 1199 eorum
851 1171 982 1198 nonnulla

199 1211 301 1245 Memmi
318 1217 390 1252 apttd
410 1225 471 1251 nos,
489 1218 690 1246 Chiiﬂetianum
713 1222 795 1252 atque
811 1217 984 1245 Sirmundia-

199 1271 284 1296 num;
311 1271 429 1298 quorum
457 1264 523 1291 illttd
554 1264 600 1292 die
622 1272 637 1291 ν
659 1263 725 1291 Julii
746 1264 812 1298 legit
827 1272 833 1290 :
848 1263 984 1298 Στεφάνου

199 1309 324 1345 Καλασρ.
343 1311 388 1336 καὶ
401 1310 455 1336 τῶν
478 1310 525 1336 σὺν
550 1309 624 1344 αὺτῷ
640 1317 647 1326 ”
672 1309 729 1337 Hoc
744 1317 808 1337 vero
823 1309 918 1337 eodem
941 1309 985 1337 die

200 1355 282 1388 paulo
299 1355 460 1389 explicatius
483 1366 488 1382 :
509 1355 563 1381 Τοῦ
577 1356 654 1389 ἁγίου
673 1357 819 1391 Μάρτυρος
836 1357 986 1390 Στεφάνου,

202 1399 250 1425 τοῦ
273 1399 314 1430 εἰς
338 1400 369 1425 τὸ
392 1399 501 1433 Ῥήγιον
522 1401 681 1434 Καλαὸρίας
700 1402 837 1435 κειμένου,
860 1403 907 1428 καὶ
930 1402 984 1428 τῶν

203 1446 252 1472 σὺν
270 1446 345 1481 αὐτῷ
360 1447 444 1480 ἁγίων
457 1448 705 1482 μαρτυρησάντων·
727 1458 736 1474 ι
750 1448 840 1476 Sancti
856 1449 987 1484 Stephani

203 1493 342 1525 martyris,
360 1492 405 1526 qtti
416 1492 488 1526 jacet
502 1492 598 1527 Rhegii
615 1493 642 1519 in
662 1493 796 1525 Calabria,
809 1500 837 1521 et
852 1494 988 1522 sociorum

201 1536 262 1570 ejus
291 1540 465 1568 sanctorum,
494 1537 540 1572 qui
572 1545 635 1565 cum
664 1546 697 1565 co
728 1540 887 1574 martyrium
921 1540 988 1567 sub-

204 1582 306 1608 ierunt.
329 1592 338 1607 )
356 1582 497 1610 Monachis
507 1592 616 1618 quoque
627 1584 733 1619 Cryplac
744 1586 870 1618 Ferratzc,
889 1591 916 1614 et
930 1587 989 1615 aliis

203 1627 399 1656 ecclesiasticis
417 1630 502 1657 Graeci
522 1632 600 1663 ritus,
621 1632 815 1660 celebrandum
833 1634 929 1661 eodem
945 1635 988 1662 die

206 1675 394 1708 pnescrihitur
417 1676 527 1709 festum,
543 1677 596 1704 Τοῦ
617 1678 695 1712 ἁγίου
719 1679 855 1712 Στεφάνου
879 1680 990 1716 καὶτῆς

208 1721 331 1752 συνοδίας
349 1722 441 1749 αὑτοῦ.
461 1722 565 1750 Similia
588 1724 689 1751 habent
712 1725 812 1752 Mcna-a
831 1726 924 1754 Graeca
950 1728 990 1754 hi-

209 1766 352 1794 bliothcca:
366 1767 517 1801 Vaticanze;
531 1773 558 1796 et
571 1770 636 1797 alibi
652 1771 702 1797 alia
713 1771 791 1798 facile
805 1773 990 1807 invenientur,

210 1819 271 1846 qua:
286 1812 353 1839 tuilti
369 1814 423 1840 visa
441 1822 494 1841 non
508 1820 582 1848 sunt,
598 1824 712 1852 qumque
726 1818 781 1852 jatn
799 1818 871 1846 dicta
895 1825 992 1854 potuc—

212 1862 277 1884 runt
293 1859 465 1887 continuare.

246 1903 274 1930 2.
292 1904 371 1930 Nulla
390 1909 478 1932 tamen
501 1907 572 1941 apud
590 1908 787 1943 Martyrologos
801 1910 913 1937 Latinos
933 1911 993 1938 Ste-

213 1948 294 1982 phani
314 1949 396 1984 hujus
411 1956 439 1978 et
454 1953 593 1980 sociorum
610 1960 760 1989 martyrum
781 1961 869 1983 exstat
892 1966 994 1984 memo-

211 1994 261 2020 ria.
276 1995 352 2027 Quod
365 1996 495 2024 indicium
509 2006 569 2026 esse
585 2001 679 2033 possit,
695 2009 748 2027 non
764 2002 832 2029 adeo
846 2003 995 2036 celebretur,

212 2043 377 2077 scriptorum
390 2046 498 2073 illortttn
514 2048 694 2082 temporibus.
708 2050 826 2083 riguisse
846 2052 948 2078 cultum
968 2053 995 2080 in

213 2087 334 2116 Ecclesia
345 2090 449 2118 Latina.
461 2094 549 2127 Atque
565 2093 630 2120 hinc
646 2094 745 2121 factum
757 2095 802 2127 sit,
819 2101 848 2123 ut
862 2096 997 2132 Rhegiett-

214 2134 252 2160 sis
274 2135 505 2171 archiepiscopus,
523 2139 638 2166 Annibal
661 2140 693 2167 de
713 2140 836 2175 Afﬂictis,
854 2143 895 2170 vir
913 2145 995 2171 tnulta

213 2181 395 2209 sanctimonia
410 2184 511 2215 clarus,
528 2184 607 2213 initio
625 2187 717 2214 saeculi
733 2189 882 2222 superioris
895 2191 997 2225 suppli-

214 2228 319 2254 caverit
345 2231 551 2266 congregationi
580 2241 722 2260 sacrarunt
751 2235 864 2263 Rituum
893 2237 995 2269 Romze,

214 2277 269 2303 quo
301 2272 381 2300 «sibi
408 2274 519 2310 suisque
542 2275 740 2312 Rhegiensihus
768 2279 881 2307 facultas
907 2279 995 2311 ﬁeret,

217 2318 324 2350 publice
337 2322 489 2353 exponendi
503 2323 658 2358 imaginem,
674 2324 702 2350 S.
717 2324 855 2359 Stephano
870 2326 999 2360 episcopo

216 2369 266 2387 suo
281 2369 313 2389 ac
328 2366 450 2398 martyri,
468 2371 549 2401 atque
562 2369 657 2395 altaria
672 2374 698 2395 et
711 2371 808 2404 templa
827 2371 853 2396 in
866 2371 997 2398 honorem

215 2406 338 2439 ejusdem
361 2410 496 2444 crigendi.
517 2421 526 2437 ι
548 2413 634 2440 Aﬂ’crt
646 2422 696 2448 pro
714 2415 816 2441 motivo
833 2415 895 2442 talia
916 2416 1000 2450 impe-

218 2452 319 2484 trandi,
333 2455 406 2488 quod
423 2465 431 2480 ι
451 2457 568 2489 pridem.
581 2464 663 2493 atque
680 2460 762 2486 etiam
780 2465 844 2487 tunc
859 2462 999 2495 tetnporis,

217 2498 412 2528 celebrabatur
427 2501 460 2529 de
477 2503 572 2530 eodem
588 2510 682 2531 sancto
696 2506 834 2540 Stephano
854 2507 1000 2542 sociisque,

218 2545 263 2573 die
292 2555 307 2573 ν
328 2547 393 2575 Julii
417 2549 496 2577 Missa
525 2555 553 2578 ct
574 2552 625 2578 alia
644 2552 745 2580 Ofﬁcia.
767 2563 775 2578 ι
797 2553 829 2580 Ει
844 2561 919 2580 sacra
934 2561 1001 2581 con-

219 2593 353 2626 gregatio,
385 2595 519 2622 referente
547 2596 686 2624 illustriss.
715 2603 743 2625 ct
774 2598 1003 2626 reverendissimo

222 2638 252 2664 ι).
269 2639 423 2674 Francisco,
442 2641 532 2669 Sancti
550 2642 644 2677 Angeh
661 2645 687 2670 in
705 2643 907 2671 ForoPiscium
922 2643 1001 2672 Card.

222 2683 468 2721 Buoncompaguo,
495 2689 610 2723 gratiam
643 2691 756 2724 petitam
786 2690 922 2717 concessit
958 2698 1005 2717 an-

223 2737 259 2758 no
276 2731 352 2758 1622.
371 2733 406 2760 De
424 2733 498 2761 hisce
520 2735 585 2762 mihi
614 2741 730 2768 constat,
749 2737 785 2763 ita
809 2736 910 2764 factum
934 2744 1006 2769 esse,

222 2785 256 2805 ex
272 2779 428 2806 testimonio
444 2780 547 2808 Nicolai
566 2781 658 2809 Mat-ise
671 2782 815 2814 Modol'ari,
832 2787 898 2810 tunc
915 2783 1008 2811 Romae

222 2825 346 2853 ecclesia:
363 2825 391 2853 S.
405 2825 515 2854 Thomae
531 2827 557 2854 in
574 2827 688 2855 Parione
709 2829 834 2861 rectoris,
850 2832 877 2856 et
895 2828 1009 2864 hujusce

224 2880 313 2901 causa:
336 2873 459 2909 Agentis,
475 2878 556 2909 atque
575 2874 672 2903 eodem
698 2883 769 2904 anno
789 2875 854 2904 l622
872 2875 953 2903 electi
981 2876 1008 2903 in

1015 2482 1037 2511 C

1035 1176 1148 1204 gtensts.

1069 1214 1095 1241 3.
1114 1214 1308 1242 Prtedictarum
1331 1214 1535 1250 Scripturarum
1556 1216 1606 1251 (uti
1627 1216 1650 1244 is
1669 1216 1756 1250 addit,
1774 1217 1821 1252 qui

1036 1260 1097 1287 illas
1123 1260 1202 1288 nobis
1227 1261 1365 1296 submisit)
1383 1262 1529 1298 archetypa
1545 1268 1721 1291 asservanlur
1737 1271 1823 1299 penes

1036 1305 1169 1333 Joannem
1196 1305 1336 1334 Simonem
1365 1307 1399 1335 de
1423 1308 1572 1341 Antonillo,
1595 1307 1626 1336 U.
1644 1309 1669 1336 J.
1690 1309 1718 1336 D.
1733 1309 1821 1336 virum

1038 1350 1176 1378 eruditum
1193 1357 1221 1379 et
1236 1352 1322 1386 pium.
1340 1357 1366 1380 et
1381 1354 1432 1388 ipsi
1451 1353 1479 1381 S.
1498 1353 1638 1389 Stephano
1657 1355 1724 1382 satis
1746 1356 1824 1382 addi-

1038 1402 1124 1430 ctum,
1144 1398 1223 1433 cujus
1239 1399 1384 1426 devotione
1405 1404 1432 1426 et
1448 1401 1576 1434 expensis
1592 1401 1721 1428 sacellum
1735 1406 1824 1428 exstat

1040 1443 1146 1477 (utique
1167 1448 1228 1478 post
1241 1449 1385 1478 acceptum
1408 1445 1453 1471 illa
1469 1445 1503 1472 de
1521 1454 1548 1472 re
1565 1453 1725 1480 responsum
1741 1455 1825 1474 saera:

1039 1489 1265 1525 Congrcgationis
1281 1490 1377 1526 Roma)
1397 1496 1567 1519 exstructum
1584 1491 1610 1519 in
1624 1491 1739 1520 ecclesia
1754 1493 1826 1520 Prae-

1041 1535 1193 1563 dicatorum
1217 1537 1246 1564 S.
1262 1537 1401 1572 Stephano
1418 1537 1551 1570 dicatum,
1565 1539 1591 1565 in
1604 1546 1659 1573 quo
1675 1539 1754 1566 atmis
1768 1539 1824 1566 sin-

1041 1581 1111 1616 gulis
1124 1582 1285 1609 condeoenti
1305 1590 1366 1610 cunt
1385 1584 1586 1618 magniﬁcentia
1608 1584 1694 1611 Missa:
1718 1584 1824 1612 sacrifi-

1042 1627 1113 1653 cium
1129 1631 1157 1653 et
1170 1627 1296 1662 Vespera!
1312 1627 1424 1655 musicis
1439 1636 1500 1655 eum
1517 1629 1698 1656 concentibus
1716 1630 1743 1656 itt
1756 1629 1826 1657 t'esto

1043 1672 1135 1700 Sancti
1152 1673 1312 1700 solemnitcr
1333 1673 1514 1701 celebrantur.
1536 1675 1614 1701 Circa
1639 1675 1745 1702 iconcm
1760 1680 1826 1702 vero

1043 1719 1174 1746 antistitis
1188 1719 1332 1754 Stephani,
1346 1720 1470 1754 ejusdem
1482 1725 1540 1747 acta
1553 1721 1747 1757 etmartyrium
1763 1722 1828 1749 hinc

1045 1765 1109 1792 inde
1129 1766 1224 1800 figuris
1239 1772 1268 1794 et
1284 1768 1411 1795 versibus
1425 1768 1609 1797 declarantur.

1079 1811 1106 1838 4.
1121 1811 1219 1838 lisdetn
1240 1812 1296 1838 fere
1312 1813 1495 1847 temporibus,
1513 1814 1615 1848 quibus
1632 1814 1725 1842 Roma:
1744 1815 1827 1849 petita

1045 1864 1229 1891 concessaque
1247 1858 1298 1884 fuit
1321 1857 1435 1885 facultas
1450 1860 1629 1887 cottstruendi
1645 1860 1672 1887 S.
1690 1860 1828 1895 Stephano

1046 1903 1152 1934 altaria,
1167 1904 1276 1936 sacella,
1293 1906 1401 1940 tctnpla,
1421 1907 1559 1940 impressit
1574 1906 1714 1933 Ferrarius
1727 1911 1828 1934 utrum-

1046 1956 1100 1983 que
1128 1950 1282 1985 catalogutn
1308 1959 1398 1983 suum,
1414 1952 1530 1978 alterttm
1551 1960 1650 1987 nempe
1671 1957 1828 1980 sanctorum

1047 1995 1139 2027 italiae,
1158 2004 1230 2023 anno
1248 1997 1326 2028 1615,
1343 1998 1458 2024 alterum
1475 1998 1583 2024 iilorum
1600 1998 1646 2032 qui
1663 1999 1689 2024 in
1706 1998 1829 2026 Romano

1048 2041 1237 2077 Martyrolngio
1253 2050 1305 2068 non
1323 2042 1470 2074 habentur,
1484 2050 1556 2070 anno
1572 2043 1647 2070 1625.
1667 2043 1696 2070 ln
1713 2047 1830 2077 utroque

1047 2093 1253 2119 commemorat,
1264 2088 1308 2116 die
1322 2089 1338 2115 5
1349 2088 1425 2120 Julii,
1439 2088 1466 2116 S.
1481 2088 1716 2124 Stephanum,sed
1727 2088 1830 2124 absque

1047 2135 1147 2166 sociis;
1172 2135 1197 2161 in
1226 2135 1312 2170 priori
1330 2135 1438 2170 quidem
1459 2143 1521 2163 cum
1541 2136 1631 2171 elogio
1650 2136 1702 2164 hoc
1718 2145 1725 2164 :
1744 2145 1752 2161 ι
1773 2135 1833 2164 Ste-

1048 2180 1166 2215 phanus,
1179 2177 1252 2208 'eivis
1268 2181 1417 2216 Rheginus,
1438 2189 1452 2209 a
1468 2181 1496 2209 S.
1512 2182 1598 2209 Paulo
1618 2182 1752 2216 apostolo.
1768 2190 1830 2210 cutn

1047 2235 1081 2255 ex
1109 2228 1187 2263 Syria
1214 2228 1328 2255 Romam
1357 2228 1466 2260 ductus,
1498 2228 1643 2263 Rhegium.
1673 2229 1831 2256 Brutiorum

1050 2274 1222 2308 tuetropolim
1239 2275 1401 2309 appulisset.
1420 2274 1453 2301 ad
1465 2274 1604 2302 Christum
1629 2283 1788 2306 conversus,
1804 2280 1833 2302 et

1050 2320 1076 2346 in
1097 2320 1149 2346 (ide
1169 2320 1331 2352 instructus,
1351 2321 1457 2354 primus
1477 2320 1662 2355 Rheginorutn
1688 2321 1833 2355 cpiscopus

1050 2366 1084 2392 ab
1106 2365 1201 2392 eodem
1227 2366 1350 2400 apostolo
1371 2366 1525 2392 ordinatur.
1550 2366 1614 2399 Qui,
1634 2370 1695 2401 post
1709 2367 1833 2402 Apostoli

1051 2413 1213 2445 discessum,
1229 2413 1294 2440 dum
1306 2420 1406 2440 muntts
1426 2413 1581 2448 episcopale
1595 2414 1770 2448 praedicando
1784 2415 1835 2442 im-

1053 2458 1128 2492 pigre
1140 2464 1349 2493 exsequeretur,
1365 2459 1458 2486 multis
1472 2460 1528 2493 jam
1543 2460 1575 2487 ad
1593 2460 1672 2487 ﬁdem
1683 2461 1834 2496 perductis.

1054 2505 1081 2532 in
1098 2505 1252 2532 Neroniana
1271 2506 1462 2540 persecutione
1477 2507 1739 2540 comprehenditur;
1757 2515 1836 2535 cum~

1055 2559 1108 2587 que
1124 2555 1282 2579 constanter
1304 2551 1331 2578 in
1355 2551 1418 2578 tidci
1437 2552 1611 2580 confessione
1637 2558 1835 2587 perseveraret.

1055 2604 1138 2634 atque
1167 2599 1260 2626 multis
1285 2599 1400 2626 atl‘ectus
1421 2599 1573 2634 suppliciis,
1587 2600 1725 2627 cruciatus
1742 2608 1838 2628 omnes

1057 2650 1224 2680 superasset,
1240 2645 1351 2672 demunt
1374 2645 1471 2679 capitis
1496 2645 1708 2672 obtruncatione
1738 2650 1837 2681 marty-

1058 2693 1128 2719 riutn
1144 2692 1352 2720 consummavit.
1371 2702 1380 2718 ι
1398 2692 1426 2718 1η
1445 2691 1587 2726 posteriori
1599 2696 1690 2718 autem
1698 2691 1838 2727 Catalogo,

1056 2738 1128 2765 idem
1154 2738 1297 2765 Ferrarius
1321 2738 1361 2765 sic
1386 2737 1468 2764 habet
1490 2745 1496 2763 :
1521 2746 1530 2762 ι
1550 2736 1646 2772 Βὴοείί
1679 2737 1705 2764 in
1725 2737 1838 2768 Brutiis.

1057 2785 1086 2812 S.
1106 2784 1248 2819 Stephani,
1277 2783 1358 2819 primi
1378 2782 1500 2818 ejusdem
1522 2782 1642 2817 episcOpi
1661 2787 1689 2809 et
1713 2783 1840 2817 martyris

1057 2830 1106 2859 sub
1124 2830 1242 2858 Nerone.
1261 2839 1270 2856 )

1093 2877 1118 2906 5.
1135 2876 1194 2905 Non
1218 2875 1293 2905 omni
1313 2882 1347 2904 ex
1368 2878 1444 2910 parte
1465 2873 1561 2902 isthmc
1588 2872 1757 2902 concordant
1778 2879 1840 2901 cum

1134 3004 1153 3015 κ

2086 2090 2089 2285 l
