2170 3148
4 0 201 65 “tum

54 63 136 122 _:.'._.,
160 61 203 113 £1

46 117 199 283 'u

10 722 11 726 η
164 693 176 759 ἶ

55 993 202 1359 ιῖᾙὲιὲ

4 2896 17 2910 ’·
38 2875 46 2926 ξ
71 2903 73 2907 ν
98 2868 152 2923 μιὶίτ
172 2877 185 2915 ἶ

0 2912 66 3148 il,
113 2866 194 3066 ‘IH

461 125 511 157 3H

1111 129 1253 159 MENStS
1274 128 1424 165 IULIUS.

2030 128 2090 162 ’311

457 185 532 211 Actis
545 184 655 214 Gmcis,
673 192 733 217 qua:
749 183 816 210 mihi
831 184 865 210 ab
880 184 955 212 hisce
968 185 1063 219 viginti
1076 185 1167 217 annis,
1185 190 1250 212 tunc
1263 187 1287 216 Α
1301 184 1451 219 quidquam
1475 184 1578 212 habent
1600 185 1633 212 de
1654 185 1795 220 sepultura
1813 191 1972 213 sanctorum
1991 195 2089 223 corpo-

456 231 549 257 Ramae
563 231 664 264 agenti,
679 238 694 257 a
707 229 740 258 ιι,
754 229 783 257 Ρ.
801 230 922 266 Josepho
950 231 1039 264 Denti,
1060 232 1159 260 domus
1182 240 1247 267 pro-

454 276 591 302 fessorum
604 275 746 303 societatis
761 280 861 302 nostra:
880 277 1037 310 praeposito,
1056 276 1185 303 Messana:
1196 284 1245 303 cu-

455 326 513 349 rata
532 321 644 348 fuerunt
662 321 779 348 describi
807 329 822 349 e
838 322 982 350 codicibus
1002 330 1054 349 ms.
1073 322 1245 350 celeberrimi

455 375 543 402 prope
562 367 660 394 urbem
683 367 755 394 illam
780 368 939 395 monasterii
968 369 1059 395 Sancti
1082 368 1243 400 Salvatoris,

456 414 562 441 ordinis
591 413 619 441 S.
645 413 756 444 Basilii;
786 414 824 441 uti
861 414 987 449 pluribus
1013 414 1069 441 dixi
1098 414 1131 441 ad
1156 415 1245 442 Vitam

456 461 486 487 S.
500 460 669 488 Sebastianze
693 460 723 487 V.
737 460 772 487 M.
790 465 862 487 tomo
884 460 916 488 Vl
933 460 1017 492 Junii,
1040 468 1100 495 quae
1123 460 1246 487 indidem

456 507 491 534 ab
506 507 615 539 eodem,
647 507 687 534 uti
713 508 805 534 multae
830 507 900 538 aliae.
923 507 989 534 mihi
1016 507 1109 534 Graece
1133 507 1245 533 {uerunt

457 554 610 581 submissos,
632 554 704 586 Haec,
719 553 841 588 inquam,
859 553 925 581 Acta
948 553 974 581 S.
989 553 1121 588 Stephani
1148 553 1244 581 viden<

457 605 501 626 tur
513 599 574 626 fons
591 607 663 630 esse,
675 607 707 626 ex
722 607 787 634 quo,
802 604 938 634 quotquot
947 599 981 627 de
998 600 1045 627 illo
1061 598 1159 627 Latine
1173 601 1241 627 scri-

455 653 546 680 psere,
559 653 607 672 sua
625 646 786 677 hauserunt,
803 645 865 674 aliis
895 646 1007 680 additis,
1035 646 1097 674 aliis
1119 647 1242 679 mutatis,

455 700 507 726 pro
533 699 584 720 suo
609 693 741 727 cujusque
768 700 860 720 sensu.
885 693 930 721 Sic
960 693 1126 728 Stephanus,
1143 693 1190 728 qui
1217 694 1243 720 in

453 738 530 767 Actis
556 739 656 766 Graecis
683 739 783 774 legitur
798 739 895 778 patria
924 740 1051 768 Nicaenus
1073 740 1101 767 in
1117 740 1243 776 Bithynia

454 784 550 817 fuisse,
567 790 594 812 et
619 793 680 813 cum
710 785 738 813 S.
767 786 851 813 Paulo
880 786 1005 821 apostolo
1032 786 1166 822 Rhegium
1194 795 1242 821 ap—

454 831 573 866 pulisse;
598 831 670 867 apud
693 831 849 859 Ferrarium
875 832 978 860 dicitur
1000 833 1069 860 civis
1091 832 1241 867 Rheginus,

1302 238 1374 258 rum.
1407 231 1496 258 Facile
1526 231 1652 259 condono
1677 232 1707 259 P.
1734 231 1872 264 Cornelio,
1899 233 2042 269 Theologo
2064 241 2088 262 et

1300 277 1516 305 Commentatori
1536 278 1563 304 in
1580 285 1686 305 sacram
1704 277 1874 312 Scripturam
1886 280 2000 311 eximio,
2017 283 2089 314 quod

1302 324 1356 351 ﬁde
1378 329 1405 352 et
1423 325 1586 351 auctoritate
1603 324 1810 359 Rhegicnsium,
1827 324 1947 352 virorum
1964 328 2088 354 erudito-

1301 378 1361 398 rum
1381 377 1408 398 et
1423 371 1631 406 primariorum,
1650 371 1711 397 talia
1729 372 1882 406 scripserit.
1901 372 1960 407 Ipse
1977 373 2088 400 interim

1300 416 1369 444 nihil
1388 425 1438 451 per
1455 424 1483 444 se
1497 422 1700 444 commentatur
1720 417 1754 444 de
1769 425 1845 444 mora
1868 423 1914 445 aut
1939 427 1993 445 non
2011 427 2088 446 mors

1300 461 1375 489 Pauli
1389 462 1504 496 apostoli
1519 462 1590 497 apud
1604 462 1750 497 Rhegium.
1764 462 1922 497 Supposuit.
1940 472 2002 491 vera
2016 473 2089 496 esse.

1300 516 1360 543 quae
1381 508 1550 544 Rhegicnses
1565 508 1599 535 de
1615 515 1690 535 mora
1709 509 1770 543 ejus
1785 509 1856 544 apud
1875 517 1904 537 se
1926 510 2006 537 unius
2022 511 2090 543 diei,

1298 559 1326 582 et
1344 554 1378 581 de
1390 561 1487 589 magna
1504 555 1683 582 conversione
1707 556 1852 590 gentilium
1871 556 1917 582 ilio
1933 556 1980 582 die
2000 556 2088 589 facta;

1300 602 1365 628 item
1385 600 1419 628 de
1435 601 1511 628 Actis
1527 600 1554 628 S.
1573 600 1717 635 Stephani,
1742 602 1843 629 saeculo
1870 601 1974 629 Christi
1998 603 2089 637 primo

1299 644 1393 673 Graece
1406 645 1583 680 conscriptis.
1600 644 1782 672 aﬂirmabant.
1798 645 1832 672 Et
1851 646 1873 672 si
1895 646 1960 680 quid
1985 646 2032 673 illa
2055 647 2089 674 de

1299 699 1328 718 re
1343 699 1392 726 per
1407 698 1435 718 se
1450 695 1650 718 commentatus
1667 691 1773 721 fuisset.
1789 691 1885 725 utique
1902 693 2088 724 observasset,

1298 737 1371 772 quod
1398 738 1421 764 si
1443 737 1544 764 Paulus
1561 745 1616 764 uno
1631 737 1675 764 die
1696 737 1793 772 Rbegii
1819 745 1923 765 moram
1947 739 2088 771 traxisset,

1299 791 1353 811 non
1367 783 1501 818 potuisset
1515 783 1637 811 secundo
1652 783 1697 810 die
1712 783 1842 811 Putoleos
1856 784 1981 819 attigisse
1993 793 2000 811 :
2014 785 2088 820 quod

1300 831 1386 858 Lucas
1397 830 1500 858 factum
1519 837 1578 858 esse
1595 831 1643 858 ait.
1658 830 1713 858 Sed
1728 830 1762 857 de
1776 830 1820 857 bis
1834 838 1896 857 mox
1907 831 1972 857 alia.

454 864 483 901 et
508 875 544 902 ab
573 864 729 909 appellente
757 875 818 903 illas
859 876 887 903 in
924 884 987 904 oras
1019 877 1113 910 Paulo,
1148 864 1244 912 Iibegii
1263 864 1283 892 Β
1332 878 1358 904 8.
1373 877 1479 905 interea
1493 885 1526 904 ex
1542 877 1634 905 citatis
1652 876 1825 904 editionibus
1838 877 2042 908 animadverto,
2060 877 2088 904 in

454 921 595 953 inventus,
619 927 701 956 atque
728 922 766 949 ibi
793 922 826 949 ad
853 922 957 950 Christi
987 922 1067 950 ﬁdem
1094 931 1244 952 conversus

454 967 551 995 fuisse.

491 1014 516 1041 ϐ.
534 1014 718 1050 Hieronymus
739 1015 872 1042 Haral‘lotl
891 1016 920 1042 in
942 1023 992 1043 suo
1007 1015 1140 1044 Calabriae
1154 1016 1239 1044 Chro-

453 1060 525 1092 nico,
543 1060 636 1087 ltalice
657 1068 731 1088 anno
746 1061 812 1089 lGOl
828 1068 940 1094 excuso,
955 1069 1016 1097 pag.
1035 1062 1079 1094 47,
1095 1068 1122 1089 et
1136 1062 1243 1090 Marcus

452 1106 588 1133 Antonius
603 1106 683 1133 Politi
701 1107 727 1133 in
744 1114 795 1134 suo
810 1107 938 1134 similiter
953 1107 1099 1140 Chronico,
1114 1107 1243 1136 Messana

451 1153 588 1187 impresso
607 1160 671 1179 ann.
690 1153 767 1184 1617.
784 1161 844 1188 pag.
859 1153 902 1181 80.
918 1153 992 1181 Idem
1009 1154 1111 1182 Paulus
1132 1154 1244 1182 Gualte—

451 1199 512 1225 rius
538 1199 565 1225 in
594 1199 696 1225 sanctis
720 1198 862 1231 Calabriae,
881 1199 928 1234 qui
954 1207 1026 1227 anno
1044 1199 1110 1228 l650
1129 1201 1242 1235 Neapoli

452 1244 627 1279 prodierunt,
654 1252 714 1279 pag.
736 1245 779 1276 53,
802 1250 831 1271 et
857 1244 1046 1272 Ferdinantlus
1061 1245 1191 1281 Ughellus
1214 1247 1242 1274 in

453 1297 505 1317 suo
520 1289 609 1317 Italiae
625 1298 709 1317 sacrm
725 1295 798 1317 tomo
812 1290 847 1317 IX
861 1290 936 1318 edito
951 1298 1023 1318 anno
1042 1291 1120 1324 1662,
1139 1292 1241 1319 habent

453 1337 542 1365 Vitam
561 1337 587 1364 S.
603 1337 745 1372 Stephani,
762 1345 844 1372 quam
864 1338 969 1373 primus
984 1346 1016 1366 ex
1034 1339 1128 1366 codice
1146 1338 1240 1366 Graeco

450 1385 652 1419 interpretatus
667 1389 709 1411 est
724 1384 817 1412 ltalice
832 1393 838 1412 :
855 1384 995 1412 secundus
1012 1390 1039 1412 et
1055 1390 1171 1420 quartus
1186 1385 1239 1412 La-

451 1433 537 1460 tinam
553 1432 700 1460 ediderunt
714 1440 748 1459 cx
762 1434 815 1460 alia
833 1437 915 1468 atque
930 1432 982 1460 alia
998 1433 1238 1468 interpretatione.

450 1479 560 1506 Tertius
581 1487 596 1506 e
618 1483 693 1505 textu
712 1477 808 1505 Latino
823 1477 945 1506 ltalieam
964 1478 1102 1505 ieciteum
1119 1478 1240 1505 oratoria

451 1524 675 1559 interpolatione.
692 1523 795 1551 Horum
816 1531 867 1559 ego
882 1524 1052 1552 editionibus
1068 1524 1141 1552 inter
1162 1532 1192 1552 se
1213 1526 1240 1553 et
1256 1536 1277 1564 α

454 1578 514 1596 cum
531 1575 606 1596 textu
623 1573 719 1596 nostro
738 1569 830 1597 Graeco
845 1569 961 1603 collatis,
976 1578 1132 1605 quanquam
1145 1571 1241 1598 eodem

455 1617 510 1643 iere
528 1616 651 1643 recidant
666 1616 769 1647 omnia,
782 1615 864 1642 malui
881 1621 973 1642 tamen
991 1623 1089 1643 novam
1107 1617 1240 1651 interpre-

456 1662 587 1689 .ationetn
602 1661 703 1692 facere,
719 1661 890 1688 consimilem
908 1667 1002 1689 nostro
1019 1670 1072 1690 ms.
1087 1662 1191 1696 Graeco,
1207 1664 1240 1690 il-

455 1714 564 1742 tamque
583 1707 664 1734 simul
682 1707 852 1742 imprimere,
875 1713 906 1735 ut
920 1709 1013 1735 omnia
1028 1710 1113 1745 magis
1125 1710 1240 1737 authen-

455 1755 508 1781 tica
521 1755 585 1781 sint.
603 1754 694 1782 Editio
706 1753 812 1789 Ughelli
831 1756 945 1790 propius
956 1755 1058 1783 insistit
1077 1762 1173 1784 nostro
1188 1765 1238 1784 ms.

455 1800 548 1828 Graeco
566 1809 573 1827 :
591 1800 760 1828 Maratlmina
776 1805 803 1828 et
819 1800 954 1829 Politiana
968 1801 996 1829 in
1009 1802 1104 1837 paucis
1114 1802 1240 1838 aliquan-

455 1855 511 1874 tum
522 1846 697 1881 discordant;
710 1851 737 1874 et
753 1848 779 1875 in
790 1847 837 1875 illo
847 1848 996 1883 praecipue.
1008 1850 1080 1884 quod
1096 1849 1240 1884 designent

450 1894 526 1922 diem
560 1893 686 1929 martyrii
712 1893 858 1929 septimum
884 1893 966 1927 Julii;
993 1901 1075 1929 quem
1097 1894 1238 1929 Ughellus.

452 1946 545 1968 noster
563 1945 654 1967 textus
669 1939 791 1973 Graecus,
809 1940 910 1967 Menses
929 1945 958 1968 et
977 1940 1128 1976 Henoiogia
1143 1940 1237 1972 citata,

452 1987 619 2015 unanimiter
633 1991 764 2015 asserunt
774 1987 902 2021 quintum
915 1987 991 2015 Julii.

486 2033 513 2060 ἲ,
527 2032 672 2060 Cornelius
695 2040 709 2059 a
725 2032 827 2067 Lepide
845 2032 872 2059 in
888 2033 955 2060 Acta
970 2033 1156 2067 apostolorum
1179 2041 1238 2067 cap.

454 2078 550 2106 ultimo
572 2078 607 2105 ad
628 2078 673 2105 illa
698 2078 794 2110 verba,
824 2077 978 2105 Det-enimut
1003 2077 1144 2112 Rhegium,
1165 2087 1239 2105 com—

454 2128 591 2156 mentans,
605 2124 680 2151 varia
707 2123 800 2155 habet,
818 2131 877 2158 quae
898 2123 961 2155 sibi,
977 2129 1041 2151 tunc
1058 2120 1150 2151 {totum
1165 2132 1240 2151 com.

454 2171 584 2202 moranti.
600 2170 737 2198 submissa
760 2170 871 2196 fuerunt
900 2178 915 2197 a
942 2169 1153 2204 Rhegiensibus,
1177 2171 1240 2198 viris

454 2217 570 2246 eruditis
591 2222 619 2245 et
646 2216 786 2251 primariis
803 2226 810 2243 :
828 2222 909 2251 atque
928 2224 959 2243 ex
976 2217 1086 2244 illorum
1109 2217 1159 2244 ίίιιιε
1184 2218 1240 2245 haec

452 2269 569 2292 narrat:
594 2273 603 2289 ι
626 2263 694 2292 Silet
724 2263 769 2291 hic
796 2263 880 2290 multa
905 2262 1003 2294 Lucas.
1033 2272 1064 2290 ac
1088 2265 1238 2298 prmsertim

452 2310 648 2346 Rhegiensium
664 2318 680 2337 a
694 2309 780 2337 Paulo
796 2309 1015 2341 conversionem,
1037 2318 1090 2338 uno
1112 2311 1164 2342 die,
1185 2319 1239 2346 quo

453 2357 524 2392 apud
534 2365 581 2384 eos
596 2356 684 2389 haesit,
698 2356 799 2384 lactant
813 2364 819 2382 :
834 2364 893 2391 quae
909 2364 943 2383 ex
956 2356 1083 2383 Ecclesia-
1100 2357 1239 2393 Rlicgicn~

454 2403 489 2430 iis
501 2402 698 2435 monumentis,
712 2402 808 2429 eodem
820 2410 879 2429 aevo
897 2402 1007 2436 (nempe
1023 2403 1123 2430 saeculo
1136 2403 1238 2430 Christi

453 2449 551 2484 primo)
568 2448 663 2476 Grece
689 2448 863 2482 conscriptis,
883 2456 914 2475 ac
939 2448 1040 2475 deinde
1065 2449 1092 2475 in
1111 2449 1238 2476 Latinum

453 2495 554 2522 titioma
579 2494 730 2525 translatis.
747 2500 775 2521 et
799 2495 826 2521 in
859 2495 1085 2530 arcbiepnseopatl
1116 2497 1240 2523 arehivio

452 2542 611 2575 asservatis,
625 2549 639 2569 a
653 2540 858 2575 Rhegiensibus
882 2542 948 2568 viris
962 2542 1080 2570 eruditis
1094 2549 1121 2570 et
1141 2543 1241 2577 prima-

452 2589 501 2616 riis
520 2588 554 2615 ad
573 2595 616 2615 me
629 2587 744 2615 Romam
760 2587 930 2618 transmissa,
948 2587 992 2614 hic
1017 2588 1209 2615 transcribam.
1230 2598 1237 2612 ι

452 2634 624 2662 Trauscribit
652 2639 744 2660 autetu
776 2633 813 2660 ibi
837 2633 904 2660 Acta
929 2633 1025 2660 Latina
1052 2634 1081 2661 S.
1108 2634 1241 2668 Stephani

454 2682 588 2716 episcopi,
606 2688 623 2708 a
638 2679 724 2713 Ppulo
737 2680 861 2714 apostolo
875 2679 1089 2714 Rhegicusibus,
1106 2684 1134 2706 ut
1152 2679 1239 2710 aiunt,

455 2727 617 2756 intransitu
628 2726 758 2756 ordinati.
771 2734 830 2760 qua:
853 2726 905 2753 alia
924 2733 979 2752 non
1000 2731 1065 2753 sunt
1086 2733 1167 2759 qnam
1183 2733 1242 2759 qute

455 2781 507 2800 nos
519 2772 590 2799 infra
600 2773 696 2799 damus
709 2770 932 2803 Graeco-Latina;
953 2779 1003 2797 nec
1018 2777 1107 2797 tamen
1126 2771 1162 2798 ibi
1179 2778 1242 2799 sunt

456 2821 581 2852 integra;
606 2826 667 2845 nam
696 2818 824 2845 desinunt
852 2820 880 2847 in
906 2824 1036 2852 martyrio
1068 2818 1109 2845 his
1129 2818 1240 2845 verbis:

465 2876 473 2891 ι
492 2866 567 2900 Quod
594 2866 666 2901 digni
695 2866 805 2893 fuerunt
833 2873 883 2901 pro
912 2864 1021 2892 (ﬁnisti:
1049 2865 1134 2898 inuri;
1157 2875 1163 2890 ι
1192 2873 1242 2892 nec

1259 2207 1280 2232 l)

1297 928 1371 952 textu
1389 924 1486 951 Graeco
1509 929 1603 951 nostro
1621 924 1772 958 sphalmata
1788 924 1915 958 quaedam
1939 923 2087 950 commissa

1295 977 1365 1001 esse,
1384 970 1577 997 verosimiliter
1590 970 1736 997 oscitantis
1749 970 1866 1002 librarii,
1886 970 1941 997 illis
1958 970 1986 997 in
2005 971 2084 1003 locis,

1296 1015 1342 1042 ubi
1363 1022 1414 1050 ego
1429 1022 1478 1049 per
1497 1015 1603 1042 inclusa
1616 1015 1693 1042 hisce
1708 1015 1795 1050 signis
1810 1014 1837 1051 ι]
1851 1016 1933 1042 verba
1954 1018 2085 1051 supplere

1295 1067 1411 1089 conatus
1427 1069 1498 1089 sum.
1524 1061 1599 1089 Inter
1623 1069 1691 1097 quas
1717 1062 1908 1089 correctiones
1928 1062 2011 1089 etiam
2032 1068 2084 1096 est,

1294 1107 1367 1141 quod
1384 1108 1495 1135 tertium
1520 1115 1619 1135 nomen
1640 1108 1800 1141 mulierum,
1821 1109 1903 1136 simul
1927 1117 2083 1143 passurum,

1294 1153 1430 1188 Perpetua
1453 1153 1673 1186 desiderabatur,
1698 1162 1760 1188 qua:
1785 1155 1813 1182 in
1832 1155 1928 1182 Italico
1942 1159 1971 1181 et
1986 1155 2082 1182 Latino

1294 1199 1387 1226 Sueraa
1401 1199 1543 1234 episcopo,
1557 1200 1653 1234 Agneti
1663 1204 1690 1227 et
1700 1199 1835 1227 Felicitati
1848 1200 2077 1227 subnectitur.Ex

1294 1247 1336 1274 his
1354 1252 1447 1274 autem
1464 1247 1532 1282 ipsis
1546 1248 1706 1275 nominibus
1724 1247 1839 1274 dubium
1854 1248 1923 1274 oriri
1936 1248 2028 1283 possit,
2042 1256 2078 1274 an

1292 1301 1388 1320 omnes
1410 1293 1454 1320 isti
1474 1301 1526 1320 una
1545 1301 1606 1320 cum
1621 1293 1760 1328 Stephano
1775 1294 1849 1328 passi
1865 1293 1968 1321 fuerint
1983 1294 2082 1321 saeculo

1291 1339 1393 1367 Christi
1410 1340 1508 1374 primo.
1524 1340 1591 1367 Acta
1603 1339 1726 1374 quidem,
1739 1341 1823 1367 etiatu
1840 1340 1944 1372 Grzeca,
1958 1348 2013 1366 non
2029 1346 2081 1367 tam

1292 1386 1406 1420 antiqua
1426 1391 1501 1418 sunt,
1515 1394 1566 1414 nec
1590 1387 1664 1418 talia,
1686 1391 1716 1414 ut
1738 1387 1804 1414 illud
1828 1387 1895 1422 ipsis
1919 1391 1978 1414 tuto
2005 1387 2081 1414 credi

1292 1432 1386 1466 possit.
1404 1431 1573 1459 Testimonia
1592 1432 1837 1467 Martyrologorum
1850 1432 1923 1459 nulla
1938 1433 2076 1467 reperiun-

1293 1481 1347 1503 tur.
1364 1476 1463 1504 Cultus
1479 1485 1530 1505 nec
1546 1477 1624 1505 valde
1640 1478 1772 1513 antiquus
1796 1478 1867 1513 apud
1888 1478 2014 1510 Latinos,
2033 1486 2081 1505 nec

1293 1523 1372 1550 valde
1387 1523 1504 1551 celebris
1523 1523 1574 1551 l'uit
1592 1529 1656 1551 ante
1671 1525 1800 1552 saacuium
1817 1531 1871 1551 xm
1896 1525 2009 1559 quando
2024 1525 2083 1559 ejus

1295 1570 1470 1604 amplitlcatio
1487 1571 1573 1605 petita
1590 1572 1642 1598 fuit
1662 1579 1677 1598 a
1695 1571 1722 1598 S.
1740 1571 1854 1598 Rituum
1869 1571 2083 1606 congregatione

1294 1615 1388 1643 Romae
1401 1621 1428 1643 et
1440 1617 1563 1648 obtenta,
1574 1625 1623 1652 per
1633 1617 1792 1644 facultatem
1805 1618 1960 1652 exponendi
1974 1617 2084 1652 publice

1294 1662 1440 1697 imaginem
1454 1663 1555 1695 sancti,
1576 1663 1690 1698 ejusque
1703 1663 1807 1690 nomini
1827 1663 1925 1690 altaria
1941 1668 1969 1689 et
1983 1663 2084 1696 templa

1293 1708 1438 1736 dedicandi
1455 1716 1463 1736 :
1480 1716 1542 1744 quae
1567 1714 1684 1736 eatenus
1712 1709 1786 1736 nulla
1813 1709 1952 1736 habuerit.
1983 1708 2084 1740 Lucus,

1293 1756 1339 1784 ubi
1356 1756 1491 1791 sepultum
1504 1756 1555 1783 fuit
1567 1763 1667 1791 corpus
1680 1756 1707 1783 in
1721 1756 1887 1784 hodiernum
1899 1764 1988 1791 usque
1997 1757 2086 1788 diem,

1294 1803 1332 1829 uti
1350 1803 1447 1830 scribit
1461 1803 1609 1830 historicus
1626 1802 1790 1838 Rhegiensis
1806 1803 1911 1830 Politus
1928 1810 2001 1830 anno
2019 1802 2084 1830 16η

1293 1849 1409 1884 reperiri
1424 1856 1477 1876 non
1493 1848 1592 1883 potuit.

1327 1895 1353 1923 9.
1371 1894 1410 1922 Ex
1436 1894 1489 1925 bis,
1509 1894 1633 1928 inquam,
1651 1893 1770 1921 dubitari
1791 1894 1890 1929 possit,
1908 1902 1943 1921 an
1972 1894 2001 1921 S.
2021 1894 2085 1922 Ste-

1293 1942 1400 1975 phanus
1411 1947 1472 1967 cum
1486 1938 1569 1966 sociis
1581 1939 1637 1966 suis
1652 1939 1811 1974 martyrium
1826 1947 1921 1974 passus
1938 1939 2088 1967 sitmulo

1293 1987 1398 2021 primo;
1412 1993 1499 2021 eoque
1517 1986 1613 2020 magis,
1631 1986 1703 2020 quod
1723 1986 1788 2013 totis
1807 1986 1896 2012 tribus
1916 1987 2016 2020 primis
2033 1994 2087 2013 sa:-

1292 2032 1362 2059 culis
1384 2032 1541 2066 episcopus.
1562 2039 1617 2058 suae
1640 2031 1761 2059 civitatis
1779 2032 1861 2064 alius,
1878 2032 2087 2067 Rhegiensibus

1294 2088 1347 2105 non
1375 2080 1410 2105 sit
1431 2084 1523 2106 notus.
1543 2078 1572 2105 Si
1598 2077 1685 2110 dicas,
1706 2085 1755 2112 per
1780 2077 1957 2105 traditionem
1986 2084 2088 2105 notum

1293 2133 1353 2152 esse
1376 2124 1404 2151 S.
1423 2125 1592 2159 Stephanum
1621 2131 1670 2158 pro
1686 2123 1786 2151 saeculo
1812 2124 1920 2158 primo,
1947 2132 2087 2159 quaeram,

1294 2181 1343 2198 cur
1361 2171 1430 2198 alius
1444 2171 1589 2205 episcopus
1606 2177 1656 2205 pro
1676 2169 1773 2197 eodem
1797 2170 1898 2197 saeculo
1923 2175 1951 2196 et
1972 2170 2088 2198 duobus

1296 2217 1485 2252 sequentibus,
1501 2217 1628 2245 similiter
1646 2222 1728 2244 notus
1741 2225 1796 2244 non
1813 2217 1857 2243 sit.
1879 2217 2000 2251 lnquies.
2021 2218 2089 2252 quia

1296 2264 1408 2298 antiqua
1435 2263 1555 2291 civitatis
1583 2263 1685 2298 scripta
1712 2262 1931 2298 interciderunt;
1957 2269 2091 2297 superest

1294 2317 1383 2338 autem
1401 2311 1455 2337 vita
1471 2310 1499 2338 S.
1522 2310 1665 2345 Stephani,
1683 2317 1744 2344 quze
1765 2309 1854 2344 ipsum
1871 2308 1898 2336 S.
1916 2309 1991 2336 Pauli
2022 2317 2092 2344 apo-

1294 2357 1356 2384 stoli
1369 2357 1534 2391 discipulum
1547 2355 1623 2389 facit,
1639 2356 1740 2383 Audio.
1757 2355 1810 2383 Sed
1826 2355 1871 2382 illa
1887 2355 1946 2390 ipsa
1960 2356 2018 2382 vita
2033 2364 2092 2383 non

1294 2402 1364 2435 sapit
1386 2401 1495 2436 longam
1511 2401 1713 2435 antiquitatem,
1732 2408 1783 2428 nec
1805 2405 1896 2436 potest
1915 2404 1979 2427 ante
1996 2409 2090 2429 saecu-

1295 2448 1351 2474 lum
1368 2447 1506 2474 decimum
1525 2447 1628 2481 scripta
1644 2446 1740 2478 fuisse,
1755 2447 1777 2473 si
1792 2454 1846 2473 non
1863 2446 1911 2474 diu
1926 2452 1997 2482 post.
2018 2446 2093 2482 Spa-

1296 2494 1334 2519 tio
1346 2499 1438 2521 autem
1453 2501 1562 2526 navem,
1582 2492 1688 2523 decem,
1703 2498 1749 2520 aut
1775 2492 1896 2527 plurium
1920 2493 2093 2520 saeculorum

1297 2545 1361 2567 tunc
1378 2540 1481 2575 elapso,
1499 2539 1610 2574 quando
1633 2540 1735 2574 scripta
1761 2539 1822 2572 fuit,
1847 2544 1938 2574 potest
1964 2540 2094 2575 scriptor

1296 2587 1380 2613 multa
1396 2587 1537 2621 ignorasse
1545 2586 1579 2613 de
1588 2586 1670 2621 gestis
1684 2586 1771 2613 sancti
1786 2586 1839 2617 sui,
1849 2586 2093 2620 quemadmodum

1297 2641 1369 2661 nunc
1384 2633 1451 2660 nihil
1469 2633 1503 2659 de
1518 2632 1570 2659 illis
1586 2632 1673 2659 scitur
1694 2638 1728 2658 ex
1752 2632 1916 2666 antiquitate
1938 2635 2047 2665 praeter
2066 2631 2096 2658 id

1296 2680 1370 2713 quod
1386 2680 1413 2706 in
1426 2679 1482 2705 vita
1499 2683 1648 2705 narrantur
1663 2687 1670 2704 τ
1688 2683 1715 2705 et
1734 2677 1820 2712 magis
1836 2682 1927 2712 potest
1942 2677 2095 2712 ignorasse

1296 2729 1401 2751 eertum
1418 2730 1527 2759 tempus
1537 2731 1592 2756 quo
1606 2724 1717 2756 vixerit,
1734 2723 1919 2759 martyrioque
1936 2729 2097 2750 coronatus

1298 2772 1387 2798 fuerit.
1410 2771 1438 2798 in
1460 2771 1511 2796 hac
1529 2778 1610 2804 porro
1633 2770 1804 2804 ignoratione
1823 2773 1870 2796 aut
1885 2769 2004 2803 maligna
2032 2775 2096 2796 tra-

1297 2816 1410 2843 ditionis
1431 2816 1504 2850 vulgi
1525 2817 1583 2843 luce
1603 2816 1723 2843 scribere
1749 2823 1847 2843 exorsa
1871 2815 1961 2842 risum
1990 2815 2097 2844 fuerit.

1296 2864 1394 2898 aptiori
1414 2868 1534 2897 tempore
1559 2863 1727 2898 Stephanum
1749 2862 1848 2889 adduci
1873 2862 2011 2898 Rhegium
2031 2870 2096 2891 non
