2170 3148
149 204 205 236 213

151 267 243 296 posse,
262 264 342 293 quam
355 262 408 290 quo
419 252 518 279 Paulus
531 248 672 285 apostolus
684 245 782 274 eodem
796 242 934 278 appulisse
950 242 972 269 Δ

153 290 293 334 sciebatur
306 313 313 336 ;
328 307 352 329 et
376 297 504 335 praesumi
523 299 644 332 poterat.
660 294 750 328 ipsum
768 290 869 318 ibidem
889 294 938 322 pro

154 360 185 380 se
201 351 316 384 aliquem
332 346 473 380 reliquisse
484 343 656 378 episcopum.

195 398 236 424 l0.
252 396 321 422 Tum
341 401 406 420 vero
419 390 504 426 quatri
522 392 611 424 potest
625 386 659 413 de
675 384 757 412 sociis
776 384 940 418 symmarty-

156 445 233 472 ribus
252 442 279 469 S.
297 438 439 474 Stephani,
455 437 542 463 Suera
556 434 696 468 episcopo.
714 435 741 457 et
758 427 940 457 mulieribus,

155 494 271 523 Agnete.
289 472 430 513 Felicitate
444 487 471 509 (ιι
486 482 632 515 Perpetua,
644 478 713 504 unde
727 476 787 503 illos
803 472 943 506 acceperit

156 540 204 563 aut
233 537 374 560 mutuatus
398 529 466 556 forte
491 528 527 554 sit
549 526 667 559 scriptor
685 520 863 554 Victa/Eque.
888 520 945 544 hate

157 582 276 608 obseura
292 575 402 604 alittttde
414 579 479 600 sunt
492 581 498 598 :
519 579 569 598 nec
585 570 662 597 facile
676 568 793 601 capiatn,
808 563 946 599 quomodo

160 627 216 654 illis
235 624 353 652 inducta:
369 620 510 653 religionis
520 617 681 645 CltriSIianae
695 613 790 641 initiis.
805 611 860 638 tluo
874 610 949 637 Bhe-

160 672 197 707 gii
221 670 324 697 fuerint
345 666 477 701 episcopi,
491 662 601 698 quando
619 661 652 687 de
669 667 723 686 uno
736 658 795 685 solo
811 664 864 684 non
879 663 947 682 cott-

162 723 217 746 stat
234 721 322 743 certo.
340 714 376 740 De
394 710 557 738 mulieribus
571 714 681 742 quoqtte
698 704 817 732 certiora
838 701 948 728 deside-

162 763 216 790 rari
233 765 357 795 possunt,
375 765 407 784 ne
425 756 487 791 quis
499 759 612 789 cogatur
625 749 771 784 suspicari,
788 749 950 781 Perpetuam

163 813 246 840 atque
258 804 438 833 Felicitatem,
449 799 570 826 omnium
583 797 639 824 fere
650 795 824 828 antiquorum
840 792 951 818 Patrum

165 849 276 883 scriptis
291 847 454 875 celebratas,
468 845 494 870 in
508 843 596 870 Africa
610 849 671 868 cum
685 840 745 866 aliis
756 837 837 864 sociis
850 841 952 868 marty-

168 903 222 922 res.
240 895 352 921 ineunte
368 891 466 919 szeculo
486 889 565 916 tertio
584 894 687 922 passas,
703 884 837 919 Rhegium
856 882 952 909 trado-

169 946 228 968 ctas
241 939 334 966 fuisse.

206 986 248 1012 ll.
268 985 322 1019 Ego
335 983 444 1018 quidem
462 990 511 1016 per
528 981 584 1007 hcet-
604 978 685 1005 dubia
708 984 765 1003 mea
782 975 850 1002 nihil
873 973 955 1000 dero-

170 1036 262 1065 gatum
287 1030 365 1056 Vt-lim
386 1027 513 1059 veritati;
530 1025 575 1052 sed
598 1024 684 1058 magis
699 1021 792 1055 cupio,
810 1020 955 1046 veritatem

170 1084 204 1103 ex
224 1075 278 1102 illis
301 1075 479 1101 illustriorem
502 1071 560 1098 fieri
580 1078 629 1104 per
646 1073 723 1103 aptas
740 1067 774 1094 ad
791 1066 874 1093 dttbia
897 1071 957 1091 mea

171 1122 367 1156 Rhegiensium
383 1120 544 1147 Solutioues.
559 1117 637 1144 Aliud
651 1122 760 1150 quoque
775 1113 889 1140 dubiutn
905 1111 959 1137 huc

173 1169 305 1203 pertinet,
326 1167 370 1193 ubi
388 1167 421 1192 de
439 1166 525 1200 prima
540 1162 737 1198 Rhegiensium
759 1160 791 1187 ad
809 1157 911 1186 Christi
929 1157 960 1183 li-

174 1213 237 1240 dem
262 1211 442 1238 conversione
466 1218 514 1244 per
538 1208 652 1235 Pauluut
679 1205 845 1241 apostolum.
870 1209 961 1230 sermo

174 1262 226 1286 est.
241 1257 416 1292 Popularium
435 1263 497 1286 vox,
511 1259 539 1281 et
555 1253 756 1289 quodammodo
772 1249 961 1284 Evangelium,

176 1304 210 1331 de
222 1311 275 1338 quo
289 1302 415 1329 dubitare
431 1301 506 1327 nefas
520 1300 565 1329 sit.
580 1301 687 1326 insonat
699 1297 824 1326 auribus,
838 1295 962 1324 Paulum,

177 1358 240 1376 cuttt
256 1357 270 1375 e
283 1348 359 1383 Syria
373 1347 506 1382 Rhegium
519 1345 680 1379 appulisset,
692 1342 835 1370 ducendus
850 1341 964 1368 ltoutam

179 1402 193 1422 a
210 1395 374 1422 centurione
397 1397 423 1419 et
441 1392 603 1418 custodibus
618 1390 675 1416 suis
691 1391 723 1415 at
742 1386 862 1415 tribunal
878 1386 967 1412 Cit-sa-

179 1441 229 1471 ris.
255 1441 283 1467 itt
304 1439 428 1474 ingressu
452 1437 528 1464 urbis
550 1435 724 1469 Rhegtcnsis,
748 1433 862 1467 cmpisse
885 1431 967 1458 Chri-

180 1491 254 1513 stum
273 1485 438 1512 anuuntiare
456 1492 463 1510 :
483 1482 586 1509 incolas
605 1486 696 1507 autent
722 1479 860 1506 obstinato
876 1476 968 1504 anitno

180 1534 206 1559 ei
220 1530 394 1566 prohibuisse
410 1529 564 1556 istiusmodi
580 1531 687 1554 anuunt
699 1525 840 1557 ationem;
859 1523 967 1550 tandem

183 1583 286 1607 tamen,
303 1577 468 1610 deprecante
484 1574 577 1605 Paulo,
595 1578 624 1600 ot
640 1580 670 1598 se
689 1572 824 1598 dicentem
842 1569 968 1596 audirent

184 1623 291 1650 tantillo
305 1627 439 1656 tetttporc,
454 1628 509 1655 quo
520 1619 663 1654 parvulutu
676 1617 796 1644 candela:
811 1614 968 1646 frustulum,

185 1670 257 1705 quod
273 1677 353 1696 tnanu
367 1667 478 1695 tenebat
495 1673 652 1696 accensum,
669 1663 854 1697 deflagrasset,
873 1661 897 1688 id
912 1668 971 1695 per-

187 1717 304 1743 misisse.
337 1715 406 1742 Tutn
438 1721 504 1740 vero
539 1712 654 1738 Paulum
688 1710 809 1737 candela:
851 1708 972 1735 ardentis

188 1762 335 1789 frustulum
348 1759 510 1794 imposuisse
525 1757 686 1788 columellae,
702 1763 762 1790 qua:
773 1755 841 1781 forte
854 1754 969 1783 astabat.

190 1815 368 1838 ntartttorcw;
387 1811 414 1833 et
437 1805 506 1832 hanc
528 1804 695 1836 columnam,
712 1806 872 1836 consumpta
896 1799 972 1826 breti

192 1852 334 1880 caudelula
366 1850 501 1878 ﬂammam
523 1849 681 1884 concepisse
710 1852 737 1875 et
759 1846 912 1882 porrexisse
930 1852 975 1871 ar-

193 1899 270 1926 dere.
286 1897 345 1930 Quo
361 1897 419 1924 viso
435 1896 569 1932 prodigio,
588 1895 692 1922 incolas
706 1893 786 1920 fidem
801 1891 904 1919 Christi
918 1898 977 1917 am-

192 1946 315 1981 plexatos
329 1943 424 1970 fuisse.

230 1991 273 2018 12.
292 1990 350 2017 Hoc
367 1990 479 2020 factum,
495 1996 549 2015 non
566 1992 671 2015 tantum
686 1984 759 2019 vulgi
775 1989 913 2013 sermone.
929 1980 977 2008 sed

193 2037 277 2065 etiam
299 2037 401 2070 scripto
419 2036 575 2062 celebratur
593 2043 607 2060 a
621 2033 710 2059 Marco
723 2030 840 2058 Antonio
857 2027 937 2056 Politi
951 2027 978 2054 in

194 2082 332 2109 Chronico
349 2079 495 2114 Rhegiensi
520 2087 580 2113 pag.
596 2078 641 2110 80,
669 2076 717 2103 Sed
740 2075 830 2102 obiter
858 2076 978 2100 tantum.

196 2129 318 2156 Primum
337 2126 403 2153 tnihi
427 2127 454 2152 in
472 2125 513 2151 his
531 2125 644 2151 dubiutn
667 2125 720 2152 est.
744 2126 836 2148 utrttm
865 2118 979 2146 Paulum

198 2174 295 2209 Rhegii
315 2172 446 2200 miracula
463 2171 569 2200 fecerit.
587 2173 634 2197 aut
651 2169 758 2204 aliquos
773 2167 805 2194 ad
820 2166 900 2193 tidetu
915 2173 980 2192 con-

198 2219 324 2249 verterit.
343 2219 397 2246 imo
420 2226 454 2245 an
471 2217 547 2244 istam
565 2217 661 2243 urbem
681 2223 713 2242 ex
736 2213 909 2248 navigatione
936 2211 981 2238 illa

623 191 713 223 VITA
733 188 764 219 S.
790 181 981 216 STEPHANI
1000 179 1048 210 ET
1067 174 1277 207 SOCIORUM.

1720 163 1773 196 31$

988 242 1052 265 runt
1069 234 1214 269 Rhegium.
1231 231 1291 259 Non
1317 230 1448 256 dicuntur
1469 226 1565 253 urbem
1582 225 1709 252 intrasse.
1725 229 1775 249 ne-

988 284 1053 310 dum
1077 287 1181 307 tttoram
1207 277 1334 304 diurnam
1360 273 1397 300 ibi
1422 272 1534 303 fecisse;
1551 271 1598 298 sed
1615 271 1706 304 potius
1722 269 1775 295 iter

989 326 1139 365 prosecuti,
1152 334 1166 352 e
1179 325 1327 356 conspectu
1345 318 1454 353 Rhegii,
1469 318 1577 344 favente
1592 321 1698 347 austro,
1715 319 1777 348 post

993 383 1076 403 unum
1108 373 1181 399 diem
1211 366 1404 403 navigationis,
1429 368 1562 391 venerunt
1587 362 1631 388 die
1654 361 1776 388 secundo

993 421 1131 448 Puteolos.
1155 417 1248 450 Neque
1264 414 1349 443 enim,
1366 412 1388 438 si
1407 418 1460 436 uno
1472 410 1515 435 (lic
1529 407 1625 441 Rhegii
1642 407 1780 433 substitis-

993 471 1065 498 sent,
1090 463 1243 500 potuissent
1270 460 1314 486 die
1346 456 1466 485 secundo
1490 453 1618 481 Puteolos
1646 453 1780 486 attigisse,

994 498 1205 548 quibuscunque
1221 506 1359 534 stantibus
1373 503 1473 534 ventis,
1483 504 1592 535 pmpter
1605 498 1781 532 longinquam

995 560 1117 587 locorum
1136 554 1305 583 distantiam.

1035 605 1076 632 l5.
1093 604 1130 631 lta
1148 602 1288 629 intellecto
1304 597 1373 625 sacri
1389 593 1530 629 scriptoris
1547 596 1634 619 textu.
1648 589 1686 616 uti
1704 588 1783 622 plano

997 652 1107 678 videtur
1127 648 1239 680 intelligi
1258 646 1358 672 debere
1372 663 1378 670 .
1398 640 1536 668 evanescit
1555 636 1709 672 prodigium
1737 640 1786 658 co—

1000 699 1100 725 lumnae
1121 699 1282 722 marmor-cie
1307 688 1429 717 ardentis
1444 687 1470 712 itt
1484 683 1691 711 conversionem
1714 678 1787 705 [the-

1001 743 1147 779 gieusium.
1165 741 1220 766 ituo
1237 743 1263 765 et
1288 733 1431 763 convenio
1450 732 1572 765 ipsorqu
1592 735 1639 762 per
1659 724 1786 753 Paulum.

1002 794 1028 816 et
1046 786 1183 813 ordinatio
1201 781 1331 816 Stephani
1349 784 1414 804 tunc
1427 775 1558 809 temporis
1571 773 1597 798 in
1614 771 1788 804 episeopum.

1003 833 1078 866 Quod
1095 831 1116 857 si
1137 829 1197 863 quis
1210 827 1290 853 etiatn
1308 824 1446 850 stistinere
1467 818 1541 847 velit.
1562 815 1675 842 Paulum
1691 813 1790 838 civita-

1007 857 1057 866 τη
1146 857 1151 863 .

1006 883 1058 905 tem
1088 876 1239 910 ingressum
1271 871 1364 898 fuisse.
1389 868 1482 900 ibique
1505 864 1549 890 die
1570 869 1624 887 uno
1645 857 1790 886 mansisse.

1613 907 1626 910 μ
1653 905 1677 910 ..
1737 903 1742 907 .
1780 901 1790 910 ,

1007 901 1058 905 ‘v'n
1088 901 1131 910 '"U

1006 923 1128 952 nOndttm
1156 920 1283 947 columna
1308 921 1461 943 marmorea
1484 910 1594 937 arserit.
1609 905 1678 939 Quid
1699 901 1792 931 enim?

1007 970 1033 998 Si
1054 969 1079 996 id
1103 968 1203 994 factum
1223 964 1328 992 fuisset,
1349 961 1445 989 Lucas,
1472 955 1547 984 Pattli
1572 959 1674 982 socrus,
1699 949 1793 982 utique

1008 1017 1144 1044 scivisset.
1175 1013 1203 1039 Si
1227 1011 1362 1038 solvisset.
1387 1006 1481 1038 utique
1507 1001 1675 1034 Scripsisset.
1695 995 1794 1029 Utpote

1009 1063 1055 1098 qui
1073 1061 1158 1087 tuulto
1175 1059 1280 1084 minora
1298 1053 1371 1081 Pattli
1398 1055 1472 1085 gesta
1500 1049 1526 1075 itt
1549 1046 1637 1073 Melita
1659 1042 1746 1069 insula
1767 1044 1795 1066 et

1010 1087 1025 1098 Ἰ
1039 1087 1055 1088 η

1010 1108 1085 1137 alibi,
1103 1113 1155 1133 tatu
1174 1103 1269 1131 scdulo
1285 1102 1310 1127 in
1327 1097 1488 1126 memoriam
1509 1090 1677 1128 posteritatis
1693 1087 1797 1120 scripto

1012 1152 1193 1188 consignavitr
1212 1149 1304 1177 Utitur
1323 1146 1350 1172 in
1371 1153 1399 1171 rc
1416 1141 1511 1170 simili.
1527 1138 1607 1166 simili
1627 1137 1798 1168 argumenta-

1012 1181 1129 1228 tioneuS.
1144 1197 1338 1229 Hieronymus.
1357 1189 1510 1223 Legebatur
1525 1184 1612 1219 ipsius
1628 1189 1641 1208 a
1654 1181 1718 1206 lhuc
1731 1182 1800 1204 tem-

1183 1242 1215 1269 de
1234 1223 1318 1276 gestis
1333 1236 1407 1264 Pauli
1425 1239 1452 1261 et
1465 1231 1584 1261 Thcche,
1605 1229 1631 1255 in
1649 1234 1704 1261 quo
1724 1229 1752 1250 et
1765 1223 1799 1249 de

1015 1271 1151 1326 haptizato
1166 1289 1245 1314 leone
1259 1283 1432 1312 narrabatur.
1446 1277 1524 1312 Quod
1545 1275 1713 1303 refutaturus
1729 1271 1798 1304 ipse,

1014 1320 1057 1366 sic
1071 1337 1109 1363 ait
1128 1344 1133 1361 2
1154 1344 1162 1360 ε
1182 1333 1266 1368 Igitur
1283 1329 1426 1364 “5924ch
1455 1324 1529 1352 Pauli
1544 1328 1571 1350 et
1583 1320 1699 1348 Theclm.
1717 1321 1744 1343 et
1759 1320 1801 1342 to-

1017 1388 1071 1410 tam
1097 1379 1226 1414 baptizuti
1256 1376 1345 1404 leonis
1373 1373 1504 1402 fabulam,
1536 1370 1607 1396 inter
1629 1363 1802 1400 apocryphas

1017 1430 1168 1463 scripturas
1183 1429 1381 1459 con-putamus.
1397 1420 1481 1453 Quale
1498 1417 1570 1444 enim
1590 1419 1641 1444 est.
1657 1417 1686 1439 ttt
1701 1409 1802 1438 indivi-

1019 1477 1091 1503 duus
1102 1481 1195 1502 comes
1212 1470 1334 1506 Apostoli
1352 1469 1449 1496 Lucas.
1465 1466 1535 1492 inter
1549 1467 1662 1489 caeteras
1676 1459 1736 1492 ejus
1750 1463 1804 1486 res,

1020 1524 1072 1551 hoc
1085 1521 1173 1548 solum
1189 1515 1376 1553 ignoraverit?
1398 1524 1407 1540 ι
1426 1511 1559 1540 Similiter
1576 1505 1712 1542 quomodo
1731 1503 1806 1529 idcnt

982 1583 1004 1611 ο
1021 1567 1198 1605 ignoraveril,
1224 1570 1367 1592 accensam
1393 1568 1406 1587 a
1431 1566 1512 1594 parva
1532 1553 1686 1582 candelula.
1706 1548 1806 1585 praedi-

1297 1609 1303 1611 ‘
1386 1607 1392 1611 “
1571 1605 1704 1611 η-»η-ηη-ιι
1722 1595 1806 1611 “si..-

1022 1595 1055 1605 -υν
1073 1595 1077 1596 ν
1191 1595 1196 1598 .

1021 1620 1100 1644 cantc
1121 1612 1214 1646 lihcgii
1239 1609 1333 1640 Paulo,
1352 1607 1506 1634 columnam
1525 1605 1704 1629 marmoream
1721 1595 1808 1622 arsis-

1023 1641 1073 1689 sel
1088 1670 1097 1687 ›
1117 1641 1198 1687 Λὼιῇ
1214 1657 1397 1690 Hieronymus
1412 1659 1445 1678 ex
1461 1648 1642 1676 Tertulliano,
1661 1653 1670 1668 ι
1693 1641 1809 1674 Presby-

1025 1713 1112 1735 lernm
1126 1703 1271 1740 quemdam
1286 1702 1312 1727 in
1329 1700 1392 1726 Asia
1409 1695 1580 1727 σπουδαστήν
1592 1689 1706 1725 apostoli
1723 1685 1808 1716 Pauli.

1024 1750 1181 1778 convictum
1195 1754 1255 1774 esse
1271 1743 1342 1779 apud
1357 1742 1501 1771 Joannem,
1520 1737 1592 1772 quod
1614 1739 1710 1762 attctor
1737 1733 1810 1758 esset

1025 1797 1099 1828 libri,
1114 1800 1142 1822 et
1157 1793 1325 1821 confessum.
1337 1797 1366 1816 se
1381 1789 1433 1815 hoc
1449 1784 1524 1813 Pauli
1542 1789 1636 1810 amore
1653 1779 1749 1806 fecisse
1762 1785 1769 1805 '.
1783 1779 1812 1801 et

1075 1822 1100 1869 id
1116 1841 1149 1868 de
1163 1841 1223 1867 loco
1236 1837 1381 1865 excidisse.
1401 1843 1409 1859 ι
1426 1832 1510 1866 Digna
1527 1827 1669 1855 lictoribus
1686 1825 1712 1850 in
1730 1822 1813 1849 rebus

1027 1888 1113 1916 sacris
1127 1894 1159 1913 ac
1174 1884 1254 1912 seriis
1266 1890 1354 1917 paena,
1367 1880 1425 1907 sive
1442 1875 1570 1904 finxerint
1582 1879 1674 1900 amore
1690 1873 1814 1904 persona:

1027 1933 1152 1969 privatae,
1165 1930 1221 1956 sive
1236 1935 1326 1954 amore
1339 1924 1444 1960 patriar.
1456 1925 1485 1949 ut
1497 1928 1540 1947 res
1555 1919 1614 1953 ejus
1631 1920 1720 1951 gestas
1731 1919 1814 1947 quam

1509 1967 1513 1969 ’
1633 1963 1638 1969 '
1713 1959 1720 1969 Ι
1736 1957 1800 1969 f‘l._:

1029 1957 1069 1969 τ’·
1092 1957 1105 1958 η
1122 1957 1125 1958 ν
1147 1957 1152 1962 ν
1339 1957 1346 1960 .

1029 1978 1163 2007 altissime
1176 1978 1313 2009 repetant,
1329 1976 1377 1998 aut
1389 1967 1600 1997 conversionem
1615 1963 1674 1998 ejus
1689 1959 1722 1987 ad
1736 1957 1816 1986 Citri-

1030 2027 1064 2054 sti
1084 2025 1164 2051 fidem
1184 2023 1217 2049 ab
1233 2019 1365 2054 apostolis
1382 2015 1530 2042 deducant.

1067 2072 1110 2100 Η.
1127 2067 1311 2098 Procedamus
1328 2069 1422 2098 porro.
1442 2060 1501 2087 Non
1522 2060 1627 2084 tantum
1647 2051 1724 2081 Pauli
1749 2055 1819 2077 tem-

1031 2126 1098 2153 pore
1122 2117 1243 2151 ignotum
1271 2097 1334 2136 fuit
1350 2105 1504 2143 prodigium
1529 2100 1650 2129 ardentis
1673 2097 1818 2125 colutnna‘,

1031 2171 1127 2191 verum
1148 2161 1230 2189 etiattt
1251 2157 1324 2184 tttille
1346 2153 1427 2181 annis
1447 2155 1518 2186 post,
1535 2155 1622 2182 usque
1644 2145 1678 2173 ad
1701 2149 1819 2177 tempus,

1033 2218 1088 2246 qtto
1116 2207 1246 2243 primaria
1272 2203 1301 2230 S.
1328 2199 1459 2235 Stephani
1490 2197 1561 2226 vita,
1594 2199 1675 2228 quant
1709 2189 1819 2216 Graeco-

202 2237 324 2249 νυημιιη
343 2237 397 2246 ...ιν
420 2237 453 2245 ....
471 2237 547 2244 me...
566 2237 661 2243 ...υμη
682 2237 713 2242 ν..
1037 2237 1049 2246 1
1117 2237 1123 2243 ,

199 2265 353 2296 intraverit.
369 2265 470 2293 Scribit
486 2264 581 2295 Lucas,
597 2270 688 2290 comes
707 2261 735 2289 S.
758 2260 834 2287 Pauli
854 2259 881 2286 in
906 2257 983 2284 navi-
999 2259 1024 2289 ι)
1039 2257 1161 2284 Latinam
1178 2253 1286 2281 damus,
1304 2247 1457 2279 conscripta
1478 2242 1538 2269 fuit.
1559 2241 1624 2275 Ejus
1645 2237 1747 2272 quippe
1776 2241 1822 2259 au-

1321 2295 1325 2296 ,
1391 2292 1395 2296 .
1428 2290 1434 2296 .
1493 2293 1497 2296 .
1519 2285 1653 2296 n..,,-:....t
1665 2291 1671 2296 .
1686 2281 1778 2296 ςιιῖηιιρ
1792 2277 1822 2296 ﬁ-

200 2315 309 2351 gatiotte
335 2311 596 2348 Syriaco-Romano.
624 2317 684 2344 qua:
706 2308 792 2338 vidit;
814 2311 841 2333 et
858 2308 984 2331 accurate

201 2364 278 2388 notat
291 2366 394 2385 morant
420 2366 501 2392 quam
515 2357 542 2383 in
556 2355 714 2384 civitatibus
730 2353 819 2380 obviis
833 2353 984 2379 traxerunt,

202 2407 249 2434 Sic
263 2405 370 2436 Melitaa,
384 2404 431 2434 ait.
447 2403 607 2429 hibernasse
623 2402 738 2428 Paulum
757 2403 813 2425 tres
826 2403 944 2426 menses,
960 2398 988 2420 et

204 2459 265 2487 quae
282 2449 384 2476 ibidem
401 2449 506 2475 interea
522 2448 586 2475 fecit
605 2446 735 2473 miracula
749 2448 776 2471 et
794 2440 989 2469 conversiones

203 2496 360 2536 gentilium,
388 2495 528 2522 describit.
559 2492 702 2528 Syracusis
736 2489 828 2517 triduo
856 2485 989 2515 substite-

206 2552 288 2580 runt;
313 2543 438 2573 Puteolis
467 2544 561 2575 rogatu
592 2538 708 2564 fratrutn
739 2537 899 2562 manserunt
931 2532 991 2559 dies

206 2601 320 2630 septem.
341 2593 378 2619 De
388 2590 437 2617 Rh:
449 2590 492 2624 gio
506 2590 596 2613 autem
612 2583 681 2611 nihil
696 2582 785 2610 sitttile
800 2579 926 2608 meminit
937 2578 990 2605 Lu-

207 2625 245 2667 ca;
260 2643 360 2666 textus.
382 2636 421 2663 En
439 2634 532 2664 verba,
547 2634 679 2658 Actorum
701 2636 761 2663 cap.
778 2627 818 2654 ult
836 2636 842 2653 :
857 2635 866 2651 ‹
884 2625 917 2652 Ει
929 2631 990 2651 cuttt

208 2686 378 2712 venissemus
396 2682 571 2717 Syracusam,
589 2675 742 2704 mansimus
758 2673 795 2700 ibi
813 2672 913 2700 triduo.
927 2669 993 2697 inde

209 2730 447 2764 circuntlegentes,
461 2725 623 2753 devenimus
636 2722 783 2756 Rhegium,
794 2723 822 2746 et
833 2721 893 2753 post
907 2723 992 2743 unum

210 2778 295 2807 diem,
309 2779 399 2802 stante
416 2777 528 2805 austro;
549 2768 671 2798 secundo
693 2767 737 2794 die
752 2764 878 2793 venimus
898 2763 995 2790 Puteo-

210 2825 264 2855 los,
281 2821 328 2849 ul)i
352 2818 470 2847 inventis
494 2816 636 2847 fratribus,
658 2813 745 2849 rogati
768 2817 863 2839 sumus
886 2814 995 2836 manere

212 2870 284 2903 apud
301 2875 359 2899 eos,
378 2866 438 2893 dies
450 2868 554 2898 septem
570 2872 576 2889 :
596 2866 624 2890 et
639 2861 680 2889 sic
698 2859 824 2888 venimus
840 2858 963 2884 Romam.
984 2863 993 2880 ι

213 2918 297 2952 igitur
311 2914 411 2942 Paulus
428 2915 455 2939 et
467 2911 564 2943 Lucas,
582 2908 743 2943 navigantes
760 2906 995 2945 Syracusa’vene~

1040 2306 1110 2332 olor,
1124 2297 1251 2334 quamvis
1263 2295 1376 2321 l‘aulum
1391 2277 1501 2317 inducat
1519 2285 1671 2319 Rhegium:
1686 2281 1778 2313 ibique
1792 2277 1824 2303 ﬁo

1126 2323 1176 2334 νγ

1040 2348 1102 2373 dem
1124 2343 1313 2371 auuontiasse,
1333 2338 1433 2364 multos
1452 2333 1615 2366 baptizasse,
1637 2332 1719 2361 atque
1741 2323 1824 2350 etiam

1043 2392 1217 2427 presbyteros
1236 2391 1263 2414 et
1278 2386 1422 2419 episcopos
1441 2379 1582 2407 ordinasse
1599 2375 1683 2404 dicat,
1702 2371 1825 2404 adeoque

1044 2439 1140 2465 innuat
1157 2434 1308 2468 longiorem
1326 2435 1429 2456 moram
1451 2424 1554 2452 ibidetu
1575 2423 1712 2449 traxisse;
1736 2423 1826 2444 tamen

1044 2491 1095 2511 suo
1111 2487 1233 2515 tempore
1249 2477 1368 2505 nondutu
1386 2472 1476 2501 scivit.
1494 2468 1565 2505 quod
1581 2466 1675 2494 incolat
1688 2463 1828 2497 Rhegion-

1045 2537 1089 2557 ses
1106 2527 1184 2554 ittitio
1200 2522 1376 2560 pertinaciter
1394 2514 1588 2554 prohibuerint
1604 2511 1687 2539 Paulo
1698 2508 1822 2544 praadica-

1046 2584 1075 2603 rc
1101 2573 1193 2604 ﬁdem,
1220 2569 1320 2597 deinde
1345 2573 1410 2593 vero
1436 2571 1484 2599 per
1514 2558 1668 2595 prodigium
1696 2555 1831 2583 columnas

1047 2626 1208 2650 marmorea:
1221 2615 1344 2644 ardentis
1365 2609 1490 2639 conversi
1506 2607 1540 2634 ab
1551 2607 1611 2640 ipso
1627 2602 1738 2632 fuerint
1758 2598 1831 2631 Quin

1049 2669 1104 2695 into
1121 2665 1188 2693 satis
1207 2662 1328 2690 declarat
1344 2662 1441 2685 auctor
1457 2656 1529 2685 vitae,
1544 2650 1713 2685 Rhcgienses
1729 2645 1764 2672 ab
1779 2642 1833 2670 itii-

1116 2711 1221 2745 absqne
1242 2706 1297 2734 ullo
1318 2701 1450 2738 singulari
1470 2696 1615 2726 miraculo,
1638 2692 1751 2720 Paulum
1767 2695 1834 2716 cott-

1050 2735 1098 2743 ""'
1117 2735 1183 2745 “‘"1
1198 2735 1201 2736 ν
1364 2735 1376 2738 -

1049 2760 1204 2786 ciouantem
1217 2759 1319 2789 pronos
1332 2747 1501 2777 auscultasse
1518 2752 1525 2770 :
1542 2747 1569 2770 et
1582 2738 1664 2768 sicuti
1681 2743 1752 2764 terra
1764 2735 1834 2761 bona

1050 2780 1319 2837 susceptumrsemen
1336 2791 1500 2827 multiplicat
1519 2785 1689 2821 centuplum,
1714 2782 1750 2808 ita
1774 2780 1835 2807 illos

1051 2827 1205 2883 suscepisse
1228 2843 1342 2871 verbum
1360 2839 1409 2868 Dei
1427 2845 1460 2865 ex
1474 2843 1523 2863 ore
1540 2832 1629 2861 Pauli.
1646 2829 1732 2858 Debet
1752 2827 1836 2862 igitur

1053 2877 1145 2926 fabula
1161 2894 1211 2922 ista
1225 2890 1345 2926 primum
1361 2891 1426 2915 nata
1437 2882 1521 2912 fuisse
1535 2881 1563 2909 ltt
1580 2878 1685 2913 vulgus,
1697 2878 1757 2910 post
1772 2877 1833 2900 mta-
