2170 3148
487 135 542 166 315

1154 147 1293 176 MENSIS
1310 145 1458 177 IULIUS.

2070 151 2127 182 326

485 196 539 218 tem
555 192 623 219 dicti
639 194 783 228 srriptoris
800 201 827 223 et
843 198 915 226 forte
933 199 980 227 diu
997 207 1067 236 post,
1084 212 1118 230 ex
1132 205 1212 232 otiosi
1227 205 1276 232 aii-
1290 205 1312 235 Α
1327 205 1455 239 discipuli
1471 210 1518 232 aut
1535 205 1638 233 Christi
1655 205 1774 238 Domini.
1790 212 1838 235 aut
1851 213 2016 236 sanctorum
2032 209 2126 242 Petri.

483 239 561 272 cujus
589 239 717 273 cerebro,
741 249 802 276 qum
824 251 888 272 mox
915 247 995 282 vulgo
1019 249 1164 283 placuerit,
1190 257 1272 287 alque

481 284 563 310 ctiam
585 293 600 311 a
619 287 749 320 praedicto
767 289 979 328 chronographo
999 295 1161 330 Rhegiensi,
1179 298 1272 327 Marco

481 328 601 357 Antonio
617 331 710 364 Potiti,
733 340 843 370 recepta
867 337 960 366 fuerit.
990 328 1179 376 Scriptoribus
1199 346 1272 378 aliis,

481 374 634 404 Maraﬁotio
651 378 678 404 in
696 379 834 409 Chronico
847 383 992 417 Calabrize,
1011 374 1094 424 atque
1117 391 1231 426 Ughello
1245 374 1271 420 ili

482 420 619 456 episcopis
641 423 863 461 Rhcgiensibus;
883 430 946 458 item
963 433 1049 461 Pattlo
1077 435 1215 464 Gualterie
1245 439 1270 466 in

483 465 615 494 Calabria:
636 468 754 503 Sanctis,
771 477 798 500 et
821 474 879 502 Vita
894 476 921 503 S.
936 477 1079 513 Stephani,
1096 482 1142 516 qui
1163 488 1227 510 ante
1245 489 1273 511 et

484 517 546 546 post
579 514 710 546 Politum,
743 527 791 546 sua
815 521 980 556 ediderunt,
1010 534 1063 554 non
1095 514 1170 556 ausis
1201 539 1271 566 pne-

484 558 551 586 dicti
581 561 710 596 prodigii,
736 572 767 592 ac
784 567 844 594 talis
868 571 1056 600 conversionis
1075 558 1271 611 Rhegiensiutu

484 604 516 630 ad
544 605 623 633 (idem
644 607 759 643 Christi,
786 612 828 639 vel
846 614 930 641 vetbo
954 619 1120 650 meminisse,
1138 626 1210 657 quod
1234 625 1271 652 fa-

483 657 565 678 ειίιιη.

519 697 561 723 15.
579 697 722 734 Superest,
742 708 772 730 ut
787 704 821 731 de
839 711 919 735 :etate
936 708 963 736 S.
980 710 1113 746 Stephani
1137 721 1165 742 et
1184 718 1273 746 socio-

483 749 542 768 rum
566 745 625 779 ejus
640 753 802 784 martyrum,
818 753 932 781 verbum
951 757 1094 786 addamus.
1116 761 1188 791 Satis
1204 773 1271 792 con-

483 792 557 814 stare
594 796 684 824 potest
710 803 743 821 ex
774 796 909 826 hactenus
944 801 1105 838 disputatis,
1140 807 1228 841 ipsum
1256 820 1271 838 a

482 834 511 861 S.
525 835 610 864 Paulo
624 846 639 865 e
656 842 831 876 navigatione
845 845 1097 881 Syriaco-Romana
1112 855 1270 891 episcopum

483 880 515 891 η,
564 883 580 889 ..
687 887 692 891 .

867 880 870 881 ν
1130 880 1136 888 ,
1162 880 1270 891 cf“.

483 880 581 916 Rhegii
606 887 786 915 constitututn
814 899 867 918 non
892 893 977 922 fuisse
993 905 999 922 :
1014 897 1039 924 id
1062 899 1172 928 interim
1195 904 1271 932 aiunt

487 926 665 961 lihegienses,
683 937 765 967 atque
782 935 852 962 adeo
873 945 904 964 ex
930 939 1038 968 illorum
1056 945 1185 978 opinione
1206 956 1271 976 con-

484 972 599 1001 stitutus
614 976 666 1003 fuit
681 986 755 1006 attito
770 980 873 1010 Christi
888 984 921 1011 56
936 994 992 1020 quo
1006 989 1066 1016 illac
1082 994 1190 1020 transiit
1206 995 1272 1023 l’au‘

485 1016 538 1044 lus,
552 1019 588 1046 De
607 1028 679 1048 attito
692 1029 784 1051 autem
803 1026 986 1058 determinato
999 1037 1118 1071 martyrii
1136 1039 1271 1068 nihildum

484 1064 556 1096 apud
579 1065 652 1099 ipsos
679 1069 741 1103 legi.
773 1071 917 1102 Ferrarius
942 1078 1049 1111 scribit,
1073 1089 1182 1115 passum
1211 1094 1271 1114 esse

484 1107 654 1143 Stephanum
670 1115 721 1141 sub
733 1116 862 1145 Nerone:
879 1122 952 1154 quod
971 1130 1059 1151 certat
1070 1107 1131 1154 cum
1143 1130 1229 1164 Actis,
1245 1133 1271 1160 in

483 1155 586 1188 quibus
600 1157 712 1193 legitur,
729 1161 818 1196 ipsum
839 1167 980 1199 praefuisse
1003 1155 1272 1207 cpiscopttmvat‘thos

483 1200 579 1228 decem
608 1209 636 1230 et
665 1212 781 1240 septem.
800 1210 836 1236 Ex
853 1219 908 1245 quo
932 1217 1121 1250 consequitur,
1141 1225 1272 1259 martyrio

485 1246 500 1259 ,1
512 1247 595 1259 .l'....—-
612 1258 615 1259 ν
827 1257 859 1259 *η

483 1246 646 1277 defunctum
659 1260 719 1279 esse
736 1262 810 1283 anno
827 1257 870 1287 75.
892 1260 964 1293 quod
975 1270 1053 1297 teque
1072 1267 1200 1295 sustineri
1216 1279 1270 1299 non

485 1298 585 1325 potest.
598 1295 666 1327 Quia
683 1299 780 1333 scitur,
799 1310 848 1329 nec
864 1304 909 1331 illo
924 1314 1006 1339 anno,
1022 1317 1071 1336 nec
1084 1312 1187 1347 aliquot
1201 1323 1269 1350 pros»

486 1346 514 1350 ,ιλ
527 1339 533 1350 l
546 1348 559 1350 ,ν
575 1341 603 1350 .-Ι
769 1347 784 1350 ’⁵

1129 1339 1137 1347 ι
1163 1339 1186 1341 κ,
1201 1339 1256 1350 Γπ

483 1339 658 1375 cedentibus,
674 1352 725 1372 nec
749 1347 853 1382 aliquot
873 1353 1116 1390 subsequentibus,
1137 1368 1269 1394 persecu-

482 1385 585 1414 tionem
616 1390 698 1418 ullam
728 1392 814 1423 fuisse
840 1404 940 1426 motam
967 1407 1061 1430 eontra
1085 1405 1267 1438 Christianos.

480 1430 663 1463 Quamobrem
681 1438 754 1466 aliud
769 1446 876 1476 tempus
886 1448 1065 1479 quaerendum
1078 1456 1129 1483 est,
1140 1461 1195 1486 quo
1210 1456 1268 1489 epi-

479 1485 578 1512 scopus
594 1481 693 1515 factus,
705 1493 816 1521 quoque
831 1493 991 1526 martyrium
1005 1503 1102 1528 passus
1117 1498 1149 1524 sit
1167 1499 1194 1526 S.
1209 1500 1268 1529 Ste-

480 1523 599 1556 phanus.
618 1527 686 1554 Illud
703 1535 795 1558 autern
818 1534 943 1564 invenire
961 1546 1014 1565 non
1029 1541 1082 1567 erit
1096 1543 1175 1571 facile
1188 1554 1194 1571 :
1207 1554 1268 1575 cum

481 1567 611 1602 Ugllcllus
627 1573 711 1608 dicat,
732 1585 740 1601 ‹
756 1582 817 1611 post
836 1578 1007 1615 Stephanium
1032 1594 1120 1622 usque
1144 1591 1177 1617 ad
1198 1592 1269 1620 Con-

483 1617 597 1643 stantini
621 1618 709 1654 Magni
728 1626 846 1658 tempus,
867 1628 1020 1664 episcopos,
1037 1634 1085 1668 qui
1107 1635 1135 1662 in
1160 1637 1270 1668 civitate

485 1658 516 1668 ,,.
627 1664 632 1668 .
648 1664 661 1668 -

885 1658 891 1661 _
962 1658 968 1664 ,
1015 1658 1020 1663 ,
1042 1658 1084 1668 Γ.
1161 1658 1270 1668 manu;

483 1658 632 1696 liltegiensi
645 1664 807 1702 floruerunt,
821 1671 982 1702 desiderari.
994 1686 1003 1702 ›
1018 1678 1093 1714 Rogo
1105 1681 1188 1716 igitur
1201 1685 1270 1714 lihe-

1059 1706 1073 1714 υ
1105 1706 1182 1716 ,ουν
1201 1706 1258 1714 ..μυ

482 1706 602 1740 gienscs,
620 1715 649 1737 ut
663 1712 716 1746 ipsi
734 1722 803 1743 nova
821 1725 887 1746 cura
912 1720 938 1748 in
959 1730 1016 1750 rem
1041 1725 1114 1754 illam
1139 1732 1267 1765 tanquam

479 1759 569 1785 suam,
586 1757 700 1791 propius
713 1759 865 1795 inquirant.

518 1798 561 1826 16,
583 1801 668 1830 Nobis
693 1806 804 1840 quidem
832 1813 1004 1846 experientia
1025 1824 1142 1853 constat,
1166 1823 1267 1859 ubique

479 1846 602 1877 gentium
633 1850 786 1881 obtinuisse
811 1861 839 1883 et
863 1858 998 1895 obtinere,
1021 1869 1118 1900 estque
1141 1846 1268 1902 pluribus

479 1890 607 1902 n~nrn.l<»«rr
657 1895 663 1902 ¹
700 1896 706 1902 ”

991 1890 998 1895 ,
1041 1890 1116 1900 Ἴ--
1141 1890 1268 1902 run”...

478 1890 682 1922 quodammodo
698 1896 834 1934 innatum,
848 1907 877 1929 ut
892 1912 982 1933 rerum
995 1916 1105 1938 suarum
1119 1913 1268 1948 antiquitao

479 1940 532 1948 l,--\‘
551 1937 598 1948 -ῃν
623 1945 628 1948 ⁵
673 1946 677 1948 ⁴

478 1940 533 1962 tum
549 1937 689 1974 affectent,
705 1951 822 1981 eamque
849 1957 929 1984 quam
959 1953 1092 1984 altissime
1118 1937 1264 1990 attollant:

475 1984 550 2016 quod
570 1990 598 2012 et
615 1986 778 2023 frequenter
794 2001 845 2022 usu
860 1998 936 2024 venit
952 1999 979 2026 in
997 2001 1074 2029 Actis
1096 2010 1264 2040 sanctorum,

475 2036 538 2062 qua:
556 2038 616 2065 post
637 2034 717 2070 longa
740 2043 865 2073 tempora
890 2050 923 2070 ex
943 2045 1092 2081 caliginosa
1115 2051 1266 2082 traditione

477 2077 525 2098 aut
547 2078 711 2111 apocryphis
735 2083 847 2117 scriptis
876 2077 1053 2123 colliguniur.
1079 2092 1108 2120 ld
1133 2097 1265 2126 accidisse

477 2120 583 2146 sanctis
595 2121 687 2151 Gallice
700 2127 840 2159 prioribus
853 2120 999 2168 episcopis,
1013 2137 1168 2168 luculenter
1184 2147 1266 2172 testa-

479 2167 524 2190 tur
540 2165 683 2203 Philippus
702 2171 806 2208 Labbe,
824 2165 997 2213 antiquitatis
1012 2165 1266 2225 eruditum-siquis

479 2210 548 2225 σ.1ῗ...-
575 2213 600 2225 Ζ»-
617 2215 636 2225 li
690 2218 694 2222 '
732 2219 738 2224 ‘
849 2223 855 2225 ⁸

892 2210 899 2213 .
1068 2210 1148 2220 νηί-’ἰ
1164 2210 1186 2215 ἠ
1223 2210 1264 2219 ’³⁵⁵

477 2210 559 2243 alius,
575 2213 601 2240 in
617 2215 757 2246 Breviario
769 2228 819 2249 suo
831 2223 1027 2262 chronologico
1043 2229 1168 2260 Historia:
1180 2210 1264 2264 saulcne

474 2260 503 2282 et
520 2258 641 2291 profana:
652 2267 686 2289 aa
703 2272 805 2293 annum
821 2266 923 2297 Christi
941 2258 985 2305 66,
1001 2273 1038 2301 ita
1051 2276 1176 2305 seribens
1192 2288 1265 2309 anno

475 2303 562 2333 £655:
582 2316 591 2332 t
605 2308 646 2335 Ab
659 2311 738 2339 annis
750 2313 828 2341 facile
843 2303 1009 2352 octingentis
1022 2321 1116 2356 plures
1129 2326 1264 2361 majorum

475 2357 631 2381 nostrorum
646 2358 836 2394 crediderunt,
849 2363 923 2397 quod
937 2365 1018 2400 primi
1031 2368 1152 2405 episcopi
1165 2357 1265 2402 funda-

476 2399 549 2424 torcs
565 2399 748 2430 Ecclesiarnm
770 2413 927 2436 nostrarum
940 2399 1000 2446 iper
1019 2413 1146 2449 Galliam,
1160 2417 1263 2448 fuerint

1286 875 1308 904 Β

1283 1543 1304 1572 C

1281 2221 1302 2248 D

1325 251 1401 278 Pauli
1416 256 1461 278 aut
1473 251 1633 283 Clementis,
1646 256 1713 283 etc.,
1729 253 1858 288 quodque
1873 254 2002 281 venerint
2017 255 2125 289 praedi-

1325 303 1387 322 Care
1405 296 1580 330 Evangelium
1597 296 1623 322 in
1640 302 1730 324 vastas
1745 297 1826 324 hasce
1841 298 1999 332 provincias
2014 301 2125 327 saeculo

1326 342 1414 375 primo
1437 342 1652 375 Christianismi,
1680 342 1708 370 S.
1733 343 1863 371 Ursinum
1884 344 2123 376 Bituricensintn.

1326 387 1355 413 S.
1372 389 1596 416 Austremonium
1617 390 1818 422 Arvernorum,
1837 391 1865 418 S.
1885 391 2040 418 Martialem
2066 393 2123 419 Le-

1326 433 1536 465 movicensium,
1566 434 1594 461 S.
1629 435 1796 462 Frontonem
1831 436 2122 469 Petrocoricensium,

1325 477 1352 504 S.
1369 478 1550 512 Eutropliium
1563 479 1788 514 Santonensium,
1809 491 1818 507 ι
1839 485 1867 508 et
1884 489 1952 516 quos
1969 490 2056 516 porro
2074 491 2124 510 re-

1325 527 1418 549 censet
1432 531 1529 558 magno
1542 532 1656 551 numero
1671 525 1740 552 alios
1758 533 1765 551 :
1784 535 1793 551 ‹
1810 533 1881 561 quos
1896 527 1995 560 inquit,
2010 527 2123 555 doctis—

1325 567 1387 594 simi
1419 568 1481 600 viri,
1512 569 1610 600 Faber.
1640 569 1804 604 Bosquetus,
1829 571 1984 606 Launoyus,
2022 573 2122 600 Patres

1327 612 1492 641 Sirntundus
1507 620 1535 642 ct
1550 615 1689 647 Petavius,
1706 616 1807 651 aliique
1822 617 1925 651 plures,
1941 625 2122 645 censuerunt

1325 667 1377 686 non
1407 661 1517 688 venisse
1548 662 1600 688 nisi
1628 663 1729 690 saeculo
1745 663 1827 690 tertio
1849 670 1896 692 aut
1914 671 2028 699 quarto.
2046 675 2055 690 ι
2083 666 2121 693 De

1324 706 1465 733 nonnullis
1481 711 1639 734 sanctorum
1655 708 1764 735 illorum
1778 713 1806 736 et
1821 717 1872 737 nos
1884 711 2071 738 tractavimus
2093 712 2119 737 in

1324 751 1398 778 Actis
1427 753 1539 784 nostris,
1565 759 1592 781 et
1617 754 1674 782 fere
1703 756 1894 784 consentimus
1923 765 1986 783 cutn
2023 758 2121 785 citatis

1324 798 1496 826 auctoribus.

1360 855 1402 882 l7.
1421 855 1448 882 In
1470 855 1562 884 Sicilia
1583 866 1692 892 quoque
1715 859 1890 893 Syracusani,
1915 862 1962 895 qui
1987 867 2119 889 sanctum

1324 909 1403 927 suum
1425 901 1603 935 Marcianum,
1618 905 1736 938 primum
1753 906 1873 934 civitatis
1883 907 2052 942 episcopum
2067 917 2120 935 no-

1325 945 1439 979 minant,
1456 949 1694 985 contenduntque,
1711 951 1855 980 Antiochia
1871 954 1923 980 sibi
1948 962 1963 981 a
1987 954 2018 981 S.
2037 955 2118 982 Petro

1324 993 1446 1026 apostolo
1460 995 1627 1022 submissum
1647 997 1741 1031 fuisse,
1751 999 1935 1026 ostenduntur
1947 1000 1982 1027 ad
1994 1001 2071 1028 diem
2088 1003 2118 1028 μ

1323 1037 1395 1064 Junii
1415 1040 1512 1070 nostri.
1529 1041 1684 1074 aberrasse,
1700 1043 1845 1080 ipsumque
1865 1051 2006 1079 sanctum,
2030 1048 2118 1083 impe-

1324 1085 1451 1112 rantibus
1464 1086 1610 1115 Valeriano
1623 1092 1650 1115 et
1664 1088 1800 1122 Gallieno,
1817 1092 1916 1119 sarculo
1927 1095 2022 1126 tertio,
2042 1103 2117 1122 mar-

1325 1129 1424 1164 tyrium
1440 1132 1615 1161 sustinuisse.
1630 1133 1725 1162 Umbri
1740 1137 1878 1169 similiter,
1893 1143 1923 1165 ut
1936 1147 2028 1174 nuper
2044 1141 2118 1168 dixi-

1324 1184 1396 1209 mus,
1421 1178 1447 1204 in
1477 1183 1595 1206 tractatu
1622 1182 1801 1215 pratliminari
1825 1184 1857 1210 ad
1883 1189 1987 1212 tomum
2005 1186 2016 1212 Ι
2033 1187 2113 1220 Julii,

1324 1223 1451 1251 affectant
1469 1226 1660 1260 antiquitatem
1680 1229 1829 1262 primorum
1846 1231 1950 1265 aliquot
1965 1233 2109 1267 episcopo~

1325 1277 1382 1295 rum
1396 1278 1519 1303 suorum,
1533 1280 1602 1306 quos
1614 1273 1689 1300 aiunt
1704 1282 1718 1300 a
1731 1274 1757 1300 S.
1774 1275 1855 1302 Petro
1868 1278 1991 1311 apostolo
2003 1286 2018 1304 e
2030 1278 2113 1312 Syria

1323 1314 1355 1340 ad
1373 1323 1401 1341 se
1419 1316 1516 1344 missos
1535 1318 1636 1351 fuisse;
1655 1320 1702 1353 qui
1721 1329 1773 1347 non
1790 1322 1841 1348 nisi
1856 1324 2030 1358 temperibus
2051 1325 2114 1352 Dio—

1323 1358 1432 1386 cletiani
1459 1365 1485 1387 ct
1504 1362 1658 1391 Maximiani
1684 1366 1811 1394 vixerunt
1834 1376 1865 1395 ac
1890 1375 2028 1404 martyres
2052 1371 2111 1398 facti

1321 1410 1395 1432 sunt.
1412 1406 1483 1434 Nihil
1499 1409 1596 1436 attinet
1617 1411 1694 1445 plura
1721 1419 1871 1447 congerere
1893 1416 2032 1450 exempla.
2062 1417 2111 1444 Res

1321 1452 1438 1479 eruditis
1466 1454 1609 1482 notissima
1640 1462 1690 1484 est.
1725 1458 1761 1485 De
1789 1459 1816 1485 S.
1846 1459 1998 1494 Stephano,
2026 1463 2111 1496 primo

1322 1495 1518 1531 Rhegicnsium
1533 1500 1672 1535 episcopo,
1687 1502 1742 1536 jam
1755 1504 1907 1531 ostendisse
1922 1505 1989 1531 mihi
2006 1506 2110 1538 videor,

1323 1541 1411 1576 ipsum
1430 1552 1480 1571 nec
1493 1546 1594 1573 saeculo
1607 1547 1705 1581 primo,
1722 1556 1772 1575 nec
1794 1558 1809 1576 a
1827 1550 1854 1577 S.
1874 1551 1960 1578 Paulo
1973 1554 2110 1586 apostolo,

1321 1587 1432 1621 quando
1449 1589 1470 1616 is
1488 1591 1625 1625 navigavit
1638 1593 1762 1624 Romam.
1776 1589 1934 1622 ordinatum
1951 1597 2041 1624 fuisse
2059 1599 2112 1633 epi-

1322 1640 1434 1668 scopum
1454 1644 1460 1661 :
1479 1637 1590 1671 quando
1612 1644 1704 1666 autem
1726 1641 1870 1668 ordinatus
1891 1642 1986 1674 fuerit,
2004 1652 2110 1679 nequeo

1321 1678 1462 1713 divinare;
1480 1682 1542 1716 quia
1559 1683 1592 1709 dc
1611 1684 1663 1712 hoc
1682 1685 1822 1720 Stephano
1836 1687 1919 1714 silent
1937 1693 1992 1715 tam
2009 1689 2108 1725 Marty-

1322 1725 1406 1761 rologi
1425 1726 1524 1759 Latini,
1545 1736 1627 1764 quam
1648 1730 1693 1758 alii
1713 1733 1863 1767 scriptores
1879 1734 1997 1769 an:iqui.
2016 1736 2108 1764 saltem

1320 1770 1367 1804 qui
1390 1776 1453 1798 ante
1468 1772 1557 1800 Vitam
1582 1775 1642 1810 ejus
1666 1777 1795 1812 scriptam
1819 1778 1946 1806 vixerint.
1974 1780 2110 1808 Fortassis

1320 1823 1412 1849 posset
1436 1818 1496 1852 ejus
1512 1820 1672 1855 martyrium
1701 1821 1733 1848 ad
1752 1827 1874 1857 tempora
1897 1823 2063 1852 Diocletiani
2085 1831 2109 1852 ct

1319 1861 1475 1890 Maximiani
1492 1865 1599 1898 referri,
1617 1866 1681 1900 quia
1698 1867 1764 1894 nulli
1777 1869 1822 1895 alii
1837 1874 1901 1896 ante
1916 1870 1984 1897 illud
2001 1876 2110 1906 tempus

1320 1908 1377 1935 noti
1393 1914 1458 1936 sunt
1472 1910 1595 1946 episcopi
1611 1911 1792 1948 Rhegienses.
1809 1915 1910 1942 Verum
1933 1918 2057 1945 certiora
2078 1919 2108 1946 de

1319 1954 1363 1980 bis
1388 1957 1608 1990 exspectabimus
1633 1966 1647 1986 a
1671 1959 1871 1996 Rhegicnsihus
1894 1962 1970 1997 ipsis,
1997 1969 2031 1991 ut
2057 1965 2108 2000 jam

1318 1999 1385 2028 dixi.

1354 2054 1397 2082 18.
1419 2055 1546 2085 Diximus
1568 2065 1690 2094 quoque,
1714 2060 1786 2088 unde
1810 2063 2002 2097 acceperimus
2044 2066 2107 2093 Acta

1317 2099 1420 2135 Grteca,
1437 2107 1465 2130 et
1481 2104 1545 2139 quia
1561 2105 1636 2132 tarde
1656 2106 1769 2134 fuerunt
1787 2108 1911 2140 collecta.
1930 2112 2108 2145 comperiun-

1319 2149 1364 2172 tur
1379 2155 1432 2174 non
1449 2156 1553 2185 magna:
1568 2149 1631 2178 ﬁdei
1646 2159 1717 2179 esse.
1735 2152 1775 2179 Eu
1790 2153 2048 2187 ipsa,rcumjnostra
2066 2158 2108 2184 ir.-

1319 2194 1526 2227 terpretatione.
1539 2195 1649 2224 Titulus
1667 2197 1727 2224 talis
1746 2199 1938 2233 prtefigebatur
1952 2209 1959 2227 :
1976 2201 2110 2237 Ἀθὶησις

1317 2237 1364 2264 τοῦ
1380 2239 1454 2266 ὁσίου
1468 2241 1573 2277 Harpe;
1586 2243 1665 2278 ἡμῶν
1680 2244 1878 2281 ἱερομάρτυρνις
1892 2247 2044 2281 Στεφάνου,
2057 2259 2109 2284 μη-

1315 2286 1475 2320 τροπολίτου
1489 2289 1540 2323 τῆς
1558 2290 1718 2325 Καλαερίας
1733 2301 1739 2318 :
1756 2292 1897 2320 Certamen
1912 2295 1999 2321 sancti
2019 2295 2108 2322 Putris

1316 2333 1409 2363 nostri,
1422 2335 1493 2360 sacri
1509 2337 1634 2372 martyris
1651 2335 1789 2374 Stephani,
1801 2339 1979 2375 metropolita:
1994 2342 2109 2368 riritati:

1315 2377 1407 2413 Rhegii
1418 2379 1443 2406 in
1455 2379 1594 2409 Calabria.

1109 2672 1471 2687 ηας-,η-Ο-*ᾢ-
