2170 3148
125 136 177 167 3ἓ1
605 137 838 167 MARTYRIUM
860 137 911 167 SS.
933 137 1003 166 XLV
1028 137 1251 168 liiAiiTl'llUii.
1697 135 1750 166 322

125 199 197 224 tans.
218 193 328 228 aliaquo
339 201 418 221 quam
428 192 547 228 plurima
571 198 667 220 contra
682 201 730 221 eos
743 198 868 220 statuens
883 201 914 220 ac
933 202 1032 229 gerens
1049 195 1075 221 in
1090 195 1182 221 odium
1196 195 1369 223 Constantiii
1385 196 1418 223 dc
1438 195 1538 230 quibus
1552 194 1688 222 Eusebius
1699 195 1747 222 liii.

125 245 135 264 l
150 237 186 264 Da
203 236 261 264 Vim
273 237 450 270 Constantini,
466 237 556 272 capite
570 237 615 270 5i,
632 237 666 265 52
678 242 705 264 et
721 245 797 272 seqq.
815 238 887 271 agit;
903 246 963 272 qua:
979 238 1106 264 Petavius
1122 239 1213 273 alligat
1231 246 1303 265 anno
1316 238 1417 266 Christi
1434 239 1496 271 519,
1515 244 1543 265 ιιι
1556 240 1648 266 videre
1664 243 1705 266 est
1720 239 1747 265 in

127 285 205 315 parte
223 283 308 308 altera
329 281 366 307 De
379 281 498 307 doctrina
518 286 681 316 temp..pag.
697 281 759 313 7i8;
778 281 891 311 addens,
911 289 1005 316 passos
1017 290 1076 309 esse
1094 285 1162 309 inea
1181 284 1376 316 persecutione
1389 282 1435 309 XL
1454 288 1588 318 martyres
1601 283 1627 309 in
1645 282 1749 317 Cappa-

124 326 217 356 docia,
234 325 333 360 frigore
348 330 471 355 enectos.
487 324 665 355 etBasiliuiii,
680 325 795 351 Aiiiasia-
809 325 928 352 Pontica:
953 327 1127 360 cpiscrpnin,
1158 326 1290 361 martyrio
1315 326 1456 358 affectum,
1485 327 1607 360 citatque
1636 327 1746 353 Eusebii

124 368 290 396 Chronicon.
313 370 410 396 Actum
426 369 460 395 de
478 368 525 395 illo
540 373 583 395 est
600 373 666 395 tom.
683 369 713 395 Ill
731 369 843 403 Aprilis,
860 378 922 404 pag.
935 370 997 402 “ti,
1019 371 1141 404 apposita
1158 370 1274 405 epuclia,
1288 370 1362 397 circa
1373 378 1426 396 ann
1452 370 1519 402 5'12;
1535 370 1568 396 dc
1598 371 1630 397 iis
1655 377 1747 397 autem

126 413 168 438 die
184 413 213 440 l0
227 413 324 439 Martii.
345 413 378 439 ad
397 413 454 439 liiec
472 412 582 439 Eusebii
595 412 751 440 Chronicon
771 413 866 440 Latine
890 421 1000 441 versum
1009 415 1081 448 apul
1097 415 1246 448 Jiisepliuin
1272 413 1442 447 Sic-aligerum
1469 421 1530 448 pag.
1560 413 1622 445 i80,
1647 415 1680 440 ad
1701 423 1746 441 an.

124 467 215 487 cum
229 460 329 492 liabet;
343 459 480 487 «Licinius
491 459 661 486 Christianos
673 459 706 485 de
715 459 816 494 palatio
829 468 877 486 suo
889 460 991 494 pellit.i
1003 460 1129 487 Dicamus
1139 469 1213 496 ergo,
1223 466 1358 497 martyres
1371 461 1472 487 obiisse
1486 461 1558 487 circa
1570 468 1671 486 annum
1685 460 1747 488 519.

160 503 187 531 5.
205 504 274 535 Quid
285 503 402 530 sentiam
423 503 456 529 de
471 503 556 534 Actis,
568 510 582 529 e
598 503 693 530 (ΕΙ-κιο
715 504 741 529 in
755 502 881 529 Latinum
898 511 934 529 sci
945 512 958 529 ii
971 511 1050 530 onem
1067 512 1082 530 a
1096 512 1138 530 nie
1147 505 1298 536 conversis,
1311 505 1406 538 paucis
1420 504 1553 538 intellige.
1565 503 1623 530 Non
1639 504 1748 531 sincera

124 547 170 574 illa
183 554 256 579 esse,
273 546 457 581 sedepisodio
472 547 531 580 plus
545 554 601 573 uno
622 547 755 573 adornata
781 546 986 581 dramaticeqiic
1019 549 1181 582 composita,
1207 549 1392 575 indubitatum
1419 548 1486 575 milii
1512 547 1630 574 videtur.
1656 548 1749 582 Spirat

123 591 268 617 enimvero
284 591 310 617 in
324 591 379 617 illis
393 591 534 625 ingenium
548 590 751 625 hletaplirastis,
768 591 810 616 vel
825 591 919 617 saltem
937 592 1050 617 alterius
1061 592 1202 627 cujusdam
1215 592 1240 619 ei
1253 599 1306 618 non
1324 592 1467 622 absimilis,
1486 591 1600 624 tragonli
1614 590 1684 617 sacri
1702 599 1751 625 ρο-

125 634 180 661 tius
208 642 289 668 quain
311 634 411 661 sinceri
425 634 547 661 historici
562 642 661 661 nomen
678 635 832 669 promeriti.
847 634 1015 669 Argumenta
1035 639 1258 668 suntsequentes
1274 635 1494 661 observationes.
1516 634 1619 665 Primo.
1642 641 1748 668 preces,

123 678 217 705 verbis
237 680 405 713 psalmorum
419 679 501 706 nimis
517 679 680 714 composita,-
697 679 879 708 conciiinatie,
898 684 927 704 ut
943 679 1045 705 videsis
1059 687 1134 705 iiuiii.
1156 679 1172 704 8
1190 683 1216 705 et
1230 679 1273 706 12.
1289 678 1428 710 Secundo,
1452 678 1577 705 inductio
1598 683 1748 712 mailyrum

127 722 273 756 utriusque
288 729 371 749 sexus
384 730 504 750 necnon
523 723 679 756 exemplum
696 721 724 749 S.
741 722 918 752 Potalnieiia‘,
931 723 1102 756 temporibus
1118 722 1274 749 Maximiani
1285 731 1334 758 pro
1350 723 1450 750 tuenda
1469 723 1602 757 pud.eilia
1626 723 1653 748 in
1670 722 1748 749 lebe-

123 769 191 796 tein,
212 767 271 800 pice
283 766 461 798 instructum,
474 774 489 793 a
506 774 556 794 suo
571 766 683 793 domino
701 767 819 801 injeetre,
835 774 934 792 nomne
956 766 1093 792 theatrum
1110 766 1236 800 spirant?
1252 766 1280 798 S,
1293 766 1437 796 Leontius,
1451 774 1481 793 ca
1500 773 1615 792 narrans
1637 770 1667 792 ut
1687 766 1749 792 ani-

123 817 184 835 nios
197 811 299 837 excitet
314 814 347 836 ad
367 811 476 838 fortiter
496 819 545 846 pro
562 811 673 838 (Iliristo
684 810 884 842 dimicandum,
899 810 967 837 dicit
985 817 1013 836 se
1030 816 1061 835 ea
1078 809 1217 843 accepisse
1238 819 1246 834 ι
1261 817 1275 835 a
1286 811 1415 844 magistro
1429 817 1490 840 suo,
1507 810 1554 844 qui
1569 809 1698 836 veniebat
1714 817 1749 836 ex

123 853 239 889 Egyplo,
262 859 290 880 et
306 855 417 881 audisse
432 863 460 881 se
473 855 565 882 aiebat
582 855 636 882 aS.
648 855 769 882 Antonio
785 860 886 882 asceta.
903 865 911 878 ι
929 854 1027 887 Qua~ro
1040 854 1087 888 qui
1099 854 1144 886 hic
1157 853 1292 880 Antonius
1305 854 1401 880 accia?
1420 854 1556 881 Antonius
1580 862 1702 888 magnus,
1718 859 1748 881 ut

123 897 236 931 opinor.
255 898 452 927 celebertinius
470 899 590 933 plurium
606 900 804 926 monachorum
822 898 906 926 abbas
922 908 929 925 :
945 898 968 925 si
985 898 1029 925 ille
1044 902 1097 928 est.
1115 905 1196 932 quem
1213 898 1338 930 coniicio.
1351 898 1417 924 satis
1432 897 1569 932 disparata
1584 904 1747 925 connectere

123 941 236 968 videtur
253 943 392 976 scriptor;
410 951 471 969 cum
490 944 512 970 is
533 949 586 970 tam
601 944 646 970 diu
663 944 762 970 abierit
778 949 838 978 post
855 943 884 971 S.
895 943 1051 974 Leontium,
1068 950 1140 969 anno
1152 944 1247 976 utique
1262 942 1324 968 556.
1340 942 1394 968 Res
1408 942 1460 968 illa:
1470 947 1627 974 narrantur,
1642 950 1656 969 a
1670 951 1746 969 num.

120 984 139 1010 8
159 985 185 1010 iii
212 985 276 1011 fine.
298 985 402 1016 Tertio.
420 986 557 1017 diabolus,
573 986 761 1022 Esculapiuni
778 989 922 1020 mentitus,
937 989 1090 1022 ducemque
1108 986 1215 1021 Lysiam
1239 992 1334 1013 contra
1350 991 1484 1021 martyres
1501 987 1653 1019 concitans.
1665 987 1748 1021 quid~

121 1034 186 1053 nam
203 1032 243 1053 est
258 1029 309 1055 nisi
326 1037 407 1056 scena
422 1029 582 1062 dramatica,
602 1038 677 1057 num.
693 1031 751 1057 i2?

156 1071 182 1097 6.
197 1070 310 1103 Quinto.
328 1081 401 1100 mors
416 1078 576 1109 martyrum,
593 1073 646 1101 hoc
659 1074 742 1101 modo
755 1074 917 1105 accelerata,
932 1073 978 1107 qui
997 1073 1117 1101 refertur
1126 1081 1202 1100 num.
1214 1073 1258 1106 i6,
1273 1073 1351 1100 fallor
1364 1073 1385 1100 si
1398 1072 1505 1108 plenam
1521 1073 1602 1101 ﬁdem
1614 1074 1746 1102 inveniat.

118 1114 214 1144 Sexto.
230 1116 321 1150 prodit
336 1117 361 1143 in
376 1125 485 1144 scenam
502 1118 613 1150 inulier,
631 1119 736 1146 sanctis
750 1127 848 1149 aquam
864 1118 916 1144 sub
931 1118 1027 1145 vestibn
1039 1126 1053 1144 s
1068 1117 1137 1144 clam
1154 1118 1180 1144 in
1195 1125 1305 1144 carcere
1321 1118 1457 1147 deferens,
1473 1125 1548 1144 num.
1568 1119 1595 1144 11
1609 1126 1616 1150 ;
1629 1127 1689 1153 qua:
1701 1119 1743 1145 αθ.

118 1166 177 1185 ιιιιο
191 1160 262 1186 rcdt
279 1168 355 1187 num.
370 1161 411 1188 l9.
422 1162 520 1192 Erunt,
539 1168 569 1189 ut
580 1163 690 1197 opinor,
705 1163 807 1197 quibus
825 1170 920 1197 preces
931 1167 958 1188 ct
974 1170 1044 1196 aqua
1056 1170 1071 1187 e
1086 1169 1153 1196 rupe
1164 1162 1257 1188 elicita
1273 1169 1327 1188 non
1342 1162 1455 1188 omnino
1473 1162 1646 1194 :irridebunt,
1669 1171 1748 1192 num.

116 1202 164 1230 22.
181 1203 304 1238 Denique
320 1205 450 1232 Actorum
466 1206 617 1233 sinceritati
635 1214 689 1233 non
702 1207 876 1233 medim-riter
887 1205 973 1233 ofﬁcit
989 1215 1107 1241 sequens
1124 1206 1257 1238 clausula,
1271 1214 1285 1233 a
1305 1207 1433 1240 genuinis
1453 1207 1529 1233 Actis
1561 1207 1656 1234 abesse
1679 1215 1745 1234 con-

115 1253 210 1276 sueta.
228 1256 288 1282 quae
303 1249 421 1276 habetur
438 1258 514 1277 num.
530 1251 575 1280 (ὶό,
595 1251 622 1277 in
643 1259 696 1285 qua
718 1250 856 1277 Sisinnius
870 1251 907 1276 ita
919 1250 1003 1277 Deum
1018 1256 1077 1277 orat
1088 1251 1198 1285 jamjam
1220 1250 1381 1277 moriturus.
1403 1260 1411 1275 ι
1429 1250 1495 1285 Opis
1513 1256 1566 1277 tute
1578 1251 1695 1286 indigus,
1708 1257 1747 1278 to-

119 1297 177 1324 que
187 1297 284 1318 nostro
299 1293 455 1320 interventu
470 1294 641 1322 invocantes.
656 1294 748 1320 statim
761 1294 871 1321 exaudi.
887 1293 1047 1326 Domiiie,in
1061 1302 1224 1328 quacunque
1245 1294 1408 1321 necessitate
1423 1299 1450 1320 et
1469 1295 1633 1329 indigentia;
1648 1303 1747 1329 quam-

116 1337 163 1362 vis
180 1335 206 1362 in
227 1336 360 1362 viduitate
378 1341 406 1363 et
421 1337 557 1369 orbitate;
574 1338 700 1371 quamvis
720 1338 747 1363 in
770 1338 1014 1372 peregrinatione;
1039 1338 1164 1371 quamvis
1191 1338 1217 1364 in
1245 1337 1403 1364 inlirinitate
1431 1339 1557 1372 corporis
1579 1344 1608 1366 ct
1631 1340 1744 1369 animal;

114 1380 250 1414 quamvis
264 1381 290 1406 in
304 1384 358 1407 mre
374 1380 465 1407 alieno
480 1385 507 1407 et
527 1381 694 1413 calumniis;
715 1382 841 1416 quamvis
857 1382 883 1407 iii
896 1381 995 1407 acerba
1011 1381 1162 1413 servitute;
1179 1381 1306 1415 quamvis
1323 1382 1350 1407 in
1382 1381 1525 1407 hominum
1552 1390 1583 1408 ac
1607 1383 1745 1416 pecudum

115 1425 305 1458 contagione;
318 1425 447 1459 quamvis
464 1425 490 1451 in
506 1425 575 1451 mari
587 1425 723 1459 quispiam
740 1425 775 1451 sit
791 1425 950 1460 naufiagns,
969 1429 1023 1451 etc.
1038 1425 1078 1451 Tn
1092 1424 1142 1457 illi,
1174 1432 1233 1455 rex,
1253 1432 1302 1458 per
1319 1432 1370 1451 nos
1396 1425 1496 1451 solatio
1515 1426 1564 1456 sis,
1585 1430 1613 1451 et
1654 1427 1745 1452 statim

113 1468 232 1499 exaudi,
247 1474 453 1503 utcognoseant
465 1469 561 1495 mundi
580 1469 662 1503 hujus
678 1469 784 1501 iiicolie,
799 1471 914 1495 multum
928 1477 978 1496 nos
994 1469 1071 1503 diligi
1084 1468 1134 1494 abs
1155 1472 1191 1500 te,
1205 1471 1234 1495 et
1255 1468 1393 1500 exaudiri,
1423 1476 1455 1494 ac
1476 1468 1547 1494 malo
1565 1469 1679 1495 cuilibet
1700 1471 1746 1496 fiat

113 1519 191 1546 aqua
208 1513 459 1543 hascininedelain.
472 1521 533 1540 nam
546 1513 579 1540 ad
598 1513 799 1540 invocationem
816 1514 854 1540 tui
865 1513 973 1540 ebulliit
991 1513 1189 1546 etiiiiinatum
1211 1516 1253 1538 est
1275 1516 1353 1538 vetus
1379 1511 1546 1538 miraculum
1575 1513 1602 1538 in
1630 1513 1744 1546 gloriam

113 1556 210 1583 Patris
224 1561 251 1583 et
264 1556 326 1583 Filii
351 1561 379 1583 et
394 1556 514 1590 Spiritus
530 1557 630 1588 saiicli,
647 1557 673 1582 in
688 1556 795 1584 laudem
808 1562 835 1583 et
847 1557 1007 1583 memoriam
1023 1561 1174 1591 martyrum
1194 1562 1304 1583 tuorum
1319 1558 1441 1591 quinque
1453 1562 1482 1584 et
1497 1557 1688 1591 quadraginta.

156 1601 180 1627 7.
197 1600 271 1627 inter
284 1605 417 1635 martyres
430 1600 537 1627 XXXVI
553 1601 725 1628 Alexandria:
739 1608 842 1635 passos,
855 1600 889 1627 de
904 1600 1063 1635 quihushoc
1073 1601 1167 1627 itidem
1178 1600 1223 1627 die
1236 1601 1326 1635 agitur
1336 1601 1474 1634 superius,
1491 1601 1546 1627 duo
1560 1601 1641 1634 primi
1653 1601 1744 1629 Leon-

115 1645 176 1672 tius
189 1650 216 1672 et
230 1645 383 1677 Mauritius,
394 1649 422 1671 et
438 1645 552 1679 quintus
568 1644 675 1675 Daniel,
692 1646 780 1671 tritius
792 1644 895 1671 nostris
908 1645 1077 1679 martyribus
1092 1644 1299 1679 Nicopolitaiiis.
1318 1651 1436 1678 quorum
1449 1653 1610 1679 expressum
1625 1646 1745 1672 vidimus

117 1697 232 1722 nomen,
247 1696 361 1723 prorsus
378 1689 536 1724 liomonyini
549 1693 623 1715 sunt.
638 1688 703 1721 Quae
730 1689 905 1724 homonymia
926 1688 1114 1722 suspicimiem
1140 1687 1256 1714 fortasse
1266 1688 1407 1719 ,iionnulli
1433 1688 1556 1722 praebere
1575 1689 1686 1723 poterit,
1699 1689 1745 1715 hic

117 1741 210 1768 atque,
226 1741 258 1759 ac
269 1733 347 1765 alibi,
365 1733 427 1767 plus
440 1732 535 1764 semel,
549 1733 668 1760 inductae
683 1733 810 1767 alicujus,
832 1732 1013 1764 confusionis,
1030 1740 1083 1758 una
1097 1732 1214 1759 fortasse
1230 1737 1380 1767 martyrum
1407 1737 1493 1758 turnia
1513 1732 1539 1759 in
1558 1733 1628 1759 duas
1646 1733 1745 1759 distra-

118 1781 177 1809 cta,
192 1777 244 1808 vel,
261 1777 283 1803 si
298 1777 349 1803 lioe
363 1785 418 1803 non
431 1777 484 1808 vis,
499 1777 613 1803 alterius
632 1777 659 1803 in
690 1777 806 1803 alteram
832 1776 993 1803 nominibus
1007 1775 1149 1802 derivatis.
1172 1776 1272 1803 Verum
1295 1776 1425 1810 quoniam
1442 1776 1507 1811 quid
1526 1777 1660 1803 hiclatcat
1686 1785 1744 1812 n.y-

118 1820 209 1850 sterii.
231 1821 310 1847 nubis
322 1822 431 1855 assequi
450 1829 504 1847 non
523 1826 565 1848 est
587 1827 756 1855 promptum.
782 1821 809 1847 iu
829 1821 899 1848 duas
921 1828 970 1846 eos
980 1820 1084 1847 classes
1104 1819 1294 1850 distinximus,
1319 1821 1407 1847 secuti
1428 1819 1621 1854 Martyiologia
1645 1820 1744 1847 Ilicro-

120 1864 249 1898 iiyuiiana
266 1873 271 1890 :
289 1864 327 1890 uti
349 1864 529 1891 indicavimus
542 1872 636 1899 supra,
655 1864 701 1891 tibi
717 1864 752 1891 de
772 1864 854 1891 dictis
875 1865 986 1899 triginta
1009 1871 1055 1890 sex
1073 1863 1241 1898 martyribus
1261 1864 1380 1898 egimus,
1401 1867 1429 1890 et
1452 1864 1641 1890 difficultatem
1671 1864 1742 1891 hanc

118 1914 174 1933 non
193 1908 430 1942 prieteriiiisiinus.

153 1951 180 1977 8.
202 1950 336 1986 Taiiiayus
350 1952 437 1978 solius
452 1952 479 1979 S.
494 1952 602 1979 Leontii
616 1959 716 1979 nomen
732 1952 882 1986 exprimit.
906 1957 934 1980 et
958 1953 1050 1979 socios
1071 1955 1208 1987 martyres
1227 1951 1339 1979 confuse
1356 1961 1362 1979 :
1384 1961 1392 1977 I
1413 1951 1536 1986 Nicopoli
1561 1952 1588 1978 in
1600 1952 1741 1985 Armenia.

116 1995 148 2022 S.
165 1995 270 2022 Leontii
287 1997 426 2032 martyris,
451 1997 497 2030 qui
514 2004 576 2023 cum
596 1996 658 2023 aliis
679 1997 762 2023 sociis
778 2003 892 2031 agonem
914 1996 1105 2023 admirabilem
1126 1995 1283 2030 complevit.
1305 2005 1313 2020 i
1331 1996 1389 2022 Hoc
1416 2000 1507 2026 recte;
1527 1996 1573 2022 scd
1591 1996 1741 2023 clausulam

115 2045 294 2073 sequentem,
321 2050 330 2066 ι
346 2042 424 2075 cujus
439 2041 545 2067 exuviae
562 2048 647 2067 sacrae
670 2041 697 2066 in
718 2041 820 2075 oppido
836 2041 988 2068 Alcaudetc
1000 2062 1007 2073 ,
1031 2040 1158 2068 dicecesis
1170 2040 1335 2068 Gieiiiieiisis
1351 2041 1377 2066 in
1393 2039 1519 2066 (mnohio
1535 2040 1694 2066 nionialiuni
1710 2039 1741 2069 Β,

114 2082 204 2110 Clar.e
217 2083 310 2110 debita
327 2085 419 2110 cultus
432 2083 642 2111 honorificentia
658 2090 815 2117 servantur,
832 2094 841 2109 i
858 2093 990 2119 quorsum
1004 2085 1147 2120 adjunxit?
1162 2084 1230 2112 Cum
1252 2084 1278 2110 in
1297 2085 1368 2110 notis
1381 2086 1414 2109 ad
1430 2084 1503 2109 hunc
1519 2085 1609 2110 locum
1624 2084 1741 2110 candide

114 2126 280 2160 profiteatur
298 2136 307 2152 ι
327 2128 462 2161 sospitari
479 2135 517 2159 se,
540 2135 619 2154 erase
649 2129 767 2154 amicum
786 2129 942 2157 eruditum.
963 2136 972 2152 ›
991 2127 1123 2153 nimirum
1141 2126 1170 2152 P.
1188 2126 1334 2152 Martinum
1353 2124 1471 2151 Xenieiia
1486 2125 1600 2152 Jurado.
1616 2133 1648 2151 ex
1662 2126 1742 2160 cujus

115 2170 251 2197 relatione
266 2170 403 2204 praedictis
427 2170 519 2198 Sancti
543 2172 667 2205 reliquiis
687 2172 769 2198 istum
795 2173 886 2200 locum
909 2172 1073 2206 assignarat,
1097 2179 1106 2195 ι
1130 2174 1158 2196 et
1185 2170 1242 2196 haec
1268 2170 1382 2204 pignora
1407 2176 1468 2196 csse
1491 2169 1606 2196 alienus
1631 2169 1739 2196 Leontii

116 2216 245 2250 martyris
263 2216 355 2242 Romae
371 2216 458 2250 passi;
476 2216 509 2243 tle
520 2223 575 2250 quo
588 2222 672 2251 agunt
687 2216 872 2252 Maurolycus,
884 2216 1052 2244 Galesinius.
1063 2220 1091 2241 et
1107 2214 1251 2248 Philippus
1267 2213 1414 2240 Ferrarius
1427 2213 1453 2240 iii
1474 2213 1596 2245 generali
1609 2212 1740 2248 Catologo

114 2256 282 2284 Sanctorum
309 2257 354 2284 die
376 2257 392 2284 9
418 2257 484 2285 Julii
509 2258 556 2285 fol.
573 2258 638 2291 284,
668 2264 696 2286 et
709 2260 860 2286 suadentur
887 2266 920 2285 ex
941 2266 975 2285 eo
1000 2258 1073 2292 quod
1101 2258 1194 2284 comiti
1211 2257 1403 2284 Beneventano
1420 2258 1481 2290 ejus
1499 2257 1614 2283 exuvias
1638 2257 1741 2282 obtulit

115 2300 218 2327 Paulus
244 2301 275 2330 ν.
293 2301 372 2329 Pont.
391 2302 461 2328 Max.
487 2307 626 2329 extractas
648 2311 680 2329 ex
700 2303 833 2330 Romanis
855 2301 1036 2333 caenieteriis;
1055 2308 1104 2327 nec
1129 2300 1183 2328 huc
1202 2308 1289 2333 usque
1313 2301 1417 2326 sciatur
1439 2299 1622 2333 Nicopolitani
1646 2300 1739 2326 Roma:

115 2344 247 2371 advectas
259 2345 356 2372 fuisse.
377 2353 387 2370 ι
406 2345 504 2377 Recte,
522 2351 550 2371 ut
569 2347 679 2380 opinor,
695 2345 740 2372 hic
753 2353 782 2372 se
797 2346 919 2372 etaliuiii
936 2352 1016 2371 suum
1035 2344 1134 2371 ducem
1147 2344 1260 2377 corrigit
1274 2343 1418 2377 'l‘amayus.
1438 2342 1547 2369 Utinam
1570 2343 1597 2369 in
1613 2342 1740 2376 pluribus

116 2388 181 2415 aliis
192 2389 288 2414 eadem
303 2388 434 2416 felicitate
451 2395 479 2416 et
493 2389 625 2416 facilitate
636 2397 664 2416 se
681 2389 848 2415 correxisset
860 2390 867 2415 l
884 2389 927 2415 Sir
942 2389 1027 2423 pluris
1038 2389 1136 2415 tierent
1148 2387 1208 2422 ejus
1219 2394 1324 2414 merces
1335 2386 1407 2420 apud
1417 2386 1542 2414 eruditos
1555 2386 1738 2421 hagiopliilos.

115 2433 202 2460 etiam
213 2432 361 2466 Hispanos,
375 2433 566 2467 indignatione
581 2432 673 2466 potius
687 2439 718 2458 ac
735 2433 792 2458 risu
812 2439 884 2466 sa-pc
896 2433 1048 2467 digniores,
1063 2438 1145 2458 uuam
1163 2430 1261 2466 pretio.
