2170 3148
187 148 241 180 325

669 148 901 179 MARTYRIUM
923 149 974 179 SS.
997 149 1072 178 XLV
1094 149 1322 179 hlAll'l‘YllUM.

1757 150 1811 182 326

185 205 241 230 τῶν
259 205 290 232 ὲν
304 205 337 240 τῇ
351 204 426 232 πόλει
441 205 514 239 γένει
538 213 568 231 τε
587 205 634 232 καὶ
658 205 797 232 παιδεύσει
823 205 910 239 λόγων
928 206 974 232 καὶ
990 210 1010 235 Λ
1028 205 1042 232 il

956 206 974 232 tl.
990 210 1010 235 Λ
1028 205 1198 236 illustres,et
1215 213 1267 231 una
1279 213 1341 231 cum
1361 205 1427 240 ipsis
1450 206 1630 242 quadraginta
1646 207 1703 240 alii,
1733 206 1813 234 Citri-

187 249 240 285 βίῳ
257 251 327 277 κατὰ
341 251 459 286 Χριστὸν
478 250 686 285 διαπρέποντες,
705 251 753 277 σὺν
767 251 859 281 αὐτοῖς
884 251 913 276 δὲ
928 252 974 276 καὶ

186 296 277 331 ἕτεροί
293 305 322 322 τε
350 295 377 330 μ’
392 297 517 330 λέγοντες
547 297 661 328 ἑαυτοὺς
686 295 757 323 εἷναι
781 297 973 331 Χριστιανοὺς,

187 343 234 368 καὶ
259 342 496 378 αὖτοπροαιρέτως
524 343 702 378 προελθόντες
730 343 769 378 τῷ
800 344 898 379 Λυσίᾳ.
923 345 972 375 ’ος

188 387 355 421 θεασάμενος
376 388 425 424 τὴν
445 388 582 423 τοσαύτην
607 389 662 416 τῶν
676 389 782 425 ἀνδρῶν
808 390 973 423 προθυμίαν,

186 432 279 467 ἠρώτα
298 434 406 466 αὐτοὺς,
422 435 510 469 λέγων
522 442 530 449 ⁸
546 435 632 461 Πόθεν
649 435 711 462 ἐστέ
726 444 733 469 ;
750 435 797 462 καὶ
817 436 857 467 τίς
873 437 945 462 ἐστιν
960 435 974 460 ὁ

186 478 284 510 πείσας
298 480 369 514 ὑμᾶς
387 480 425 515 μὴ
449 480 582 513 εὐσεϐεῖν,
599 483 666 515 μήτε
681 480 754 508 θύειν
766 482 821 513 τοῖς
835 481 905 512 θεοῖς
917 483 972 513 τοῖς

185 525 343 560 οὐρανίοιςς
372 526 401 552 '0
418 527 494 560 ἅγιος
512 528 635 558 Λεόντιος
645 527 720 560 λέγει
731 536 739 542 ·
763 527 858 562 Ἡμεῖς
874 528 974 559 πάντες

186 572 346 606 Χριστιανοί
375 573 469 606 ἐσμεν.
497 573 553 600 Καὶ
570 574 594 599 οἱ
625 573 676 607 μὲν
694 574 743 608 τὴν
766 574 845 600 πόλιν
871 573 973 608 ταύτην

186 617 325 652 οἰκοῦμεν,
340 619 363 645 οἱ
379 619 408 645 δὲ
419 619 466 645 καὶ
481 619 512 645 ἐκ
529 619 577 654 τῆς
594 620 685 655 χώρας
705 621 753 654 τῆς
770 619 821 646 ὑπὸ
836 619 883 655 τὴν
897 618 972 645 πόλιν

186 662 341 698 ὦρμηνται.
368 664 422 691 Καὶ
438 665 538 699 πατρὶς
561 665 610 700 μὲν
627 666 692 700 ἡμῖν
711 665 781 699 αὕτη
802 666 817 698 ὴ
841 664 971 696 ἐπίγειος,

186 709 276 744 πατὴρ
291 710 319 736 δὲ
334 710 452 745 Χριστὸς
467 712 480 736 ὁ
495 711 658 745 ἐπουράνιος
670 719 676 725 ·
694 712 741 738 καὶ
757 711 838 742 αὑτός
863 711 938 736 ἐστιν
959 711 973 736 ὁ

184 754 293 787 διδάξας
310 757 384 791 ἡμᾶς
399 758 445 782 καὶ
462 756 559 787 πείσας
588 757 660 788 θεοῖς
677 757 789 791 κούφοις
805 758 850 783 καὶ
861 756 972 791 τυφλοῖς

186 801 224 836 μὴ
238 801 394 835 λατρεύειν,
411 803 480 837 μήτε
496 803 588 838 ἔργοις
605 803 704 839 χειρῶν
715 802 868 838 ἀνθρώπων
886 811 972 836 προσ-

185 854 290 874 κννειν.

221 892 260 918 Γ¹.
293 893 395 924 Λυσίας
421 892 517 920 εἶπεν·
536 894 591 921 Καὶ
616 894 668 921 ποῦ
701 896 775 922 ἐστιν
801 896 815 921 ὁ
836 895 971 930 Χριστός,
990 888 1010 914 Β

186 938 255 972 Οὐχὶ
273 939 434 975 ἐσταυρώθη
454 941 501 967 καὶ
517 941 668 975 ἀπέθανεν;
689 942 718 967 ’0
747 942 824 975 ἅγιος
847 942 972 972 Λεόντιος

185 983 260 1016 λέγει
276 991 282 998 ·
296 984 342 1019 Μὴ
356 985 437 1019 μόνον
456 985 487 1012 τὸ
501 985 638 1012 ἀπέθανεν
654 985 790 1018 ἁκούσεις,
806 986 864 1013 ἀλλ’
880 987 971 1020 ἐννοῆ-

184 1029 247 1064 θητι
263 1030 303 1056 ὅτι
320 1032 365 1056 καὶ
382 1031 486 1067 ἠγέρθη
503 1033 551 1058 καὶ
566 1031 620 1064 ζῶν
632 1033 706 1059 ἐστιν
720 1033 749 1058 ὲν
763 1034 818 1064 τοῖς
830 1033 952 1068 οὐρανοῖς
964 1040 970 1047 ·

183 1075 256 1102 ἑκὼν
271 1075 324 1111 γὰρ
338 1077 475 1104 ἀπέθανεν
495 1077 528 1104 δι’
543 1079 626 1114 ἡμᾶς,
642 1080 688 1106 καὶ
704 1080 785 1106 πάλιν
803 1080 918 1115 ἠγέρθη,
935 1080 972 1111 ὡς

184 1121 241 1151 υίὸς
253 1121 290 1148 ὣν
307 1123 352 1149 τοῦ
367 1122 446 1150 Θεοῦ.
458 1123 561 1155 Λυσίας
577 1123 652 1151 εἶπεν
666 1134 672 1140 ·
692 1125 797 1152 Οὐκοῦν
811 1125 843 1161 ζῇ
859 1126 924 1156 νῦν;
944 1127 972 1152 ’0

182 1167 263 1202 ἅγιος
289 1169 416 1200 Λεόντιος
439 1169 530 1201 λέγει·
547 1167 568 1196 ὦ
587 1171 686 1203 Λυσία,
713 1172 738 1198 οἱ
765 1172 891 1206 ὑμέτεροι
916 1172 972 1198 θεοὶ

181 1214 367 1246 ἀποθανόντες
383 1215 414 1241 οὐ
430 1215 514 1248 ζῶσιν
528 1224 535 1231 ·
549 1217 563 1243 ὁ
583 1217 610 1243 δὲ
625 1219 760 1253 ἡμέτερος
771 1218 909 1252 Δεσπότης
926 1218 973 1244 καὶ

181 1260 260 1293 Θεὸς,
276 1262 290 1287 6
314 1261 346 1287 τὰ
365 1261 454 1288 πάντα
471 1263 503 1298 τῇ
523 1262 575 1298 ἰδίᾳ
588 1263 662 1298 δεξιᾷ
687 1265 874 1299 καταρτήσας,
891 1265 972 1298 οὐρα-

180 1305 238 1338 νὸν,
255 1305 319 1340 γῆν,
339 1306 487 1337 θάλασσαν,
511 1308 558 1332 καὶ
578 1308 683 1338 πάντας
703 1308 875 1342 ἀνθρώπους,
902 1309 971 1343 ὑπὲρ

181 1350 264 1384 ἡμῶν
289 1351 437 1383 ἀπέθανεν,
455 1350 497 1376 ἵνα
513 1351 587 1385 ἡμᾶς
601 1351 750 1386 ἀποσπάσῃ
767 1351 817 1386 τῆς
830 1351 972 1377 είδωλολα-

181 1396 298 1431 τρείας·
325 1397 429 1426 ἐκεῖνος
456 1395 502 1430 ζῇ,
518 1397 566 1422 καὶ
586 1397 659 1430 ἡμᾶς
687 1396 806 1427 ἐδεδαξεν
834 1397 972 1430 ὑπεραπο-

180 1441 311 1476 θνήσκειν
335 1441 488 1474 αὐτοῦ,ἱ’να
514 1441 560 1467 καὶ
584 1443 676 1477 ἡμεῖς,
694 1443 885 1474 ἀποθανόντες,
908 1452 971 1469 συν-

179 1487 315 1522 ζὴσωμεν
330 1486 416 1521 αὐτῷ.
433 1487 536 1518 Λυσίας
564 1486 641 1514 εἶπεν
654 1496 661 1503 ·
692 1489 758 1523 Οὐχὶ
779 1487 881 1515 δώδεκὰ
902 1489 971 1515 εἰσιν

180 1533 241 1560 θεοὶ
259 1533 401 1569 οὐράνιοις
422 1534 499 1559 ποῖον
516 1531 562 1559 οὖν
582 1534 615 1560 σὺ
635 1533 725 1568 λέγεις
741 1534 834 1569 ἕτερον
846 1535 922 1567 Θεὶν,
941 1535 955 1561 ὃ

179 1582 311 1617 ἐποίησεν
322 1580 448 1616 οὐρανὸν,
464 1581 510 1607 καὶ
524 1580 586 1615 γῆν,
606 1582 653 1606 καὶ
667 1580 804 1608 θάλασσαν
819 1590 825 1614 ;
848 1581 876 1607 ’0
893 1582 970 1615 ἅγιος

180 1629 309 1660 Λεόντιος
322 1628 396 1663 λέγει
410 1637 417 1644 '
433 1628 509 1654 Ποῖοί
522 1629 592 1653 εἰσιν
622 1628 646 1654 οἱ
672 1627 728 1654 θεοὶ
756 1628 850 1662 ὑμῶν;
868 1629 970 1660 Λυσίας

179 1674 257 1709 λέγει
272 1681 278 1689 ·
297 1674 374 1706 Ζεὺς,
393 1674 440 1700 καὶ
457 1673 605 1705 Ἀπόλλων,
620 1673 668 1699 καὶ
688 1674 863 1708 Ἀσκληπιὸς,
883 1675 929 1701 καὶ
946 1674 969 1701 οἱ

180 1721 269 1752 ἄλλοι,
285 1719 331 1751 οὒς
351 1720 426 1746 σέϐει
449 1720 464 1754 ή
483 1719 624 1754 σύμπασα.
648 1719 678 1746 '0
690 1719 768 1753 ἅγιος
785 1720 910 1752 Λεόντιος
927 1721 969 1747 λέ-

180 1774 247 1799 γει·
264 1765 331 1796 Ζεὺς
355 1763 401 1791 οὖν
430 1765 489 1796 θεός
520 1765 615 1798 ὲστιν;
645 1765 748 1796 Λυσίας
771 1762 866 1791 εἶπεν·
890 1767 968 1798 Οὐαὶ,

181 1811 322 1846 ἑμμάνης,
341 1810 468 1845 ἄνθρωπε
485 1809 665 1845 βλασφημῶν-
685 1811 767 1842 αὑτός
785 1811 858 1837 ἐστιν
874 1812 888 1838 ὀ
902 1820 970 1847 κρα-

181 1856 238 1882 τῶν
254 1857 318 1886 τοὺς
337 1856 480 1891 οὐρανίοις,
499 1856 591 1890 πατὴρ
607 1855 712 1890 ἀνδρῶν
731 1864 760 1882 τε
779 1857 825 1883 καὶ
841 1857 919 1884 θεῶν.
941 1857 969 1884 Ὀ

181 1905 261 1938 ἅγιος
289 1904 416 1934 Λεόντιος
437 1903 514 1937 λέγει
530 1912 536 1919 ·
552 1903 583 1929 El
606 1901 653 1930 οὗν
675 1903 735 1934 θεός
765 1905 840 1930 ἐστιν
865 1906 879 1930 ὁ
901 1905 969 1936 Ζεὺς

181 1950 303 1983 πάντως,
321 1951 362 1976 ὃτι
379 1951 425 1976 καὶ
441 1950 550 1984 ἰσχυρός
568 1951 652 1982 ἐστιν,
669 1950 715 1975 καὶ
732 1949 808 1983 ὑμῶν
824 1950 877 1976 τῶν
897 1950 969 1976 ἐκδί-

180 2005 237 2023 κων
253 1995 283 2022 οὑ
297 1995 395 2031 χρῄζει
408 1995 593 2030 ἀσεϐούμενος
605 2003 612 2009 ·
632 1994 740 2026 πάντως
755 1995 783 2020 δὲ
803 1996 849 2021 καὶ
865 1995 970 2026 δίκαιός

178 2044 249 2074 ἔστι,
281 2042 328 2068 καὶ
359 2041 563 2076 μισοπόνηρος,
591 2039 680 2072 μισῶν
717 2040 850 2075 μοιχείαν,
883 2040 969 2074 μισῶν

179 2087 322 2123 πορνείαν,
356 2086 443 2122 μισῶν
468 2084 675 2121 ἀρῤητοποιίαν,
705 2085 792 2120 μισῶν
820 2086 970 2121 ἀδελφογα-

180 2134 258 2169 μίαν,
274 2132 360 2168 μισῶν
376 2132 523 2166 πολέμους,
545 2131 591 2157 καὶ
606 2131 693 2165 φιλῶν
718 2132 841 2167 εἰρήνην.
864 2132 893 2158 '0
915 2133 968 2168 γὰρ

179 2182 246 2212 Θεὸς
270 2179 374 2214 ὀφείλει
400 2179 502 2209 τέλειος
519 2175 601 2210 εἷναι,
615 2179 662 2205 καὶ
678 2179 842 2215 ἀπροσδεὴς,
860 2181 905 2206 καὶ
919 2180 967 2206 ἁν-

957 1545 1007 1586 ‘c

1026 251 1131 278 slianos
1145 259 1173 278 se
1186 252 1345 278 dictitantes
1362 253 1434 279 ultro
1446 254 1478 280 ad
1505 254 1612 289 Lysiam
1624 259 1812 282 accesserunt.

1025 296 1075 330 Qui
1091 298 1173 324 talem
1190 298 1216 324 in
1229 297 1294 324 \‘illS
1307 299 1507 332 contemplatus
1519 300 1602 326 animi
1621 300 1811 328 celsitudinem

1024 347 1214 378 percontatus,
1226 343 1287 371 illos
1302 347 1354 373 est,
1372 343 1467 370 dicens
1481 344 1608 379 :Cujates
1623 348 1700 377 estis,
1710 351 1738 372 et
1751 346 1813 380 quis

1025 393 1122 416 auctor
1135 389 1215 416 vobis
1228 393 1280 421 est,
1298 396 1331 416 ne
1345 390 1449 416 cultum
1472 394 1519 416 aut
1545 390 1710 417 sacriﬁcium
1735 391 1812 420 defe-

1025 433 1092 460 ratis
1109 433 1161 460 tliis
1172 433 1348 461 ccelestibus?
1364 433 1414 461 Cui
1442 439 1554 461 sanctus
1569 434 1700 462 Leontius
1720 445 1727 462 :
1746 437 1812 463 0m-

1025 485 1074 505 nes
1091 485 1141 504 nos
1167 477 1317 505 Christiani
1345 486 1451 512 sumus,
1469 484 1498 506 et
1514 487 1565 506 nos
1588 480 1698 514 quidem
1718 481 1812 508 urbem

1025 523 1096 550 hanc
1107 524 1264 556 incolimus,
1276 524 1313 551 illi
1327 533 1415 552 veroe
1431 526 1551 560 regione,
1565 534 1624 560 qua:
1635 527 1695 553 urbi
1707 527 1812 558 subest,

1025 569 1208 597 advenerunt.
1228 570 1260 596 Et
1277 571 1364 605 patria
1379 571 1490 606 quidem
1512 573 1651 600 terrestris
1672 573 1752 600 nobis
1769 582 1813 601 ea«

1024 614 1085 641 dem
1104 619 1155 647 est,
1173 615 1254 642 Pater
1276 624 1341 643 vero
1358 617 1477 644 caelestis
1491 617 1633 650 Christus;
1658 624 1740 653 atque
1768 620 1813 646 hic

1023 667 1075 694 est,
1088 662 1134 696 qui
1150 671 1200 690 nos
1212 663 1314 696 docuit,
1331 668 1359 691 et
1373 665 1510 699 persuasit
1522 666 1588 693 deos
1601 671 1692 693 mutos
1714 674 1745 693 ac
1762 675 1814 693 cae-

1023 715 1070 735 cos
1084 716 1140 735 non
1157 708 1259 741 colere,
1274 717 1325 738 nec
1339 718 1422 746 opera
1451 720 1582 738 manuum
1599 713 1742 740 hominum
1760 714 1812 740 ad-

1024 763 1111 784 orare.

1062 890 1105 917 lll.
1119 891 1191 918 Dixit
1205 891 1300 927 Lysias
1319 892 1455 922 :Ubinam
1481 898 1523 920 est
1555 893 1701 920 Christus?
1725 894 1812 921 Num-

1024 937 1089 970 quid
1099 939 1173 964 cruci
1184 938 1283 965 affixus
1291 943 1317 965 et
1326 944 1450 965 mortuus
1465 939 1525 966 est?
1536 939 1586 966 Cui
1599 944 1710 967 sanctus
1722 939 1811 967 Leon-

1024 982 1098 1009 tius:
1118 982 1177 1010 Non
1193 984 1282 1011 solum
1297 984 1360 1011 audi
1384 989 1523 1011 mortuum
1536 993 1606 1017 esse,
1638 985 1686 1013 sed
1715 994 1811 1013 resur-

1024 1029 1127 1056 rcxisse
1142 1029 1296 1062 considera,
1316 1035 1343 1057 et
1370 1031 1462 1058 vivere
1494 1031 1522 1057 in
1544 1032 1637 1063 coelis;
1667 1031 1714 1058 scd
1736 1032 1810 1058 enim

1024 1081 1150 1103 mortuus
1161 1080 1202 1102 cst
1220 1076 1311 1102 libens
1323 1081 1436 1111 propter
1451 1085 1510 1109 nos,
1524 1081 1551 1104 et
1575 1077 1674 1104 iterum
1689 1085 1812 1104 resurre-

1024 1121 1072 1153 xit,
1101 1127 1230 1156 tanquam
1254 1123 1388 1149 cxsistens
1407 1122 1492 1149 Filius
1517 1123 1575 1150 Dei.
1598 1123 1672 1150 Dixit
1694 1124 1810 1158 Lysias:

1023 1168 1127 1202 Nempe
1141 1169 1224 1195 ctiam
1242 1177 1315 1195 nunc
1330 1168 1418 1195 vivit?
1432 1169 1480 1196 Cui
1497 1174 1608 1196 sanctus
1627 1169 1776 1196 Leontius:
1789 1169 1812 1197 0

1023 1214 1112 1251 Lysia,
1127 1215 1164 1242 dii
1179 1215 1278 1246 \‘cstri,
1293 1220 1439 1250 postquam
1466 1216 1566 1243 mortui
1586 1221 1662 1249 sunt,
1694 1224 1748 1243 non
1771 1216 1812 1243 vi-

1024 1266 1091 1287 vunt
1104 1269 1110 1293 ;
1124 1266 1151 1288 at
1165 1270 1230 1288 vero
1245 1262 1377 1289 Dominus
1392 1267 1486 1289 noster
1499 1270 1530 1289 ac
1543 1262 1625 1294 Deus,
1638 1262 1685 1297 qui
1699 1262 1811 1290 dextera

1023 1314 1070 1333 sua
1085 1307 1220 1341 gubernat
1236 1308 1340 1339 oumia,
1359 1309 1471 1341 caelum,
1489 1313 1600 1340 terram,
1618 1317 1692 1336 mare
1707 1314 1734 1336 et
1758 1309 1811 1336 ho-

1023 1354 1111 1380 mines
1128 1361 1234 1385 omnes,
1248 1362 1297 1388 pro
1313 1354 1402 1386 nobis,
1436 1359 1562 1381 mortuus
1577 1361 1629 1387 est,
1658 1360 1685 1381 ut
1703 1363 1752 1382 nos
1777 1363 1811 1382 ex

1023 1397 1159 1424 idolorum
1175 1398 1249 1425 cultu
1265 1399 1432 1426 extraheret.
1460 1400 1533 1426 Vivit
1551 1400 1584 1430 is,
1609 1401 1740 1426 cttlocuit
1761 1408 1811 1426 nos

1023 1451 1073 1478 pro
1088 1452 1117 1471 se
1132 1445 1213 1476 mori,
1228 1450 1257 1472 ut
1274 1445 1386 1477 mortui,
1411 1453 1472 1471 cum
1499 1445 1546 1471 illo
1577 1445 1709 1472 vivamus.
1739 1446 1810 1472 Dixit

1022 1487 1118 1524 Lysias
1139 1498 1146 1515 :
1169 1489 1265 1517 Nonne
1283 1490 1429 1517 duodecim
1445 1491 1482 1517 dii
1496 1491 1622 1518 oath-stes
1641 1491 1722 1518 sunt?
1739 1491 1810 1524 Qua-

1024 1535 1077 1562 lem
1092 1543 1158 1570 ergo
1171 1541 1198 1562 tu
1208 1536 1291 1562 alium
1311 1536 1381 1563 dicis
1394 1537 1491 1570 Deum,
1512 1538 1558 1572 qui
1579 1536 1644 1564 fecit
1659 1538 1759 1564 malum
1783 1541 1812 1564 et

1026 1586 1124 1608 terram
1142 1586 1170 1608 et
1185 1581 1280 1608 mare?
1297 1581 1415 1609 Sanctus
1432 1582 1563 1609 Leontius
1586 1583 1674 1609 dixit:
1693 1583 1810 1615 Quinam

1022 1627 1060 1654 dii
1077 1627 1158 1654 vestri
1171 1627 1256 1654 sunt?
1272 1627 1366 1663 Lysias
1380 1628 1465 1655 dixit:
1484 1629 1598 1664 Insuper
1611 1634 1639 1656 et
1660 1629 1756 1664 Apollo
1783 1634 1812 1656 et

1020 1672 1206 1709 Esculapius,
1217 1674 1329 1708 aliique,
1340 1682 1409 1709 quos
1420 1674 1495 1701 orbis
1503 1674 1567 1701 colit
1578 1674 1733 1701 universus.
1744 1674 1811 1701 San-

1021 1725 1082 1747 ctus
1096 1720 1227 1748 Leontius
1243 1721 1312 1748 dixit
1331 1730 1337 1748 :
1351 1720 1460 1755 Jupiter
1472 1729 1538 1756 ergo
1556 1721 1628 1748 Deus
1641 1722 1701 1748 est?
1716 1721 1811 1757 Lysias

1021 1767 1108 1794 dixit:
1120 1768 1192 1795 Vah!
1211 1768 1324 1800 insanis,
1339 1768 1421 1795 homo
1435 1768 1594 1803 blaspheme
1608 1777 1614 1795 :
1629 1768 1687 1803 ipse
1698 1773 1749 1798 est,
1763 1767 1809 1803 qui

1021 1814 1107 1841 emlos
1120 1818 1204 1844 tenet.
1221 1814 1420 1849 hominumque
1437 1819 1513 1850 pater
1539 1819 1566 1842 et
1582 1815 1707 1841 deorum.
1741 1814 1810 1841 San-

1020 1866 1081 1887 ctus
1094 1861 1225 1888 Leontius
1235 1861 1323 1888 dixit:
1341 1861 1368 1888 Si
1380 1862 1464 1896 igitur
1476 1861 1544 1888 deus
1558 1866 1600 1888 est
1611 1862 1730 1896 Jupiter,
1745 1861 1809 1896 quia

1020 1907 1134 1933 omnino
1148 1907 1290 1942 fortisLest,
1303 1907 1382 1934 vobis
1396 1907 1599 1938 defensoribus,
1616 1907 1726 1941 quando
1740 1906 1808 1941 inju-

1021 1953 1063 1979 ria
1080 1953 1200 1986 laeditur,
1216 1962 1271 1980 non
1286 1954 1407 1989 indiget;
1425 1954 1636 1988 omninojustus
1648 1958 1690 1980 est
1705 1958 1733 1980 ct
1745 1953 1808 1980 mali

1020 2006 1094 2031 osor,
1111 2007 1175 2027 osor
1189 2000 1389 2032 fornicationis,
1418 2008 1482 2028 osor
1505 1999 1644 2032 adulterii,
1671 2007 1736 2026 osor
1758 1999 1807 2026 ob-

1021 2047 1164 2074 scenitatis
1181 2046 1317 2078 nefandae,
1345 2054 1409 2074 osor
1426 2047 1558 2078 incestus,
1578 2053 1643 2073 osor
1673 2046 1808 2073 bellorum

1019 2098 1047 2120 et
1058 2101 1154 2121 amans
1168 2094 1253 2128 pacis.
1270 2093 1378 2120 Etenim
1394 2093 1466 2120 Deus
1481 2094 1619 2127 perfectus
1636 2093 1671 2120 sit
1687 2098 1808 2128 oportet.

1019 2140 1205 2175 egestatisque
1233 2147 1265 2166 ac
1292 2140 1396 2174 peccati
1427 2147 1545 2174 expers:
1579 2147 1641 2166 nam
1661 2140 1684 2166 si
1714 2143 1808 2174 pet-cat

1020 2188 1087 2214 deus
1102 2191 1204 2219 vester,
1219 2191 1347 2221 peccatur
1359 2192 1417 2219 est;
1430 2192 1456 2214 et
1481 2187 1536 2214 Deo
1549 2191 1611 2222 eget
1635 2187 1721 2214 altero
1746 2194 1809 2221 peo—

179 2228 350 2262 αμάρτητος.
375 2225 438 2252 Ἐὰν
464 2225 517 2260 γὰρ
540 2223 652 2261 ἁμάρτῃ
672 2226 686 2251 ὁ
704 2225 865 2260 θεὺςὋμῶν,
889 2227 965 2253 ἐστὶν
980 2235 1005 2264 Ι)
1019 2243 1036 2262 ρ,

737 2225 865 2260 ὺςκὺμῶν»
889 2227 965 2253 ἐστὶν
980 2235 1005 2264 Ι)
1019 2242 1081 2262 care
1097 2234 1200 2266 nescio,
1220 2233 1253 2260 ad
1272 2233 1491 2261 emendationem
1506 2241 1594 2260 suam.

179 2274 351 2309 ἁμαρτωλὸς,
365 2273 411 2299 καὶ
424 2272 504 2300 ἄλλον
519 2271 586 2298 Θεοῦ
598 2272 690 2307 χρείαν
705 2272 761 2307 ἔχει
773 2272 966 2307 ἀναμαρτήτον

179 2330 190 2346 ε
196 2322 217 2351 ες
233 2320 376 2354 διόρθωσιν
391 2317 498 2344 ἑαυτοῦ.

213 2368 251 2393 Δ’.
267 2366 370 2396 Λυσίας
385 2362 462 2391 εἶπεν
473 2372 481 2380 '
495 2365 531 2390 Σὺ
554 2361 583 2391 εἴ
597 2365 610 2390 ὁ
626 2364 745 2396 δικάζων
763 2364 797 2391 τὰ
812 2363 867 2390 τῶν
885 2364 966 2397 θεῶν,

178 2410 254 2446 κακὴ
268 2410 389 2444 κεφαλῆς
405 2409 451 2435 M1
467 2410 516 2443 τὴν
533 2409 670 2444 σωτηρίαν
685 2409 740 2434 τῶν
756 2408 836 2442 θεῶν,
857 2409 904 2435 καὶ
917 2409 968 2444 τὴν

178 2457 261 2492 ἐμὴν,
275 2455 367 2486 κακῶς
382 2455 509 2481 ἀπολέσω
525 2455 606 2489 ὑμᾶς.
632 2455 661 2481 ὐ
685 2454 763 2489 ἅγιος
780 2455 906 2486 Λεόντιος
923 2455 967 2481 λέ-

177 2511 241 2538 γει·
267 2502 313 2537 Μὴ
345 2501 495 2535 ἀγανάκτει
523 2501 572 2533 τὴν
601 2501 732 2536 ἀλήθειαν
755 2501 882 2528 ἀκούων⁸
911 2502 967 2534 τοῖς

178 2548 333 2583 ἀνθρώποις
347 2549 415 2574 πᾶσι
433 2547 510 2581 νόμοι
536 2547 682 2579 τέθεινται,
698 2547 722 2573 ot
740 2547 788 2582 μὲν
810 2547 924 2581 λογικοὶ,
942 2547 967 2575 οἱ

178 2595 206 2621 δὲ
232 2595 353 2628 φυσικοὶ,
382 2594 420 2625 ὡς
445 2594 475 2620 οὐ
500 2593 552 2629 χρὴ
576 2593 720 2628 ἄνθρωπον
738 2594 880 2628 ἀλλοτρίαν
895 2594 967 2629 ἔχειν

179 2641 307 2674 γυναῖκα,
322 2640 383 2667 οὔτε
395 2640 605 2675 ἀδελφογαμεῖν,
620 2639 681 2667 οὔτε
694 2639 830 2675 πολέμους
844 2641 966 2676 ἀγαπᾷν,

179 2688 227 2714 καὶ
243 2688 381 2722 προξενεῖν
395 2687 506 2723 ὕλεθρον
522 2688 578 2718 τοῖς
592 2686 760 2721 ἀνθρώποις.
774 2687 860 2721 Εἴπερ
877 2687 967 2721 σωτῆ-

182 2741 232 2768 ρας
255 2733 353 2764 αὐτοὺς
377 2733 480 2764 καλεῖς,
495 2732 611 2768 ὤφειλον
624 2732 725 2768 μᾶλλον
741 2733 773 2759 ἐκ
788 2733 836 2767 τῆς
854 2733 966 2768 εἰρήνης

181 2780 289 2813 σώζειν,
312 2781 358 2806 καὶ
375 2779 577 2813 περιποιεῖσθαι
591 2780 654 2811 τοὺς
669 2780 842 2817 σεῦομὲνους.
862 2779 892 2805 Et
904 2779 931 2805 δὲ
953 2781 966 2805 ὁ

179 2827 240 2858 θεὸς
266 2827 343 2862 ὑμῶν
363 2826 474 2852 τοιαῦτα
498 2826 704 2862 διαπράττεται,
722 2826 768 2852 καὶ
781 2826 844 2858 τοὺς
863 2825 967 2860 ἀνθρώ-

180 2883 246 2906 προς
262 2874 385 2901 πεισάτω
397 2872 477 2899 λῦσαι
492 2873 554 2904 τοὺς
572 2873 670 2908 νόμους
684 2881 690 2888 ο
705 2873 722 2908 ἢ
736 2873 787 2899 καὶ
802 2873 839 2904 ὡς
860 2873 964 2908 ἄνθρω-

1053 2366 1096 2393 ιν.
1116 2366 1209 2401 Lysias
1222 2365 1291 2392 dixit
1308 2375 1313 2392 :
1328 2366 1367 2392 Tu
1392 2373 1503 2392 causam
1531 2365 1601 2393 dicis
1625 2373 1723 2393 eorum
1745 2374 1807 2401 qum

1019 2411 1052 2438 ad
1070 2411 1137 2438 deos
1150 2411 1278 2443 attinent,
1308 2411 1409 2438 malum
1442 2410 1545 2446 caput?
1561 2412 1611 2438 Per
1639 2411 1754 2439 deorum
1778 2418 1806 2440 et

1018 2462 1107 2484 meam
1125 2458 1253 2490 salutem,
1274 2457 1344 2484 male
1359 2465 1407 2484 vos
1424 2458 1546 2492 perdam.
1575 2457 1691 2486 Sanctus
1716 2458 1806 2487 Leon-

1019 2504 1074 2532 tius
1088 2504 1156 2532 dicit
1174 2505 1235 2532 :Ne
1246 2505 1355 2540 indigne
1375 2505 1448 2532 feras
1468 2505 1564 2534 audire
1578 2505 1734 2534 veritatem.
1752 2507 1806 2534 Ho-

1019 2550 1141 2577 minibus
1158 2551 1287 2578 omnibus
1305 2556 1359 2578 tam
1372 2551 1443 2578 ratio
1468 2559 1549 2586 quam
1565 2556 1663 2579 natura
1680 2553 1805 2586 pnescri-

1018 2596 1167 2631 psitleges,
1183 2604 1238 2623 non
1254 2604 1315 2624 esse
1329 2604 1388 2631 par,
1413 2601 1445 2624 ut
1465 2597 1548 2624 homo
1576 2598 1693 2625 alienant
1707 2598 1806 2625 habeat

1018 2650 1145 2676 uxorem,
1161 2648 1246 2678 utque
1261 2644 1417 2670 committat
1433 2643 1581 2676 incestum,
1595 2649 1641 2671 aut
1653 2644 1723 2671 bella
1740 2644 1805 2671 dili-

1017 2691 1072 2722 gat,
1083 2691 1130 2714 aut
1142 2687 1302 2714 hominibtts
1317 2688 1467 2722 perniciem
1482 2687 1593 2715 inferat.
1616 2687 1645 2714 Si
1661 2695 1709 2715 eos
1725 2695 1807 2715 vocas

1014 2734 1208 2769 ‘sospitatores,
1223 2733 1358 2762 deberent
1371 2734 1464 2769 potius
1475 2742 1509 2762 ex
1525 2742 1589 2769 pace
1605 2742 1715 2761 scrvare
1727 2738 1755 2761 et
1771 2734 1806 2762 de

1017 2781 1171 2808 cultoribus
1182 2781 1239 2808 suis
1256 2781 1324 2808 bene
1341 2781 1452 2808 mereri.
1466 2780 1494 2807 Si
1506 2780 1574 2808 deus
1587 2784 1678 2808 vester
1694 2781 1744 2808 ista
1760 2781 1805 2808 fa-

1018 2828 1066 2860 cit,
1096 2822 1211 2855 suadeat
1232 2827 1393 2854 hominibus
1417 2828 1524 2855 solvere
1553 2827 1641 2862 leges;
1662 2827 1704 2854 vel
1732 2827 1805 2855 sicut

1019 2873 1111 2907 homo,
1128 2874 1196 2901 deus
1209 2878 1299 2901 vester
1316 2871 1387 2908 agat',
1406 2878 1434 2901 ct
1450 2873 1574 2901 homines
1590 2873 1723 2901 imitetur.
1736 2873 1803 2901 Nam
