2170 3148
191 177 241 208 32‘.)

657 173 891 204 MARTYRIUM
912 172 964 203 SS.
986 172 1060 202 XLV
1079 170 1307 201 MARTYRUM.

1755 174 1807 205 320

191 234 285 268 ιιῆραξι
310 234 357 260 καὶ
385 234 440 264 τοῖς
460 232 523 259 κυσὶ
547 230 630 267 βορὰν
647 230 809 266 παραθήσω,
826 230 874 257 καὶ
893 229 969 256 οὐδὲν
984 232 1006 260 Α

1031 228 1090 255 nihil
1105 228 1182 254 vobis
1198 227 1323 262 proderit
1336 229 1417 255 stulta
1438 229 1599 263 pervicacia.
1627 231 1743 259 Sanetus
1753 234 1809 260 Αιιγ

191 280 259 315 ὑμᾶς
275 280 407 314 ὠφελήσει
424 280 440 314 ή
455 278 559 313 ματαία
575 278 710 309 ἔνστασις.
731 277 758 303 ’0
774 277 851 310 ἅγιος
873 276 970 302 Ἀντώ-

191 334 244 357 νιος
269 325 359 359 λέγει·
381 325 470 355 Ποίοις
491 324 561 355 θεοῖς
576 323 697 352 κελεύεις
713 321 793 349 θῦσαι
809 322 880 356 ἡμᾶς
893 329 900 353 ;
915 322 970 348 Λυ-

193 372 250 401 σίας
277 371 369 403 λέγει·
390 370 497 395 Θὺσατε
520 369 556 403 τῷ
572 368 614 395 Διῒ
630 369 676 395 καὶ
692 368 730 402 τῷ
752 368 912 394 Ἀπόλλωνι.
940 368 971 392 Ὀ

191 417 264 450 ἅγιος
284 416 408 447 Λεόντιος
422 413 499 441 εἶπεν
512 423 518 429 “
541 416 571 441 ’0
586 415 651 446 Θεὸς
668 414 756 449 ὑμῶν,
774 414 870 440 ἑαυτὸν
887 412 972 438 σῶσαι

191 463 227 497 μὴ
240 463 400 497 δυνάμενος,
419 460 556 488 Ἀπόλλων
569 461 693 495 λέγεται·
709 459 788 487 τοῦτο
806 460 884 494 ὑμεῖς
903 467 974 493 μαρ-

188 509 306 542 mysi-.5.

225 555 261 579 Z’.
280 554 487 589 ’Λγανακτήσας
498 553 544 582 οὖν
559 556 572 582 6
588 553 700 585 Λυσίας,
717 553 764 580 καὶ
777 553 809 579 ἐκ
823 552 870 579 τοῦ
885 550 973 586 θυμοῦ

189 598 251 629 τοὺς
267 599 422 633 ὀφθαλμοὺς
437 600 585 635 διαπύρους
602 600 728 634 ποιήσας,
745 597 791 624 καὶ
804 597 900 632 τρέσας
910 596 974 627 τοὺς

191 645 308 677 ὀδόντας,
321 645 464 672 ἐκέλευσεν
475 647 575 682 σιδήρῳ
585 646 694 680 δεθῆναι
705 644 796 671 αὐτῶν
807 644 855 675 τὰς
867 644 973 678 χεῖρας,

192 690 237 715 καὶ
254 692 316 721 τοὺς
336 691 429 723 πόδας,
447 691 494 717 καὶ
510 691 610 722 κλοιοῖς
636 690 802 725 βαρυτάτοις
821 696 975 722 κατασφιγ-

191 736 304 770 χθέντας
331 737 496 771 ἀποτεθῆναι
527 738 567 769 είς
596 737 627 763 τὺ
650 737 837 771 δεσμωτήριον
862 735 903 766 είς
930 734 976 760 τδν

191 781 294 816 πύργον
320 782 371 817 τῆς
397 783 500 814 πόλεως
519 783 569 818 τῆς
589 782 742 818 βλεπούσης
767 781 837 808 κατὰ
867 781 974 816 βορέαν,

191 826 253 852 ἔνθα
271 827 316 853 καὶ
333 827 409 862 πηγὴ
423 828 599 862 ὑπεκτρέχει,
622 828 722 863 ῥέουσα
738 827 839 860 ἔξωθεν
858 826 906 860 τῆς
926 825 976 852 πύ-

191 872 239 906 λης
255 873 303 907 τῆς
319 873 437 904 πόλεως·
452 874 641 908 παραγγείλας
656 875 712 904 τοῖς
729 873 912 908 φυλάσσουσιν
926 873 975 898 αὒ-

1025 274 1116 302 tonius
1131 273 1201 300 dixit
1217 282 1223 300 :
1241 272 1402 308 Cuiusmodi
1415 274 1468 301 diis
1480 275 1634 304 sacriﬁcare
1649 286 1698 306 nos
1712 280 1794 314 jubes

1024 320 1119 356 Lysias
1134 320 1200 347 dicit
1227 329 1233 347 :
1260 318 1418 347 Sacriﬁcatc
1431 320 1670 355 JovietApollini.
1693 324 1810 353 Sanctus

1025 367 1156 394 Leontius
1171 367 1256 393 dixit:
1274 366 1348 393 Deus
1368 371 1469 397 vester.
1489 368 1535 402 qui
1558 370 1733 404 semetipsum
1752 380 1812 400 ser-

1025 421 1089 440 vare
1109 421 1164 440 non
1185 417 1284 447 potest,
1301 412 1399 451 Apollo
1411 413 1520 440 dicitur.
1533 413 1563 440 id
1582 415 1749 444 conﬁtemini
1765 425 1814 445 vos

1026 468 1090 498 IPSI.

1063 552 1117 579 Vll.
1132 550 1291 586 indignatus
1314 559 1380 586 ergo
1397 550 1502 586 Lysias,
1526 550 1613 577 oculis
1639 550 1815 579 inflammatis

1028 606 1084 633 prae
1100 598 1194 625 furore
1211 605 1243 624 ac
1267 598 1397 624 dentibus
1411 597 1554 629 frendens,
1567 605 1664 624 manus
1676 605 1771 625 eorum
1784 606 1816 626 ac

1027 643 1112 678 pedes
1124 642 1228 670 catenis
1249 642 1345 669 vinciri
1360 643 1460 677 jussit;
1478 647 1506 670 et
1525 643 1630 671 catenis
1647 643 1816 678 gravissimis

1028 688 1246 720 excarniﬁcatus,
1265 688 1292 714 in
1309 695 1448 715 carcerem
1458 689 1593 723 compingi
1611 688 1637 715 in
1657 688 1726 718 turri
1744 689 1816 719 civi-

1030 734 1105 765 tatis,
1126 742 1187 769 quac
1199 734 1313 761 Boream
1327 733 1450 768 respicit.
1462 733 1539 763 Unde
1551 734 1632 766 etiam
1646 733 1707 761 fons
1717 742 1817 762 excur-

1029 780 1076 812 rit,
1089 779 1178 806 ﬂuens
1193 784 1270 806 extra
1280 784 1387 814 portam
1400 779 1529 810 civitatis.
1547 779 1680 809 Militibus
1709 779 1756 814 qui
1769 787 1817 812 eos

1029 825 1233 857 custodiebant,
1249 825 1357 852 Menam
1370 830 1398 853 et
1414 825 1561 856 Beleradte,
1578 825 1603 852 id
1625 826 1746 852 mandati
1767 826 1817 852 de-

1029 872 1080 904 dit,
1098 872 1192 899 dicens
1207 880 1214 898 :
1232 871 1339 903 Videte,
1356 871 1458 898 Menaea
1475 875 1503 898 et
1519 870 1662 904 Bclerade,
1679 871 1817 905 quomodo

192 916 253 947 rei»;
282 919 473 951 στρατιώταις,
498 919 605 953 Μεναίᾳ
636 919 683 945 καὶ
710 919 864 954 Βηληράδῃ,
890 918 976 952 λέγων
995 915 1016 942 Β

1031 920 1105 953 ipsos
1117 918 1289 945 custodiatis.
1311 917 1379 944 Nam
1397 925 1447 952 per
1474 916 1674 952 (Esculapium,
1695 917 1717 945 si
1734 917 1818 944 resci-

191 962 285 993 αὺτοῖς
298 970 305 977 ·
320 962 449 995 Βλέπετε,
465 960 487 989 ὦ
499 964 604 990 Μεναῖα
619 965 666 990 καὶ
679 964 833 999 Βηληράδη,
853 963 910 994 πῶς
925 964 973 989 αὺ-

191 1008 254 1039 τοὺς
279 1009 446 1043 quidet-515'
471 1010 510 1045 μὰ
533 1010 580 1036 τὸν
600 1010 655 1044 γὰρ
674 1010 849 1045 Ἀσκληπιὸν,
863 1010 904 1036 ὅτι
927 1009 975 1036 ἐὰν

192 1053 281 1088 μάθω,
298 1054 339 1080 ὃτι
368 1055 450 1090 ἄρτος
469 1056 486 1091 ἢ
504 1056 577 1091 ὕδωρ
597 1056 673 1090 ἐδόθη
689 1057 780 1087 αὐτοῖς
796 1056 871 1090 παρά
892 1063 975 1087 τινος,

190 1100 238 1135 τὴν
254 1101 367 1128 ἐκείνων
387 1102 522 1137 τιμωρίαν
541 1103 606 1137 ὑμῖν
625 1103 757 1138 ἐπιθήσω,
774 1103 822 1129 καὶ
845 1103 912 1137 πυρὶ
928 1103 976 1128 σὺν

188 1146 304 1178 ἐκείνοις
320 1147 392 1181 ὑμᾶς
408 1148 549 1175 ἀναλώσω.
562 1149 596 1175 οξ
609 1148 636 1174 δὲ
652 1149 829 1184 στρατιῶται,
841 1148 874 1175 τὰ
889 1148 977 1182 δεσμὰ

187 1193 352 1227 περιθέντες
367 1195 422 1225 τοῖς
438 1194 537 1228 ἁγίοις,
552 1195 680 1221 ὲνέὸαλον
693 1196 733 1226 εἰς
749 1194 795 1221 τὸν
809 1194 922 1228 πύργον.
943 1194 976 1221 υί

187 1240 219 1267 δὲ
230 1240 302 1273 ἅγιοι
316 1240 354 1272 ὡς
369 1241 398 1274 ἐξ
409 1242 468 1272 ἑνὸς
483 1241 614 1275 στόματος
627 1241 733 1275 ἔλεγον·
746 1240 919 1275 Εὐλογοῦμέν
935 1250 975 1272 σε,

186 1286 288 1320 Κύριε,
305 1286 350 1312 τὸν
364 1287 481 1313 Βασιλέα
498 1287 546 1322 τῆς
558 1286 648 1321 δόξης,
669 1286 714 1312 τὸν
732 1285 778 1312 ἐπὶ
795 1286 906 1313 Ποντίου
930 1286 978 1316 Πι-

186 1330 271 1357 λάτου
293 1332 474 1366 παραστάντα
491 1332 530 1363 είς
554 1333 696 1366 κριτήριον
717 1332 761 1358 διὰ
776 1332 825 1362 τὰς
841 1331 978 1367 ἡμετέρας

187 1375 331 1408 ἁμαρτίας
343 1382 350 1389 ·
369 1376 401 1401 σὺ
418 1376 471 1409 γὰρ
490 1373 515 1401 εἷ
534 1376 550 1409 ὴ
569 1375 684 1410 amem;
701 1375 768 1408 ζωὴ.
783 1376 797 1401 6
812 1375 883 1410 ὑπὲρ
899 1375 978 1409 ήμῶν

186 1421 245 1447 τῶν
259 1421 429 1456 ἁμαρτωλῶν
449 1421 527 1448 θυσία
541 1421 640 1454 δοθεὶς,
656 1423 669 1448 6
688 1421 735 1448 τοῦ
755 1422 893 1457 Ἀληθινοῦ
911 1422 978 1449 Θεοῦ

189 1468 256 1498 Υἱὸς
272 1467 409 1501 ἀληθινὸς,
425 1467 472 1494 καὶ
494 1467 542 1494 τοῦ
567 1467 615 1494 σοῦ
632 1468 737 1503 [ἰατρὸς
757 1467 902 1504 ἀρχιερεύς
917 1476 924 1483 ’
942 1468 980 1505 μὴ

186 1514 320 1548 χωρήσῃς
350 1514 423 1548 ἡμᾶς
448 1513 496 1539 τοῦ
524 1513 600 1539 ἐλέου
632 1521 690 1545 σου,
718 1515 787 1549 μήτε
809 1514 911 1549 ταύτης
930 1514 980 1548 τῆς

186 1559 383 1594 ἁδελφότητος,
401 1558 504 1590 ἑνώσας
519 1560 595 1594 ἡμᾶς
615 1560 720 1591 πάντας
737 1561 771 1596 τῇ
789 1561 821 1596 σῇ
836 1560 977 1596 ὁμολογίᾳ,

187 1604 239 1629 καὶ.
253 1606 367 1638 nomen;
385 1604 458 1638 ἡμᾶς
474 1604 640 1639 ὁμοψύχους,
653 1605 754 1631 ἓνωσον
771 1605 849 1639 ἡμῶν
868 1606 915 1632 καὶ
930 1607 979 1640 τὴν

187 1649 343 1676 τελείωσιν·
360 1650 406 1675 καὶ
421 1651 458 1685 μὴ
470 1651 585 1686 ποιήσῃς
600 1651 675 1686 ἡμᾶς
687 1651 716 1677 ὲν
733 1651 827 1686 μηδενὶ
840 1652 979 1688 χωρισθῆ-

188 1704 234 1721 ναι
253 1695 300 1721 ἀπ’
320 1694 453 1729 ἀλλήλων,
469 1696 542 1726 ὃπω;
573 1695 675 1727 ἰδόντες
704 1696 781 1731 ἡμῶν
807 1698 860 1731 τὴν
891 1698 978 1732 καλὴν

191 1740 349 1775 προθυμίαν
374 1742 398 1767 οι
419 1741 526 1772 ἀσεὸεῖς
543 1742 670 1776 ἐργάται,
692 1742 908 1777 ἐπιθυμήσουσιν
926 1744 976 1779 τὴν

190 1787 280 1821 καλὴν
300 1787 378 1821 ἡμῶν
397 1788 506 1823 πρᾶξιν.
532 1788 597 1814 Ἰδοὺ
613 1789 667 1823 γὰρ
683 1789 712 1814 ἐν
729 1790 821 1818 σκότει
841 1790 974 1826 κατεϐλή-

192 1833 281 1867 θημεν
297 1832 442 1864 πεινῶντες
456 1834 501 1861 καὶ
515 1834 654 1867 διιίιῶντες,
673 1834 719 1861 καὶ
737 1836 752 1870 ή
767 1836 838 1871 ψυχὴ
851 1836 930 1871 ἡμῶν
947 1838 975 1863 ἐν

1027 972 1104 997 vero,
1121 968 1167 991 aut
1190 971 1288 999 panem
1305 968 1352 990 aut
1374 969 1471 997 aquam
1493 962 1535 989 eis
1560 971 1573 989 a
1598 963 1727 997 quopiam
1755 963 1818 989 data

1027 1017 1098 1041 esse,
1108 1017 1188 1044 paena
1207 1008 1317 1039 illorum
1330 1015 1379 1034 vos
1392 1006 1526 1039 multabo,
1543 1011 1571 1034 et
1583 1006 1646 1041 igne
1655 1007 1735 1034 simul
1755 1015 1818 1035 cum

1028 1055 1082 1082 illis
1103 1062 1153 1082 vos
1177 1055 1302 1090 perdam.
1336 1054 1435 1083 Milites
1456 1060 1560 1087 autem,
1587 1055 1695 1084 vincula
1715 1055 1818 1084 sanctis

1027 1101 1280 1136 circumponentes,
1302 1099 1328 1127 in
1344 1100 1441 1127 turrim
1458 1101 1647 1135 coniecerunt.
1668 1100 1761 1130 Sancti
1786 1108 1819 1127 ex

1029 1155 1086 1174 uno
1096 1147 1175 1182 quasi
1187 1155 1235 1174 ore
1255 1146 1383 1173 dicebant
1400 1155 1407 1172 :
1422 1146 1622 1174 Benedicaxuus
1634 1152 1671 1177 te.
1692 1147 1819 1178 Domine.

1028 1192 1129 1228 Regem
1153 1193 1256 1228 gloriae,
1275 1192 1322 1227 qui
1348 1196 1460 1226 propter
1482 1197 1592 1227 peccata
1611 1198 1705 1221 nostra
1726 1201 1819 1220 coram

1029 1240 1127 1269 Pontio
1141 1239 1229 1267 Pilato
1244 1240 1355 1267 astitisti
1369 1240 1543 1275 iudicandus.
1562 1240 1601 1268 Tu
1616 1242 1688 1268 cnim
1708 1249 1770 1268 vera
1790 1250 1819 1268 es

1029 1285 1095 1315 vita,
1123 1293 1174 1319 pro
1205 1285 1286 1312 nobis
1310 1287 1502 1320 peccatoribus
1527 1287 1553 1314 in
1573 1287 1690 1314 hostiam
1727 1288 1819 1319 datus,

1029 1330 1089 1358 veri
1104 1331 1151 1357 Dei
1165 1338 1246 1358 verus
1256 1332 1351 1363 Filius,
1368 1333 1511 1368 Patrisque
1528 1334 1719 1366 tuil’ontifcx;
1734 1342 1767 1361 ne
1778 1343 1821 1361 se—

1030 1383 1095 1409 para
1114 1383 1188 1403 nosa
1204 1376 1392 1403 misericordia
1408 1382 1464 1410 tua,
1476 1380 1615 1413 nequc'ab
1632 1380 1682 1408 bac
1701 1380 1819 1409 fraterna

1031 1420 1238 1455 conjunctione,
1264 1421 1311 1456 qui
1327 1429 1423 1449 omnes
1435 1430 1484 1449 nos
1499 1423 1561 1450 unis
1576 1424 1615 1449 tui
1636 1425 1819 1455 confessione.

1030 1473 1059 1495 et
1075 1467 1157 1494 unius
1166 1467 1252 1495 eﬂicis
1271 1467 1430 1500 voluntatis,
1442 1473 1557 1496 mortem
1573 1477 1682 1504 quoque
1695 1476 1818 1498 nostram

1032 1514 1091 1547 uni;
1106 1522 1157 1541 nec
1172 1514 1302 1549 permitte
1320 1518 1349 1541 ut
1363 1514 1433 1541 alter
1448 1514 1482 1542 ab
1495 1516 1583 1542 altero
1598 1516 1626 1542 in
1639 1516 1732 1551 aliquo
1744 1525 1822 1551 sepa-

1031 1567 1136 1593 remur,
1154 1564 1182 1586 ut
1200 1559 1326 1587 videntes
1344 1560 1480 1595 egregiam
1502 1566 1622 1587 nostram
1649 1562 1818 1590 alacritatem

1032 1606 1109 1642 impii
1142 1606 1261 1633 ministri
1284 1607 1409 1641 exemplo
1431 1610 1525 1633 nostro
1554 1613 1726 1636 moveantur.
1748 1609 1820 1636 ECce

1031 1653 1105 1680 enim
1123 1652 1150 1680 in
1169 1652 1297 1679 tenebras
1313 1652 1416 1679 detrusi
1433 1660 1539 1684 sumus,
1553 1654 1710 1682 esurientes
1732 1663 1763 1682 ac
1779 1656 1818 1683 si-

1031 1699 1141 1730 tientes.
1153 1703 1180 1727 et
1199 1699 1308 1726 animus
1321 1703 1416 1726 noster
1427 1699 1464 1734 _in
1481 1700 1596 1727 vinculis
1613 1701 1744 1735 tabescit;
1771 1703 1818 1730 sed

1032 1751 1070 1778 tu,
1104 1746 1230 1778 Domine,
1261 1745 1423 1780 patientiam
1460 1745 1541 1775 nobis
1569 1746 1614 1776 da.
1653 1755 1821 1783 cursumque

1029 1796 1154 1819 nostrum
1178 1792 1290 1826 perﬁce,
1311 1796 1340 1818 ut
1366 1792 1471 1819 nullum
1487 1799 1503 1820 e
1522 1793 1602 1821 nobis
1624 1792 1739 1822 Satanas
1769 1802 1814 1821 εει⁴

1028 1839 1098 1873 piat.

191 1879 302 1913 δεσμοῖς
321 1879 487 1914 ἐκτήκεται·
503 1880 571 1907 ἀλλὰ
598 1881 642 1912 σὺ,
676 1882 772 1917 Κύριε,
796 1883 908 1917 χάρισαι
931 1884 997 1918 ἡμῖν
1016 1885 1065 1919 τὴν
1087 1884 1225 1919 ὑπομονὴν
1240 1883 1288 1910 καί
1306 1883 1449 1911 τελείωσον
1481 1884 1559 1919 ἡμῶν
1580 1884 1626 1915 τὸν
1644 1885 1754 1919 δρόμον,
1776 1886 1820 1912 ἵνα

191 1928 297 1962 μηδένα
318 1928 346 1961 ἐξ
364 1928 441 1962 ήμῶν
454 1929 467 1954 ὁ
485 1929 607 1961 Σατανᾶς
621 1930 800 1965 χειρώσηται.

228 1976 268 2002 Il‘.
294 1975 349 2002 Καὶ
372 1974 513 2006 κλίναντες
540 1976 574 2002 τὰ
591 1977 694 2009 γόνατα
714 1976 912 2011 προσηύξιντο,
933 1978 979 2005 καὶ

187 2023 357 2053 ἀναστάντες
373 2021 570 2057 ὲκαθεσθησαν,
582 2021 625 2048 διὰ
638 2023 668 2048 τὸ
689 2022 725 2057 μὴ
736 2022 864 2049 δύνασθαι
879 2024 977 2056 αὐτοὺς

188 2068 291 2104 ὀρθοὺς
311 2068 424 2101 στῆναι·
451 2064 522 2102 ἦσαν
541 2067 595 2101 γὰρ
623 2068 652 2093 ἐν
676 2068 731 2097 τοῖς
759 2067 867 2102 δεσμοῖς
892 2077 978 2096 κατα·

188 2114 395 2148 καμπτόμενοι,
419 2112 467 2138 καὶ
503 2112 619 2147 ἔψαλλον
649 2113 801 2147 συμφώνω;
835 2114 977 2149 λέγοντες·

193 2159 360 2194 Ύπομένων
388 2159 522 2194 ὑπέμεινα
551 2159 595 2185 τὸν
622 2160 741 2195 Κύριον,
766 2162 812 2187 καὶ
843 2164 977 2199 προσέσχε

188 2215 251 2242 μοι,
269 2206 315 2232 χαὶ
330 2206 475 2241 εἰσήκουσε
491 2207 539 2241 τῆς
554 2206 674 2241 δεήσεώς
693 2216 754 2241 μου,
772 2208 818 2234 καὶ
838 2209 977 2244 ἀνήγαγεν

188 2261 228 2287 με
245 2253 277 2278 ὲκ
292 2252 395 2278 λάκκου
421 2252 608 2286 ταλαιπωρίας
634 2253 681 2279 καὶ
701 2254 756 2280 ἀπὸ
773 2255 858 2290 πηλοῦ
882 2255 979 2287 ἰλεύος.
998 2247 1018 2273 D

186 2301 248 2326 Καὶ
260 2298 454 2333 πληρώσαντες
464 2299 510 2324 τὸν
522 2298 640 2333 ψαλμὸν,
652 2299 754 2326 ἔπεσαν
765 2301 810 2326 ἐπὶ
822 2301 978 2335 πρόσωπον,

185 2346 239 2374 καὶ
253 2344 418 2374 ἀναστάντες
433 2344 514 2370 πάλιν
526 2344 640 2378 ἔψαλλον
650 2344 785 2378 λέγοντες·
801 2346 978 2378 Εἰσάιιουσον,

183 2394 198 2418 ὁ
216 2390 284 2420 Sail;
302 2390 456 2423 προσευχῆς
473 2398 533 2423 μου,
550 2391 578 2415 ὲν
592 2391 630 2424 τῷ
651 2390 759 2416 δέεσθαι
785 2399 819 2424 με
836 2391 904 2425 πρὸς
929 2392 959 2417 σέ
971 2399 977 2406 ·

184 2437 247 2465 ἀπὸ
264 2436 348 2470 φόὂου
366 2435 465 2470 ἐχθροῦ
482 2435 574 2467 ἐξελοῦ
593 2436 641 2470 τὴν
656 2436 745 2471 ψυχήν
759 2444 822 2471 μου,
845 2437 979 2462 Ἐσκέπα-

185 2485 243 2514 σάς
265 2491 298 2517 με
320 2482 374 2508 ἀπὸ
394 2483 548 2516 συστροφῆς
572 2482 808 2518 πονηρευομένων,
835 2483 887 2510 ἀπὸ
909 2484 979 2518 πλή-

183 2532 257 2561 θους
287 2529 480 2565 ἐργαζομένων
507 2528 626 2555 ἀδικίαν.
652 2529 707 2555 Καὶ
720 2529 913 2564 πληρώσαντες
935 2530 979 2555 τὸν

182 2575 311 2611 ψαλμὸν,
325 2575 371 2601 καὶ
394 2575 558 2609 ποιήσαντες
572 2576 669 2610 τρίτην
690 2574 783 2609 εὐχὴν,
806 2573 977 2606 ἐκαθέζοντο,

184 2621 317 2655 ἀλλήλων
338 2623 372 2648 τὰ
388 2621 475 2655 δεσμὰ
497 2621 721 2655 καταφιλοῦντες,
738 2620 786 2646 καὶ
799 2620 978 2655 προσέχοντες

182 2666 319 2701 ἀλλήλοις
333 2667 510 2702 ἡγαλλιῶντο.
536 2666 565 2693 'U
584 2667 612 2693 δὲ
630 2666 708 2700 ἅγιος
729 2666 854 2697 Λεόντιος
878 2665 980 2700 ἤρξατο

182 2713 365 2749 παρακαλεῖν
379 2714 477 2745 αὐτοὺς
491 2715 537 2740 καὶ
553 2714 644 2747 λέγειν
655 2722 661 2729 ·
686 2712 807 2747 Ἀδελφοὶ
818 2713 904 2747 τίμιοι
932 2714 978 2737 καὶ

181 2761 359 2798 θεράποντες
373 2760 420 2786 καὶ
433 2760 520 2786 δοῦλοι
532 2760 577 2787 τοῦ
590 2759 721 2795 Χριστοῦ,
731 2760 861 2793 γενναίως
873 2759 981 2785 ἅπαντα

182 2807 387 2842 ὑπομείνωμεν
396 2815 402 2821 ·
419 2806 507 2833 οἴδατε
521 2807 575 2835 γὰρ
590 2807 622 2833 ὲκ
633 2806 688 2833 τῶν
700 2806 780 2833 θείων
793 2805 920 2840 Γραφῶν,
934 2805 983 2831 ὅσα.

226 2882 237 2897 ¹
260 2881 330 2908 Γελί.
347 2888 438 2907 xxvtx.
461 2880 489 2909 2.
505 2879 532 2905 ἓ.
549 2878 558 2893 ²
576 2878 646 2905 Psal.
661 2887 734 2911 um,
752 2878 779 2911 2,
803 2878 828 2908 '5.

368 2929 501 2958 l’aTttttl..
526 2926 585 2956 Gn.
611 2926 697 2959 CXV.

1068 1977 1136 2006 Vlll.
1154 1977 1187 2004 Et
1204 1976 1281 2003 ﬂexis
1291 1976 1408 2010 genibus
1422 1976 1538 2005 orabant
1549 1984 1556 2008 ;
1569 1979 1596 2003 et
1610 1981 1752 2011 postquam
1763 1985 1824 2004 sur-

1032 2025 1178 2055 rexisseul,
1196 2022 1392 2053 consederunt,
1402 2030 1435 2049 eo
1446 2022 1519 2056 quod
1530 2026 1607 2049 recto
1620 2030 1735 2056 corpore
1750 2027 1822 2050 state

1033 2078 1089 2098 non
1108 2073 1235 2105 poterant
1253 2070 1343 2103 (erant
1358 2069 1460 2105 quippe
1484 2068 1512 2095 in
1534 2068 1651 2097 vinculis
1672 2069 1821 2098 incurvati)

1035 2123 1063 2145 et
1080 2124 1133 2144 una
1149 2123 1215 2144 voce
1241 2115 1386 2147 canebant,
1401 2115 1524 2143 dicentes
1542 2124 1549 2142 :
1569 2124 1578 2141 ι
1597 2115 1764 2150 Exspectans
1774 2124 1821 2143 ex-

1033 2162 1155 2197 spectavi
1172 2161 1327 2193 Dominum,
1348 2164 1375 2187 et
1394 2160 1512 2187 intendit
1527 2160 1605 2191 mihi.
1633 2165 1661 2187 et
1682 2160 1823 2192 exaudivit

1032 2209 1184 2236 orationem
1200 2214 1301 2239 meam,
1320 2212 1348 2233 et
1362 2206 1457 2234 eduxit
1475 2214 1517 2233 me
1540 2206 1574 2233 de
1592 2206 1652 2233 lacu
1666 2206 1821 2233 miseritect

1034 2257 1068 2284 de
1087 2257 1146 2283 luto
1160 2255 1227 2282 l’ccis
1243 2256 1263 2282 '.
1281 2264 1290 2279 ι
1304 2254 1392 2288 Atque
1408 2253 1516 2288 expleto
1529 2254 1643 2287 psalmo.
1660 2253 1821 2280 ceciderunt

1033 2302 1060 2329 in
1079 2302 1186 2332 faciem,
1199 2306 1227 2327 et
1242 2304 1385 2334 surgentes
1401 2307 1510 2326 rursum
1531 2298 1701 2329 cecinerunt,
1726 2298 1821 2325 dicen—

1034 2353 1075 2374 tes
1091 2356 1096 2373 :
1115 2346 1248 2378 «Exaudi,
1264 2347 1347 2375 Deus,
1363 2345 1513 2372 orationem
1532 2351 1633 2375 meam,
1650 2351 1711 2371 cum
1723 2344 1822 2379 deprc-

1034 2401 1081 2420 cor
1097 2392 1129 2419 ad
1146 2397 1172 2419 te
1187 2401 1193 2417 :
1208 2399 1224 2418 a
1242 2391 1339 2418 timore
1355 2390 1458 2417 inimici
1476 2391 1552 2425 eripe
1569 2390 1688 2418 animam
1720 2399 1820 2423 meatu,

1033 2439 1180 2467 Protexisti
1194 2446 1237 2465 me
1254 2445 1268 2464 a
1282 2441 1418 2464 conventu
1436 2436 1656 2471 malignantium,
1666 2445 1680 2464 a
1694 2438 1820 2464 multitu-

1033 2485 1096 2512 dine
1104 2485 1277 2519 operantium
1287 2483 1457 2518 iniquitatem
1465 2483 1484 2509 ³.
1491 2482 1593 2521 mittiue
1601 2484 1708 2518 expleto
1715 2484 1820 2519 psalmo

1025 2535 1058 2557 'et
1073 2530 1153 2557 tertia
1178 2529 1248 2556 facta
1270 2528 1394 2556 oratione
1422 2528 1582 2559 consedere.
1617 2528 1686 2555 alter
1706 2529 1821 2555 alterius

1031 2577 1139 2605 vincula
1151 2576 1317 2607 osculantes,
1331 2580 1359 2602 et
1370 2583 1398 2602 se
1411 2578 1506 2602 mutuo
1517 2575 1684 2609 stringentes
1697 2575 1820 2602 exsulta-

1032 2624 1107 2650 bant.
1128 2623 1245 2650 Sanctus
1261 2629 1325 2648 vero
1345 2621 1477 2648 Leontius
1509 2620 1611 2647 hortari
1634 2620 1708 2655 ipsos
1735 2621 1820 2654 C(Bpit

1030 2674 1058 2695 et
1078 2669 1169 2695 dicere
1184 2676 1191 2693 :
1204 2667 1314 2694 Fratres
1331 2665 1491 2697 venerandi,
1510 2664 1663 2699 fatnulique
1683 2672 1715 2691 ac
1744 2664 1819 2691 servi

1028 2713 1290 2748 Cbrieti,generoso
1304 2711 1401 2738 animo
1411 2710 1503 2737 omnia
1532 2710 1681 2736 toleremus
1703 2718 1709 2736 :
1731 2710 1820 2736 nostis

1031 2761 1104 2787 enim
1120 2767 1135 2787 e
1163 2759 1249 2786 sacris
1263 2758 1385 2788 Litteris,
1404 2760 1507 2791 quanta
1519 2754 1683 2783 sustinuerit
1698 2755 1748 2781 .lob
1761 2755 1819 2790 (sed
1855 2792 1857 2794 η

1035 2804 1109 2831 enim
1128 2811 1176 2831 vos
1188 2811 1241 2831 non
1257 2802 1324 2829 latet
1339 2801 1400 2830 linis
1413 2799 1533 2834 Domini)
1562 2807 1697 2828 memores
1722 2804 1820 2837 estote,

1577 2916 1607 2953 11.
