2170 3148
181 170 232 202 349

711 164 800 196 ἮΤᾹ
822 166 853 196 S.
873 164 1036 196 EUGENII
1055 164 1102 195 ET
1120 166 1264 195 MARHE.

1746 162 1801 194 250

181 226 352 259 τελευτῆσαι,
368 224 414 252 καὶ
428 222 581 260 προσέθηκε
599 224 633 258 τῇ
651 223 766 258 ἀσκήσει
785 222 832 249 καὶ
845 222 966 256 ὑπακοῇ,
981 223 1002 251 Α
1020 221 1037 247 Ii

952 232 966 256 ί,
981 223 1002 251 Α
1020 221 1111 255 Iiaque
1135 226 1162 247 et
1189 221 1345 248 humilitate
1370 225 1397 248 et
1419 222 1446 248 iu
1475 221 1571 257 majori
1600 219 1809 249 exercitatione.

184 272 254 300 ὥστε
282 272 328 298 καὶ
352 271 475 306 χάρισμα
505 270 589 305 αὐτὴν
618 269 712 295 λαῦεῐν
738 268 813 303 παρὰ
838 267 883 294 τοῦ
899 266 965 293 Θεοῦ

188 318 259 345 κατὰ
274 318 408 353 δαιμόνων
418 326 424 332 ·
441 317 517 352 ᾧτινι
529 315 584 352 γὰρ
608 315 660 342 τῶν
677 314 863 341 ἀσθενούντων
877 314 966 339 ἐπετί-

185 366 225 392 θει
238 366 286 395 τὰς
300 365 404 399 χεῖρας,
420 363 594 398 παραχρῆμα
611 362 680 388 ἰᾶτο.
697 359 759 395 Εἶχε
782 360 811 386 δὲ
831 359 860 385 τὸ
878 359 967 385 κοινό-

186 410 241 436 σιον
254 409 459 443 τεσσαράκοντα
474 407 572 443 ἄνδρας
584 407 632 433 σὺν
645 407 711 441 αὐτῇ
727 405 822 439 ἁγίους
833 413 840 419 ·
856 405 926 430 κατὰ
941 403 969 430 δὲ

185 455 257 490 μῆνα
272 455 402 488 τέσσαρες
432 453 486 480 τῶν
504 453 627 486 ἀδελξῶν
653 451 848 478 ἀπεστέλλοντο
867 451 906 480 εἰς
921 450 970 480 τὰς

183 500 344 534 ἀποκρίσεις
364 499 411 525 τοῦ
434 499 629 533 μοναστηρὶου,
663 497 707 522 διὰ
734 497 764 522 τὸ
778 497 850 530 ἕλξιν
869 496 968 526 αὐτοὺς

184 545 231 570 καὶ
243 544 331 571 ἄλλων
349 544 536 579 ἀναχωρητῶν
555 544 604 577 τὴν
620 542 758 577 φροντίδα.
776 540 828 568 Ἶιν
842 542 867 568 δὲ
887 542 968 575 μέσον

184 591 234 624 τῆς
250 591 311 617 ὁδοῦ
331 590 489 625 πανδοχεῖον
501 598 507 605 ·
523 590 570 616 καὶ
592 590 744 622 ὑπάγοντες
768 588 815 614 καὶ
829 587 974 622 ἐρχόμενοι

185 637 210 662 οι
239 636 348 668 ἀδελφοὶ
370 635 413 662 διὰ
440 635 470 662 τὸ
504 634 610 670 μακρὸν
641 635 690 668 τῆς
715 633 777 660 ὁδοῦ
803 633 973 658 ἀνεπαύοντο

187 683 276 708 ἐκεῖσε
289 690 297 698 ·
311 682 340 708 ὲν
352 679 391 713 οἷς
410 681 510 716 πολλὴν
537 681 686 713 θεραπείαν
703 681 835 716 παρεῖχεν
851 680 943 711 αὐτοῖς
959 680 973 706 6

187 727 299 760 πάνδοξ,
315 728 512 762 ὑποδεχόμενος
526 726 625 757 αὐτοὺς
642 725 806 757 ῐδιάιζοντας.

1019 265 1086 293 Cum
1099 273 1165 293 vero
1187 266 1293 300 aliquot
1306 274 1394 293 annos
1415 268 1565 302 peregisset
1579 269 1657 295 beate
1672 269 1698 295 in
1714 274 1812 294 mona-

1021 312 1114 344 sterio,
1130 311 1324 338 existimabant
1344 312 1470 339 monachi
1485 320 1548 339 cum
1566 320 1626 339 esse
1639 313 1812 342 eunuchum,

1022 363 1167 393 propterea
1182 358 1255 392 quod
1268 364 1342 384 essm
1360 357 1494 384 imberbis
1510 363 1537 384 et
1555 365 1620 384 voce
1636 359 1742 392 gracili.
1759 357 1813 385 Alii

1021 409 1112 431 autem
1135 404 1343 433 existimabant.
1370 411 1426 438 prie
1452 403 1535 430 nimia
1559 404 1766 435 exercitatione,
1786 407 1814 430 et

1021 449 1094 485 quod
1111 450 1199 476 solum
1221 449 1343 476 secundo
1366 456 1475 483 quoque
1502 448 1546 475 die
1562 450 1729 479 comederet,
1745 456 1809 475 eum

1021 503 1080 523 esse
1095 503 1161 522 voce
1173 493 1242 522 adeo
1255 496 1342 522 tenui.
1353 495 1450 529 Aliquo
1462 503 1528 522 vero
1540 499 1601 528 post
1616 499 1738 527 tempore
1749 501 1815 520 cou-

1024 541 1083 576 tigit
1105 542 1165 575 ejus
1182 546 1287 576 patrem
1312 541 1448 568 decedere
1469 541 1695 568 :iucrementum
1721 543 1814 565 autem

1023 587 1130 622 accepit
1144 587 1204 621 ejus
1226 587 1400 618 exercitatio,
1417 586 1576 613 ohedientia
1597 589 1625 612 et
1651 584 1813 616 humilitas;

1023 632 1092 659 adeo
1118 637 1148 658 ut
1171 633 1228 666 ipsa
1245 640 1356 667 quoque
1373 632 1475 658 donum
1500 632 1548 658 Dei
1567 631 1705 665 acceperit
1719 634 1816 656 contra

1023 678 1170 705 dtemom-s.
1185 678 1414 713 Unumquemque
1429 678 1504 705 enim
1521 685 1620 705 eorum
1635 677 1682 712 qui
1703 676 1815 703 labora-

1023 726 1090 753 bant
1107 730 1135 752 et
1148 726 1327 757 vexabantur,
1346 734 1444 765 manus
1461 727 1500 753 eis
1519 726 1662 760 imponens
1676 731 1704 752 et
1720 732 1814 764 orans.

185 774 301 801 curabat
315 775 451 809 protinus.
469 774 595 801 Habebat
618 777 710 800 autem
735 772 801 799 illud
834 771 991 799 coenobium
1012 772 1192 806 quadraginta
1217 773 1292 799 viros
1316 774 1390 799 omni
1416 773 1518 799 virtute
1533 777 1561 799 et
1575 772 1709 806 sapientia
1727 777 1811 798 etor-

187 824 276 848 natos.
295 820 415 855 Singulis
433 829 500 848 vero
526 821 669 848 mensibus
685 821 865 848 mittebantur
890 825 1009 856 quatuor
1025 821 1153 848 monachi
1178 821 1210 848 ad
1235 829 1366 855 responsa
1389 820 1559 852 monasterii,
1575 826 1720 855 propterea
1739 817 1814 853 quod

189 866 241 900 ipsi
255 867 387 893 haberent
401 868 428 894 in
451 867 512 894 aliis
528 875 638 902 quoque
660 867 729 894 locis
745 867 867 894 diversas
882 867 1078 901 possessiones.
1097 868 1159 895 Erat
1180 872 1270 894 autem
1287 868 1314 895 in
1337 868 1426 895 media
1443 868 1485 894 via
1501 868 1695 898 diversorium,
1716 870 1743 894 et
1762 863 1811 900 qui

190 911 304 939 ibantet
320 913 478 944 veniebant.
493 918 604 948 propter
621 914 729 941 itineris
751 914 948 949 longitudinem
974 913 1030 940 illic
1047 914 1269 949 requiescebant.
1291 914 1365 941 inter
1386 918 1501 942 caeteros
1517 918 1608 941 autem
1627 920 1753 947 magnam
1768 919 1817 940 eo-

190 965 250 986 rum
268 968 361 987 curam
375 961 486 995 gerebat
506 961 539 991 is.
557 962 604 995 qui
625 966 738 996 praeerat
755 962 918 994 diversorio,
940 970 988 988 eos
1010 969 1133 988 seorsum
1154 962 1302 996 accipiens.
1321 962 1433 989 Invidus
1449 969 1513 988 vero
1527 965 1555 988 et
1571 961 1705 996 malignus
1719 960 1817 986 diabo-

189 1006 241 1038 lus,
258 1007 303 1040 qui
318 1007 399 1033 rebus
415 1007 493 1033 bonis
516 1014 626 1041 semper
656 1007 769 1039 invidet,
790 1008 859 1034 mala
883 1013 976 1034 autem
1000 1008 1033 1034 ad
1060 1016 1089 1034 se
1109 1008 1233 1040 attrahit,
1250 1013 1321 1042 πιενο
1347 1008 1439 1034 ferens
1463 1007 1545 1042 hujus
1570 1007 1657 1034 beata:
1682 1007 1708 1033 in
1727 1007 1813 1033 Deum

188 1057 319 1082 amorem.
336 1052 638 1087 pulcherrimamqueet
651 1053 870 1080 honestissimam
883 1053 991 1080 vivendi
1012 1054 1158 1086 rationem,
1172 1054 1278 1080 studuit
1296 1053 1494 1088 aliquantulam
1513 1053 1536 1080 ei
1561 1052 1648 1080 labem
1662 1053 1774 1079 inurere
1787 1056 1817 1080 et

189 1105 250 1126 eam
270 1094 400 1132 afﬂigere.

223 1155 261 1181 I".
288 1154 332 1181 Ἐν
350 1156 398 1190 μιᾷ
413 1153 460 1182 οὖν
475 1156 529 1183 τῶν
554 1157 667 1193 ἡμερῶν
692 1159 951 1194 προσκαλεσάμενος
965 1160 979 1186 ὁ
996 1164 1016 1191 Β

189 1200 340 1235 ἡγούμενος
354 1201 400 1227 τὸν
414 1201 503 1229 ὰῆὃᾶν
516 1200 639 1237 Μαρῖνον
650 1204 724 1237 λέγει
745 1205 818 1239 αὐτῷ
829 1213 836 1220 ·
855 1205 976 1239 Ἀδελφὲ,

189 1247 340 1281 ἐπίσταμαί
350 1256 395 1273 σου
410 1247 458 1282 τὴν
471 1248 610 1275 πολιτείαν
622 1250 668 1275 καὶ
679 1250 708 1276 τὸ
718 1259 750 1276 πε
756 1251 782 1285 ρὶ
793 1251 842 1285 τὴν
852 1251 865 1276 ὑ
873 1252 978 1284 πακοὴν

190 1293 335 1319 σπουδαῖον
350 1293 389 1319 ὅτι
404 1293 506 1323 τέλειος
517 1291 544 1319 εἴ
560 1295 588 1320 ὲν
601 1296 685 1321 πᾶσιν
697 1303 704 1310 ⁸
722 1294 836 1328 θέλησον
846 1290 892 1322 οὖν
904 1296 978 1327 ἐξελ-

191 1337 248 1363 οείν
260 1338 300 1369 εἰς
326 1338 376 1372 τὴν
391 1338 532 1365 διακονίαν
555 1339 602 1365 τοῦ
625 1341 819 1374 novae-twice,
844 1341 939 1376 ἐπειδὴ
954 1341 979 1367 οἱ

191 1383 303 1417 ἀδελφοὶ
323 1383 471 1410 λυποῦνται
485 1383 522 1418 μὴ
535 1385 716 1418 ὲξερχομένου
743 1394 789 1411 σου
800 1393 807 1401 ·
836 1386 912 1412 τοῦτο
926 1387 979 1421 γὰρ

192 1430 333 1461 ποιοῦντός
363 1438 421 1461 σου,
450 1430 560 1456 πλείονα
577 1430 673 1464 μισθὸν
696 1432 814 1466 κομήσει
841 1433 917 1466 παρὰ
932 1433 980 1459 τοῦ

191 1474 260 1501 Θεοῦ
273 1474 473 1509 φιλανθρώπου.
494 1476 548 1502 Καὶ
562 1477 576 1502 6
601 1477 723 1511 Μᾱρῐνος
745 1477 832 1504 ταῦτα
859 1479 980 1510 ἀκούσας

193 1515 356 1554 προσπεσὼν
373 1521 447 1555 αὐτῷ
459 1521 532 1554 λέγει
544 1531 551 1538 ·
569 1520 665 1554 Εὖξαι,
686 1524 788 1558 Πάτερ,
804 1524 851 1550 καὶ
865 1525 932 1550 ὅπου
947 1525 980 1550 ἂν

191 1567 308 1602 κελεύῃς
338 1576 395 1601 μοι,
421 1568 476 1600 ἐγὼ
495 1569 663 1603 ἀπέρχομαι.
685 1569 856 1602 Ἐξελθόντος
886 1570 932 1597 οὖν
951 1572 980 1598 ἐν

194 1612 244 1648 μιᾷ
257 1611 304 1639 τοῦ
319 1613 391 1639 ἀόὃᾱ
404 1610 525 1648 Μαρὶνου
541 1615 590 1640 σὺν
607 1616 663 1646 τοῖς
682 1615 773 1647 ἄλλοις
796 1617 886 1652 τρισὶν
901 1617 979 1643 ἀδελ-

192 1659 252 1692 φοῖς
278 1657 428 1685 διακονίσαι
444 1679 451 1691 ,
478 1659 526 1685 καὶ
548 1659 761 1686 καταλυσάντων
789 1660 880 1687 αὐτῶν
898 1662 979 1696 ἐντῷ

193 1704 354 1738 πανδοκείῳ,
370 1704 470 1740 συνέϐη
488 1705 548 1732 τινὰ
563 1705 732 1740 στρατιώτην
757 1706 914 1742 διαφθεῖραι
930 1709 979 1742 τὴν

193 1749 332 1784 θυγατέρα
345 1750 392 1776 τοῦ
409 1751 552 1785 πανδόχου,
564 1751 602 1782 ὡς
628 1752 675 1777 καὶ
693 1751 787 1778 λαὸεῖν
808 1753 894 1786 αὐτὴν
909 1753 980 1779 κατὰ

193 1796 322 1829 γαστρός.
352 1794 418 1822 Eine
443 1796 471 1822 δὲ
498 1797 568 1831 αὐτῇ
593 1798 606 1823 6
636 1798 834 1833 στρατηλάτης.
852 1798 979 1830 ὄτι,“Εὰν

194 1839 304 1874 γνωσθῇ
323 1840 361 1874 τῷ
372 1840 457 1875 πατρί
470 1849 528 1874 σου,
548 1841 609 1868 εἰπὲ
624 1843 665 1868 ὅτι
690 1842 719 1869 '0
747 1842 879 1877 νεώτερος
893 1845 906 1869 6
931 1843 979 1870 τοῦ

195 1885 330 1912 κοινοῦίου
355 1887 369 1912 6
388 1887 493 1921 εὐειδὴς
513 1887 527 1912 ὁ
557 1887 703 1922 λεγόμενος
730 1889 852 1922 Μαρῖνος
880 1889 982 1920 ἐκεῖνος

195 1931 329 1966 ἐκοιμήθη
345 1933 405 1966 μετ’
422 1932 500 1967 ἐμοῦ.
528 1933 583 1958 Καὶ
601 1933 662 1964 δοὺς
682 1934 751 1968 αὐτῇ
768 1933 798 1959 τὸ
810 1934 860 1967 τῆς
879 1934 982 1967 φθορᾶς

194 1977 343 2012 ἐπορεύθη.
368 1978 450 2009 Γνοὺς
479 1978 507 2004 δὲ
523 1978 581 2012 μεθ’
599 1979 706 2014 ἡμέρας
734 1979 748 2004 6
772 1978 864 2013 πατὴρ
881 1979 977 2012 αὐτῆς,

194 2021 326 2057 ἐξῄτησεν
351 2023 436 2057 αὐτὴν
452 2022 539 2056 λέγων
550 2031 557 2038 ·
577 2023 663 2049 Πόθεν
677 2031 719 2049 σοι
733 2022 831 2055 τοῦτο;
847 2024 901 2050 Καὶ
917 2024 980 2050 ἑδα-

195 2069 224 2094 λε
237 2068 288 2102 τὴν
298 2069 388 2094 αἰτίαν
403 2069 495 2094 ἐπάνω
509 2068 555 2094 τοῦ
573 2069 706 2102 Μαρίνου.

1067 1159 1112 1188 Ill.
1131 1159 1254 1193 Quodam
1282 1160 1374 1194 itaque
1391 1159 1447 1190 die,
1474 1158 1621 1194 pra'l‘ectus
1644 1156 1818 1188 monasterii.

1030 1207 1165 1234 accersito
1188 1206 1305 1238 Marino,
1338 1207 1406 1233 dicit
1423 1206 1446 1232 ei
1467 1214 1474 1233 :
1502 1205 1596 1232 Frater
1622 1203 1738 1234 Marine,
1762 1203 1820 1229 scio

1031 1258 1103 1280 tuam
1124 1253 1186 1280 vitae
1202 1253 1313 1288 agendae
1328 1253 1461 1279 rationem
1478 1259 1537 1278 esse
1553 1251 1702 1285 perfectam
1715 1250 1742 1276 in
1761 1256 1821 1275 om-

1030 1300 1122 1330 nibus.
1146 1303 1175 1326 et
1199 1300 1338 1334 praecipue
1364 1299 1390 1325 in
1410 1297 1580 1325 obedientia.
1604 1296 1676 1323 Veiis
1700 1303 1765 1330 ergo
1791 1299 1819 1321 tu

1030 1353 1140 1380 quoque
1157 1345 1261 1380 egredi,
1284 1351 1313 1371 ut
1331 1345 1471 1372 ministres
1495 1343 1684 1370 monasterio?
1711 1341 1821 1368 Fratres

1030 1389 1104 1415 enim
1121 1397 1192 1423 aegre
1210 1394 1312 1419 terunt.
1328 1394 1354 1415 te
1369 1389 1402 1416 ad
1424 1390 1450 1415 id
1464 1397 1518 1415 non
1534 1387 1637 1422 egredi.
1657 1387 1713 1414 lloc
1729 1391 1821 1413 autent

1031 1435 1144 1465 faciens,
1161 1443 1177 1461 ο
1192 1435 1240 1467 fili,
1254 1436 1384 1469 majorem
1400 1435 1517 1468 accipies
1538 1433 1694 1461 mercedem
1712 1440 1726 1458 a
1745 1431 1822 1458 beni-

1031 1489 1084 1515 gno
1098 1486 1125 1507 et
1140 1481 1266 1508 clementi
1281 1481 1346 1508 Deo.
1364 1480 1470 1507 Etenim
1486 1479 1617 1506 Dominus
1641 1485 1751 1513 quoquc
1770 1484 1822 1504 no-

1031 1531 1090 1553 ster
1109 1524 1181 1553 Deus
1199 1534 1253 1553 non
1266 1525 1432 1561 dedignatus
1451 1530 1492 1553 est
1517 1525 1676 1551 ministrare
1694 1523 1751 1549 suis
1767 1522 1824 1549 dis-

1030 1572 1139 1605 cipulis.
1157 1572 1218 1599 llrec
1232 1579 1293 1599 cum
1309 1572 1441 1598 audiisset
1462 1571 1593 1600 Marinus.
1610 1577 1639 1597 se
1660 1567 1823 1604 projecitad

1030 1617 1115 1651 pedes
1129 1618 1260 1651 pnefectl,
1278 1618 1393 1644 dicens:
1418 1617 1489 1643 Bene
1505 1623 1618 1651 precare
1637 1614 1717 1644 mihi,
1738 1620 1824 1639 vene-

1031 1662 1113 1689 rande
1126 1661 1214 1693 Pater,
1225 1667 1252 1690 et
1266 1671 1316 1698 ego
1330 1663 1375 1689 illo
1386 1669 1550 1696 quocunque
1560 1660 1696 1687 volueris.
1708 1659 1824 1693 Egresso

1031 1712 1122 1733 autem
1143 1708 1247 1734 Marino
1269 1713 1296 1735 et
1319 1708 1380 1735 aliis
1401 1708 1490 1734 tribus
1510 1706 1653 1734 monachis
1677 1710 1708 1732 ιη
1740 1703 1824 1731 mini-

1031 1757 1162 1785 strarent,
1179 1753 1359 1785 diverteruut,
1379 1757 1409 1780 ut
1424 1756 1638 1782 consueverant,
1649 1750 1681 1777 ad
1699 1749 1766 1777 illud
1782 1748 1825 1775 di-

1032 1799 1195 1825 versorium.
1215 1799 1266 1831 Qui
1285 1804 1376 1825 autem
1405 1804 1520 1833 praeerat
1547 1797 1712 1829 diversorio,
1739 1795 1824 1822 Labe-

1033 1844 1080 1870 bat
1112 1844 1193 1870 liiiam
1223 1844 1344 1872 unicam.
1374 1844 1450 1872 Miles
1476 1852 1542 1870 vero
1575 1843 1686 1878 quidam
1718 1842 1825 1877 ingrcs-

1034 1897 1081 1916 sus
1112 1890 1306 1921 diversorium,
1337 1890 1362 1917 ei
1399 1890 1490 1917 attulit
1528 1889 1625 1916 vilium
1653 1897 1662 1917 :
1695 1896 1727 1915 ea
1754 1895 1821 1914 vero

1031 1934 1168 1968 Concepit.
1197 1932 1329 1969 Praecepit
1351 1942 1443 1962 autent
1472 1935 1516 1961 ille
1546 1934 1635 1965 miles,
1654 1933 1750 1960 dicens
1769 1941 1776 1960 :
1795 1931 1823 1958 Si

1033 1980 1089 2006 hmc
1109 1988 1152 2006 res
1167 1980 1249 2007 fixerit
1262 1981 1380 2015 cognita,
1400 1985 1428 2007 et
1448 1985 1473 2007 te
1484 1979 1702 2006 examinaveriut
1719 1977 1758 2004 tui
1774 1985 1824 2012 pa-

1032 2029 1134 2056 rentes,
1159 2025 1232 2052 unde
1259 2026 1311 2052 hoc
1334 2025 1437 2052 factum
1463 2026 1509 2056 sit,
1530 2025 1574 2051 dic
1591 2023 1654 2052 eis:
1677 2023 1826 2050 Formosus

1032 2071 1182 2106 iIlejunior
1200 2073 1350 2099 monachus
1368 2079 1474 2098 mecum
1492 2070 1615 2101 dormiit,
1633 2074 1660 2096 ct
1672 2077 1704 2096 ex
1718 2075 1751 2095 eo
1762 2073 1826 2094 cou-

194 2113 267 2148 cepi.
284 2113 430 2147 Postquam
447 2120 512 2146 ergo
526 2112 628 2147 egressi
644 2112 758 2140 fuissent
772 2113 900 2140 monachi
919 2114 1000 2141 simul
1014 2122 1075 2141 cum
1092 2116 1207 2148 Marino,
1223 2117 1335 2143 rescivit
1351 2121 1427 2151 pater
1447 2116 1544 2151 puella:
1558 2116 1639 2142 tiliam
1655 2122 1731 2142 suam
1746 2118 1825 2140 utero

193 2159 365 2191 concepisse.
383 2158 434 2191 Qui
459 2159 563 2193 rogavit
582 2166 642 2185 eam
664 2159 777 2186 dicens:
794 2159 934 2187 Undenam
966 2161 1017 2188 hoc
1041 2162 1088 2189 tibi
1113 2163 1213 2190 factum
1227 2163 1287 2190 est?
1302 2163 1394 2190 Puella
1417 2168 1507 2190 autem
1535 2161 1687 2196 respondit,
1704 2161 1820 2188 dicens:

193 2206 291 2236 Junior
304 2206 349 2233 ille
361 2206 478 2233 cmuobii
493 2206 631 2232 formosus
642 2207 804 2238 monachus,
816 2207 862 2242 qui
877 2207 978 2234 dicitur
988 2207 1120 2241 Marinus,
1135 2218 1242 2237 mecum
1253 2209 1376 2242 dormiit,
1390 2214 1417 2236 et
1432 2217 1474 2236 me
1489 2214 1674 2244 praegnantem
1693 2206 1825 2233 reddidit.

230 2252 266 2281 Δ¹,
292 2252 413 2287 Ἐπάρας
430 2251 476 2277 οὖν
486 2252 571 2285 αὐτὴν
583 2253 596 2278 6
611 2252 771 2286 πανδοχεὺς,
795 2253 979 2287 παραγίνεται

195 2300 224 2326 ὲν
239 2298 277 2333 τῷ
292 2299 466 2334 μοναστηρίῳ
491 2298 601 2332 κράζων
624 2299 672 2324 καὶ
688 2299 776 2331 λέγων
790 2306 795 2312 ·
812 2299 865 2324 Ποῦ
878 2300 951 2325 ἐστιν
967 2300 982 2325 ὀ

197 2346 297 2372 «totve:
313 2346 428 2376 ἐκεῖνος,
442 2345 472 2370 ὃν
483 2344 595 2377 λέγουσι
612 2345 797 2379 Χριστιανόη
815 2346 862 2375 Ὠς
877 2345 904 2370 δὲ
920 2353 984 2370 συν-

196 2392 315 2425 ήντησεν
334 2389 408 2423 αὐτῷ
435 2390 448 2415 ὁ
468 2389 678 2424 ἁποκρισιάριος
698 2390 750 2423 eor,
767 2389 857 2423 αὐτῷ·
873 2389 904 2415 Τί
918 2389 985 2424 κρά-

197 2436 263 2468 ζεις,
279 2435 368 2469 ἑταῖρε
380 2442 389 2466 ;
410 2435 439 2460 'U
455 2434 483 2459 δὲ
494 2432 569 2460 εἶπεν
581 2443 588 2449 ·
602 2435 662 2460 Ὀτι
682 2436 753 2468 κακῇ
768 2435 827 2469 ὥρᾳ
839 2434 983 2468 συνέτυχον

196 2483 271 2516 ὑμῖν.
289 2481 336 2507 καὶ
351 2481 387 2515 μὴ
404 2480 508 2513 γένοιτό
526 2489 570 2513 μοι
589 2480 627 2505 ἔτι
645 2481 710 2506 ἰδεῖν
727 2481 861 2514 μοναχοὺς
875 2480 921 2506 καὶ
934 2481 983 2506 ὅσα

195 2527 318 2555 τοιαῦτα.
334 2526 451 2560 Ὁμοίως
464 2525 491 2551 δὲ
509 2525 554 2551 καὶ
580 2525 616 2559 τῷ
633 2527 777 2560 ἡγουμένῳ
793 2526 870 2560 ἔλεγε
884 2526 981 2557 ταῦτα,
999 2520 1021 2547 Ῑ)

194 2576 235 2602 ὅτι
251 2575 287 2600 T6
305 2572 451 2607 θυγάτριόν
471 2580 533 2606 μου,
554 2571 651 2606 πάτερ,
665 2571 678 2598 ὃ
700 2572 845 2606 μονογενὲς
858 2570 940 2607 εἶχον,
954 2574 983 2599 ὲν

195 2618 217 2654 ᾧ
230 2620 414 2655 προσεδόκων,
429 2619 471 2646 ὅτι
487 2618 517 2644 τὸ
533 2618 622 2653 γῆράς
638 2627 689 2651 μου
713 2618 769 2653 ἔχει
783 2619 985 2652 ἀναπαυοήναι,

196 2667 245 2693 καὶ
269 2666 322 2692 ἰδοὺ
337 2666 362 2692 τί
387 2666 498 2701 ἐποίησε
524 2674 569 2701 μοι
595 2667 729 2701 Μαρῖνος,
756 2665 785 2692 ὃν
810 2666 903 2700 λέγετε
918 2667 985 2701 Χρι-

197 2711 315 2738 στιανόν.
347 2712 429 2745 Λέγει
446 2712 520 2747 αὑτῷ
536 2713 550 2738 6
565 2712 727 2746 ἡγούμενος·
753 2711 876 2746 “eam.
897 2711 924 2738 τί
942 2721 983 2738 σοι

197 2757 314 2792 ποιήσω,
334 2757 371 2792 μὴ
387 2757 464 2788 ὄντος
478 2757 561 2784 αὐτοῦ
577 2754 648 2790 ὦδε;
664 2758 692 2783 ἐν
705 2757 733 2783 δὲ
747 2756 786 2791 τῷ
798 2756 981 2790 ὑποστρέφειν

195 2804 279 2830 αὑτὸν
307 2805 356 2838 τῆς
386 2803 534 2838 διακονίας,
561 2805 638 2831 οὐδέν
662 2813 706 2838 μοι
735 2803 799 2830 ἄλλο
818 2803 926 2830 ἔστινεί
944 2803 980 2838 μὴ

195 2849 291 2882 διῶξαι
303 2849 385 2877 αὑτὸν
400 2850 430 2876 ἐκ
444 2850 491 2877 τοῦ
510 2851 701 2886 μοναστηρεου.
717 2850 870 2881 Φοάσαντος
889 2849 915 2875 δὲ
935 2849 979 2876 τοῦ

1073 2255 1117 2282 lV.
1135 2255 1202 2282 Cum
1220 2255 1277 2282 hare
1292 2261 1384 2282 autem
1396 2254 1530 2281 audiisset
1545 2253 1690 2287 praefectus
1701 2252 1826 2278 diverso-

1035 2301 1080 2332 rii,
1096 2308 1177 2327 cursu
1190 2306 1218 2327 et
1232 2309 1293 2327 cutn
1315 2309 1410 2334 magna
1429 2300 1468 2326 ira
1485 2300 1559 2326 venit
1573 2299 1598 2325 in
1614 2297 1825 2328 monasterium,

1037 2354 1100 2373 eum
1117 2354 1260 2378 accusans,
1276 2351 1304 2373 et
1320 2347 1416 2372 dicens
1432 2354 1438 2372 :
1455 2345 1507 2373 Ubi
1535 2348 1577 2371 est
1599 2344 1643 2370 ille
1656 2343 1762 2377 plantis,
1781 2343 1827 2370 ille

1037 2391 1122 2418 falsus
1147 2391 1330 2422 Christianus,
1349 2399 1430 2425 quem
1452 2390 1545 2416 dicitis
1566 2397 1626 2415 esse
1640 2388 1826 2415 monachum!

1038 2436 1068 2463 Ei
1086 2443 1151 2462 vero
1163 2435 1252 2463 factus
1264 2441 1306 2462 est
1318 2435 1426 2462 obviam
1440 2434 1636 2469 apocrisiarius
1650 2433 1824 2465 monasterii,

1037 2481 1141 2509 et‘dicit
1161 2481 1186 2508 ei
1200 2491 1207 2510 :
1224 2481 1295 2508 Bene
1307 2481 1414 2513 venisti,
1431 2481 1523 2507 frater.
1540 2480 1594 2507 Cur
1607 2488 1637 2507 es
1649 2481 1716 2506 adeo
1729 2479 1825 2511 tristis,

1037 2532 1065 2554 et
1081 2536 1131 2554 cur
1148 2532 1200 2554 tam
1218 2532 1319 2554 temere
1337 2527 1478 2561 loqueris?
1496 2527 1578 2553 Cessa
1597 2533 1753 2560 parumper,
1779 2532 1825 2551 ro-

1036 2582 1070 2609 go
1090 2579 1126 2601 te.
1143 2574 1322 2608 Rcspondens
1334 2578 1424 2600 autem
1439 2573 1583 2607 praefectus
1600 2571 1756 2601 diversorii,
1777 2571 1823 2597 dic

1035 2621 1072 2648 cit
1087 2621 1113 2647 ei
1139 2630 1144 2647 :
1169 2621 1265 2648 Pereat
1281 2621 1358 2651 hem,
1377 2627 1430 2654 qua
1449 2627 1569 2653 unquam
1587 2618 1701 2653 cognovi
1727 2624 1824 2643 mona-

1035 2667 1127 2694 cltum.
1147 2666 1195 2694 “ei
1213 2667 1290 2698 mihi,
1315 2666 1381 2700 quid
1405 2666 1472 2692 mihi
1495 2665 1612 2692 accidit?
1634 2663 1702 2696 Quid
1725 2662 1825 2689 faciam

1035 2718 1138 2744 autem,
1149 2713 1253 2739 nescio.
1267 2712 1334 2739 Cum
1346 2719 1411 2739 Vero
1425 2712 1483 2739 lnec
1496 2710 1654 2738 rescivisset
1666 2708 1824 2743 pra-fectus,

1035 2765 1098 2784 eum
1111 2757 1248 2788 accersiit,
1264 2761 1292 2783 et
1307 2757 1372 2784 dicit
1387 2765 1392 2783 :
1412 2756 1481 2789 Quid
1496 2756 1544 2782 tibi
1567 2755 1622 2785 vis,
1637 2753 1737 2780 frater?
1751 2751 1823 2786 Quid

1036 2810 1066 2830 cs
1081 2802 1190 2830 tristis?
1205 2801 1339 2829 Praefecto
1350 2805 1441 2828 atttetu
1461 2799 1622 2827 monasterii
1635 2798 1704 2826 dixit
1721 2798 1753 2830 is,
1771 2797 1820 2832 qui

1035 2853 1151 2883 praeerat
1175 2847 1350 2875 diversorio:
1374 2847 1444 2880 Quid
1471 2846 1538 2873 mihi
1559 2846 1635 2872 γοΙοῖ
1657 2844 1691 2872 De
1717 2848 1822 2872 caetero
