2170 3148
194 170 249 201 3ἓ3
737 167 825 196 \‘lTA
847 167 875 196 S.
892 165 1056 197 EUGENll
1072 165 1118 195 ET
1135 165 1280 196 MARHZ.
1757 162 1810 193 35$

193 235 257 254 eum
277 227 428 262 accepisset
441 226 598 262 prtefcctus,
621 225 733 252 immisit
752 224 786 251 ad
806 223 903 251 viliora
924 229 952 251 et
968 223 1117 259 abjectiora
1142 229 1227 257 opera
1244 222 1414 249 umnasterii.
1439 222 1464 249 Is
1487 229 1552 250 vero
1571 229 1602 249 cn
1616 221 1732 250 faciebat
1749 231 1813 249 cum

193 275 288 303 studio
308 279 335 302 et
354 282 450 308 magno
466 279 538 301 metu
557 278 586 300 et
601 273 824 308 compunctione.
843 271 967 299 llabebat
980 275 1072 298 autem
1094 277 1209 305 puerum
1231 276 1341 304 qunque
1371 269 1501 298 Marinus.
1520 278 1583 296 cum
1601 276 1675 298 rctro
1695 278 1814 306 sequen-

195 325 250 349 tem
261 327 289 349 et
305 321 469 348 clamantem
488 329 495 348 :
515 320 553 348 Ta
573 325 599 347 ta
616 324 652 350 ta.
668 324 696 346 et
710 319 897 354 requirentem
912 327 944 346 ea
962 326 1024 353 quae
1041 322 1105 345 sunt
1122 317 1216 352 pueris
1229 316 1385 344 necessaria
1402 316 1435 342 ad
1456 317 1628 344 alimentum.
1650 319 1709 345 Non
1725 319 1813 346 solum

193 367 266 394 enim
280 367 322 394 liis
333 367 465 394 aarumnis
478 365 710 394 etalilictionibus
736 365 915 400 premebatur
928 364 1060 395 Marinus,
1074 365 1121 392 sed
1136 364 1217 392 etiam
1238 364 1272 390 de
1292 363 1390 390 alendo
1406 364 1459 390 hoc
1471 371 1555 397 puero
1574 369 1633 391 erat
1647 366 1725 392 valde
1737 366 1814 392 solli-

192 413 273 440 citus.
294 412 363 440 Cum
381 414 513 440 crevisset
534 417 626 440 autem
640 420 719 446 puer,
734 411 850 446 degebat
872 411 900 438 in
916 411 1095 442 monasterio,
1110 410 1244 438 educatus
1259 411 1286 436 in
1312 410 1412 436 virtute
1428 414 1456 436 et
1476 409 1503 435 in
1520 411 1712 443 temperantia.
1730 410 1815 438 Porro

193 465 258 485 vero
276 464 373 485 sancto
391 466 501 492 quoque
515 463 542 484 et
564 458 715 485 monastico
733 456 828 483 Iubitu
849 462 892 484 est
912 457 1051 492 dignatus.
1076 456 1175 491 Sicque
1194 455 1354 491 proﬁciebat
1374 455 1400 482 in
1421 455 1578 482 humilitate
1608 459 1635 482 et
1650 456 1733 483 multa
1748 457 1814 484 obe-

192 503 307 533 dientia.
326 507 355 530 ul.
367 507 507 530 amaretur
522 502 558 528 ab
569 502 709 529 omnibus.

226 559 263 584 Z’.
281 558 326 584 ‘Ev
341 558 391 593 μιᾷ
402 556 447 584 οὖν
458 557 511 583 τῶν
523 557 635 593 ἡμερῶν
645 557 789 592 ἠρώτησεν
803 558 817 584 ὁ
831 557 982 592 ἡγούμενος
996 560 1020 588 Α
1070 557 1083 583 \

958 565 982 588 ος
996 560 1020 588 Α
1070 557 1125 584 Vll.
1148 557 1211 584 Post
1226 557 1282 583 haec
1299 561 1390 583 autem
1407 563 1468 583 cum
1486 555 1598 583 vidisset
1612 557 1744 584 Dominus
1756 565 1815 591 pcr-

191 605 254 633 τοὺς
267 603 398 637 ἀδελφοὺς
414 604 500 636 λέγων
512 612 519 619 ·
537 604 590 630 Ποῦ
604 605 676 630 ἐστιν
690 605 704 629 ὁ
719 604 835 637 ἀδελςδς
848 604 979 638 Μαρῖνο;;
1033 604 1048 631 Ω

960 612 979 635 ;;
1033 604 1131 631 feclam
1148 611 1208 630 esse
1229 604 1288 638 ejus
1315 603 1394 629 fidem
1415 609 1442 629 ct
1457 603 1640 635 tolerantiam,
1655 608 1681 630 et
1701 611 1761 630 ezse
1776 604 1817 632 di-

193 650 234 676 ὅτι
250 649 307 684 ἔχω
327 651 447 685 σήμερον
461 650 558 685 τρίτην
573 651 682 686 ἡμέραν
696 650 745 676 οὐκ
767 647 826 676 οἴδα
843 650 924 676 αὐτὴν
942 651 981 681 είς
1033 657 1049 684 g

959 651 981 681 ις
1033 657 1113 684 gnam
1130 657 1214 683 regno
1234 649 1380 680 caelorum,
1397 648 1504 683 accepit
1522 656 1582 675 eam
1606 648 1633 674 in
1648 653 1750 675 acterna
1767 657 1816 683 pa<

194 696 354 731 ψαλμῳδίαν
367 704 373 711 ·
390 697 433 722 ἀεὶ
445 697 500 731 γὰρ
515 696 568 729 πρὸ
585 697 694 723 πάντων
705 697 849 731 εὑρίσκετο
859 704 866 711 ·
893 696 982 722 εἰσέλ-
1033 703 1051 722 r.‘

960 705 982 721 ι-
1033 695 1116 722 radisi
1145 695 1331 726 tabernacula,
1361 695 1469 721 nemine
1491 694 1605 721 sciente.
1626 694 1692 721 Nam
1713 701 1775 721 cum
1795 695 1817 722 is

195 742 259 768 οάτε
277 743 316 773 εἰς
340 742 370 769 τὸ
388 742 493 769 κέλλιον
509 741 591 770 αὐτοῦ
615 743 652 778 μὴ
676 742 820 778 ἀρρωστίᾳ
832 750 889 768 τινε
905 742 981 768 κατὶ-
1033 748 1048 767 ο

959 742 981 768 t-
1033 740 1159 772 obiisset,
1180 744 1207 766 et
1224 747 1277 766 nec
1303 739 1484 774 egrederetur
1505 739 1538 766 ad
1556 740 1700 766 servitium
1721 747 1816 766 mona-

193 795 294 814 κειται.
331 787 508 819 Ἀπελθόντες
525 787 572 814 οὖν
592 785 671 823 εὖρον
699 787 981 819 αὐτὸντελειωοέντα,
1033 794 1046 813 s

960 796 981 819 ι,
1033 786 1120 817 sterii,
1142 791 1231 813 etnec
1249 785 1282 812 ad
1303 785 1482 820 psalmodiam
1499 786 1613 820 regulae,
1629 786 1734 819 rogavit
1749 794 1817 820 prte-

194 832 242 858 καὶ
253 832 428 866 ἀπήγγειλαν
441 833 479 865 τῷ
501 833 656 867 ἡγουμένῳ,
672 832 713 859 ὅτι
725 834 738 859 ὁ
755 833 842 864 ὰδῦἄς
860 834 982 868 Μαρῖνος
1033 832 1051 858 ft

961 841 982 864 ις
1033 832 1122 858 fectus
1146 831 1254 863 fratres,
1283 831 1401 858 dicens:
1425 831 1476 859 Ubi
1501 837 1545 858 est
1572 831 1656 858 abbas
1681 831 1818 859 Marinus?

195 876 351 911 ἔτελειὼοη,
369 877 416 903 καὶ
443 875 537 904 εἶπεν·
555 875 628 911 Ἀρα
643 877 701 908 πῶς
725 877 846 912 ἀπῆλθεν
865 878 881 912 ή
898 877 977 903 ἀθλία
1034 876 1052 903 Ε

961 886 977 902 α
1034 876 1103 903 Ecce
1119 878 1193 903 enim
1206 877 1260 912 jam
1276 877 1470 911 prmtericrunt
1485 881 1540 903 tres
1555 877 1623 908 dies,
1639 885 1670 903 ex
1686 885 1740 911 quo
1753 885 1815 904 eum

196 920 280 947 αὐτοῦ
295 921 387 956 duxi};
407 921 487 948 ποίαν
517 921 666 955 ἀπολογίαν
691 921 841 956 βουλομένη
871 921 980 954 δοῦναι;
1034 930 1050 948 n

960 930 980 954 .;
1034 930 1087 948 non
1112 922 1166 949 vidi
1187 923 1214 949 in
1233 922 1397 957 psalmodia.
1423 930 1511 956 neque
1534 922 1560 948 in
1580 930 1631 949 suo
1652 923 1817 950 ministerio.

196 966 251 992 Καὶ
278 966 430 1001 προσέταξε
458 967 622 1002 κηδευθῆναι
648 967 740 993 αὐτόν.
766 968 820 993 Καὶ
844 967 882 998 ὼς
900 965 981 1001 ἦλθον
1033 968 1053 994 Ρ

959 975 981 993 ιν
1033 968 1141 994 Primus
1163 973 1267 1000 autem,
1283 969 1407 995 omnium
1433 968 1624 996 inveniebatur
1651 969 1677 995 in
1703 969 1816 1004 Regula.

193 1012 349 1039 ἀποπλῦναι
370 1013 461 1044 αὑτὸν,
491 1010 570 1047 εὖρον
584 1014 625 1039 ὅτι
650 1013 720 1048 γυνὴ
749 1011 794 1048 ἦν,
818 1015 865 1040 καὶ
879 1014 982 1044 πάντες
1033 1013 1050 1040 li

959 1022 982 1044 ac
1033 1013 1211 1048 lugredimiui
1235 1021 1299 1048 ergo
1324 1015 1383 1049 ejus
1408 1015 1516 1046 rellam,
1534 1019 1560 1041 et
1584 1015 1685 1046 videte,
1707 1023 1772 1041 nunt
1792 1016 1816 1041 in

193 1057 350 1091 ἀνέκραξαν
373 1058 421 1084 τόσ
452 1057 549 1092 Κύριε,
579 1058 702 1092 ἐλέησον.
726 1059 755 1084 '0
773 1059 801 1084 δὲ
827 1058 981 1093 ἡγούμενος
1033 1067 1049 1086 a

961 1067 981 1090 ις
1033 1059 1152 1094 aliquant
1173 1060 1305 1086 ceciderit
1319 1059 1520 1094 aegritudinem.
1537 1058 1605 1086 Cum
1621 1064 1712 1102 autcuj
1728 1060 1818 1086 venis-

192 1103 377 1130 ἐπυνθάνετο·
403 1104 435 1130 Τί
453 1105 537 1135 ἐστιν,
563 1104 577 1130 ὃ
596 1104 690 1140 ἔχετε;
710 1105 740 1131 υἱ
755 1104 783 1130 δὲ
798 1102 876 1130 εἷπον
891 1105 931 1132 ὅτι
948 1105 982 1131 '0
1034 1113 1048 1133 β

961 1105 982 1131 0
1034 1111 1096 1133 sent
1109 1106 1210 1133 fratres
1224 1107 1250 1133 in
1271 1106 1368 1132 cellam
1396 1099 1493 1138 beatae,
1510 1105 1624 1141 ingressi
1651 1099 1818 1133 invenerunt

192 1148 308 1182 ἀδελφὸς
323 1149 443 1184 Μαρῖνος
460 1149 528 1184 γυνή
544 1149 628 1175 ἐστιν.
643 1150 711 1176 Τότε
735 1149 866 1175 εἰσελθὼν
891 1150 982 1184 ῥίπτει
1033 1158 1048 1177 e

961 1158 982 1175 ει
1033 1158 1094 1178 eam
1112 1155 1328 1178 consummatam
1341 1151 1369 1177 in
1386 1151 1513 1183 Domino,
1529 1156 1556 1177 et
1569 1159 1683 1186 pucrutu
1704 1152 1728 1177 ei
1749 1152 1818 1178 assi-

191 1194 290 1220 ἑαυτὸν
303 1194 343 1225 εις
361 1194 506 1228 πρόσωπον
522 1194 624 1220 κλαὶων
636 1193 684 1219 aut
701 1193 790 1226 λέγων
803 1202 810 1209 ι
833 1190 897 1219 Ὧδε
914 1194 983 1219 ἀπο·
998 1228 1015 1232 _
1034 1197 1048 1225 d

961 1202 983 1219 ὶ-
998 1228 1015 1232 _
1034 1197 1145 1225 dentem
1161 1201 1187 1224 et
1204 1197 1324 1226 (lentem.
1343 1196 1421 1223 Tunc
1447 1204 1563 1232 propere
1587 1197 1689 1231 egressi
1708 1197 1818 1228 fratres,

191 1239 304 1275 θνῄσκω
317 1241 357 1271 ei;
371 1241 432 1272 τοὺς
445 1241 539 1274 ἁγίους
556 1241 639 1268 αόιοῦ
654 1241 748 1272 πόδας,
761 1240 813 1272 ἕως
826 1238 856 1267 οὗ
871 1241 981 1267 ἀκούσω
998 1228 1017 1256 Β
1033 1253 1048 1280 ρ

962 1250 981 1267 ω
998 1228 1017 1256 Β
1033 1244 1162 1280 ρι’κΐυειο
1185 1244 1390 1271 renuntiarunt.
1412 1244 1536 1272 dicentes
1551 1252 1559 1273 :
1576 1244 1671 1271 Frater
1699 1244 1819 1271 Marinus

192 1287 383 1321 συγχώρησιν.
400 1285 487 1313 Ἦ).οε
506 1287 534 1312 δὲ
558 1286 634 1321 αὐτῷ
655 1287 731 1321 φωνὴ
747 1286 863 1320 λέγουσα
882 1287 933 1317 ὅτι,
952 1287 983 1314 Et
1032 1291 1049 1317 d

962 1287 983 1314 Et
1032 1291 1156 1317 dormiit.
1180 1290 1226 1317 Ille
1251 1298 1317 1317 vero
1342 1297 1404 1316 cum
1427 1291 1569 1321 audiisset,
1596 1291 1711 1318 miratus
1728 1296 1771 1318 est
1792 1296 1819 1319 et

194 1332 246 1366 μὲν
262 1332 340 1364 εἰδὼς
353 1332 431 1358 τοῦτο
445 1333 577 1367 ἔπραξας,
591 1333 642 1358 οὐκ
658 1333 691 1359 ἄν
708 1340 755 1358 σου
766 1333 945 1367 συνεχωρήοη
966 1334 982 1368 ἡ
1032 1335 1049 1362 d

966 1334 982 1368 ἡ
1032 1335 1125 1362 dixit:
1144 1336 1287 1368 Quomodo
1313 1337 1431 1363 excessit
1453 1337 1512 1372 ejus
1535 1337 1638 1369 anima,
1666 1343 1713 1365 aut
1737 1345 1819 1373 quam

193 1379 319 1413 ἁμαρτία
330 1387 336 1392 ·
352 1379 484 1414 ἐπειδὴδὲ
502 1380 531 1404 ἐν
546 1379 643 1414 ἀγνοίᾳ
654 1378 797 1414 ἐποίησας,
813 1378 983 1412 ἀφεθήσεταί
1034 1381 1050 1408 Ι]

962 1379 983 1404 ιι
1034 1381 1091 1408 Deo
1107 1382 1241 1408 allaturos
1255 1387 1298 1409 est
1324 1383 1529 1409 excusationem
1547 1385 1580 1411 de
1595 1384 1628 1410 iis
1645 1392 1706 1418 quae
1722 1393 1819 1419 pecca-

196 1433 252 1453 σοι.
1034 1426 1091 1452 vit?
1108 1425 1187 1452 Tunc
1209 1426 1243 1452 de
1265 1431 1365 1453 extero
1384 1426 1476 1460 jussit,
1502 1434 1532 1452 ut
1545 1427 1570 1453 ei
1594 1428 1667 1462 justa
1686 1427 1744 1455 face
1761 1433 1819 1455 ent.

193 1471 262 1500 Cum
278 1476 368 1499 autent
385 1471 526 1498 venissent
537 1469 647 1502 fratres,
670 1474 700 1497 ut
713 1479 775 1498 eum
790 1475 988 1505 componerent
1003 1470 1036 1497 ad
1059 1470 1261 1504 sepeliendum,
1276 1470 1442 1497 invenerunt
1455 1478 1518 1497 eum
1536 1479 1596 1498 esse
1613 1472 1753 1498 mulierem
1768 1481 1774 1498 :
1791 1477 1820 1499 et

192 1519 351 1554 stupefacti,
370 1523 516 1553 cmpcrunt
530 1525 628 1545 omnes
646 1525 699 1544 una
722 1525 789 1545 voce
803 1518 923 1545 clamare
940 1527 946 1544 :
965 1518 1090 1550 Domine,
1109 1517 1250 1544 miserere.
1267 1517 1417 1544 l‘ra'fectus
1437 1525 1500 1544 vero
1522 1526 1584 1545 cum
1600 1519 1746 1546 tumultum
1769 1527 1821 1545 au-

192 1568 290 1596 diisset
304 1572 332 1594 et
346 1567 603 1596 conturbationem,
631 1567 748 1600 rogavit,
776 1566 872 1593 dicens
889 1574 896 1593 :
915 1566 1053 1598 Quidnam
1072 1565 1125 1592 hoc
1137 1565 1189 1592 sibi
1215 1565 1292 1591 vult?
1314 1565 1354 1591 illi
1369 1571 1460 1592 autem
1478 1556 1572 1593 dicunt
1587 1566 1612 1592 ci
1628 1574 1689 1593 cum
1703 1567 1822 1594 admira-

193 1615 268 1642 tione
284 1623 292 1642 ι
309 1615 404 1642 Frater
419 1619 512 1641 noster
527 1613 648 1640 Marinus
662 1617 704 1639 est
717 1620 783 1639 sexu
805 1612 915 1638 mulier.
935 1611 1004 1638 Cum
1024 1611 1145 1638 venisset
1165 1619 1230 1646 ergo
1245 1610 1403 1644 praefectus,
1420 1615 1448 1638 et
1462 1612 1576 1638 vidisset
1593 1620 1650 1639 rem
1670 1613 1821 1643 admirabi-

192 1664 246 1690 lem
268 1669 295 1690 et
316 1668 413 1697 praeter
428 1662 599 1697 opinionem,
614 1669 644 1688 sc
667 1661 743 1687 humi
761 1660 888 1696 projccit,
905 1664 932 1687 et
946 1666 1043 1686 tenens
1063 1660 1148 1695 pedes
1164 1659 1260 1691 beataa,
1279 1667 1341 1686 cum
1367 1659 1460 1686 multis
1475 1659 1602 1695 laerymis
1618 1660 1763 1693 clamabat,
1776 1661 1820 1688 di-

193 1718 260 1737 cens
278 1718 285 1736 :
304 1710 417 1744 ignosce
433 1710 511 1740 mihi.
528 1709 644 1736 Domine
663 1709 727 1736 Jcsu
747 1707 868 1739 Christe,
885 1707 958 1743 quod
981 1715 1034 1742 per
1057 1708 1239 1742 ignorantiam
1262 1708 1372 1743 peccari
1390 1708 1416 1734 in
1435 1712 1557 1734 sanctam
1573 1711 1601 1734 et
1622 1714 1725 1735 castam
1745 1713 1819 1735 tuam

194 1763 333 1790 sponsam.
352 1756 386 1783 Et
400 1764 497 1783 rursus
507 1757 656 1791 procidens
670 1755 703 1782 ad
718 1754 890 1781 vcncrandas
905 1759 932 1780 et
945 1758 1057 1781 sanctas
1071 1755 1131 1790 ejus
1152 1755 1294 1790 reliquias,
1315 1755 1463 1788 clamabat,
1478 1755 1588 1784 dicens:
1605 1754 1654 1782 llic
1670 1757 1770 1782 moriar
1785 1756 1819 1783 ad

194 1808 305 1830 sanctus
316 1807 344 1829 et
359 1803 531 1830 venerandos
552 1808 614 1829 tuos
635 1802 728 1836 pedes,
747 1803 834 1828 donec
850 1801 964 1828 audiero
980 1801 1047 1828 Inibi
1059 1808 1119 1828 esse
1141 1802 1294 1829 condonata
1308 1810 1340 1829 ea
1353 1811 1412 1837 quae
1429 1802 1456 1828 in
1474 1807 1499 1829 te
1517 1802 1636 1837 peccavi.
1654 1802 1722 1830 Cum
1740 1803 1762 1829 is
1772 1811 1818 1830 au‘

196 1855 250 1877 tem
267 1849 312 1876 diu
329 1848 444 1876 defieret
460 1854 488 1877 et
508 1849 659 1884 plangeret.
679 1848 753 1875 venit
770 1849 803 1874 ad
823 1855 887 1874 eum
908 1855 959 1874 vox
983 1848 1016 1875 de
1040 1848 1121 1879 coelo,
1139 1848 1236 1875 dicens
1252 1856 1259 1875 :
1276 1848 1303 1875 Si
1320 1849 1372 1877 hoc
1393 1849 1503 1884 quidem
1521 1850 1610 1877 sciens
1627 1849 1660 1876 fc-.
1670 1851 1746 1881 isses,
1765 1858 1818 1879 non

196 1895 245 1923 tibi
258 1894 475 1928 condonassem;
491 1896 555 1930 quia
570 1900 661 1922 autem
677 1894 805 1921 nesciens
821 1893 873 1920 hoc
890 1893 992 1926 fecisti,
1010 1899 1154 1928 peccatqu
1172 1895 1224 1921 fuit
1243 1894 1291 1921 tibi
1308 1895 1503 1923 condonatum.

231 1952 272 1981 H'.
289 1954 343 1979 Καὶ
367 1952 492 1988 ἐγερθεὶς
509 1952 585 1987 δηλοί
601 1952 640 1986 τῷ
664 1951 810 1986 πανδοχεῖι
834 1951 881 1978 καὶ
897 1951 984 1977 εἰσελ-
998 1955 1020 1984 C
1073 1952 1088 1979 \

962 1956 984 1976 ι-
998 1955 1020 1984 c
1073 1952 1143 1979 V’Ill.
1166 1952 1244 1980 Tunc
1258 1960 1374 1988 surgens
1392 1953 1537 1987 praefectus
1551 1961 1564 1979 a
1580 1953 1744 1980 venerandis
1761 1955 1819 1989 ejus

195 1998 289 2029 οόντος
312 1999 396 2024 αὑτοῦ
416 1998 507 2032 λέγει·
530 1998 597 2024 Ἰδοὺ
611 1997 625 2022 ὁ
645 1997 768 2031 Μαρῖνος
784 1996 932 2031 ἐκοιμήθη.
953 1996 983 2022 ’0
1037 2007 1052 2026 r.

962 1996 983 2022 0
1037 2000 1171 2035 reliquiis.
1184 2001 1275 2027 statim
1290 2001 1364 2028 misit
1376 2001 1410 2028 ad
1423 2000 1581 2036 praefectum
1598 2001 1753 2032 diversorii,
1776 2003 1818 2028 di-

193 2045 222 2072 δὲ
237 2045 329 2078 λέγει·
349 2045 377 2071 '0
393 2045 457 2075 θεὸς
475 2044 650 2078 συγχωρήσει
667 2042 750 2077 αὐτῷ,
764 2043 805 2069 ὃτι
821 2042 926 2077 ἔρημον
939 2043 984 2069 τὸν
1034 2053 1049 2073 c

961 2046 984 2069 δν
1034 2053 1100 2074 cens
1116 2055 1123 2073 :
1141 2046 1208 2074 Veni
1224 2046 1280 2073 cito
1301 2046 1333 2073 ad
1359 2055 1419 2079 nos,
1441 2054 1503 2074 nam
1529 2051 1554 2073 te
1578 2046 1642 2073 volo
1661 2047 1818 2075 convenire.

193 2087 268 2117 οἶκόν
283 2098 334 2125 μου
344 2089 482 2124 ἐποίησεν.
496 2090 577 2123 Λέγει
587 2088 663 2123 αὐτῷ
677 2088 692 2114 ὁ
707 2087 876 2123 ἡγούμενος·
890 2088 983 2114 Μιτα-
1033 2093 1050 2121 (j

961 2097 983 2114 ι·
1033 2093 1101 2121 Cum
1118 2098 1211 2120 autem
1233 2093 1356 2120 venisset
1370 2092 1516 2127 praefectus
1531 2093 1688 2124 diversorii,
1706 2093 1774 2121 dicit
1793 2094 1818 2121 ci

194 2136 302 2171 νςησον,
338 2135 448 2170 ἀδελφὲ,
477 2136 518 2161 ὃτι
544 2135 670 2170 ἥμαρτες
696 2134 813 2161 ἐνώπιον
842 2134 890 2161 τοῦ
915 2134 982 2161 Θεοῦ
1034 2149 1051 2175 ρ

963 2134 982 2160 ’ὗ
1034 2140 1181 2175 ριέεῐεοιυο
1207 2141 1364 2168 monasterii
1389 2149 1396 2168 :
1428 2140 1500 2168 Ecce
1522 2139 1607 2167 frater
1632 2139 1754 2168 Marinus
1779 2145 1820 2168 est

194 2182 268 2217 κάμὲ
284 2182 316 2209 σὺ
339 2181 443 2217 ὲπῆρες
467 2182 523 2214 τοῖς
553 2181 643 2215 λόγοις
669 2189 735 2208 σου*
755 2182 769 2207 ὸ
794 2181 849 2217 γὰρ
863 2182 984 2216 Μαρίνος
1035 2195 1051 2214 η

964 2189 984 2212 »ς
1035 2191 1170 2215 mortuus.
1186 2185 1211 2214 Is
1227 2194 1293 2214 vero
1308 2186 1377 2215 dicit
1394 2187 1524 2222 praefecto
1540 2187 1700 2214 monasterii
1720 2195 1727 2214 :
1749 2187 1821 2215 Deus

194 2229 264 2264 γυνή
282 2229 368 2257 ἐστιν.
383 2228 439 2256 Καὶ
450 2228 579 2262 ἐπιγνοὺς
591 2228 672 2255 τοῦτο
685 2229 698 2255 ὁ
717 2228 816 2262 πάνδοξ
830 2228 926 2263 ἐξέστη
937 2227 984 2254 καὶ
1033 2241 1048 2261 θ

964 2227 984 2254 ιὶ
1033 2234 1058 2261 ei
1082 2233 1220 2260 condonet
1236 2232 1263 2260 id
1279 2233 1353 2268 quod
1379 2232 1444 2260 fecit
1467 2233 1494 2259 in
1515 2232 1649 2268 abjectam
1676 2240 1764 2260 meam
1791 2233 1821 2260 ti-

195 2275 306 2308 ὲδόξασε
323 2275 369 2303 τὸν
385 2274 462 2302 Θεόν.
480 2275 534 2303 Καὶ
563 2275 629 2307 ἰδοὺ,
649 2275 677 2302 ἐν
689 2275 768 2311 ὀλίγῃ
784 2276 844 2309 ἄρα
866 2274 984 2310 παραγί-
1034 2278 1051 2306 li

963 2274 984 2301 ί·
1034 2278 1109 2306 liam.
1127 2278 1198 2305 Dicit
1213 2278 1238 2305 ei
1255 2279 1403 2312 praefectus
1419 2278 1579 2305 monasterii
1603 2285 1610 2303 :
1628 2278 1819 2305 Ptenitenliam

195 2330 271 2348 νεται
288 2322 305 2354 ὴ
322 2321 446 2357 θυγάτηρ
459 2322 543 2349 αὑτοῦ
559 2321 727 2357 ἐλεγχομένη
741 2322 789 2348 καὶ
800 2322 918 2355 λέγουσα
934 2322 984 2356 τὴν
1034 2333 1052 2356 εις

964 2330 984 2356 ιν
1034 2333 1093 2359 age,
1115 2333 1131 2351 ο
1155 2324 1250 2352 frater.
1279 2324 1347 2350 Nam
1361 2325 1478 2358 peccasti
1497 2331 1589 2351 coram
1615 2323 1682 2351 Deo.
1700 2324 1752 2351 Sed
1778 2333 1821 2352 me

195 2367 336 2403 ἀλήθειαν,
353 2368 394 2394 ὃτι
412 2368 441 2394 Ὀ
457 2367 627 2402 στρατιώτης
640 2368 760 2401 ἐπάτησέ
787 2375 831 2401 με,
846 2369 892 2393 καὶ
905 2367 985 2400 ὲμία-
1033 2376 1050 2402 q

962 2375 985 2391 l.-
1033 2375 1144 2402 quo-[ue
1158 2368 1212 2394 tuis
1224 2367 1315 2394 verbis
1327 2367 1472 2401 decepisti,
1484 2372 1511 2393 et
1524 2368 1634 2402 peccavi
1647 2376 1698 2401 ego
1711 2377 1819 2403 quoque

196 2422 237 2445 νε,
256 2413 304 2439 καὶ
334 2414 504 2448 παραχρῆμα
526 2414 599 2448 ιὰοη.
618 2414 673 2439 Καὶ
694 2413 821 2443 Ruﬁo-ne;
834 2413 858 2437 οἱ
873 2411 985 2445 ἀδελφοὶ
1034 2421 1051 2447 p

960 2411 985 2437 οὶ
1034 2417 1146 2447 propter
1167 2417 1203 2439 te.
1220 2412 1291 2440 Ecce
1306 2413 1379 2440 enim
1396 2413 1516 2440 Marinus
1539 2421 1634 2441 revera
1652 2421 1695 2442 est
1708 2416 1817 2443 mulier.

195 2460 226 2486 τὺ
235 2459 361 2493 λείψανον
369 2459 417 2493 τῆς
433 2459 508 2490 ὁσίας
521 2460 641 2492 Μαρίας,
656 2459 821 2494 μυρίπαντες
837 2457 984 2485 κατέθεντο
1034 2458 1052 2485 C

962 2465 984 2484 ιο
1034 2458 1102 2485 Cum
1113 2457 1171 2485 Ιιιιιο
1188 2463 1279 2485 autem
1295 2459 1445 2486 audivisset
1460 2460 1604 2493 praefectus
1623 2460 1778 2494 diversorii,
1792 2467 1819 2490 et

195 2507 225 2533 ἐν
242 2506 319 2540 τόπῳ
332 2505 424 2540 σεμνῷ
441 2505 511 2540 μετὰ
537 2505 630 2539 πάσης
655 2505 843 2539 δωροφορίας,
866 2503 985 2540 Χριστὸν
1034 2513 1052 2540 p

962 2513 985 2530 )v
1034 2504 1157 2540 praefecti
1168 2504 1261 2531 verbis
1276 2504 1374 2531 fuisset
1384 2504 1602 2539 obstupefactus,
1615 2508 1714 2534 mansit
1726 2513 1819 2536 mutas

195 2553 381 2588 ἁνυμνοῦντες
393 2552 438 2579 τὸν
455 2553 570 2587 Σωτῆρα
586 2552 640 2578 τῶν
657 2552 796 2584 ἁπάντων,
810 2552 855 2578 τὸν
876 2553 920 2578 ἀεὶ
938 2552 983 2578 δο-
1034 2559 1049 2580 e

961 2561 983 2578 2-
1034 2557 1063 2580 et
1086 2551 1231 2585 attonitus,
1250 2550 1319 2578 Eum
1343 2558 1409 2578 vero
1426 2559 1508 2578 manu
1524 2554 1730 2587 apprehendens
1748 2562 1818 2589 pra:-

195 2600 311 2633 ξάζοντα
335 2600 398 2630 τοὺς
426 2599 590 2632 δοξάζοντας
614 2599 706 2625 αὐτόν.
725 2597 803 2633 Αὐτῷ
829 2600 845 2633 ἡ
867 2599 930 2631 δόξα
943 2600 983 2630 εις
1035 2598 1052 2626 ft

962 2600 983 2630 lc
1035 2598 1125 2626 fectus
1137 2598 1307 2630 monasterii,
1326 2597 1405 2625 duxit
1419 2606 1485 2626 eum
1499 2599 1526 2626 in
1541 2599 1642 2632 locum,
1659 2600 1686 2627 in
1703 2609 1758 2635 quo
1779 2601 1819 2636 ja<

194 2647 258 2677 τοὺς
272 2646 372 2677 αἰῶνας
390 2646 445 2674 τῶν
462 2645 580 2673 αἰώνων.
596 2646 696 2680 Ἀμήν.
1000 2636 1022 2663 Ῑ)
1037 2652 1051 2672 c

1000 2636 1022 2663 D
1037 2645 1117 2672 cebat
1133 2645 1211 2672 beata
1224 2644 1308 2671 Maria
1327 2653 1334 2672 :
1351 2648 1379 2672 et
1397 2652 1459 2672 cum
1476 2652 1536 2672 eam
1550 2645 1666 2673 honeste
1679 2650 1707 2672 et
1720 2645 1819 2672 decore

194 2692 312 2719 locaSSct
326 2699 357 2720 ac
373 2692 587 2727 composuisset.
602 2692 626 2719 ci
651 2690 771 2718 ostendit
789 2691 874 2726 ipsam
896 2699 957 2718 esse
977 2699 1044 2719 sexu
1061 2691 1202 2723 feminam,
1222 2696 1250 2718 et
1265 2699 1325 2718 eam
1348 2691 1433 2718 fuisse
1449 2696 1551 2718 temere
1569 2692 1722 2719 maledictis
1738 2699 1820 2726 appe-

196 2741 284 2768 titam.
303 2738 380 2765 Tunc
398 2742 483 2774 erepit
501 2740 647 2767 diversorii
671 2747 781 2774 quoque
807 2740 953 2774 prafectus
978 2739 1079 2766 deﬂere
1100 2744 1214 2774 propter
1236 2739 1409 2774 inopinatum
1430 2740 1464 2767 ab
1487 2748 1519 2766 eo
1538 2740 1626 2766 visum
1642 2739 1817 2769 miraculum,

196 2789 261 2816 Post
275 2787 333 2814 haec
344 2791 434 2814 autem
448 2788 521 2822 justa
537 2787 662 2815 fecerunt
688 2788 791 2815 sanctis
805 2793 833 2814 et
848 2787 1014 2815 venerandis
1031 2787 1092 2822 ejus
1109 2787 1244 2822 reliquiis,
1260 2791 1288 2814 et
1311 2787 1499 2821 deposuerunt
1516 2787 1541 2812 in
1561 2786 1658 2820 insigni
1676 2786 1736 2812 loco
1759 2794 1818 2812 rno-

195 2836 319 2868 nasterii,
335 2842 398 2862 cum
416 2835 528 2868 psalmis
544 2841 571 2862 et
590 2836 698 2871 hymnis
715 2840 742 2862 et
761 2836 854 2862 multis
879 2836 1041 2866 luminibus,
1057 2841 1155 2862 octavo
1170 2835 1271 2862 mensis
1295 2834 1435 2861 Februarii
1465 2833 1561 2860 Statim
1577 2841 1641 2860 vero
1663 2833 1737 2860 venit
1762 2834 1818 2861 filia

196 2885 316 2921 pnefecti
340 2883 486 2911 diversorii
504 2891 518 2910 a
541 2884 664 2912 danuouc
683 2889 820 2920 correpta,
837 2889 866 2912 et
891 2885 1027 2912 confitens
1046 2892 1154 2912 omnem
1175 2884 1329 2917 veritatem,
1351 2887 1378 2910 et
1397 2882 1491 2909 dicens
1508 2889 1514 2908 :
1535 2881 1607 2908 Talis
1623 2882 1700 2908 miles
1718 2889 1759 2908 me
1777 2882 1819 2909 fe-
