2170 3148
205 170 260 201 353
749 167 837 198 \‘lTA
858 167 888 196 S.
904 166 1067 198 EUGENll
1083 166 1130 196 ET
1146 166 1291 197 MARLE.
1768 163 1821 195 3M

204 235 268 254 eum
288 227 438 262 accepisset
452 226 609 262 prtefcctus,
632 226 744 253 immisit
764 225 798 252 ad
817 224 915 252 viliora
936 229 964 252 et
980 224 1128 259 abjectiora
1154 230 1238 258 opera
1255 223 1426 250 monasterii.
1451 223 1476 250 ls
1499 231 1564 251 vero
1583 231 1614 250 en
1627 223 1743 251 faciebat
1761 232 1824 251 cum

205 275 299 302 studio
318 280 346 302 et
364 283 461 309 magno
477 279 550 302 metu
568 279 597 301 et
612 274 836 307 compunctione.
854 271 979 299 llabcbat
992 277 1083 299 autem
1106 278 1220 306 puerum
1242 277 1353 304 quoque
1382 270 1513 299 Marinus.
1532 279 1594 298 cum
1613 277 1686 299 retro
1706 279 1825 307 sequen—

205 325 261 349 tem
271 326 300 349 et
316 322 480 348 clamantem
498 330 506 350 :
527 321 564 348 Ta
584 325 609 347 ta
626 324 663 351 ta.
680 324 707 347 et
722 319 909 354 requirentem
923 327 956 346 ea
974 327 1035 354 qua:
1052 323 1117 346 sunt
1133 318 1227 353 pueris
1241 318 1396 345 necessaria
1414 317 1446 344 ad
1467 318 1639 345 alimentum.
1662 320 1720 347 Non
1736 320 1824 347 solum

203 367 276 394 enim
290 368 333 394 his
343 367 475 394 aerumnis
489 372 517 394 et
526 366 722 394 aﬂlictionibus
747 366 926 400 premebatur
940 365 1072 396 Marinus,
1086 366 1132 393 sed
1147 365 1228 392 etiam
1250 365 1283 392 de
1303 364 1402 392 alendo
1418 365 1471 391 hoc
1483 372 1567 398 puero
1585 370 1644 392 erat
1657 367 1736 394 valde
1748 367 1825 394 solli-

203 413 285 440 citus.
305 413 373 440 Cum
391 414 524 441 crevisset
545 417 637 440 autem
652 420 730 447 puer,
745 411 862 446 degebat
883 412 911 439 in
927 411 1107 444 monasterio,
1121 411 1255 439 educatus
1271 412 1297 438 in
1323 411 1424 437 virtute
1440 415 1467 437 et
1487 411 1514 437 in
1531 411 1723 444 temperantia.
1741 412 1826 439 Porro

203 465 269 485 vero
288 464 383 486 saneto
402 466 512 493 quoque
526 463 553 485 et
575 459 726 485 monastico
743 457 840 484 habitu
861 462 903 484 est
924 458 1062 493 dignatus.
1087 457 1186 492 Sicque
1205 457 1365 492 proﬁciebat
1385 457 1411 483 in
1433 456 1589 484 humilitate
1619 460 1646 484 et
1661 455 1744 484 multa
1759 459 1826 485 obe-

204 503 318 533 dientia,
337 508 366 530 ut
377 507 518 529 amaretur
533 502 569 529 ab
580 502 720 530 omnibus.

238 559 274 584 Z‘.
292 558 336 584 Ἑν
352 558 402 593 μιᾷ
412 556 459 584 οὖν
469 558 522 584 τῶν
534 558 645 594 ἡμερῶν
656 558 800 593 ἠρώτησεν
814 559 828 584 ὀ
841 558 993 593 ἡγεύμενος
1007 561 1031 588 Α
1080 558 1095 584 \

969 566 993 588 ος
1007 561 1031 588 Α
1080 558 1136 585 Vll.
1159 558 1222 585 Post
1237 558 1293 584 haec
1310 562 1401 584 autem
1417 565 1479 584 cum
1497 557 1609 585 vidisset
1624 558 1755 585 Dominus
1766 566 1826 593 per-

203 605 265 632 τοὺς
278 604 409 637 ἀδελφοὺς
425 604 511 637 λέγων
523 613 530 619 ·
548 605 602 630 Ποῦ
615 606 688 630 ἐστιν
701 605 715 630 ὁ
731 604 846 637 (Mil-gl);
859 605 990 639 Mapi’vo;;

205 650 245 676 ὅτι
262 649 317 684 ἔχω
337 651 459 685 σήμερον
473 650 569 686 τρίτην
585 651 692 686 ἡμέραν
706 651 756 677 οὐκ
778 648 837 677 οἶδα
854 651 935 677 αὐτὸν
953 652 992 682 εἰς

205 695 365 731 ψαλμῳδίαν
378 704 384 711 ·
401 697 444 723 ἀεὶ
456 698 511 731 γὰρ
526 696 580 730 πρὸ
596 697 705 723 πάντων
716 697 860 732 εὑρίσκετο
870 705 877 712 ·
904 697 993 723 εἰσέλ-

206 742 271 768 Οάτε
287 742 327 773 εἰς
350 742 381 768 τὸ
398 742 504 769 κὲ),λιον
520 742 602 770 αὑτοῦ
626 743 663 778 μὴ
688 743 830 778 ἀρρωστίᾳ
843 751 900 768 τινε
916 743 992 769 κατι-

205 795 305 814 κειται.
342 787 520 819 ’Λπελοόντες
536 787 584 814 οὖν
603 785 682 823 εὗρον
710 788 792 814 αὑτὸν
803 787 991 820 τελειωθέντα,

205 832 254 858 καὶ
265 833 439 867 ἀπήγγειλαν
452 833 490 866 τῷ
512 833 667 868 ἡγουμένῳ,
683 833 724 860 ὅτι
736 835 749 860 ὁ
766 833 853 864 ἀϐὖᾶς
872 834 992 868 Μαρῖνος

206 875 362 911 ἐτελειώθη.
379 877 427 903 καὶ
454 875 548 904 εἶπεν·
566 875 639 911 Ἀρα
654 878 711 909 πῶς
735 877 857 912 ἀπῆλθεν
877 879 892 913 ή
908 878 988 904 ἀθλία

207 920 291 947 αὐτοῦ
306 922 397 956 ψυχῆς
418 922 498 948 ποίαν
528 921 677 955 ἀπολογίαν
702 922 852 957 βουλομένη
881 922 991 955 δοῦναις

207 966 262 991 Καὶ
289 966 441 1001 προσέταξε
469 967 632 1002 κηῆευοῆναι
659 967 750 994 αὐτόν.
777 968 831 994 Kal.
854 967 892 998 ὡς
911 965 992 1002 ἦλθον

204 1011 360 1039 ἀποπλύνας
381 1014 472 1044 αὐτὸν,
501 1011 581 1047 εὗρον
595 1014 636 1039 ὅτι
660 1014 730 1048 γυνὴ
760 1011 805 1049 ἦν,
829 1015 875 1040 καὶ
890 1015 992 1044 πάντες

204 1057 361 1091 ἀνέκραξαν
384 1057 431 1083 τό·
463 1058 560 1092 Κύριε,
590 1058 713 1092 ἐλέησον.
736 1058 765 1084 Ὀ
784 1059 812 1084 δὲ
838 1058 992 1094 ἡγούμενος

204 1102 387 1130 ἐπυνθάνετο·
414 1104 446 1129 Τί
464 1105 548 1134 ἐστιν,
573 1104 587 1130 ὃ
606 1104 701 1139 ﬁxere;
720 1105 751 1131 οι
766 1104 794 1131 δὲ
809 1102 886 1131 εἷπον
901 1105 942 1132 ὅτι
960 1105 993 1131 Ὀ

204 1147 319 1182 ἁδελφὸς
333 1149 453 1183 Μαρῖνος
470 1149 539 1184 γυνή
555 1148 639 1175 ἐστιν.
653 1150 722 1175 Τότε
746 1149 876 1176 εἰσελθὼν
902 1150 992 1184 ῥίπτει

204 1193 302 1218 ἑαυτὸν
314 1193 354 1225 εις
372 1193 517 1227 πρόσωπον
533 1193 635 1219 κλαίων
647 1193 694 1219 καὶ
712 1193 800 1226 λέγων
813 1202 821 1209 υ
844 1190 907 1219 Ὧδε
925 1194 993 1220 ἀπο-

204 1239 315 1274 Θνήσκω
329 1241 368 1271 εις
382 1241 443 1271 τοὺς
456 1241 549 1273 ἁγίους
566 1241 649 1267 αὖιοῦ
665 1241 759 1272 πόδας,
772 1241 823 1271 ἕως
835 1238 866 1267 οὗ
881 1241 991 1267 ἀκούσω

205 1285 393 1320 συγχώρησιν.
412 1285 497 1312 ἸΝ-(λε
516 1287 544 1312 δὲ
568 1286 644 1321 αὑτῴ
665 1286 741 1321 φωνὴ
756 1286 873 1320 λέγουσα
892 1286 944 1317 ὅτι,
961 1287 992 1313 Et

205 1332 256 1366 μὲν
272 1332 351 1364 εἰδὼς
364 1332 442 1358 τυῦιιο
455 1333 587 1367 ἔπραξας,
601 1333 651 1358 οὐκ
668 1333 701 1358 ἄν
717 1341 765 1358 σου
776 1333 955 1367 συνεχωρήθη
976 1333 991 1367 ἡ

204 1378 330 1413 ἁμαρτία
341 1387 347 1392 ·
363 1379 457 1414 ἐπειδὴ
468 1379 494 1404 δὲ
512 1380 541 1404 ἐν
556 1379 653 1414 ἀγνοίᾳ
664 1378 806 1413 ἐποίησας,
822 1378 993 1413 ἀφεθήσεται

207 1433 262 1452 σοι.

1045 604 1142 632 fectant
1159 612 1220 631 esse
1240 605 1299 638 ejus
1326 604 1406 630 fidem
1426 610 1453 630 et
1468 604 1651 636 tolerantiam,
1665 610 1692 631 et
1712 612 1772 632 esse
1787 606 1829 633 di-

1044 658 1124 685 gnam
1142 657 1225 684 regno
1245 650 1391 682 caelorum,
1408 649 1514 684 accepit
1533 657 1592 676 eam
1617 650 1643 676 in
1659 654 1760 676 (eterna
1779 658 1828 685 pa«

1045 696 1127 723 radisi
1155 696 1342 727 tabernacula,
1372 697 1480 722 nemine
1502 696 1616 722 sciente.
1637 695 1703 722 Nam
1723 703 1786 722 cum
1806 696 1829 723 is

1044 741 1169 773 obiisset,
1191 745 1218 767 et
1235 748 1287 768 nec
1314 741 1494 775 egrederetur
1515 740 1549 767 ad
1566 741 1710 768 servitium
1732 749 1828 768 mona—

1045 787 1131 818 sterii,
1153 792 1242 814 etnec
1260 786 1292 813 ad
1314 787 1493 821 psalmodiam
1510 787 1623 821 regulre,
1640 788 1745 821 rogavit
1760 796 1828 821 prce-

1044 832 1133 859 t’ectus
1157 832 1265 864 fratres,
1293 833 1411 859 dicens:
1435 833 1487 860 Ubi
1512 838 1555 859 est
1583 833 1667 859 abbas
1692 833 1829 860 Marinus?

1044 877 1114 904 Ecce
1131 878 1204 904 enim
1217 878 1271 912 jam
1287 878 1481 912 przetericrunt
1496 882 1551 904 tres
1565 878 1634 909 dies,
1649 886 1681 905 ex
1696 887 1750 913 quo
1763 886 1827 905 cum

1044 931 1098 949 non
1123 923 1177 949 vidi
1198 924 1225 950 in
1244 923 1407 958 psalmodia.
1433 931 1522 958 neque
1545 923 1570 950 in
1591 931 1641 950 suo
1663 924 1829 951 ministerio.

1044 968 1152 995 Primus
1174 973 1277 1000 autem,
1293 970 1418 996 omnium
1443 969 1635 997 inveniebatur
1662 970 1688 996 in
1713 970 1828 1005 Regula.

1044 1013 1221 1047 [ingredimini
1246 1022 1310 1048 ergo
1335 1016 1393 1049 ejus
1419 1015 1526 1047 cellam,
1545 1020 1571 1041 vt
1594 1015 1696 1047 videte,
1717 1024 1782 1042 num
1802 1018 1828 1042 in

1044 1059 1163 1094 aliquam
1183 1060 1315 1086 ceciderit
1330 1060 1530 1094 :egritudinem.
1548 1059 1616 1087 Cum
1632 1065 1723 1103 auten.
1739 1061 1829 1088 venis-

1045 1111 1106 1133 sent
1120 1106 1219 1133 fratres
1234 1107 1261 1133 in
1282 1106 1378 1133 cellam
1407 1100 1502 1139 beatae.
1520 1107 1635 1142 ingressi
1661 1100 1829 1134 invenerunt

1044 1158 1104 1178 eam
1122 1155 1338 1178 consummatam
1352 1151 1379 1178 in
1396 1151 1524 1184 Domino,
1540 1157 1566 1178 ct
1579 1160 1693 1187 puerum
1714 1152 1738 1179 ei
1759 1153 1830 1179 assi-

1045 1197 1155 1225 dentem
1171 1201 1197 1223 et
1214 1197 1335 1226 flentem.
1353 1197 1431 1224 Tunc
1457 1205 1574 1232 propere
1597 1198 1700 1232 egressi
1718 1198 1829 1229 fratres.

1043 1243 1172 1278 praefecto
1195 1244 1401 1271 renuntiarunt.
1423 1245 1546 1272 dicentes
1562 1253 1569 1274 :
1586 1245 1681 1272 Frater
1710 1245 1830 1272 Marinus

1043 1290 1166 1317 dormiit.
1190 1290 1237 1317 llle
1261 1298 1327 1317 vero
1353 1298 1415 1317 cum
1437 1291 1580 1321 audiisset,
1606 1292 1722 1318 miratus
1738 1297 1780 1319 est
1802 1297 1830 1319 et

1042 1335 1112 1362 dixit
1129 1344 1135 1362 :
1153 1336 1297 1368 Quomodo
1324 1338 1441 1364 excessit
1463 1337 1523 1373 ejus
1546 1338 1647 1370 anima,
1676 1343 1723 1366 aut
1747 1347 1830 1373 quam

1044 1381 1100 1408 Deo
1117 1382 1251 1409 allaturus
1265 1387 1308 1409 est
1333 1384 1539 1410 excusationem
1557 1385 1590 1411 de
1606 1385 1639 1411 iis
1655 1393 1716 1420 qua:
1732 1394 1831 1420 pecca-

1043 1426 1101 1453 vit?
1118 1426 1196 1453 Tnnc
1218 1426 1253 1453 de
1274 1431 1375 1454 cmtero
1394 1427 1486 1461 jussit,
1511 1435 1542 1454 ut
1555 1428 1580 1454 ei
1604 1429 1677 1463 justa
1696 1429 1754 1456 face
1771 1434 1829 1456 ent.

203 1471 272 1499 Cum
288 1475 378 1498 autem
395 1471 535 1498 venissent
547 1470 657 1502 fratres,
680 1475 709 1497 ut
722 1478 784 1498 eum
799 1476 998 1505 componerent
1013 1471 1046 1498 ad
1069 1471 1271 1505 sepeliendum,
1286 1471 1451 1498 invenerunt
1464 1479 1527 1499 eum
1546 1480 1606 1499 esse
1622 1473 1762 1500 mulierem
1778 1482 1784 1499 :
1801 1479 1830 1500 et

204 1519 362 1554 stupefacti,
381 1523 525 1553 coeperunt
540 1526 637 1545 omnes
655 1526 708 1544 una
732 1526 798 1545 voce
812 1519 932 1546 clamare
949 1527 956 1545 :
974 1518 1099 1552 Domine,
1118 1519 1260 1546 miserere.
1277 1518 1427 1545 l‘ra-fectus
1447 1526 1510 1545 vero
1531 1527 1593 1546 cum
1610 1521 1755 1547 tuumltum
1779 1528 1831 1546 au-

204 1568 301 1595 diisset
315 1571 342 1594 et
357 1567 612 1597 conturbationem,
641 1567 757 1601 rogavit.
785 1566 882 1593 dicens
899 1575 906 1594 :
925 1567 1063 1599 Quidnam
1082 1567 1135 1593 hoc
1147 1566 1198 1593 sibi
1224 1566 1302 1593 vult?
1323 1566 1363 1592 llli
1379 1572 1469 1594 autem
1488 1557 1582 1594 dicunt
1597 1567 1622 1593 ei
1637 1576 1698 1594 eum
1712 1568 1832 1595 admira-

205 1615 279 1642 tione
295 1623 302 1641 ι
320 1614 415 1641 Frater
430 1619 522 1640 noster
537 1613 658 1640 Marinus
672 1618 714 1640 est
727 1621 792 1640 sexu
815 1613 925 1640 mulier.
945 1612 1014 1639 Cum
1033 1612 1154 1639 venisset
1174 1620 1240 1647 ergo
1255 1612 1412 1646 praefectus,
1430 1617 1457 1639 et
1472 1613 1586 1639 vidisset
1602 1621 1660 1640 rem
1679 1615 1830 1645 admirabi-

203 1663 256 1690 lem
279 1668 306 1690 ct
326 1668 423 1697 praeter
439 1662 609 1697 opinionem,
624 1669 653 1688 se
677 1661 753 1688 humi
771 1661 898 1696 projccit,
914 1665 941 1688 ct
956 1667 1053 1687 tenetis
1073 1661 1157 1696 pcdcs
1173 1660 1270 1692 beatae,
1289 1668 1351 1688 cum
1377 1660 1469 1686 multis
1485 1660 1612 1696 laerymis
1628 1661 1773 1694 clamabat,
1786 1662 1830 1690 di-

204 1718 270 1737 cens
287 1718 295 1737 :
314 1710 428 1745 Ignosce
443 1710 522 1740 mihi,
538 1709 654 1736 Domine
673 1709 736 1736 Jesu
757 1708 878 1740 Christe,
894 1707 968 1744 quod
991 1716 1043 1742 per
1066 1709 1249 1743 ignorantiam
1272 1709 1382 1743 peccavi
1400 1709 1426 1735 in
1445 1713 1566 1735 sanctam
1583 1712 1610 1735 ct
1632 1716 1735 1735 cas:am
1755 1714 1828 1738 luam

204 1764 343 1791 sponsam.
362 1756 396 1783 Et
410 1764 507 1783 rursus
518 1757 665 1790 procillens
679 1755 713 1782 ad
728 1755 899 1782 venerandas
915 1759 942 1781 et
955 1759 1067 1782 sanctas
1081 1756 1140 1791 ejus
1162 1756 1304 1790 reliquias,
1324 1756 1472 1788 clamabat,
1487 1756 1597 1785 dicens:
1615 1755 1664 1783 llic
1680 1757 1780 1783 moriar
1795 1758 1828 1784 ad

205 1808 315 1830 sanctos
326 1807 354 1829 et
369 1803 541 1830 venerandos
561 1808 623 1829 tuos
645 1802 738 1837 pedes.
757 1803 843 1828 donec
859 1802 974 1828 audiero
990 1802 1056 1828 mihi
1069 1809 1128 1829 esse
1150 1802 1303 1829 condonata
1318 1810 1349 1830 ea
1362 1811 1422 1838 qua:
1439 1803 1466 1829 in
1483 1807 1508 1830 tc
1526 1803 1645 1838 peccavi.
1663 1803 1731 1831 Cum
1750 1804 1772 1830 is
1782 1812 1827 1831 au-

207 1855 260 1877 tem
276 1849 322 1876 diu
339 1849 454 1877 deﬁeret
469 1854 497 1877 et.
517 1849 669 1885 plangeret,
688 1849 763 1876 venit
780 1849 812 1875 ad
833 1855 896 1875 eum
917 1856 968 1875 vox
992 1847 1026 1875 de
1049 1849 1130 1880 coelo,
1148 1849 1245 1876 dicens
1261 1858 1268 1876 z
1286 1849 1313 1876 Si
1330 1850 1381 1878 hoc
1402 1850 1513 1884 quidem
1530 1850 1620 1878 sciens
1636 1850 1669 1877 fet
1680 1852 1756 1882 isses,
1774 1859 1828 1880 non

206 1895 255 1923 tibi
268 1894 485 1928 condonassem;
501 1896 565 1931 quia
580 1901 671 1922 autem
687 1895 814 1921 nesciens
831 1894 882 1921 hoc
899 1894 1002 1927 fecisti,
1019 1900 1162 1930 peccatum
1181 1895 1233 1922 fuit
1252 1895 1301 1922 tibi
1317 1896 1512 1923 condonatum.

242 1952 282 1981 H'.
299 1954 353 1980 Καὶ
378 1953 501 1988 ἐγερθεὶς
519 1953 595 1987 δηλοῖ
611 1953 650 1986 τῷ
673 1952 819 1987 πανδοχεῖ·
844 1952 890 1978 xa‘:
905 1952 993 1978 εἰσελ-
1007 1956 1029 1985 c
1083 1953 1099 1980 V

972 1959 993 1977 Α·
1007 1956 1029 1985 c
1083 1953 1153 1980 V'lll.
1176 1953 1253 1980 Tunc
1267 1961 1383 1989 surgens
1401 1954 1546 1988 praefectus
1561 1962 1574 1980 τι
1590 1954 1754 1982 venerandis
1770 1955 1829 1990 ejus

205 1997 298 2029 οόντος
322 1999 405 2024 αὑτοῦ
426 1998 517 2032 λέγει’
540 1998 607 2024 Ἰδοὺ
621 1998 635 2023 ὁ
654 1998 777 2032 Μαρῖνος
793 1997 940 2032 ἐκοιμήθη.
961 1997 992 2023 '0
1046 2008 1062 2027 ιη

971 1998 992 2023 0
1046 2001 1180 2036 reliquiis,
1192 2002 1283 2028 statim
1299 2002 1373 2029 misit
1386 2002 1419 2029 ad
1432 2001 1590 2037 praefectum
1607 2002 1762 2034 diversorii,
1786 2004 1827 2030 di-

203 2044 232 2073 at
247 2045 339 2078 λέγει·
358 2045 387 2071 Ὀ
402 2045 466 2075 Θεὸς
484 2045 659 2079 συγχωρήσει
677 2043 760 2077 αὐτῷ,
773 2043 814 2070 ὅτι
830 2043 934 2078 ἔρημον
947 2043 993 2069 τὸν

204 2087 278 2117 οἶκόν
292 2099 343 2125 μου
353 2089 492 2125 ἐποίησεν.
505 2090 587 2123 Λέγει
597 2089 672 2124 αὐτῷ
687 2089 701 2115 ὁ
716 2088 868 2123 ἡγούμενος
879 2095 885 2102 ·
899 2089 992 2115 Meta-

204 2136 311 2172 νᾶησον,
347 2136 457 2170 ἁδελφὲ,
486 2137 528 2162 ὅτι
554 2136 679 2171 ἥμαρτες
705 2135 822 2162 ἐνώπιον
851 2134 899 2161 τοῦ
923 2134 991 2161 Θεοῦ

205 2182 278 2218 me
293 2183 326 2210 σὺ
349 2182 452 2217 ἐπῆρες
476 2182 532 2215 τοῖς
563 2181 652 2216 λόγοις
678 2189 744 2208 σου·
764 2181 778 2207 ὁ
803 2181 858 2217 γὰρ
872 2182 992 2217 Μαρίνος

204 2230 274 2265 γυνή
291 2230 377 2257 ἐστιν.
393 2229 448 2257 Καὶ
459 2229 588 2262 ἐπιγνοὺς
600 2229 680 2255 τοῦτο
694 2230 707 2256 ὸ
725 2228 825 2262 πάνδοξ
839 2227 935 2263 ἐξέστη
946 2228 993 2255 καὶ

205 2275 315 2308 ὲδόξασε
332 2276 378 2303 τὸν
394 2275 472 2303 Θεὸν.
488 2276 543 2303 Καὶ
572 2275 638 2308 ἰδοὺ,
658 2276 686 2302 ὲν
698 2275 778 2311 ὀλίγῃ
793 2276 852 2309 ἄρα
875 2274 993 2310 παραγί-

205 2330 280 2348 νεται
298 2323 314 2355 ὴ
332 2322 455 2358 Θυγάτηρ
469 2322 552 2350 αὑτοῦ
567 2322 736 2357 ἐλεγχομένη
750 2322 798 2348 καὶ
809 2321 927 2355 λέγουσα
943 2321 992 2356 τὴν

205 2368 345 2403 ἀλήθειαν,
362 2369 403 2394 ὃτι
421 2369 450 2395 '0
466 2368 636 2403 στρατιώτης
649 2368 768 2402 ἐπάτησὲ
796 2376 840 2402 με,
854 2369 901 2393 καὶ
915 2367 994 2401 ἐμία-

205 2422 246 2445 νε,
264 2414 313 2439 καὶ
344 2415 513 2448 παραχρῆμα
535 2415 608 2448 ἰάθη.
627 2414 681 2440 Καὶ
703 2413 829 2443 λαϐόντες
843 2413 866 2438 οἱ
882 2412 993 2446 ἀδελφοὶ

204 2460 234 2486 τὸ
244 2459 370 2494 λείψανον
378 2459 426 2493 τῆς
442 2460 516 2490 ὁσίας
529 2460 649 2492 Μαρίας,
664 2459 830 2495 μυρίςαντες
847 2458 992 2485 κατέθεντο

204 2507 233 2534 ἐν
251 2506 328 2541 τόπῳ
341 2506 433 2540 σεμνῷ
450 2505 519 2540 μετὰ
546 2506 637 2539 πάσης
663 2506 832 2540 ὁωροςρορίας
844 2525 852 2536 ,
875 2504 994 2540 Χριστὸν

204 2553 390 2588 ἀιδυμνοῡντες
403 2553 447 2579 τὸν
463 2553 578 2588 Σωτῆρα
594 2552 648 2578 τῶν
665 2553 804 2585 ἁπάντων,
819 2553 864 2579 τὸν
885 2552 929 2579 ἀεὶ
948 2552 992 2578 δο-

205 2600 319 2632 ξάζοντα
344 2600 407 2631 τοὺς
435 2599 598 2632 δοξάζοντας
622 2599 715 2626 αὐτόν.
733 2599 811 2634 Αὐτῷ
837 2600 853 2634 ἡ
875 2600 939 2632 δόξα
952 2601 992 2631 εις

203 2646 267 2677 τοὺς
280 2646 381 2677 αἰῶνας
399 2646 454 2674 τῶν
471 2645 588 2673 αἰώνων.
604 2646 705 2681 Ἀμήν.

1043 2054 1132 2074 cens:
1149 2047 1216 2074 Veni
1233 2048 1289 2074 cito
1309 2047 1342 2074 ad
1367 2056 1428 2080 nos,
1450 2055 1513 2075 nam
1538 2052 1564 2075 te
1587 2048 1651 2075 volo
1671 2048 1828 2076 convenire.

1042 2094 1110 2121 Cum
1128 2099 1219 2120 autem
1242 2094 1365 2121 venisset
1379 2093 1525 2128 praefectus
1540 2094 1698 2125 diversorii,
1715 2094 1783 2123 dicit
1802 2096 1828 2122 ei

1043 2141 1190 2176 prazfectus
1215 2141 1374 2169 monasterii
1398 2149 1405 2169 :
1438 2142 1509 2169 Ecce
1531 2141 1617 2169 frater
1641 2141 1763 2170 Marinus
1787 2146 1830 2169 est

1043 2193 1180 2215 mortuus.
1195 2186 1219 2214 Is
1236 2195 1302 2215 vero
1318 2187 1386 2215 dicit
1403 2188 1534 2223 przefecto
1549 2189 1709 2216 monasterii
1729 2196 1736 2216 :
1758 2189 1831 2216 Deus

1041 2235 1067 2261 ei
1091 2234 1228 2261 condonet
1245 2232 1272 2260 id
1287 2233 1362 2269 quod
1388 2233 1454 2261 fecit
1476 2234 1503 2260 in
1525 2234 1659 2269 abjectam
1685 2242 1773 2261 meam
1800 2235 1831 2261 ri-

1044 2279 1118 2306 liam.
1135 2279 1207 2306 Dicit
1222 2279 1247 2306 ei
1265 2279 1413 2313 praefectus
1428 2279 1588 2306 monasterii
1612 2287 1620 2305 :
1638 2280 1829 2306 Pmnitcntiam

1043 2333 1102 2360 age,
1123 2333 1140 2352 ο
1164 2325 1258 2352 frater.
1288 2325 1356 2351 Nam
1370 2326 1488 2359 peccasti
1506 2333 1598 2351 coram
1624 2325 1690 2352 Deo.
1709 2325 1761 2352 Sed
1787 2333 1830 2353 tne

1042 2375 1153 2402 quoque
1167 2368 1221 2394 tuis
1233 2368 1324 2395 verbis
1336 2368 1482 2402 decepisti,
1493 2373 1521 2394 et
1534 2369 1643 2403 peccavi
1656 2377 1706 2402 ego
1719 2378 1829 2405 quoque

1043 2418 1155 2448 propter
1175 2418 1211 2440 te.
1229 2413 1300 2441 Ecce
1315 2414 1388 2441 enim
1406 2414 1526 2441 Marinus
1548 2422 1643 2442 revera
1661 2422 1704 2443 est
1716 2417 1828 2444 mulier.

1042 2459 1110 2486 Cum
1122 2458 1180 2486 haec
1196 2464 1287 2487 autem
1304 2460 1454 2487 audivisset
1469 2461 1613 2495 prmfectus
1632 2461 1786 2495 diversorii,
1801 2468 1829 2490 et

1043 2505 1166 2541 praefecti
1177 2506 1270 2532 verbis
1285 2505 1382 2533 fuisset
1392 2506 1611 2541 obstupefactus,
1624 2508 1722 2535 mansit
1735 2514 1829 2536 mutas

1043 2557 1071 2580 et
1094 2551 1240 2586 attonitus,
1258 2552 1327 2579 Eum
1352 2559 1418 2580 vero
1435 2561 1517 2580 manu
1532 2554 1740 2588 apprehendens
1757 2563 1828 2590 pra:-

1044 2599 1133 2627 fectus
1146 2599 1316 2631 monasterii,
1335 2599 1414 2626 duxit
1428 2607 1493 2627 eum
1508 2600 1535 2627 in
1549 2601 1651 2633 locum,
1669 2601 1696 2628 in
1712 2610 1767 2636 quo
1788 2603 1829 2637 ja«

1009 2637 1031 2664 Ῑ)
1046 2645 1126 2673 cebat
1141 2645 1220 2672 beata
1233 2645 1317 2672 Maria
1335 2654 1343 2673 :
1360 2650 1387 2672 et
1406 2653 1468 2673 cum
1485 2654 1544 2673 eam
1559 2647 1674 2674 honeste
1687 2652 1715 2674 et
1729 2647 1828 2674 decore

203 2692 321 2718 locasset
335 2699 366 2720 ac
382 2693 596 2727 composuisset.
610 2693 634 2719 ei
659 2690 780 2719 ostendit
797 2692 883 2726 ipsam
904 2699 965 2720 esse
985 2699 1052 2720 sexu
1070 2692 1211 2724 feminam,
1231 2697 1259 2719 et
1274 2700 1334 2719 eam
1356 2692 1441 2720 fuisse
1457 2697 1560 2720 temere
1577 2693 1731 2720 maledictis
1746 2701 1829 2728 appe-

205 2741 293 2767 titam.
312 2738 389 2766 Tunc
407 2742 491 2774 cmpit
510 2740 655 2768 diversorii
679 2747 790 2775 quoque
815 2741 961 2775 pra-fectus
986 2740 1088 2768 deﬂere
1108 2745 1223 2775 propter
1244 2741 1417 2775 inopinatum
1438 2741 1472 2768 ab
1494 2749 1528 2768 eo
1547 2741 1634 2767 visum
1650 2740 1826 2771 miraculum,

205 2788 269 2815 Post
284 2787 342 2814 [nec
353 2791 443 2815 autem
457 2788 529 2822 justa
545 2788 670 2815 fecerunt
696 2789 799 2816 sanetis
814 2793 842 2815 et
857 2787 1022 2816 venerandis
1040 2788 1100 2823 ejus
1118 2788 1253 2823 reliquiis,
1269 2793 1297 2815 et
1320 2788 1506 2823 deposuerunt
1524 2788 1549 2814 in
1569 2788 1667 2821 insigni
1685 2787 1745 2814 loco
1767 2796 1827 2814 mo-

205 2835 328 2867 nasterii,
344 2843 406 2862 cum
425 2836 536 2869 psalmis
552 2842 579 2862 ct
598 2837 706 2872 hymnis
723 2841 750 2863 et
769 2837 863 2863 multis
887 2837 1049 2867 luminibus,
1066 2842 1163 2863 octavo
1178 2837 1280 2863 mensis
1303 2835 1443 2862 Februarii
1473 2836 1570 2862 Statim
1585 2843 1649 2862 vero
1672 2835 1746 2862 venit
1771 2836 1827 2863 tilia

206 2885 326 2920 ρωποςιί
349 2884 494 2911 diversorii
512 2892 526 2911 a
549 2885 672 2913 daemone
691 2889 828 2920 correpta,
846 2890 874 2912 et
899 2886 1034 2913 confitens
1054 2893 1163 2912 omnem
1184 2885 1337 2918 veritatem,
1359 2889 1386 2911 et
1405 2883 1499 2911 (licens
1516 2892 1522 2910 :
1543 2883 1615 2910 Talis
1631 2883 1709 2910 miles
1726 2891 1768 2910 me
1786 2884 1828 2911 fe-
