2170 3148
222 182 274 214 361
701 179 790 210 VITA
813 179 865 208 SS.
888 175 1073 208 MAURITII

988 175 1073 206 lITII
1095 175 1142 204 ET
1163 174 1371 206 SOCIORUM.
1793 180 1845 210 362

224 239 313 275 τιμῶν
330 237 462 273 μειζόνων
485 236 605 270 ἀξιωοῇς
631 235 698 271 παρ’
712 234 805 270 ἡμῶν.
829 234 859 261 ’0
880 234 908 260 δὲ
932 233 1009 266 ἅγιος
1026 236 1046 264 Α
1063 238 1079 257 n

987 241 1009 263 ως
1026 236 1046 264 Α
1063 238 1115 257 nus
1131 231 1306 258 consiliarius
1322 233 1434 268 reliquis
1448 235 1501 262 tuis
1515 235 1647 263 militibus
1663 236 1697 263 de
1709 236 1763 264 diis
1779 239 1844 264 ado-

223 286 357 316 Φίλιππος
371 282 448 310 εἶπεν
459 291 466 298 ·
492 281 564 315 Ἐγὼ
578 281 731 317 σὺμὸουλος
752 280 870 316 πονηρὸς
885 280 917 306 οὺ
929 280 1008 314 γενή-

223 340 307 366 σομαι
324 332 382 362 τοῖς
409 328 648 363 αὑτοπροαιρέτως
663 326 836 362 δδηγηθεῐσιν
853 327 894 358 είς
906 326 952 352 τὸν
964 325 1011 360 qd-

223 378 270 404 εον
288 376 335 402 τοῦ
347 375 476 411 ἀληθινοῦ
495 374 575 406 Θεοῦ,
592 373 687 408 ἐπειδὴ
701 373 877 409 γέγραπται”
899 382 908 398 ι
928 372 1010 404 Οὐαὶ,

221 423 256 450 δι’
270 420 300 451 οὗ
312 423 342 450 τὸ
357 423 443 449 κακον
473 421 601 456 ερχεταιί
624 430 633 447 ι
649 420 819 455 Μαξιμιανδς
850 416 926 445 εἷπεν
939 426 946 434 ·
975 418 1012 444 To

223 469 399 504 μακρωυμον
409 468 458 503 τῆς
465 468 605 503 ἡμετέρας
622 467 797 498 ἀνεξικακίας
810 465 1012 500 τολμηρότερον

223 524 252 542 σε
269 514 431 549 πεποίηκεν,
463 513 593 540 “Imm.
619 513 664 548 Μὴ
688 510 736 539 οὖν
767 511 927 546 ἐπιμείνητε
953 512 1012 541 τοῖς

223 561 327 591 αὐτοῖς,
353 561 397 586 ἵνα
428 559 466 594 μὴ
487 559 599 590 δικαίως
614 558 662 594 τὴν
678 558 757 593 δίκην
771 557 832 585 καθ’
849 557 927 591 ὑμῶν
943 565 1013 592 τιαρ-

222 607 362 642 ωτρύνητε
379 606 426 633 καὶ
441 606 555 640 γένησθε
570 606 670 640 δεῖγμα
690 605 739 640 τῆς
754 605 892 640 ἡμετέρας
909 605 1013 638 ἀγανα-

221 653 329 688 κτήσιω
337 662 354 685 ι,
363 651 716 687 τολμῶντες,όνομάξειντὸν
725 650 788 685 παρ’
795 650 870 684 ὑμῶν
879 649 1014 677 Geo-noted—

221 706 302 732 μενον
325 698 478 733 ἄνθρωπον.
495 697 705 733 ’Δποκριθέντες
721 696 749 723 δὲ
777 696 802 723 οἱ
815 696 887 729 ἃγιοι
900 696 1016 731 ἑϐδομή·

220 752 300 770 κοντα
327 742 404 770 εἷπον
428 743 468 778 τῷ
497 743 640 778 τυράννῳ·
675 741 705 769 'H
741 741 881 774 κενόδοξος
913 742 1013 776 ἀπειλὴ

218 790 267 825 τῆς
308 790 370 822 σῆς,
407 789 530 825 βασιλεῦ,
561 788 704 824 βδελυρίας
731 788 847 823 δύναμιν
875 786 906 820 ιε
931 787 1014 822 ’ὑψους

219 836 285 870 ἡμῖν
310 836 468 871 χαρίζεταιο
495 837 527 862 οὐ
560 835 616 871 γὰρ
639 835 739 862 ἐνοικεῖ
770 834 853 870 φόϐος
876 833 1014 869 βασάνων,

220 882 260 913 είς
280 881 400 910 διάνοιαν
424 881 544 917 βεϐαίων
565 882 620 908 τῶν
638 880 811 916 ἀγαπώντων
825 880 870 908 τὸν
885 880 999 916 Κύριον.

257 1016 303 1048 ς’.
339 1015 406 1042 Τότε
430 1017 445 1043 ὸ
485 1016 612 1051 βασιλεὺς
655 1016 825 1052 Μαξιμιανδς
870 1017 1012 1044 ἐκέλευσεν

219 1060 405 1096 ἀφαιρεθῆναι
440 1062 496 1089 τῶν
526 1062 613 1096 ἀγίων
649 1063 836 1098 ἑϐδομήκοντα
860 1063 891 1090 τὸ
919 1063 1012 1098 σχῆμα

217 1106 267 1140 τῆς
289 1107 434 1142 στρατείας
481 1108 530 1134 καὶ
556 1107 676 1142 κοπῆναι
705 1106 796 1134 αὐτῶν
834 1107 884 1138 τὰς
922 1107 1012 1140 ζώνας

220 1152 269 1178 καὶ
308 1152 485 1187 παραστῆναι
508 1152 585 1188 αὐτῷ
606 1154 675 1188 μετὰ
689 1153 791 1187 πολλῆς
811 1153 935 1189 ἀτιμίας.
957 1153 1012 1180 Καὶ

219 1197 306 1224 ταῦτα
331 1198 385 1225 τῶν
410 1199 592 1226 ὑπασπιστῶν
621 1199 692 1234 μετὰ
719 1199 819 1226 πολλοῦ
840 1200 888 1226 τοῦ
912 1200 1011 1235 τάχους

217 1242 461 1278 διαπραξαμένων,
476 1243 528 1280 εφη
549 1244 617 1279 πρὸς
633 1245 734 1276 αὐτοὺς
751 1245 766 1271 ὁ
779 1245 910 1280 τύραννος
922 1266 930 1278 ,
947 1245 1010 1278 Ἱδε,

217 1289 276 1321 οἵας
291 1291 405 1324 ἀτιμίας
421 1290 532 1325 ἐτύχετε
545 1290 590 1317 διὰ
601 1291 653 1326 τὴν
670 1291 813 1318 ἀπείθειαν
829 1291 916 1324 ὑμῶν.
935 1291 966 1318 Oi
982 1291 1009 1317 δὲ

217 1334 292 1368 ἅγιοι
304 1333 382 1361 εἶπεν
399 1335 467 1370 πρὸς
481 1336 526 1361 τὸν
542 1335 676 1371 τύραννον
688 1344 694 1351 ι
713 1336 745 1362 Εἰ
760 1335 808 1362 καὶ
820 1335 864 1368 σὺ,
878 1336 916 1367 ὡς
932 1337 1010 1370 νομί-

217 1382 287 1414 ζεις,
303 1382 432 1414 ἐξέδυσας
447 1383 532 1417 ἡμᾶς,
550 1383 615 1410 ἀλλ’
626 1382 700 1409 ἐστιν
714 1384 728 1409 ὀ
743 1383 809 1414 Θεὸς
827 1383 906 1418 ἡμῶν
921 1384 949 1410 ὲν
967 1383 1011 1410 οὑ-

219 1429 325 1462 ρανοίς,
358 1425 380 1462 ᾧ
405 1428 587 1464 λατρεὺομεν,
618 1429 718 1456 ὲνδύων
740 1430 813 1464 ἡμᾶς
840 1429 937 1464 στολὴν
962 1430 1011 1465 τῆς

217 1475 331 1501 αἰωνίου
354 1474 444 1509 δόξης,
464 1475 497 1510 ἢν
519 1475 600 1507 αὐτὸς
623 1475 684 1501 οὐδὲ
703 1475 813 1502 ἀκούειν
836 1475 1010 1511 καθέστηκας

216 1521 293 1554 ἄξιος
310 1521 355 1547 διὰ
371 1521 416 1547 τὸν
432 1522 554 1548 Σατανᾶν
563 1522 609 1548 τὸν
624 1521 731 1557 πατέρα
749 1530 807 1554 σου,
820 1522 865 1548 τὸν
878 1522 1009 1550 λαλοῦντα

217 1567 246 1592 ὲν
260 1567 314 1594 σοί.
332 1567 398 1594 Τότε
411 1567 548 1602 θυμωθεὶς
566 1569 580 1594 ὁ
597 1567 728 1603 τύραννος
744 1566 838 1596 εἶπεν·
852 1567 887 1596 Ὠ
904 1569 1009 1605 μιαρώ-

1064 275 1169 307 randis,
1185 282 1216 303 ut
1229 277 1331 312 majora
1342 278 1412 306 dona
1429 285 1458 307 et
1476 280 1594 308 honores
1610 289 1625 309 a
1639 283 1720 310 nobis
1749 291 1850 311 conse-

1063 323 1168 357 quaris.
1185 323 1259 350 Dixit
1275 329 1386 352 sanctus
1401 325 1544 361 Philippus
1556 336 1564 354 :
1578 327 1678 355 Notum
1696 330 1746 357 tibi
1769 331 1816 362 sit,
1832 339 1848 358 0

1064 369 1224 403 imperator,
1240 377 1283 397 me
1300 378 1355 397 non
1388 372 1511 399 futurum
1539 373 1641 400 malum
1661 376 1848 404 consiliarium

1064 415 1100 441 iis
1112 415 1159 449 qui
1174 422 1224 442 sua
1238 420 1336 450 sponte
1364 416 1475 444 deducti
1492 424 1556 445 sunt
1582 420 1616 446 ad
1635 420 1761 449 timorem
1791 423 1849 450 veri

1065 460 1125 488 Dei.
1142 460 1281 496 Scriptum
1289 467 1332 490 est
1344 463 1418 490 enim
1429 464 1439 479 ³
1451 464 1525 492 :«Va:
1538 465 1573 495 ei.
1591 473 1640 500 per
1655 474 1735 502 quem
1749 469 1850 496 malum

1064 508 1148 535 venit.
1166 517 1176 534 ι
1199 508 1430 543 Dixitimperator
1441 509 1620 540 Maximianus
1635 521 1644 541 ς
1662 512 1772 541 Lenitas
1800 523 1851 542 no-

1065 558 1128 582 stra:
1142 555 1279 590 patientiae
1297 561 1323 582 te
1338 556 1511 585 audaciorem
1529 558 1629 590 ellecit,
1659 567 1677 587 ο
1715 560 1850 597 Philippe.

1065 599 1154 627 Nolite
1173 607 1238 635 ergo
1256 601 1283 628 in
1295 601 1484 635 bisinsistere,
1498 611 1532 631 ne
1552 605 1640 640 justas
1653 614 1748 641 poenas
1761 609 1788 636 in
1803 617 1851 638 vos

1066 644 1181 673 irritetis
1196 650 1224 673 et
1239 647 1362 675 evadatis
1370 649 1524 684 exemplum
1536 656 1636 679 nostra:
1646 652 1849 688 indignationis.

1066 691 1199 720 audentes
1214 693 1357 722 nominare
1375 695 1527 728 hominem,
1545 698 1619 732 quia
1645 700 1723 728 vobis
1742 706 1783 728 est
1807 710 1852 729 re-

1066 737 1137 765 latus
1151 738 1177 765 in
1188 738 1266 766 deos.
1286 740 1494 776 Respondentes
1504 750 1570 770 vero
1583 745 1669 772 sancti
1679 748 1850 782 septuaginta

1067 789 1211 820 martyres,
1227 785 1356 814 dixerunt
1382 791 1498 823 tyranno
1520 789 1697 825 imperatori:
1723 793 1805 822 Vana:
1823 800 1852 822 et

1066 831 1162 860 inanes
1203 834 1325 866 minimo
1351 835 1511 870 imperator,
1546 842 1599 866 tua
1628 839 1850 875 abominationis,

1066 878 1195 906 virtutem
1221 880 1301 908 nobis
1333 888 1366 908 ex
1381 882 1437 909 alto
1451 883 1616 918 largiuntur.
1634 886 1693 914 Non
1716 888 1790 916 enim
1807 890 1850 916 in-

1023 925 1043 951 B
1058 925 1182 960 greditur
1192 929 1241 953 aut
1260 926 1398 955 inhabitat
1413 934 1503 956 metus
1520 934 1719 960 tormentorum
1735 933 1762 961 in
1780 935 1850 962 bona

1064 975 1155 999 mente
1171 974 1199 998 et
1214 972 1305 999 stabili
1324 980 1420 1001 e0rum
1436 974 1483 1008 qui
1499 975 1618 1011 diligunt
1639 977 1797 1007 Dominum.

1103 1016 1147 1044 Vl.
1169 1016 1249 1045 Tunc
1264 1019 1447 1048 Maximianus
1477 1021 1627 1057 imperator
1653 1024 1733 1052 valde
1753 1026 1849 1061 iratus,

1060 1063 1142 1099 jussit
1155 1065 1258 1093 auferri
1283 1074 1297 1094 a
1313 1068 1418 1095 sanctis
1435 1070 1608 1105 septuaginta
1624 1071 1758 1100 militibus
1773 1074 1852 1102 babi-

1065 1113 1121 1137 tum
1144 1111 1259 1144 militiae,
1281 1118 1310 1140 et
1332 1114 1373 1141 eis
1388 1113 1511 1142 abseindi
1535 1124 1628 1149 zonas,
1645 1122 1673 1145 et
1687 1118 1787 1147 deinde
1808 1121 1850 1148 sic

1063 1164 1111 1184 eos
1121 1157 1155 1184 ad
1169 1158 1256 1193 ipsum
1283 1159 1383 1187 adduci
1403 1168 1465 1188 cum
1482 1169 1578 1196 magna
1590 1162 1749 1198 ignominia.
1766 1165 1849 1193 Cum-

1063 1210 1118 1238 que
1145 1203 1202 1232 ha'c
1232 1212 1328 1241 magna
1355 1206 1495 1234 celeritate
1517 1208 1676 1237 effecissent
1707 1212 1848 1245 satellites,

1062 1249 1129 1277 dixit
1140 1251 1182 1278 eis
1194 1255 1326 1287 tyrannus
1344 1262 1351 1281 :
1365 1253 1470 1286 Videte,
1482 1262 1497 1282 a
1513 1256 1587 1289 quali
1604 1256 1689 1291 gloria
1705 1258 1848 1287 ethonorc

1061 1295 1213 1328 excidislis,
1239 1301 1268 1323 ct
1299 1299 1379 1332 quale
1415 1299 1493 1327 vobis
1520 1301 1651 1336 obtigerit
1680 1303 1801 1332 dedecus
1820 1312 1848 1333 et

1062 1343 1232 1377 contemptio
1249 1348 1362 1378 propter
1378 1350 1496 1372 vestram
1513 1346 1738 1378 inobedientiam.
1754 1351 1846 1379 Sancti

1062 1386 1192 1415 dixerunt
1218 1393 1334 1424 tyranno
1351 1399 1357 1417 :
1376 1390 1487 1419 Etiamsi
1505 1397 1544 1425 tu,
1564 1398 1593 1420 ut
1620 1395 1772 1429 existimas,
1796 1406 1847 1426 nos

1061 1431 1162 1460 cxuisti
1176 1432 1271 1461 habitu
1298 1435 1413 1469 militiae,
1431 1441 1460 1464 ct
1474 1437 1616 1466 abseidisti
1632 1448 1716 1468 zonas
1727 1448 1847 1475 nostras.

1061 1481 1103 1504 est
1117 1477 1190 1506 Deus
1218 1483 1312 1507 noster
1332 1481 1359 1508 in
1381 1482 1468 1513 ccelis,
1479 1490 1561 1517 quem
1578 1485 1705 1519 colimus,
1722 1488 1770 1522 qui
1797 1497 1848 1517 nos

1061 1524 1153 1552 induit
1164 1526 1289 1554 vestibus
1309 1531 1338 1554 et
1351 1529 1430 1556 zonis
1447 1529 1614 1565 incorrupta:
1628 1537 1656 1559 et
1668 1537 1777 1562 εισι-ητις
1787 1536 1848 1572 ejus

1060 1569 1164 1604 gloriae,
1181 1579 1263 1606 quam
1280 1573 1338 1608 ipse
1351 1581 1406 1601 non
1425 1582 1454 1602 es
1466 1576 1565 1610 dignus
1581 1578 1674 1606 videre
1685 1584 1733 1607 aut
1750 1569 1846 1610 audire

217 1621 295 1640 τατοι
323 1614 369 1640 καὶ
391 1615 441 1649 τῆς
465 1614 521 1641 τῶν
540 1614 609 1642 θεῶν
633 1614 778 1648 εὐμενείας
792 1615 908 1648 ἀνάξιοι,
927 1615 1007 1651 ὑμεῖς
1019 1610 1042 1641 C
1059 1621 1074 1648 ρ

989 1617 1007 1648 ῖς
1019 1610 1042 1641 C
1059 1620 1173 1649 propter
1191 1616 1318 1643 Satanam
1334 1621 1440 1652 patrem
1467 1623 1555 1653 tuum,
1573 1622 1658 1656 quiin
1676 1629 1702 1651 te
1722 1624 1846 1662 loquitur

218 1659 351 1693 γεγόνατε
371 1661 418 1694 τῆς
437 1660 542 1688 ἑαυτῶν
565 1661 680 1696 ἀτιμίας
701 1662 837 1696 πρόφασις
851 1669 857 1677 ·
876 1661 905 1694 ἐξ
930 1663 1008 1697 ἡμῶν

218 1707 274 1741 γὰρ
291 1707 462 1742 τιμηθέντες,
479 1707 600 1738 καὶτοὺς
616 1707 694 1738 θεοὺς
709 1707 880 1742 ὲνυσρίσατε,
897 1707 1008 1741 καὶτῆς

220 1753 360 1787 ἡμετέρας
378 1753 469 1788 φιλίας
487 1754 722 1789 κατεφρονήσατε.
752 1754 960 1789 Ἀποκριθέντες
983 1755 1008 1780 ιιι

220 1799 294 1831 ἅγιοι
311 1796 386 1825 εἷπον
397 1799 436 1833 τῷ
448 1799 572 1835 τυράννῳ
582 1809 588 1815 ·
612 1800 645 1827 'ﬂ
659 1800 789 1836 στρατεία
800 1809 858 1834 σου,
869 1801 906 1832 ὡς
925 1800 1008 1835 μηδὲν

220 1845 332 1878 ἔχουσα,
351 1846 530 1880 παρέρχεται,
549 1846 596 1873 καὶ
624 1847 640 1881 ἡ
670 1846 797 1882 παροῦσα
820 1845 887 1881 τιμὴ
910 1846 1008 1880 ἀτιμία

222 1891 264 1917 σοί
289 1892 373 1924 ἐστιν,
394 1892 489 1928 ἐπειδὴ
514 1892 561 1919 τοῦ
584 1893 730 1925 δεδωκότος
755 1901 796 1919 σοι
814 1893 864 1928 τὴν
882 1892 1007 1924 ἐξουσίαν

220 1936 353 1964 ἐπελάθου
381 1938 460 1970 Θεοῦ,
479 1939 513 1965 τά
539 1939 568 1965 δὲ
594 1939 686 1974 ἄψυχα
705 1939 813 1970 εἴδωλα,
827 1939 861 1965 τὰ
882 1938 918 1973 μὴ
937 1938 1008 1972 ὡφε-

217 1982 315 2010 λοῦντα
347 1983 390 2010 διὰ
421 1984 452 2011 τὸ
483 1984 520 2020 μὴ
561 1985 708 2018 γινώσκειν
732 1986 778 2012 τὸν
790 1984 912 2019 τιμῶντα
937 1984 1007 2010 αὺτά

217 2030 265 2056 καὶ
284 2029 443 2065 ὑϐρίζοντα,
454 2031 577 2065 ἀνοήτως
588 2031 730 2062 θεοποιεῖς.
741 2030 770 2056 '0
777 2030 909 2065 τύραννος
918 2027 1007 2057 αἰπενν

215 2076 266 2103 Διά
296 2076 346 2111 τὴν
376 2076 582 2110 φιλανῡρωπίαν
612 2077 662 2112 τῆς
691 2076 828 2112 ἡμετέρας
867 2076 1007 2110 βασιλείας

216 2123 375 2158 φειδόμενος
402 2123 480 2158 ὑμῶν
507 2124 556 2151 καὶ
581 2123 743 2158 βουλόμενος
776 2123 1007 2159 περιποιήσασθαι

215 2170 266 2205 τὴν
298 2169 370 2205 ζωὴν
385 2170 474 2205 ὑμῶν,
498 2170 539 2197 ἔτι
554 2172 685 2207 ἀνέχομαι
701 2171 790 2206 ὑμῶν.
811 2171 864 2198 Καὶ
880 2170 1006 2198 ἐκέλευσε

214 2217 289 2252 τρεῖς
306 2216 411 2251 ἡμέρας
429 2217 593 2253 ἁποτεθῆναι
611 2218 708 2245 αὐτώ·
729 2219 758 2244 ὲν
772 2218 805 2253 τῇ
826 2218 943 2253 φρουρᾷ,
962 2218 1004 2243 ἵνα

213 2264 245 2290 τὸ
261 2264 402 2299 συμφέρον
428 2263 640 2298 βουλεύσωνται.

1059 1664 1086 1687 et
1107 1666 1247 1695 operatur.
1279 1662 1355 1690 Tunc
1384 1665 1461 1692 valde
1486 1665 1573 1694 iratus
1606 1672 1747 1704 tyrannus.
1776 1673 1846 1700 dixit

1060 1707 1161 1734 sanctis
1175 1715 1183 1735 :
1197 1706 1220 1734 0
1244 1710 1405 1737 exsccrandi
1420 1715 1448 1738 et
1462 1712 1566 1747 indigni
1588 1714 1702 1743 deorum
1730 1717 1847 1747 benevo»

1060 1751 1154 1784 lentia,
1171 1760 1220 1780 vos
1234 1759 1352 1782 vestram
1370 1756 1547 1790 ignominiam
1572 1761 1650 1788 vobis
1666 1763 1846 1794 conciliastis;

1059 1798 1079 1825 Δ
1100 1799 1179 1826 nobis
1193 1799 1267 1826 enim
1293 1801 1397 1830 honore
1412 1803 1513 1836 all‘ccti,
1540 1808 1672 1835 maximos
1695 1809 1761 1838 deos
1778 1811 1846 1839 alle-

1060 1843 1137 1871 cistis
1152 1846 1331 1880 contumelia,
1345 1852 1373 1875 et
1390 1853 1512 1877 nostram
1527 1854 1735 1888 contempsistis
1748 1857 1846 1885 amici-

1060 1890 1139 1917 tiam.
1170 1891 1207 1918 De
1232 1897 1333 1920 caetero
1366 1895 1482 1930 accipite
1509 1899 1706 1928 convenienter
1747 1904 1847 1932 vestris

1060 1936 1148 1964 lactis.
1157 1938 1364 1973 Respondentes
1372 1943 1567 1975 autemsancti,
1575 1944 1705 1973 dixerunt
1715 1951 1845 1982 tyranno:

1060 1981 1220 2017 Imperator,
1259 1983 1317 2012 h:ec
1344 1985 1441 2013 militia
1467 1991 1523 2020 tua,
1552 1992 1583 2015 ut
1609 1997 1670 2024 quae
1704 1981 1774 2020 nihil
1797 1995 1844 2026 sit,

1060 2030 1193 2064 praaterit,
1217 2035 1246 2058 et
1262 2031 1308 2066 qui
1335 2031 1412 2060 adest
1438 2033 1536 2066 honor,
1555 2040 1598 2063 est
1624 2036 1672 2064 tibi
1698 2037 1845 2068 dedecus:

1059 2076 1189 2110 quoniam
1204 2076 1307 2104 oblitus
1326 2085 1357 2105 es
1371 2078 1428 2112 Dei,
1443 2079 1491 2114 qui
1511 2080 1581 2109 hanc
1600 2082 1650 2110 tibi
1664 2083 1742 2112 dedit
1766 2092 1846 2121 pote-

1059 2124 1168 2149 statem.
1183 2121 1256 2150 Vana
1285 2131 1350 2150 vero
1368 2128 1395 2151 et
1412 2124 1531 2154 inanima
1564 2127 1722 2163 simulacra,
1744 2138 1804 2166 quae
1820 2138 1846 2160 te

1059 2168 1246 2204 nihiljnvant,
1263 2169 1336 2204 quod
1351 2177 1382 2198 ea
1397 2178 1452 2198 non
1465 2179 1630 2208 cognoscant
1647 2183 1710 2203 eum
1727 2178 1773 2212 qui
1785 2178 1842 2213 ipsa

1059 2215 1163 2242 honore
1191 2215 1273 2242 allicit
1289 2220 1337 2243 aut
1354 2218 1529 2252 contumelia,
1554 2220 1581 2246 in
1599 2221 1665 2248 deos
1687 2223 1796 2257 stolide,
1815 2229 1846 2251 ut

1057 2262 1103 2296 qui
1131 2261 1210 2295 plane
1225 2269 1305 2289 sensu
1333 2270 1437 2295 careas,
1465 2265 1560 2292 refers.
1589 2266 1661 2294 Dixit
1688 2272 1843 2303 tyrannus:

215 2312 332 2347 Propter
349 2311 434 2339 nostri
457 2311 564 2347 imperii
582 2311 755 2340 clementiam
783 2311 861 2339 vobis
876 2317 1002 2346 parcens,
1021 2308 1160 2360 ctvolen's.
1177 2307 1260 2334 vitam
1284 2308 1430 2360 \l'obiSesse
1453 2310 1567 2360 salvam,
1583 2311 1673 2339 adhuc
1685 2321 1732 2341 vos
1740 2315 1842 2350 patior,

212 2359 350 2397 jussittu
364 2365 412 2386 eos
439 2361 494 2386 tres
509 2358 569 2386 dies
579 2358 681 2386 includi
701 2358 727 2385 in
742 2364 861 2388 carcere,
878 2361 909 2383 ut
921 2358 1049 2388 caperent
1064 2352 1210 2407 cens-ilium
1223 2353 1295 2387 quod
1310 2354 1351 2407 eis
1377 2354 1529 2407 expediret.
1556 2402 1561 2407 Ι

251 2406 288 2432 Z'.
305 2405 366 2431 Τῶν
382 2405 410 2430 δὲ
430 2405 609 2432 ὑπασπιστῶν
635 2404 840 2439 πληρωσάντων
856 2403 903 2430 τοῦ
926 2403 1004 2438 βασι-
1021 2409 1042 2434 ι)
1092 2399 1108 2426 V

982 2411 1004 2428 ι-
1021 2409 1042 2434 ι)
1092 2399 1148 2426 VII.
1177 2399 1245 2426 Cum
1274 2404 1365 2426 autem
1394 2399 1526 2428 satellites
1555 2402 1714 2438 implessent
1733 2408 1839 2441 jnssum

215 2453 287 2484 λέως
306 2451 336 2478 τδ
352 2450 518 2485 πρόσταγμα
538 2451 586 2477 καὶ
607 2452 647 2483 είς
668 2451 793 2486 φυλακὴν
813 2450 911 2481 αὐτοὺς
935 2449 1005 2485 per}!

214 2497 314 2526 κλοιῶν
328 2495 543 2532 καθειρεάντων,
556 2495 632 2524 εἷπον
647 2498 715 2531 πρὸς
729 2497 860 2532 ἀλλήλους
879 2497 904 2523 οι
920 2496 1003 2530 ἅγιοι·

219 2543 430 2579 Ἐτοιμάσωμιν
456 2541 592 2574 ἅπαντας,
622 2543 743 2578 ἀδελφοὶ,
758 2543 929 2579 ὁμοθυμαδὸν
955 2543 1004 2573 τὰς

213 2591 305 2626 ψυχὰς
321 2588 401 2624 ἡμῶν
411 2589 451 2621 είς
465 2587 633 2624 προσευχὴν,
655 2589 703 2616 καὶ
717 2589 859 2625 διψῶμεν
872 2589 920 2616 τοῦ
934 2588 1003 2616 Θεοῦ

214 2636 295 2671 ἡμῶν
311 2635 429 2666 ἐκτενῶς
445 2634 538 2661 δοῦναι
551 2635 617 2670 ἠμί-ι
632 2635 729 2670 σοφίαν
743 2643 773 2662 τε
786 2635 834 2662 καὶ
849 2635 949 2669 γνῶσιν
959 2635 1003 2661 δνά

213 2682 263 2710 τοῦ
288 2682 365 2716 ἀγίου
393 2680 477 2708 αὐτοῦ
503 2681 671 2716 Πνεύματος,
686 2682 734 2708 καὶ
759 2681 889 2717 ιμσαλετν
908 2681 949 2712 είς
971 2681 1002 2707 τὸ

216 2727 305 2762 στόμα
319 2725 397 2762 ἡμῶν
410 2726 437 2752 τί
449 2726 684 2762 ἀπολογήσασθαι,
697 2727 772 2759 ὅπως
785 2726 914 2763 θαυμάσῃ
927 2727 942 2753 ό
955 2726 1002 2752 τύ-

216 2780 311 2810 ραννος
328 2771 378 2808 τὴν
397 2771 527 2807 ἀλήθειαν
541 2773 594 2808 τῆς
616 2773 731 2805 πίστεως
750 2773 840 2808 ἡμῶν.
859 2774 913 2799 Καὶ
936 2781 1001 2799 στα-

215 2821 308 2852 Θέντες
330 2820 370 2850 et;
396 2821 551 2854 προσευχὴν
570 2821 594 2847 et
610 2820 683 2854 ἃγιοι
708 2820 893 2855 ἑϐδομήκοντα
912 2819 949 2851 ὡς
970 2820 1002 2846 ἐκ

216 2867 280 2904 μιᾶς
307 2865 397 2901 ψυχῆς
421 2863 511 2892 εἷποψ
529 2866 559 2891 ὐ
579 2867 643 2898 Θεὶς
667 2867 680 2893 6
706 2866 916 2902 παντοκράτωρ,
933 2862 964 2892 οὗ
984 2866 1000 2900 ἡ

251 2917 260 2932 ³
278 2915 372 2943 Matth.
395 2922 471 2941 xvm.

415 2963 552 2994 l’A'ruot-
579 2961 636 2990 Gn.
660 2962 709 2992 (IX
719 2961 751 2996 γ,

1056 2444 1242 2479 imperatoris,
1260 2450 1288 2472 et
1304 2453 1352 2473 eos
1381 2446 1408 2472 in
1426 2448 1551 2475 custodia
1575 2448 1754 2481 inclusissent
1777 2462 1840 2482 cum

1053 2493 1212 2525 collaribus,
1240 2493 1326 2520 sancti
1344 2494 1474 2522 dixerunt
1490 2495 1560 2523 inter
1577 2504 1607 2524 se
1623 2507 1628 2524 :
1651 2498 1759 2528 Fratres
1773 2501 1840 2529 cha-

1053 2540 1164 2572 rissimi,
1183 2547 1310 2575 paremus
1333 2547 1429 2568 omnes
1447 2546 1554 2570 nostras
1567 2543 1671 2572 animas
1685 2545 1718 2572 ad
1735 2547 1838 2574 oratio-

1054 2594 1127 2619 nem,
1141 2591 1169 2614 et
1193 2587 1301 2614 inlense
1329 2595 1441 2616 oremus
1463 2589 1610 2625 benignum
1627 2595 1655 2619 et
1674 2592 1840 2620 clementem

1053 2632 1139 2659 Deum
1153 2636 1290 2665 nostrum,
1309 2637 1338 2660 ut
1362 2633 1409 2661 det
1424 2635 1505 2662 nobis
1519 2635 1679 2670 sapientiam
1697 2642 1725 2664 et
1743 2639 1838 2674 cogni-

1055 2678 1157 2706 tionem
1171 2685 1221 2714 pcr
1233 2684 1359 2706 sanctum
1373 2679 1516 2715 Spiritum,
1529 2687 1556 2708 et
1573 2682 1673 2717 injiciat
1690 2682 1717 2710 in
1745 2691 1775 2711 os
1789 2692 1838 2712 no-

1053 2730 1152 2756 strum,
1168 2725 1232 2760 quid
1248 2726 1463 2759 respondeamus
1484 2727 1642 2761 imperatori
1657 2737 1663 2754 :
1676 2734 1706 2756 ut
1722 2730 1841 2758 admire-

1055 2777 1099 2799 tur
1113 2771 1170 2807 ipse
1189 2778 1299 2806 quoque
1322 2776 1452 2807 tyrannus
1469 2773 1610 2800 veritatem
1640 2779 1740 2803 nostra:
1764 2775 1838 2804 ﬁdei.

1055 2818 1088 2845 Et
1103 2826 1132 2846 sc
1150 2818 1183 2845 ad
1211 2818 1378 2853 precandum
1407 2819 1581 2848 conferentes
1608 2821 1696 2848 sancti
1728 2828 1838 2857 septua-

1054 2865 1128 2900 ginta
1146 2864 1247 2892 Christi
1266 2871 1400 2900 martyres
1424 2865 1554 2893 dixerunt
1588 2871 1715 2902 tanquam
1731 2876 1763 2896 cx
1785 2877 1840 2897 uno

1648 2962 1684 2993 12
