2170 3148
346 161 400 192 359

1002 163 1145 195 MENSIS
1165 166 1318 197 IULIUS.

1918 167 1971 198 360

342 217 513 245 etsacriﬁcia
525 218 694 246 aelibamina
704 218 858 249 abolentes.
870 219 931 247 aliis
940 219 1033 249 fuistis
1045 222 1131 249 duces
1145 252 1148 258 Α

1145 229 1169 258 Α
1182 225 1326 259 ἡμετέρων
1349 224 1581 260 παντοκρατόρων
1597 225 1667 252 θεῶν
1686 225 1906 261 τυραννήσαντες
1923 227 1972 253 καὶ

342 263 376 291 ad
390 263 537 291 barathum
563 265 704 298 interitus,
721 265 743 292 si
768 273 833 292 vera
849 270 915 293 sunt
931 273 993 300 quae
1003 266 1037 295 de
1054 267 1133 295 vobis

342 309 376 336 ad
391 314 502 337 nostras
513 317 595 337 aures
610 315 808 346 pervenerunt.

380 444 423 471 IV.
442 444 514 471 Dixit
528 449 641 472 sanctus
653 445 803 474 Mauricius
826 455 833 474 :
854 447 1016 482 Imperator,
1040 455 1100 483 qua
1117 455 1132 474 a

343 490 424 517 nobis
436 496 584 518 exercetur
608 493 730 527 tyrannis
759 494 892 520 adversus
907 494 984 524 deos,
1000 494 1048 529 qui
1069 499 1134 521 sunt

342 536 420 562 nullo
433 543 517 563 sensu
531 537 649 571 praediti,
665 539 745 565 nobis
771 539 888 566 validam
905 539 1024 574 acquirit
1046 540 1132 567 victo-

343 581 411 608 riam
432 589 447 609 a
470 590 536 610 vero
560 584 626 615 Deo,
649 589 676 611 et
694 593 826 612 coronam
855 586 958 620 gloriae.
977 585 1036 612 Non
1057 587 1131 613 cnitn

342 635 523 662 aspernamur
533 635 559 656 et
575 630 652 657 nihili
670 630 785 658 facimus
809 631 903 663 Deum,
919 633 966 667 qui
981 640 1031 659 nos
1042 632 1132 666 ﬁnxit,

343 678 374 700 ut
389 676 473 701 stulta
501 681 544 702 cst
561 681 605 702 tua
624 677 756 704 traditio:
777 678 824 704 sed
849 678 1035 713 gloriﬁcamus
1055 687 1130 712 eum,

343 720 390 755 qui
406 726 449 748 est
464 722 538 749 solus
553 730 635 750 verus
648 724 728 755 Deus,
738 725 785 759 qui
799 724 864 752 fecit
874 725 974 752 C(elum
990 731 1018 753 et
1031 731 1131 753 terram

342 771 371 794 et
383 775 469 799 mare,
487 773 514 795 et
529 769 620 796 omnia
641 770 687 804 qui
700 770 726 796 in
743 771 783 798 eis
792 776 867 798 sunt.
881 772 1023 806 lmprobos
1039 777 1131 799 autem

342 817 370 840 ct
387 814 544 842 immundos
565 815 703 844 dacmones
729 821 756 843 et
771 817 817 852 qui
847 818 996 846 homnibus
1012 819 1132 846 aﬂerunt

343 859 469 891 exitium,
481 867 544 894 quae
554 867 618 888 sunt
629 862 710 888 surda
725 867 752 889 et
762 870 832 890 caeca
848 863 1008 896 simulacra,
1019 869 1046 891 et
1056 865 1130 891 nullo

343 907 565 940 settsa'pracdita,
576 916 630 934 non
649 910 779 936 convenit
788 909 855 936 deos
866 918 975 942 vocare,
985 918 1000 936 υ
1013 910 1130 945 impera-
1147 903 1169 933 Β

345 956 398 979 tor.
413 953 485 979 Dixit
502 953 651 988 imperator
663 954 865 983 Maximianus:
879 955 948 983 Cum
965 957 1098 983 honorem
1116 964 1131 983 a

343 999 398 1026 diis
412 999 449 1026 sis
466 1006 642 1033 consecutus,
655 1005 684 1028 et
701 1002 806 1029 militia:
827 1003 945 1036 primum
965 1003 1056 1030 locum
1071 1011 1132 1030 sor-

345 1046 422 1077 titus,
435 1053 451 1072 o
464 1045 588 1074 Maurici.
605 1047 646 1074 eis
659 1047 800 1082 pulchram
816 1047 901 1075 refers
912 1050 1040 1084 gratiam.
1060 1050 1133 1079 Dixit

343 1096 456 1118 sanctus
480 1092 631 1121 Mauricius
663 1102 670 1121 :
687 1094 834 1129 Nunquam
858 1095 992 1123 honorem
1011 1097 1103 1131 accepi
1117 1104 1132 1123 a

341 1138 395 1165 diis
409 1139 518 1171 vestris,
544 1148 634 1175 neque
651 1141 714 1168 volo
741 1149 790 1168 eos
807 1141 956 1169 honorare.
978 1141 1045 1175 Quis
1058 1143 1132 1169 enim

341 1192 463 1220 unquam
478 1193 511 1213 ex
527 1186 698 1220 hominibus,
711 1188 757 1222 qui
773 1188 821 1215 Dei
839 1188 922 1216 habet
936 1189 1132 1223 cognitionem.

341 1232 506 1259 sustinuerit
526 1232 663 1260 honorare
679 1234 809 1261 materias
838 1234 916 1262 nullo
933 1243 1014 1262 sensu
1033 1235 1133 1270 przedi-

343 1279 404 1306 tas?
422 1278 475 1306 Sed
493 1280 595 1314 quibus
617 1287 671 1307 non
687 1285 729 1308 est
756 1288 843 1314 mens,
858 1290 919 1317 quae
934 1282 1017 1309 rectis
1031 1283 1133 1318 guber-

343 1330 425 1353 natur
452 1326 618 1358 rationibus,
644 1332 789 1364 propterea
808 1329 881 1365 qnod
896 1329 1031 1364 jumentis
1053 1337 1131 1356 com-

343 1373 430 1407 parati
442 1373 497 1400 siut
515 1373 720 1408 insipientibus,
740 1378 768 1401 ct
788 1374 894 1402 similes
909 1376 974 1402 facti
989 1376 1045 1403 sint
1057 1376 1098 1403 eis
1111 1377 1131 1408 ¹.

343 1419 361 1445 ii
375 1419 480 1453 lapides
492 1423 520 1446 et
534 1419 606 1453 ligna
621 1421 647 1445 in
661 1419 728 1447 deos
753 1420 888 1452 referunt,
904 1426 1082 1457 mentemque
1092 1422 1132 1450 eis

343 1464 480 1496 tribuunt,
501 1469 530 1492 et
546 1465 682 1492 honorant
700 1470 830 1501 tanquam
858 1467 935 1495 deos.
954 1468 1027 1495 Dixit
1045 1469 1132 1503 impe—

341 1515 417 1539 rator
436 1510 618 1539 Maximianus
636 1520 642 1538 :
658 1511 795 1544 Quoniam
822 1514 925 1548 primas
943 1519 1035 1550 partes
1057 1515 1131 1541 obti-

339 1557 425 1585 nuisti
457 1557 485 1584 in
518 1557 664 1586 ordinibus
701 1563 802 1586 nostrae
828 1559 1089 1591 administrationis,
1115 1568 1132 1587 ο

339 1604 464 1635 Maurici,
482 1604 510 1631 id
532 1604 580 1631 tibi
603 1612 729 1640 magnam
753 1605 872 1639 praebuit
893 1606 1086 1634 conﬁdentiam
1104 1612 1131 1634 et

340 1649 618 1678 eﬂecilaudaciorem
629 1659 636 1678 :
647 1651 717 1678 adeo
729 1655 758 1678 ut
772 1650 914 1685 splendide
927 1656 954 1678 et
967 1652 1035 1679 citra
1047 1653 1130 1680 ullam

341 1697 581 1724 conturbationem
593 1697 761 1732 respondeas
771 1702 872 1724 nostra:
881 1699 1131 1726 serenitatiJubct-

341 1751 405 1778 que,
417 1751 450 1770 eo
465 1749 600 1778 separato,
619 1745 925 1779 reliquosinterrogari,
941 1751 969 1772 et
982 1746 1078 1773 blande
1089 1746 1131 1774 eis

340 1789 410 1816 dicit
432 1789 583 1824 imperator
598 1799 605 1816 τ
623 1790 690 1823 Quis
704 1789 784 1817 vobis
799 1794 900 1817 tantam
914 1790 979 1818 fecit
993 1791 1132 1826 iujuriam,

340 1843 357 1862 ο
373 1837 480 1867 fratres,
499 1840 530 1863 ut
544 1836 698 1863 deﬁceretis
714 1844 728 1863 a
743 1836 797 1863 diis
814 1837 1004 1864 servatoribus
1026 1846 1033 1864 :
1055 1845 1134 1865 acce-

339 1883 443 1910 dcretis
453 1887 544 1910 autetn
554 1883 642 1910 errori
654 1883 797 1910 hominum
807 1883 854 1918 qui
866 1884 982 1911 adorant
993 1884 1132 1912 hominem

339 1930 499 1958 cruciﬁxum
519 1935 647 1965 tanquam
660 1938 743 1957 unum
764 1930 951 1958 homicidam?
973 1931 1032 1958 Non
1053 1931 1128 1958 enim

338 1979 380 2006 sic
395 1986 443 2005 vos
456 1977 619 2009 erudiitnus,
635 1985 723 2012 neque
737 1977 763 2004 in
779 1976 824 2004 tali
835 1977 959 2004 doctrina
970 1978 1126 2007 eduximus.

374 2026 405 2052 V.
422 2025 500 2052 Tunc
515 2032 579 2052 vere
595 2024 667 2051 beati
683 2023 847 2052 Theodorus
859 2029 887 2051 et
901 2025 1054 2060 Philippus,
1069 2030 1130 2053 tan.

338 2079 420 2107 qualn
446 2078 478 2098 ex
493 2078 543 2098 ore
573 2075 732 2097 sanctorum
760 2070 935 2105 septuaginta
965 2076 1128 2107 martyrum,

339 2110 469 2144 dixerunt
496 2116 677 2151 imperatori:
707 2116 772 2149 Nos,
801 2125 817 2144 ο
835 2122 950 2152 tyranne
979 2117 1130 2154 imperator

339 2162 516 2193 Mmimiane,
531 2166 637 2188 tantum
653 2161 785 2188 absumus
802 2162 836 2189 ab
850 2170 958 2195 errore,
975 2167 1005 2189 ut
1023 2168 1048 2191 te
1059 2171 1130 2199 quo-

338 2217 392 2244 que
407 2214 534 2244 optemus
547 2208 660 2235 liberari
674 2209 708 2236 ab
732 2216 838 2242 errore,
853 2218 868 2236 a
884 2217 938 2244 quo
953 2217 1003 2237 nos
1020 2217 1130 2246 quoque

338 2256 441 2282 fuimus
464 2255 584 2287 liberati,
603 2263 688 2282 unum
706 2259 734 2283 et
745 2256 834 2284 solum
858 2255 1005 2283 adorantes
1033 2265 1129 2284 verum

339 2302 436 2335 Deum,
454 2303 560 2329 Patrem
591 2301 819 2336 onmipotentem,
835 2308 862 2330 et
879 2303 1050 2338 unigenitum
1070 2305 1129 2340 ejus

339 2350 436 2376 Filium
465 2349 558 2376 Jesum
590 2348 730 2376 Christum
759 2349 906 2376 Dominum
926 2355 1063 2383 nostrum,
1080 2351 1129 2386 qui

337 2401 379 2423 cst
394 2396 440 2423 Dei
462 2396 551 2424 virtus
567 2401 594 2424 et
619 2395 666 2423 Ι).τί
681 2395 815 2431 sapientia
830 2397 839 2412 ⁸
854 2406 859 2422 :
880 2403 907 2424 et
922 2397 1126 2425 sanctissimum

337 2442 398 2476 ejus
416 2441 562 2476 Spiritum,
574 2442 619 2476 qui
639 2443 718 2470 nobis
739 2442 884 2477 inspiravit
897 2444 1083 2478 cognitionem
1099 2449 1128 2471 et

338 2488 559 2521 intelligentiam,
587 2493 616 2515 ut
636 2489 796 2516 conﬁtearis
811 2489 922 2524 quidem
953 2489 1127 2523 Trinitatem,

339 2541 401 2568 quae
418 2537 458 2560 cst
472 2533 597 2569 ejusdem
613 2535 740 2561 essentia:
755 2543 762 2562 :
779 2535 950 2562 abomineris
967 2540 1059 2562 autem
1075 2535 1128 2562 im-

305 2606 308 2609 ,
340 2580 469 2606 mundam
482 2584 555 2606 tuam
565 2580 724 2614 religionem
740 2590 747 2607 :
764 2580 870 2608 etltanc
887 2581 996 2615 quidem
1005 2582 1128 2617 atnjicias,

338 2634 401 2662 quae
428 2631 470 2653 est
499 2625 532 2652 ad
551 2630 670 2660 tempus,
689 2626 815 2653 militiam
830 2636 836 2654 z
854 2628 911 2655 Deo
925 2635 990 2655 vero
1016 2628 1128 2662 milites,

338 2673 384 2708 qui
401 2677 444 2700 est
473 2671 530 2699 Rex
546 2672 728 2700 exercituum.
748 2672 819 2699 Dixit
842 2672 1024 2700 Maximianus
1040 2673 1127 2707 impe-

339 2725 414 2746 rator
430 2727 436 2744 :
455 2718 552 2750 \‘idco,
567 2725 583 2744 ο
610 2717 747 2752 Philippe,
776 2721 802 2744 te
816 2721 986 2744 senectutem
1012 2717 1125 2752 quidem

340 2763 442 2792 habere
470 2763 650 2792 reverendam
665 2773 672 2790 :
690 2763 871 2798 intelligentia
897 2767 988 2789 autent
1008 2764 1124 2791 multum

340 2810 437 2837 cedere
448 2810 605 2845 juvenibus.
623 2809 745 2844 Coniuge
758 2817 822 2845 ergo
839 2808 872 2836 ad
891 2807 967 2841 deos,
984 2813 1014 2836 et
1028 2810 1065 2837 sis
1078 2810 1123 2837 ho-

380 2891 386 2904 '
406 2889 478 2917 Psal.
496 2897 592 2917 xum.
633 2890 642 2905 ¹
663 2889 749 2917 lCur.
767 2897 785 2917 ι.

1184 272 1234 302 τὰς
1259 271 1461 306 νενομισμένας
1485 273 1577 303 αὐτοῖς
1593 271 1677 306 τςμάς
1697 281 1726 298 τε
1747 272 1795 299 καὶ
1810 272 1906 304 θυσίας
1923 274 1973 299 καὶ

1186 317 1304 349 σπονδὰς
1333 318 1527 352 ἁθετήσαντες,
1553 318 1646 353 ὁδηγοὶ
1673 318 1741 352 πρὸς
1757 318 1895 353 βάραθρον
1918 320 1972 345 ἀπ-

1184 364 1282 395 ωλείας
1296 365 1400 399 ἑτέροις
1415 365 1546 398 γεγόνατε
1557 372 1563 379 ·
1578 365 1652 400 ἥπερ
1663 365 1779 400 ἀληθείᾳ
1791 364 1922 399 κυροῦται
1939 364 1972 391 τὰ

1184 411 1225 441 εἰς
1239 410 1378 445 ἡμετέρας
1391 411 1476 440 ἀκοὰς
1493 410 1556 437 καθ’
1568 411 1644 445 ὑμῶν
1659 411 1824 445 ἀφικόμενα.

1221 459 1257 483 Δ’.
1276 456 1431 491 Μαυρίκιος
1456 454 1552 482 εἶπενο
1581 457 1613 483 Ἡ
1639 456 1705 492 παρ’
1729 457 1810 491 ἡμῶν
1840 455 1972 491 τυραννῐα

1184 503 1255 529 κατὰ
1273 503 1328 529 τῶν
1356 503 1529 537 ἀναισθήτων
1554 512 1601 530 σου
1630 502 1711 534 θεῶν,
1744 502 1866 537 βασιλεῦ,
1891 502 1972 537 νίκηι

1142 575 1144 577 _
1183 550 1251 584 ἡμῖν
1269 549 1384 583 ἰσχυρὰν
1408 549 1484 583 παρὰ
1505 549 1553 576 τοῦ
1572 549 1702 583 ἀληθινοῦ
1719 549 1788 575 Θεοῦ
1808 549 1856 575 καὶ
1871 550 1973 583 στέφα-

1184 604 1229 622 νον
1246 595 1324 630 δόξης
1341 595 1515 630 περιτίθησιν
1526 604 1533 610 ·
1551 595 1582 622 οὐ
1600 596 1654 630 γὰρ
1669 594 1820 629 ἀθετοῦμεν
1840 595 1885 621 τὸν
1901 595 1972 621 πλά-

1185 661 1193 669 .
1232 659 1240 667 .
1281 659 1289 666 .
1330 660 1337 668 .
1378 659 1387 668 .
1426 660 1434 667 .
1473 660 1481 668 .
1519 649 1555 667 τα
1577 641 1651 676 ἡμας
1667 640 1732 666 Θεὸν
1749 640 1818 667 κατὰ
1839 639 1887 675 τὴν
1907 641 1970 666 ἀνο-

1185 709 1192 716 .
1232 708 1241 716 .
1279 710 1286 717 ,
1326 708 1334 715 .
1374 709 1381 716 ,
1419 688 1680 724 παράδωσιν·ὰλλὰ
1704 688 1733 714 δο

1185 735 1387 770 (ξὶάζομεντὸν
1401 735 1481 770 μό.ον
1495 735 1622 769 ἀληθινὸν
1637 734 1733 761 Θεὸν.
1772 754 1780 762 .
1819 753 1826 760 .
1866 752 1874 761 .
1913 754 1920 761 .
1961 753 1969 760 .

1184 783 1251 817 (τὸν)
1267 782 1422 817 ποιήσαντα
1437 781 1484 807 τὸν
1499 781 1614 816 οὐρανὸν
1625 782 1672 807 καὶ
1685 780 1734 816 τὴν

1185 828 1257 863 (γῆ-ι)
1279 829 1326 854 καὶ
1342 827 1390 862 τὴν
1406 827 1557 859 θάλασσαν,
1576 827 1625 853 καὶ
1646 827 1736 854 πάντα
1760 826 1794 853 τὰ
1814 827 1842 852 ἐν
1865 826 1969 856 αὐτοῖς.

1184 873 1253 904 Τοὺς
1267 873 1297 899 δὲ
1311 872 1444 907 δαίμονας
1466 873 1529 903 τοὺς
1549 872 1604 898 τῶν
1619 871 1774 907 ἀνθρώπων
1789 871 1972 905 φθοροποιοὺς

1183 919 1213 945 οὗ
1231 919 1330 954 πρέπει
1348 927 1388 944 σοι
1404 919 1496 945 καλεῐν
1512 918 1601 949 θεοὺς.
1615 914 1638 944 ὦ
1653 917 1773 952 βασιλεῦ.
1800 915 1971 951 Μαξιμιανὺς

1184 963 1280 992 εἶπεν·
1302 965 1425 999 Ἐπειδὴ,
1447 966 1496 999 τῆς
1525 964 1580 990 τῶν
1603 964 1671 990 θεῶν
1693 963 1852 993 ἀπολαύσας
1876 962 1970 996 τιμῆς,

1184 1011 1238 1041 τῶν
1263 1011 1406 1047 πρωτείων
1428 1011 1478 1045 τῆς
1501 1010 1645 1045 στρατείας
1670 1008 1800 1043 ἡξιὼθης,
1822 1007 1971 1042 Μαυρίκιε,

1184 1056 1271 1091 καλὴν
1303 1057 1397 1087 αὐτοῖς
1421 1055 1556 1086 ἀποδίδως
1583 1055 1632 1089 τὴν
1661 1054 1790 1089 ἀμοιῧήν.
1817 1053 1973 1087 Μαυρίκιος

1184 1100 1280 1129 εἶπεν·
1305 1102 1373 1128 Οὐδὲ
1398 1101 1482 1137 τιμὴν
1505 1101 1640 1136 ὲδξξὰμην
1660 1100 1735 1137 παρὰ
1755 1099 1809 1126 ’τῶν
1829 1098 1973 1133 ὑμετέρων

1185 1149 1266 1180 θεῶν,
1293 1149 1353 1175 οὐδὲ
1379 1149 1463 1183 τιμᾷν
1486 1147 1585 1178 αὐτοὺς
1607 1146 1756 1181 βούλομαι·
1777 1145 1819 1176 τίς
1844 1144 1898 1178 γὰρ
1926 1144 1974 1170 ἁν-

1185 1196 1302 1231 ορώπων
1331 1195 1396 1222 ποτὶ
1415 1194 1515 1229 γνῶσιν
1538 1194 1608 1230 ἔχων
1631 1192 1700 1219 Θεοῦ
1720 1192 1770 1223 τὰς
1791 1190 1974 1225 ἀναισθήτους

1184 1242 1268 1279 τιμᾷν
1285 1241 1427 1274 ἀνέξοιτο;
1447 1240 1505 1266 ἀλλ’
1520 1237 1561 1271 οἷς
1583 1240 1632 1274 οὐχ
1648 1238 1767 1273 ὑπάρχει
1794 1236 1866 1269 νοῦς,
1898 1236 1974 1269 λογι-

1188 1289 1268 1323 σμοῖς
1283 1287 1374 1323 ὸρθοτς
1391 1285 1600 1321 κυϐερνώμενος
1620 1285 1664 1312 διὰ
1684 1285 1715 1311 τὸ
1737 1281 1975 1319 παραωμσληθῆ-

1183 1342 1229 1361 ναι
1244 1335 1300 1364 τοῖς
1323 1334 1436 1368 κτήνεσι
1455 1333 1513 1363 τοῖς
1533 1333 1656 1366 ἀνοήτοις
1675 1332 1721 1357 καὶ
1737 1330 1905 1365 ὁμοιωθῆναι
1925 1329 1973 1357 αὔ-

1185 1382 1240 1412 τοῖς
1252 1388 1259 1395 ⁶
1275 1377 1348 1406 οῦτοι
1370 1379 1541 1406 θεοποιοῦσιν
1560 1379 1616 1409 τοῖς
1633 1377 1719 1409 λίθοις
1743 1377 1791 1404 καὶ
1806 1378 1863 1408 τοῖς
1882 1376 1974 1408 ξύλοις

1183 1426 1351 1462 ἀπονέμουσι
1373 1425 1488 1460 γνώμην
1513 1425 1560 1451 καὶ
1581 1424 1698 1459 τιμῶσιν
1719 1423 1756 1455 ὡς
1783 1422 1871 1453 θεούς.
1889 1422 1975 1454 Μαξί-

1185 1473 1280 1509 μιανὺς
1310 1474 1323 1500 6
1352 1471 1480 1507 βασιλεὺς
1504 1468 1599 1497 εἶπεν·
1627 1471 1660 1497 'H
1679 1470 1733 1497 τῶν
1753 1470 1899 1507 πρωτείων
1923 1467 1973 1494 τοῦ

1184 1519 1318 1553 ὑμετέρου
1333 1518 1473 1552 τάγματος
1493 1517 1637 1551 διοίκησις,
1651 1516 1798 1552 Μαυρίκιε,
1816 1515 1918 1550 πολλήν
1931 1523 1974 1541 σοι

1185 1564 1344 1599 παρρησίαν
1369 1565 1503 1599 παρέσχε,
1526 1565 1573 1590 καὶ
1594 1563 1761 1599 θρασύτερον
1782 1562 1975 1597 ἀπειργάσατο

1185 1613 1224 1642 εἰς
1241 1610 1270 1636 τὸ
1284 1610 1418 1646 λαμπρῶς
1432 1612 1479 1636 καὶ
1495 1610 1716 1645 ἀκαταπλήκτως
1729 1609 1800 1646 πρὸς
1813 1609 1863 1643 τὴν
1873 1608 1976 1644 ἡμετέ-

1186 1665 1237 1692 ραν
1258 1655 1455 1691 ἀποκρίνεσθαι
1478 1655 1662 1692 γαληνότητα,
1680 1656 1726 1682 καὶ
1750 1655 1867 1686 κελεύει,
1887 1663 1974 1690 χωρι-

1186 1702 1296 1733 σθέντος
1317 1701 1413 1732 αὑτοῦ.
1433 1703 1496 1732 τοὺς
1518 1702 1628 1733 λοιποὺς
1650 1701 1814 1736 ἐρωτᾶσθαι.
1835 1701 1889 1727 Καί
1907 1709 1974 1735 φησι

1185 1749 1258 1785 πρὶς·
1269 1749 1370 1780 αὐτοὺς
1384 1750 1398 1775 ὁ
1413 1748 1541 1786 βασιλεὺς
1554 1757 1561 1763 ·
1579 1749 1628 1780 Τίς
1643 1748 1772 1774 τοσοῦτον
1790 1747 1861 1782 ὑμᾶς
1875 1747 1975 1781 ἠδίκη-

1183 1803 1240 1827 σεν,
1257 1795 1378 1830 ἀδελφοὶ,
1395 1795 1432 1826 ὡς
1450 1795 1482 1821 ἐκ
1501 1794 1555 1821 τῶν
1569 1795 1703 1830 σωτήρων
1726 1794 1879 1829 ἀποστῆναι
1891 1792 1971 1824 θεῶν,

1183 1840 1370 1876 προστεθῆναι
1384 1841 1412 1866 δὲ
1431 1841 1646 1876 παρασκευάσας
1662 1841 1695 1875 τῇ
1712 1840 1803 1875 πλάνῃ
1817 1839 1871 1864 τῶν
1888 1847 1974 1873 προσ-

1182 1887 1338 1914 κυνούντων
1358 1887 1503 1922 ἄνθρωπον
1520 1886 1712 1922 σταυρωθέντα
1727 1885 1764 1916 ὠς
1784 1886 1832 1911 ἕνα
1851 1885 1906 1910 τῶν
1925 1893 1974 1918 φο-

1182 1933 1267 1966 νέων;
1281 1933 1317 1959 Οὺ
1331 1934 1386 1968 γὰρ
1404 1932 1490 1965 οὕτως
1504 1933 1576 1967 ὑμᾶς
1591 1931 1793 1967 ἐπαιδεύσαμεν
1812 1931 1873 1958 οὐδὲ
1884 1930 1973 1958 τοιαῦ-

1181 1988 1242 2011 ταις
1259 1979 1447 2011 διδασκαλίαις
1462 1979 1631 2014 ἐθρέψαμεν.

1217 2027 1257 2054 Ε’.
1273 2027 1341 2053 Τότε
1361 2027 1500 2061 Θεόδωρος
1515 2027 1561 2052 καὶ
1574 2026 1710 2056 Φίλιππος
1733 2024 1770 2055 ὡς
1789 2025 1821 2051 ὲκ
1838 2024 1973 2059 στόματος

1180 2074 1234 2100 τῶν
1250 2073 1338 2108 ἁγίων
1360 2073 1549 2108 ὲόὂομὴκοντα
1576 2072 1724 2107 μαρτύρων
1743 2069 1837 2097 εἶπον·
1865 2070 1971 2105 Ἡμεῖς,

1181 2116 1203 2145 ὦ
1225 2119 1340 2154 τύραννε
1363 2118 1532 2152 Μαξιμιανὲ,
1545 2118 1674 2144 τοσοῦτον
1692 2117 1796 2152 πλάνης
1818 2117 1971 2151 ἀπέχομεν,

1181 2165 1218 2196 ὡς
1237 2166 1286 2192 καὶ
1303 2166 1333 2192 σὲ
1345 2166 1393 2200 τῆς
1406 2165 1516 2199 ἀπάτης
1527 2165 1712 2199 οἰκτείρομεν,
1732 2161 1766 2199 ἦς
1780 2163 1972 2202 ἠλευθερώθη-

1184 2221 1235 2246 μεν
1263 2212 1308 2238 τὺν
1337 2211 1385 2237 ἕνα
1411 2211 1459 2237 καὶ
1490 2211 1571 2246 μόνον
1594 2211 1723 2245 ἀληθινὸν
1754 2210 1972 2246 προσκυνοῦντες

1770 707 1777 715 ι
1817 707 1825 715 ι
1864 707 1873 716 ι
1912 707 1921 715 ο
1960 706 1968 715 ι

1147 2251 1167 2277 D
1183 2258 1260 2290 Θεὸν,
1276 2257 1386 2293 Πατέρα
1400 2257 1622 2292 παντοκράτορα,
1636 2258 1684 2284 καὶ
1705 2257 1750 2283 τὸν
1769 2256 1904 2291 μονογενῆ
1922 2256 1971 2283 αὐ-

1182 2304 1229 2331 τοῦ
1251 2303 1314 2330 Υἱὸν
1335 2303 1439 2338 Ἰησοῦν
1462 2303 1580 2338 Χριστὸν
1599 2305 1644 2329 τὶν
1663 2303 1765 2338 Κύριον
1783 2302 1873 2337 ἡμῶν,
1893 2302 1970 2333 Θεὶιν,

1181 2351 1297 2386 δύναμιν
1311 2351 1358 2377 καὶ
1369 2350 1436 2377 Θεοῦ
1454 2351 1552 2385 σοφίαν
1566 2350 1736 2384 ὑπάρχοντα,
1754 2350 1801 2376 καὶ
1812 2349 1842 2376 τὸ
1859 2349 1972 2385 Πνεῦμα

1182 2395 1265 2423 αὑτοῦ
1279 2396 1310 2426 τὸ
1325 2397 1460 2429 πανάγιον
1485 2395 1515 2421 τὸ
1537 2395 1696 2429 ἑμπνεῦσαν
1713 2395 1781 2430 ἡμῖν
1796 2394 1899 2428 γνῶσιν
1923 2396 1971 2421 καὶ

1183 2442 1293 2467 σύνεσιν
1305 2449 1312 2456 ⁸
1325 2441 1467 2476 ὁμολογεῖν
1483 2441 1532 2475 μὲν
1548 2440 1650 2475 Τριᾰδα
1661 2440 1816 2474 ὁμοούσιον,
1832 2439 1971 2474 βδελύττε-

1181 2488 1243 2516 σθαι
1255 2488 1283 2514 δὲ
1295 2488 1345 2522 τὴν
1361 2487 1518 2522 ἁκάθαρτόν
1541 2495 1587 2513 σου
1601 2486 1752 2522 θρησκείαν
1767 2495 1772 2501 ·
1787 2486 1833 2512 καὶ
1855 2486 1906 2522 τὴν
1923 2486 1972 2522 μὲν

1181 2534 1351 2568 πρόσκαιρον
1367 2533 1470 2568 ταύτην
1497 2532 1700 2560 ἀποϐάλλεσθαι
1715 2532 1877 2567 θρησκείαν,
1890 2540 1972 2567 στρα-

1179 2579 1307 2606 τεύεσθαι
1331 2579 1361 2609 δὲ
1388 2579 1428 2615 τῷ
1453 2579 1513 2615 Θεῷ
1539 2579 1578 2613 τῷ
1607 2578 1715 2613 βασιλεί
1738 2577 1793 2604 τῶν
1815 2579 1971 2615 δυνάμεων.

1179 2626 1351 2660 Μαξιμιανὸς
1374 2626 1388 2652 4
1406 2625 1534 2661 βασιλεὺς
1557 2623 1653 2651 εἶπεν·
1674 2624 1770 2651 Βλέπω
1783 2633 1824 2656 σι,
1839 2625 1970 2656 Φίλιππε,

1182 2673 1272 2707 γῆρας
1290 2671 1340 2706 μὲν
1361 2671 1502 2706 αίδὲσιμον
1519 2671 1626 2706 ἔχοντα,
1649 2671 1758 2697 σύνεσιν
1778 2671 1807 2697 δὲ
1829 2671 1898 2699 πολὺ
1917 2670 1971 2697 τῶν

1182 2718 1251 2744 νέων
1265 2717 1428 2752 λειπόμενον
1438 2725 1444 2732 ·
1458 2715 1644 2752 αὖτομόλησον
1665 2715 1713 2743 οὖν
1737 2717 1806 2751 πρὸς
1819 2716 1881 2748 τοὺς
1893 2717 1971 2747 θεοὺς

1182 2764 1230 2790 καὶ
1244 2763 1324 2798 γενοῦ
1342 2763 1494 2798 σύμϐουλος
1510 2763 1611 2796 ἀγαθὸς
1631 2765 1687 2795 τοῖς
1701 2764 1804 2798 λοιποῖς
1822 2771 1868 2793 σου
1886 2771 1970 2798 στρα-

1181 2811 1292 2842 τιώταις
1308 2811 1356 2846 τῆς
1374 2811 1413 2842 εἰς
1426 2811 1489 2841 τοὺς
1505 2810 1582 2842 θεοὺς
1601 2812 1823 2846 προσκυνήσεως,
1841 2809 1916 2840 ὅπως
1939 2809 1970 2835 ἄν
