2170 3148
206 160 256 190 353
749 159 837 188 \‘ITA
858 159 887 188 S.
904 158 1066 189 EUGENII
1083 157 1130 188 ET
1146 157 1291 189 MARle.
1767 155 1821 186 355

204 225 263 244 eum
285 216 438 252 accepisset
453 217 609 252 prtefeclus,
632 217 745 244 immisit
764 216 798 243 ad
817 216 914 243 viliora
935 221 964 244 et
980 216 1128 251 abjectiora
1153 222 1238 250 opera
1255 215 1425 242 monasterii.
1450 215 1476 242 Is
1499 222 1564 242 vero
1582 222 1613 242 ea
1627 214 1743 242 faciebat
1760 223 1823 242 cum

204 265 295 292 studio
316 269 344 292 et
363 273 462 299 magno
478 269 550 292 metu
569 269 597 292 et
613 265 835 299 compunctione.
854 263 979 291 Habebat
992 268 1083 290 autem
1105 270 1220 298 puerum
1241 269 1352 297 quoque
1382 262 1513 291 Marinus.
1531 271 1594 290 cum
1613 269 1687 290 retro
1706 271 1825 298 sequut-

204 315 256 338 tem
267 316 298 339 et
314 312 481 339 clamantem
499 320 507 340 :
527 312 565 339 Ta
585 316 610 338 la
627 315 663 342 ta.
679 315 707 338 et
721 311 908 346 requirentem
924 319 955 338 ea
974 319 1034 345 quae
1051 315 1116 337 sunt
1133 310 1226 345 pueris
1240 309 1396 338 necessaria
1413 309 1446 336 ad
1467 310 1639 337 alimentum.
1662 311 1720 338 Non
1736 312 1823 338 solum

202 357 273 384 enim
288 357 332 384 his
344 358 476 385 aerumnis
490 357 722 385 etamictionibus
747 357 926 392 premebatur
940 357 1072 388 Marinus.
1085 358 1132 385 sed
1146 357 1228 385 etiam
1249 357 1282 384 de
1303 357 1401 384 alendo
1417 357 1470 384 hoc
1482 364 1566 391 puero
1584 363 1644 384 erat
1657 358 1735 385 valde
1747 359 1824 385 solli-

201 404 283 431 citus.
304 403 374 431 Cum
392 405 524 431 crevisset
545 409 637 431 autem
652 411 730 437 puer,
745 403 862 437 degebat
883 403 911 430 in
927 404 1106 435 monasterio,
1120 403 1254 431 educatus
1270 404 1296 430 in
1322 404 1423 429 virtute
1439 408 1467 430 et
1487 403 1514 429 in
1531 404 1723 437 temperantia.
1740 403 1826 430 Porro

203 456 266 475 vero
286 454 383 476 sancto
402 456 512 484 quoque
525 454 553 475 et
575 450 726 476 monastico
743 448 839 476 habitu
860 454 903 476 est
923 450 1062 485 dignatus.
1087 449 1185 484 Sicque
1204 449 1364 485 proficiebat
1384 449 1410 475 in
1432 449 1588 476 humilitate
1618 453 1645 476 et
1661 446 1743 476 multa
1758 450 1825 476 obe-

203 493 317 524 dientia,
336 498 366 520 ut
377 498 517 520 amaretur
532 493 568 519 ab
580 493 720 521 omnibus.

234 549 271 575 Z'.
290 549 335 574 ‘Ev
351 549 401 583 μιᾷ
412 546 458 575 οὖν
469 548 522 574 τῶν
533 549 645 584 ἡμερῶν
656 549 800 585 ἠρώτησεν
814 550 828 576 ὁ
842 550 993 585 ἡγεύμενος
1007 552 1030 581 Α
1080 550 1091 575 V

968 558 993 580 ος
1007 552 1030 581 Α
1080 550 1135 577 VII.
1159 550 1221 577 l’ost
1235 551 1292 577 hmc
1309 554 1400 577 autem
1416 557 1478 577 cum
1496 549 1609 577 vidisset
1623 550 1754 577 Dominus
1766 558 1825 585 per-

202 595 261 624 τοὶις
275 594 408 628 ἀδελφοὺς
424 595 510 627 λέγων
522 603 530 610 ’
547 595 602 621 Ποῦ
615 596 688 622 ἐστιν
701 597 715 621 ὁ
730 596 846 629 ἀδελςρὸς
858 597 990 631 Μαρῖνος;

204 641 240 666 ὅτι
257 640 315 675 ἔχω
336 642 458 676 σήμερον
473 641 568 676 τρίτην
584 642 692 677 ἡμέραν
706 642 756 668 οὐκ
778 640 836 669 οἶδα
853 643 935 669 αὑτὸν
952 644 992 674 εἰς

204 687 364 722 ψαὶμῳδίαν
376 695 383 702 ·
399 687 444 714 ἀεὶ
456 688 510 722 γὰρ
525 687 579 721 πρὸ
596 688 704 714 πάντων
715 688 859 723 εὑρίσκετο
869 696 876 704 ·
903 689 992 715 εἰπέ).-

205 733 267 759 θάτε
285 733 326 764 είς
350 733 380 759 τὸ
398 733 504 759 κὲλλιον
520 733 601 760 αὑτοῦ
624 734 662 769 μὴ
687 734 829 770 ἀῤῥωστίᾳ
842 742 899 760 τινε
915 735 991 760 xci-cl.-

205 786 303 804 κειται.
341 778 518 810 Ἀπελθόντες
535 778 582 804 οὖν
601 776 681 814 εὗρον
709 780 791 805 αὺτὸν
801 779 990 812 τελειωθέντα,

205 823 249 849 καὶ
261 823 437 857 ἀπήγγειλαν
451 823 489 856 τῷ
511 824 666 859 ἡγουμένῳ,
681 825 722 851 ὅτι
734 826 748 851 ὀ
765 825 851 856 ὰὸσᾶς
870 826 991 860 Μαρῖνος

204 867 360 902 ἐτελειώθη,
378 868 424 894 καὶ
452 866 528 895 εἶπεν
539 877 546 884 ·
563 866 637 902 Ἀρι
651 869 710 900 πῶς
734 869 855 904 ἀπῆλθεν
875 871 891 904 ὴ
907 870 986 896 ἀθλία

205 911 287 938 αὑτοῦ
302 913 394 947 ψυχή;
415 913 495 939 ποίαν
525 913 674 947 ἀπολογίαν
700 913 851 948 βουλομένη
880 913 989 947 Sat-wet;

205 958 257 984 Καὶ
286 957 439 992 προσέταξε
467 959 631 993 κηδευθῆναι
657 959 749 985 αὐτόν.
775 960 830 985 Καὶ
854 959 891 990 ὡς
910 957 991 993 ἦλθον

203 1004 358 1030 ἀποπλύνας
379 1005 471 1036 αὐτὸν,
500 1002 580 1038 εὗρον
594 1006 635 1031 ὅτι
659 1005 730 1040 γυνὴ
759 1003 804 1040 ἦν,
828 1007 874 1032 καὶ
889 1007 992 1036 πάντες

204 1049 360 1083 ἀνέκραξαν
383 1049 430 1075 τό·
462 1049 559 1084 Κύριε,
589 1050 712 1084 ἐλέησον.
736 1051 765 1076 'O
783 1051 811 1076 δὲ
838 1050 991 1085 ἡγούμενος

203 1095 387 1122 ἐπυνθάνετο·
414 1096 445 1121 Τί
463 1097 548 1127 ἐςτιν.
573 1095 587 1121 ὃ
606 1096 700 1131 exesa;
720 1097 751 1123 Ui
765 1096 794 1122 δὲ
809 1093 886 1122 εἶπον
901 1097 941 1124 ὅτι
958 1097 992 1122 '0

203 1140 318 1174 ἁδελᾷὸς
334 1141 454 1176 Μαρῑνος
471 1141 540 1176 γυνή
555 1141 639 1167 ἐστίν.
653 1141 721 1167 Τότε
746 1141 875 1167 είσελθὼν
902 1142 991 1175 ῥίπτει

203 1186 301 1211 ἑαυτὸν
313 1186 354 1217 εις
372 1186 517 1220 πρόσωπον
533 1185 635 1211 κλαὲων
647 1184 695 1211 κλὶ
712 1184 800 1218 λέγων
812 1193 820 1200 ·
843 1181 906 1210 Ὧδε
924 1185 992 1211 ἀπο-

203 1232 314 1267 θνήσκω
328 1233 368 1263 sl.-
381 1233 443 1263 τοὺς
456 1234 549 1266 ἁγίους
566 1233 650 1260 αὑτοῦ
665 1233 758 1264 πόδας,
771 1232 823 1264 ἕως
835 1230 866 1259 οὗ
880 1233 990 1259 ἀκούσω

205 1278 394 1313 συγχώρησιν.
411 1277 498 1305 τη).οε
516 1279 544 1305 δὲ
568 1278 644 1313 αὐτῷ
664 1279 740 1313 φωνὴ
756 1279 873 1312 λέγουσα
892 1279 942 1309 ὅτι,
961 1279 992 1305 Et

205 1325 253 1360 μὲν
269 1325 350 1357 εἰδὼς
364 1325 442 1351 ἰ·ῦῦτο
455 1325 587 1359 ἔπραξας.
601 1326 650 1351 οὐκ
667 1326 700 1352 ἄν
717 1333 764 1350 σου
775 1325 954 1360 συνεχωρήθη
975 1325 991 1360 ἡ

203 1371 328 1406 ἁμαρτία
340 1380 346 1386 ·
362 1371 494 1407 ἐπειδὴδὲ
511 1373 540 1398 ἐν
554 1371 652 1408 ἀγνοίᾳ
663 1371 805 1406 ἐποίησας,
822 1371 992 1406 ἀφεθήσεταί

205 1426 258 1446 σοι.

1044 596 1141 624 fertam
1158 604 1219 623 esse
1239 597 1298 630 ejus
1325 596 1404 623 fidem
1425 602 1452 622 ct
1467 597 1650 628 tolerantiam,
1664 601 1691 623 et
1711 605 1771 624 e:se
1787 598 1828 625 di-

1043 651 1123 677 gnam
1140 650 1224 676 regno
1244 642 1390 674 malorum,
1407 642 1513 676 accepit
1532 649 1592 668 eam
1616 642 1643 668 in
1658 646 1760 668 teterna
1777 650 1827 676 pa-

1043 688 1126 715 radisi
1154 688 1341 719 tabernacula,
1371 689 1479 714 nemine
1500 687 1614 714 sciente.
1636 687 1702 714 Nam
1723 695 1785 714 cum
1805 689 1828 715 is

1043 733 1168 765 obiisset,
1189 736 1217 759 ct
1234 741 1286 759 nec
1313 733 1493 767 egrederetur
1515 732 1548 760 ad
1566 733 1709 759 servitium
1731 740 1827 759 mona-

1043 779 1129 810 sterii,
1151 783 1240 806 etnec
1259 778 1291 805 ad
1313 778 1492 813 psalmodiam
1509 779 1622 812 rcgulaa,
1639 779 1744 812 rogavit
1759 787 1828 812 prte-

1043 824 1132 851 fectus
1155 824 1264 856 fratres,
1292 825 1410 851 dicens:
1435 824 1486 852 Ubi
1511 830 1554 851 est
1581 824 1666 851 abbas
1691 825 1829 852 Marinus?

1043 869 1112 896 Ecce
1130 870 1202 896 enim
1215 870 1270 904 jam
1285 870 1479 904 prmtericrunt
1495 875 1550 896 tres
1564 870 1633 901 dies,
1649 877 1680 896 ex
1695 878 1750 904 quo
1763 878 1826 897 cum

1043 923 1096 941 non
1121 915 1175 941 vidi
1197 916 1223 942 in
1242 915 1406 950 psalmodia.
1432 923 1520 949 neque
1544 915 1569 941 in
1589 923 1640 942 suo
1662 916 1828 943 ministerio.

1043 960 1150 987 Primus
1172 965 1275 993 autem,
1292 962 1416 988 omnium
1442 961 1634 989 inveniebatur
1661 961 1687 988 in
1713 962 1827 997 Regula.

1042 1006 1220 1039 lngredimini
1244 1014 1309 1040 ergo
1333 1008 1392 1041 ejus
1417 1007 1525 1039 cellam,
1543 1012 1569 1033 et
1593 1007 1695 1038 videte,
1717 1015 1782 1034 num
1802 1009 1827 1034 in

1043 1052 1162 1086 aliquam
1182 1052 1313 1079 ceciderit
1329 1052 1529 1086 aegritudinem.
1546 1051 1615 1079 Cum
1631 1056 1722 1095 auteuq
1738 1053 1829 1079 venis-

1044 1103 1105 1125 sent
1118 1099 1218 1125 fratres
1233 1100 1260 1125 in
1281 1098 1377 1125 cellam
1405 1091 1502 1130 beafae.
1519 1098 1633 1133 ingressi
1660 1091 1829 1126 invenerunt

1043 1150 1103 1170 eam
1121 1148 1337 1170 consummatam
1350 1143 1378 1170 in
1395 1143 1522 1176 Domino,
1538 1148 1565 1170 et
1578 1152 1692 1179 puerum
1714 1144 1738 1170 ei
1758 1145 1829 1171 assi-

1043 1189 1154 1217 dentem
1170 1193 1196 1216 et
1213 1189 1333 1218 flentem.
1352 1189 1430 1215 Tunc
1456 1197 1572 1223 propere
1596 1190 1699 1223 egressi
1718 1190 1828 1221 fratres,

1043 1235 1171 1270 praefecto
1194 1235 1399 1263 renuntiarunt.
1422 1235 1545 1264 dicentes
1561 1244 1568 1265 :
1585 1236 1680 1264 Frater
1709 1237 1829 1264 Marinus

1042 1282 1164 1309 dormiit.
1189 1281 1236 1308 Ille
1260 1289 1326 1308 vero
1351 1289 1414 1309 cum
1436 1282 1579 1313 audiisset,
1605 1283 1721 1310 miratus
1738 1289 1780 1311 est
1802 1289 1830 1311 et

1041 1327 1111 1354 dixit
1127 1336 1134 1354 z
1153 1328 1296 1360 Quomodo
1322 1329 1440 1355 excessit
1462 1329 1522 1364 ejus
1545 1329 1646 1361 anima.
1675 1335 1723 1357 aut
1746 1338 1829 1365 quam

1043 1373 1099 1400 Deo
1116 1374 1250 1401 allaturos
1264 1379 1306 1401 est
1332 1375 1537 1402 excusationem
1555 1377 1589 1403 de
1604 1376 1637 1402 iis
1654 1385 1714 1411 qua:
1731 1385 1830 1412 pecca-

1042 1419 1100 1446 vit?
1117 1418 1195 1445 Tunc
1217 1418 1251 1445 de
1273 1423 1373 1446 cantem
1393 1419 1484 1454 jussit,
1510 1419 1579 1447 ιιιοὶ
1603 1421 1676 1455 justa
1694 1420 1753 1448 face
1770 1426 1828 1448 ent.

202 1465 269 1493 Cum
286 1469 378 1492 autem
394 1465 534 1492 venissent
546 1463 656 1495 fratres.
678 1468 708 1491 ut
721 1471 783 1492 cum
798 1468 997 1498 componerent
1012 1463 1045 1490 ad
1068 1463 1269 1498 sepeliendum,
1285 1463 1450 1490 invenerunt
1463 1472 1526 1491 eum
1544 1472 1604 1491 esse
1621 1465 1761 1492 mulierem
1777 1474 1783 1492 :
1800 1471 1829 1492 et

202 1512 361 1547 stupefacti,
380 1517 525 1546 cmperunt
539 1519 637 1539 omnes
654 1519 707 1538 una
730 1519 797 1538 voce
812 1511 932 1538 clamare
948 1519 955 1538 :
973 1511 1098 1544 Domine,
1117 1511 1258 1538 miserere.
1275 1511 1426 1537 Pra-fcctus
1445 1519 1509 1538 vero
1530 1519 1592 1538 cum
1608 1513 1754 1539 tumultum
1777 1521 1830 1539 an-

201 1561 300 1588 diisset
314 1565 342 1587 et
357 1561 612 1590 conturbationem,
640 1560 756 1594 rogavit,
785 1559 882 1586 dicens
898 1567 905 1587 :
925 1559 1062 1592 Quidnam
1081 1559 1134 1586 hoc
1146 1559 1198 1586 sibi
1223 1559 1301 1585 vult?
1323 1558 1362 1585 Illi
1378 1564 1468 1586 autem
1487 1559 1581 1586 dicunt
1596 1560 1620 1586 ei
1636 1568 1697 1587 cum
1711 1560 1830 1588 admira-

202 1608 277 1635 tione
294 1616 301 1635 :
320 1607 416 1635 Frater
430 1613 522 1634 noster
537 1606 658 1633 Marinus
671 1611 714 1633 est
726 1614 792 1633 sexu
815 1606 925 1632 mulier.
945 1605 1014 1632 Cum
1034 1605 1154 1632 venisset
1174 1613 1240 1640 ergo
1255 1604 1412 1638 praefectus,
1429 1609 1457 1631 et
1471 1605 1585 1631 vidisset
1602 1613 1659 1632 rem
1679 1607 1830 1637 admirabi-

200 1657 252 1684 lem
277 1662 305 1683 et
326 1661 424 1691 przctcr
440 1655 609 1690 opinionem,
624 1663 654 1682 se.
677 1655 753 1681 humi
771 1654 898 1690 projecit,
914 1658 942 1681 ct
955 1660 1053 1680 tenens
1073 1653 1157 1688 pedes
1173 1653 1269 1685 beata},
1289 1660 1351 1680 cum
1376 1653 1469 1679 multis
1484 1653 1611 1688 lacrymis
1627 1653 1772 1686 clamabat,
1785 1654 1829 1681 di-

201 1711 268 1731 cens
286 1712 294 1730 :
313 1703 428 1738 Ignosce
444 1703 522 1734 mihi.
540 1703 654 1730 Domine
673 1703 736 1730 Jesu
757 1701 878 1733 Christe,
895 1701 968 1737 quod
991 1709 1043 1735 {ter
1066 1702 1249 1736 ignorantiam
1272 1701 1382 1736 peccavi
1399 1701 1425 1727 in
1444 1705 1566 1728 sanetam
1582 1705 1610 1727 et
1632 1708 1734 1728 castam
1754 1706 1828 1729 tuam

199 1758 344 1785 sponsam.
362 1750 396 1777 Et
410 1757 507 1777 rursus
518 1750 665 1784 procidens
680 1748 713 1776 ad
728 1747 899 1775 vcncrandas
915 1752 943 1774 et
955 1752 1067 1774 sanctas
1081 1749 1140 1782 ejus
1162 1748 1304 1783 reliquias,
1324 1749 1472 1781 clamabat,
1487 1748 1597 1777 dicens:
1614 1748 1664 1775 llic
1679 1750 1780 1775 moriar
1795 1750 1828 1776 ad

199 1802 313 1826 sanctos
325 1802 354 1824 et
369 1797 541 1824 venerandos
561 1802 624 1822 tuos
646 1795 738 1830 pedes.
757 1796 844 1822 donec
860 1795 974 1822 audiero
990 1795 1056 1821 mihi
1069 1802 1129 1821 esse
1151 1795 1303 1821 condonata
1317 1803 1349 1822 ea
1362 1803 1422 1830 qua:
1439 1795 1466 1822 in
1483 1800 1508 1822 te
1526 1795 1645 1830 peccavi.
1663 1795 1731 1823 Cum
1750 1797 1772 1822 is
1782 1803 1827 1822 au-

200 1850 256 1872 tem
273 1844 321 1871 diu
339 1843 453 1871 deﬁeret
469 1848 497 1871 et
517 1843 669 1878 plangeret,
689 1842 763 1869 venit
780 1843 813 1868 ad
833 1849 897 1868 eum
918 1849 969 1868 vox
993 1842 1026 1869 de
1049 1842 1131 1873 coelo,
1148 1841 1245 1869 dicens
1261 1850 1268 1868 :
1286 1842 1312 1868 Si
1329 1843 1381 1870 hoc
1402 1842 1513 1876 quidem
1530 1843 1619 1870 sciens
1636 1842 1669 1869 fei
1679 1844 1756 1874 isses,
1774 1851 1828 1872 non

200 1890 250 1918 tibi
264 1889 485 1922 eondonassem;
501 1890 565 1924 quia
580 1895 671 1916 autem
687 1888 815 1915 nesciens
831 1887 883 1914 hoc
900 1887 1002 1920 fecisti,
1019 1893 1163 1923 peccatum
1182 1888 1234 1915 fuit
1253 1888 1301 1915 tibi
1317 1888 1513 1915 condonatum.

237 1947 281 1976 H'.
298 1948 354 1974 Καὶ
378 1947 502 1982 ἐγερθεὶς
519 1946 595 1981 δηλοῖ
612 1947 651 1980 τῷ
674 1945 820 1980 τωνδί)χεῦ
843 1946 890 1972 καὶ
906 1945 994 1971 εἰσελ-
1007 1949 1029 1979 c
1083 1947 1094 1971 ἲ

972 1953 994 1971 ι-
1007 1949 1029 1979 c
1083 1946 1153 1973 Vill.
1176 1946 1253 1974 Tunc
1267 1954 1384 1982 surgens
1401 1947 1547 1981 praefectus
1561 1954 1574 1972 a
1590 1947 1754 1974 venerandis
1770 1948 1829 1983 ejus

200 1993 298 2024 eam;
323 1992 407 2018 αὑτοῦ
427 1992 518 2026 λέγει’
540 1991 607 2018 Ἰδοὺ
621 1992 636 2017 ό
655 1991 778 2026 Μαρῖνος
793 1990 940 2026 ἐκοιμήθη.
962 1991 992 2017 '0

198 2039 228 2068 δὲ
243 2039 323 2073 λέγει
333 2047 340 2054 ·
360 2039 388 2065 ’0
403 2039 468 2069 Θεὸς
485 2039 660 2073 συγχωρήσει
677 2037 760 2072 αὐτῷ,
773 2037 814 2064 ὅτι
830 2037 934 2072 ἔρημον
948 2037 993 2063 τὸν

198 2083 276 2112 οἶκόν
290 2093 344 2120 μου
354 2084 492 2120 ἐποίησεν.
506 2085 587 2118 Λέγει
597 2083 672 2118 αὺτῷ
687 2083 701 2109 ό
717 2082 868 2118 ἡγούμενος
879 2089 885 2096 ·
899 2083 993 2109 Μετα-

199 2132 311 2167 νεησον,
347 2131 458 2166 ἀδελφὲ,
487 2131 528 2157 ὅτι
554 2131 680 2165 ἥμαρτες
706 2129 822 2156 ἐνώπιον
851 2128 900 2155 τοῦ
924 2128 992 2155 Θεοῦ

199 2178 276 2214 κάμὲ
291 2178 327 2205 σὺ
349 2177 453 2212 ὲπῆρες
477 2177 533 2209 τοῖς
563 2176 653 2210 λόγοις
680 2183 744 2202 σου·
765 2175 779 2201 ὸ
803 2175 859 2211 γὰρ
873 2175 993 2210 Μαρίνος

199 2225 271 2260 γυνή
290 2225 379 2252 ἐστιν.
394 2224 450 2251 Καὶ
460 2223 589 2257 ἐπιγνοὺς
602 2223 682 2249 τοῦτο
695 2223 709 2249 ὁ
727 2222 826 2256 πάνὸοξ
840 2221 935 2257 ἐξέστη
947 2221 994 2248 καὶ

199 2271 316 2303 ἐδόξασε
334 2270 380 2298 τὸν
397 2269 474 2297 Θεὸν.
491 2270 545 2298 Καὶ
575 2269 640 2302 ίόοὺ,
660 2270 688 2295 ἐν
699 2269 779 2305 ὀλίγῃ
794 2270 854 2303 ἄρα
876 2268 994 2303 παραγί-

200 2326 278 2344 νεται
297 2318 315 2350 ὴ
333 2316 458 2352 θυγάτηρ
471 2316 554 2343 αὑτοῦ
569 2315 738 2351 ὲλεγχομένη
752 2316 800 2342 καὶ
811 2315 929 2349 λέγουσα
944 2315 994 2350 τὴν

199 2364 347 2399 ἀλήθειαν,
364 2363 406 2389 ὅτι
423 2363 453 2390 Ὀ
468 2362 638 2397 στρατιώτης
651 2362 770 2396 ἐπάτησέ
797 2369 841 2396 με,
855 2362 902 2387 καὶ
916 2361 995 2395 ἐμία-

199 2418 241 2441 νε,
261 2410 312 2436 καὶ
344 2410 516 2443 παραχρῆμα
537 2409 609 2443 ίάοη.
629 2408 682 2434 Καὶ
704 2408 831 2438 λαίόντες
844 2407 868 2433 οἱ
883 2407 994 2440 ἀδελφοὶ

199 2457 230 2482 τὸ
239 2456 371 2491 λείψανον
379 2455 428 2490 τῆς
443 2455 518 2486 ὁσίας
531 2456 651 2488 Μαρίας,
666 2453 831 2490 μυρίσαντες
848 2453 994 2480 κατέθεντο

200 2504 230 2529 ἑν
247 2503 328 2537 τόπῳ
341 2502 434 2537 σεμνῷ
451 2502 521 2536 μετὰ
547 2502 639 2535 πάσης
664 2501 834 2535 δωροφορίας
846 2520 853 2532 ,
877 2499 995 2534 Χριστὸν

200 2549 391 2584 ἁνυμνοῦντες
404 2549 449 2575 τὸν
465 2549 580 2584 Σωτῆρα
596 2548 650 2574 τῶν
667 2548 805 2580 ἁπάντων,
821 2548 865 2574 τὸν
887 2547 931 2573 ἀεὶ
949 2547 994 2573 δο-

201 2597 320 2628 ξάζοντα
346 2596 410 2627 τοὺς
438 2595 600 2628 δοξάζοντας
624 2595 717 2621 αὐτόν.
735 2593 814 2629 Αὑτῴ
839 2595 855 2628 ἡ
877 2594 941 2626 δόξα
953 2595 994 2625 είς

200 2643 266 2673 τοὺς
280 2642 384 2673 αἰῶνας
401 2642 457 2670 τῶν
474 2641 591 2669 αἰώνων.
606 2642 707 2676 Ἀμήν.

1046 1994 1180 2030 reliquiis.
1193 1995 1284 2021 statim
1299 1995 1374 2022 misit
1386 1994 1420 2022 ad
1432 1994 1590 2029 praefectum
1607 1995 1763 2026 diversorii,
1786 1997 1829 2022 di-

1043 2048 1109 2068 cens
1126 2049 1132 2067 :
1150 2040 1217 2068 Veni
1233 2041 1289 2067 cito
1310 2040 1342 2067 ad
1368 2048 1429 2072 nos,
1451 2048 1513 2068 nam
1538 2045 1564 2067 te
1587 2040 1652 2067 volo
1671 2041 1829 2069 convenire.

1043 2087 1110 2115 Cum
1128 2092 1220 2114 autem
1243 2087 1365 2114 venisset
1379 2087 1526 2121 praefectus
1541 2087 1698 2117 diversorii,
1716 2086 1784 2115 dicit
1803 2088 1829 2114 ei

1044 2134 1191 2169 prafectus
1216 2134 1374 2162 monasterii
1399 2142 1406 2162 :
1438 2134 1509 2161 Ecce
1533 2133 1618 2161 frater
1642 2133 1764 2162 Marinus
1789 2138 1831 2161 est

1045 2185 1180 2208 mortuus.
1196 2179 1220 2207 ls
1237 2188 1303 2208 vero
1319 2180 1387 2208 dicit
1404 2180 1535 2216 prrefecto
1550 2181 1710 2208 monasterii
1730 2188 1737 2208 :
1759 2181 1832 2209 Dens

1042 2227 1068 2254 ei
1092 2227 1229 2254 condonet
1246 2225 1273 2253 id
1288 2226 1363 2262 quod
1389 2225 1455 2254 fecit
1478 2227 1504 2253 in
1526 2226 1660 2262 abjectam
1686 2234 1774 2253 meam
1802 2228 1832 2254 fl-

1045 2272 1119 2299 Iiam.
1137 2271 1208 2299 Dicit
1223 2272 1248 2298 ei
1265 2272 1414 2306 praefectus
1430 2271 1589 2298 monasterii
1613 2279 1620 2297 :
1639 2272 1830 2300 Pmnilenliam

1044 2327 1103 2354 age,
1124 2326 1141 2345 ο
1165 2318 1260 2346 frater.
1289 2318 1357 2344 Nam
1371 2318 1489 2352 peccasti
1507 2325 1599 2344 coram
1625 2317 1691 2344 Deo.
1710 2318 1762 2345 Sed
1788 2327 1832 2346 me

1044 2369 1154 2397 quoque
1168 2362 1222 2388 tuis
1234 2361 1325 2388 verbis
1337 2361 1483 2395 decepisti,
1494 2366 1522 2387 et
1535 2362 1644 2396 peccavi
1657 2370 1707 2395 ego
1721 2371 1831 2397 quoque

1045 2412 1156 2442 propter
1177 2411 1212 2434 te.
1230 2407 1301 2434 Ecce
1316 2408 1389 2434 enim
1406 2407 1527 2434 Marinus
1549 2415 1645 2434 revera
1663 2415 1705 2435 est
1718 2410 1828 2436 mulier.

1044 2453 1112 2480 Cum
1123 2453 1181 2480 haec
1197 2458 1289 2480 autem
1305 2453 1455 2481 audivisset
1470 2454 1614 2488 praefectus
1633 2454 1788 2487 diversorii,
1803 2461 1830 2482 et

1045 2499 1167 2535 praefecti
1178 2499 1271 2526 verbis
1287 2499 1383 2526 fuisset
1394 2499 1612 2534 obstupefactus,
1626 2501 1724 2528 mansit
1737 2506 1830 2529 mutas

1045 2551 1073 2574 et
1096 2545 1241 2580 attonitus,
1260 2545 1329 2573 Eum
1354 2553 1419 2573 vero
1436 2554 1519 2573 mmm
1533 2547 1741 2581 apprehendens
1759 2555 1830 2583 pra:-

1045 2593 1135 2621 fectus
1148 2593 1318 2624 monasterii,
1336 2593 1415 2620 duxit
1430 2601 1495 2620 eum
1510 2593 1537 2620 in
1551 2594 1653 2626 locum,
1670 2594 1697 2621 in
1714 2603 1768 2629 quo
1789 2595 1831 2630 ja<

1011 2631 1033 2658 θ
1048 2639 1128 2667 cebat
1144 2639 1222 2666 beata
1235 2639 1319 2666 Maria
1338 2647 1345 2666 :
1361 2643 1389 2666 et
1408 2646 1470 2666 cum
1487 2647 1546 2665 eam
1560 2639 1676 2667 honeste
1689 2644 1717 2666 et
1731 2640 1830 2667 decore

199 2688 322 2715 locasset
335 2696 368 2717 ac
385 2688 598 2723 composuisset.
613 2689 638 2715 ei
661 2686 782 2714 ostendit
799 2687 885 2722 ipsam
907 2694 968 2714 esse
988 2693 1055 2714 sexu
1072 2686 1213 2717 feminam.
1233 2690 1261 2712 et
1276 2693 1336 2713 eam
1359 2685 1443 2712 fuisse
1459 2690 1561 2712 temere
1580 2686 1732 2713 maledictis
1748 2694 1831 2720 appe-

202 2738 293 2763 titam.
311 2735 391 2762 Tunc
410 2737 495 2770 cmpit
513 2736 658 2763 diversorii
682 2743 793 2770 quoque
819 2735 964 2770 pra'fcclus
989 2734 1091 2761 deﬂere
1110 2738 1226 2769 propter
1247 2734 1420 2768 inopinatum
1441 2734 1475 2760 ab
1497 2741 1530 2760 eo
1549 2733 1636 2760 visum
1653 2733 1829 2764 miraculum.

203 2784 270 2811 Post
283 2784 342 2811 ha:c
355 2788 445 2812 autem
459 2785 533 2818 justa
548 2783 673 2811 fecerunt
699 2784 802 2811 sauciis
817 2788 844 2810 ct
860 2782 1024 2810 venerandis
1043 2782 1103 2817 ejus
1120 2781 1256 2816 reliquiis,
1272 2786 1300 2808 et
1323 2781 1509 2816 deposuerunt
1526 2781 1551 2806 in
1572 2780 1669 2814 insigni
1687 2780 1746 2807 loco
1770 2788 1829 2806 mo-

203 2833 328 2864 nasterii,
345 2839 409 2859 enim
427 2832 540 2866 psalmis
555 2837 582 2858 et
601 2831 710 2866 hymnis
726 2836 754 2858 et
773 2831 866 2858 multis
890 2830 1052 2861 luminibus.
1068 2835 1166 2857 octavo
1181 2830 1283 2856 mensis
1306 2828 1446 2855 Februari‘
1475 2828 1572 2855 Statim
1588 2835 1652 2854 vero
1674 2828 1748 2854 venit
1773 2829 1829 2856 filia

204 2881 327 2915 pnefccti
351 2881 497 2908 diversorii
516 2889 530 2907 a
552 2881 676 2908 daemone
695 2884 832 2915 correpta,
849 2884 877 2907 et
902 2880 1038 2907 confitens
1057 2887 1166 2906 omnem
1187 2878 1340 2910 veritatem,
1362 2882 1389 2904 et
1408 2876 1502 2904 dicens
1518 2884 1525 2903 :
1545 2876 1618 2903 Talis
1634 2876 1712 2903 miles
1729 2884 1771 2902 me
1788 2877 1830 2903 fe-
