2024 3153
268 164 323 194 359

924 165 1067 196 MENSIS
1088 167 1240 198 IULIUS.

1841 168 1894 199 360

264 225 294 247 et
302 219 436 247 sacriﬁcia
448 220 616 248 aelibamina
627 220 781 251 abolentes.
792 221 855 249 aliis
863 222 956 251 fuistis
968 223 1054 251 duces

1105 226 1248 261 ἡμετέρων
1271 225 1504 261 παντοκριτόρων
1519 226 1589 253 θεῶν
1609 226 1830 262 τνραννήσαντες
1847 228 1896 254 καὶ

265 265 298 293 ad
313 265 459 293 barathum
486 267 627 300 interitus,
643 267 666 294 si
691 275 755 294 vera
771 272 837 294 sunt
854 275 915 303 quae
926 268 960 296 de
976 269 1055 297 vobis

265 311 299 338 ad
315 316 424 339 nostras
435 319 517 339 aures
533 317 731 348 pervenerunt.

303 446 346 474 IV.
365 446 436 473 Dixit
452 451 563 475 sanctus
576 447 726 476 Mauricius
749 457 756 476 :
777 449 938 484 Imperator,
963 457 1023 484 quae
1040 457 1055 476 a

266 492 347 520 nobis
359 497 506 520 exercetur
531 495 653 529 tyrannis
682 495 815 522 adversus
830 496 908 526 deos.
924 496 970 530 qui
991 500 1056 523 sunt

265 537 343 564 nullo
357 546 439 564 sensu
454 539 572 573 praediti,
588 541 668 568 nobis
694 542 811 568 validam
827 542 946 576 acquirit
968 542 1055 569 victo-

266 583 333 610 riam
355 591 370 610 a
394 592 459 612 vero
482 586 548 617 Deo,
572 590 600 613 et
617 594 748 614 coronam
778 588 881 622 gloriae.
899 587 959 614 Non
980 588 1054 615 cnim

265 637 446 664 aspernamur
456 636 482 658 et
498 632 575 659 nihili
593 632 707 660 facimus
732 634 826 665 Dcum,
842 635 889 668 qui
903 642 954 661 nos
965 634 1054 667 ﬁnxit,

265 680 297 702 ut
313 678 395 703 stulta
425 683 467 704 est
484 683 529 704 tua
548 679 678 705 traditio:
700 679 747 706 sed
773 680 959 715 gloriﬁcamus
978 689 1053 714 eum,

266 722 313 757 qui
329 728 372 750 est
387 724 461 751 solus
476 733 558 752 verus
571 727 651 757 Deus.
661 727 708 761 qui
723 726 787 754 fecit
797 727 897 754 etelum
913 732 941 755 ct
953 733 1054 754 terram

266 773 294 796 et
307 777 392 802 mare,
410 775 437 797 et
452 771 543 798 omnia
564 772 610 806 qui
623 772 649 798 in
666 773 707 800 eis
715 777 790 800 stitit.
804 774 946 808 improbos
962 779 1054 801 autem

265 820 294 842 ct
310 816 468 844 immundos
488 818 626 846 daemones
652 823 679 845 et
694 819 740 854 qui
770 820 920 847 bomnibus
935 821 1055 848 aﬂ’eruut

266 861 392 893 exitium,
404 870 467 896 quae
477 868 541 890 sunt
552 864 634 890 surda
648 869 675 891 et
685 872 756 892 (τερα
771 865 931 898 simulacra,
943 871 970 892 et
979 866 1053 892 nullo

267 915 357 934 scnsrr
365 909 488 943 prmdila,
499 917 553 936 non
573 911 778 938 convcnitdeos
790 919 898 944 vocare,
908 920 923 938 (ι
936 912 1054 947 impera-
1070 905 1092 934 Β

269 958 321 981 tor.
336 955 408 981 Dixit
426 955 575 989 imperator
586 956 769 984 Maximianus
782 966 789 985 :
802 957 872 986 Cum
889 959 1021 984 honorem
1040 965 1055 984 a

267 1001 321 1028 diis
335 1001 373 1028 sis
390 1007 565 1035 consecutus,
579 1007 607 1029 et
624 1004 730 1030 militia:
751 1005 868 1039 primum
888 1005 980 1032 locum
994 1013 1055 1032 sor-

268 1049 345 1079 titus,
358 1055 374 1074 ο
388 1047 511 1078 Maurici.
529 1049 570 1076 eis
583 1049 724 1084 pulchram
739 1050 825 1077 refers
836 1052 964 1086 gratiam.
983 1052 1057 1081 Dixit

266 1098 380 1121 sanctus
404 1094 554 1123 Mauricius
586 1095 757 1131 :Nuuquam
782 1097 916 1124 honorem
935 1099 1056 1132 accepia

265 1141 318 1168 diis
331 1141 442 1173 vestris,
467 1150 557 1177 neque
575 1143 638 1170 volo
665 1151 714 1170 eos
731 1143 879 1171 honorare.
901 1143 968 1177 Quis
981 1144 1055 1171 enim

265 1194 387 1222 unquam
402 1196 435 1216 ex
451 1188 622 1222 hominibus,
634 1190 681 1224 qui
697 1189 745 1217 Dei
763 1189 846 1218 habet
859 1191 1055 1225 cognitionem,

265 1234 430 1261 sustinuerit
450 1234 587 1262 honorare
603 1236 733 1263 materias
762 1236 840 1264 nullo
856 1245 937 1264 sensu
956 1237 1056 1272 praedi-

267 1281 327 1308 tas?
346 1281 399 1308 Sed
417 1282 518 1316 quibus
541 1289 595 1309 non
611 1287 652 1310 est
680 1290 767 1316 mens,
782 1291 843 1318 quae
857 1284 941 1311 rectis
955 1284 1056 1319 guber-

267 1333 348 1355 natur
375 1327 542 1360 rationibus,
567 1333 712 1365 propterea
731 1331 805 1367 quod
820 1331 955 1365 jumentis
977 1338 1055 1358 com-

267 1375 353 1409 parati
366 1375 420 1402 siut
439 1375 644 1409 insipientibus,
663 1380 691 1403 ct
712 1376 818 1404 similes
833 1378 897 1404 facti
913 1377 968 1405 sint
981 1378 1021 1405 eis
1035 1378 1054 1410 ¹,

267 1421 285 1447 ii
299 1421 404 1455 lapides
416 1425 444 1448 et
458 1421 530 1455 ligna
545 1423 571 1448 in
585 1421 652 1449 deos
677 1422 812 1455 referunt,
828 1428 1005 1459 mentemque
1015 1424 1056 1451 eis

267 1467 403 1498 tribuunt.
425 1471 454 1494 et
470 1468 606 1494 honorant
624 1473 755 1503 tauquam
782 1469 859 1497 deos.
878 1470 951 1496 Dixit
969 1470 1056 1504 itnpe~

265 1517 341 1541 ralor
360 1513 542 1541 Maximianus
559 1522 567 1540 :
583 1513 719 1546 Quoniam
746 1516 849 1550 primas
867 1521 959 1551 partes
981 1517 1055 1543 obti~

263 1560 349 1587 nuisli
381 1560 409 1587 in
442 1559 588 1587 ordinibus
625 1565 726 1587 nostra:
752 1561 1013 1593 administrationis.
1039 1570 1055 1589 ο

264 1606 388 1638 Maurici,
406 1606 433 1633 id
456 1607 505 1634 tibi
527 1614 654 1642 magnam
677 1607 796 1641 praebuit
817 1607 1011 1636 confidentiam
1028 1613 1055 1636 et

264 1651 541 1680 eﬁ‘ecitaudaciorem
553 1661 560 1680 :
571 1653 641 1680 adeo
653 1657 682 1680 ut
696 1652 838 1687 splendide
851 1658 878 1680 et
891 1654 959 1681 citra
971 1655 1054 1682 ullam

265 1699 506 1726 conturbationem
517 1699 686 1734 respondeas
696 1705 797 1726 nostra:
805 1700 956 1727 serenitati.
964 1700 1055 1728 Jubet-

264 1754 329 1781 que,
342 1753 375 1773 eo
389 1751 524 1781 separato.
543 1747 665 1781 reliquos
675 1747 849 1780 interrogari,
866 1753 893 1774 et
906 1747 1002 1775 blande
1014 1748 1055 1775 eis

264 1792 334 1819 dicit
356 1792 507 1826 imperator
523 1801 529 1818 :
547 1792 614 1825 Quis
628 1791 708 1819 vobis
723 1796 825 1819 tantam
839 1793 903 1820 fecit
917 1793 1056 1828 iujuriam,

264 1845 281 1865 θ
297 1840 405 1870 fratres,
424 1843 454 1865 ut
468 1837 623 1865 deﬁceretis
639 1847 652 1865 a
667 1838 722 1865 diis
738 1839 928 1866 servatoribus
951 1848 957 1866 :
979 1847 1059 1867 acce-

264 1885 367 1912 dcretis
377 1890 468 1912 autem
479 1885 566 1912 errori
578 1885 721 1913 hominum
731 1885 778 1920 qui
790 1886 907 1913 adorant
917 1886 1056 1914 hominem

264 1933 424 1961 crucifixum
443 1938 571 1967 tanquam
584 1941 668 1959 unum
688 1932 875 1960 homicidam?
897 1933 957 1960 Non
977 1934 1052 1960 enim

263 1981 305 2008 sic
319 1989 367 2007 vos
381 1980 544 2012 erudiimus,
558 1987 647 2014 neque
661 1979 687 2006 in
703 1979 748 2006 tali
759 1979 884 2006 doctrina
895 1980 1051 2009 eduximus.

299 2028 329 2055 V.
347 2027 425 2054 Tunc
439 2035 503 2054 vere
519 2027 591 2053 beati
608 2026 772 2054 Theodorus
784 2031 811 2053 et
826 2027 979 2062 Philippus,
993 2032 1054 2054 tan-

263 2082 345 2109 quam
371 2081 402 2100 ex
418 2080 467 2100 ore
497 2077 657 2099 sanctorum
684 2072 859 2107 septuaginta
890 2078 1052 2109 martyrum,

264 2112 394 2146 dixerunt
421 2119 602 2153 imperatori:
631 2118 697 2151 Nos,
725 2127 741 2146 ο
759 2124 874 2154 tyranne
903 2119 1055 2155 imperatur

264 2164 440 2195 Mmimiane.
456 2169 562 2191 tantum
578 2163 710 2191 absumus
726 2164 761 2191 ab
775 2172 882 2197 errore,
899 2169 930 2191 ut
947 2169 972 2192 te
983 2173 1054 2200 quo-

263 2219 317 2247 que
331 2216 458 2246 optemus
472 2210 585 2237 liberari
599 2210 632 2237 ab
657 2218 762 2244 errore,
778 2220 793 2238 a
809 2219 862 2246 quo
877 2219 928 2238 nos
944 2220 1054 2248 quoque

263 2258 366 2285 fuimus
389 2258 509 2289 liberati,
527 2265 612 2284 unum
630 2261 658 2285 et
670 2258 758 2286 solum
782 2257 930 2286 adorantes
957 2267 1053 2286 verum

264 2305 361 2338 Deum,
379 2305 485 2332 Patrem
516 2304 744 2338 omnipotentem.
759 2310 787 2333 et
803 2305 974 2341 unigenitum
994 2307 1054 2342 ejus

263 2352 361 2379 Filium
391 2351 484 2379 Jesum
515 2350 656 2378 Christum
684 2351 830 2379 Dominum
851 2358 988 2385 nostrum,
1005 2353 1053 2388 qui

262 2403 305 2425 cst
319 2398 366 2425 Dei
388 2398 476 2426 virtus
492 2403 518 2425 et
544 2397 592 2425 Dei
606 2397 741 2433 sapientia
755 2399 764 2414 ’
779 2408 785 2425 :
805 2404 832 2426 et
847 2400 1051 2430 sanctissimum

262 2444 322 2478 ejus
341 2443 487 2478 Spiritum,
499 2444 545 2478 qui
564 2445 643 2472 nobis
664 2444 809 2480 inspiravit
822 2446 1007 2480 cognitionem
1023 2451 1052 2473 ct

263 2490 484 2524 intelligentiam,
512 2495 541 2518 ut
561 2491 720 2518 confitearis
736 2491 846 2526 quidem
878 2492 1051 2525 Trinitatem,

264 2543 325 2570 qua:
342 2540 383 2563 cst
397 2537 522 2573 ejusdem
538 2538 665 2564 essentia:
679 2545 687 2564 :
704 2537 874 2564 abomineris
891 2542 984 2564 autem
999 2537 1053 2564 im-

230 2609 233 2611 _
264 2583 394 2610 mundam
407 2588 480 2610 tuam
490 2583 649 2618 rcligionem
666 2593 672 2610 :
688 2583 795 2610 ethanc
811 2583 921 2618 quidem
930 2583 1052 2618 alajicias,

263 2637 325 2665 qua!
352 2633 395 2657 est
424 2629 457 2656 ad
474 2634 595 2664 tempus.
615 2629 740 2656 militiam
756 2639 761 2656 :
779 2630 836 2657 Deo
850 2638 915 2657 vero
940 2631 1052 2664 milites,

263 2676 309 2711 qui
326 2681 368 2703 est
398 2675 455 2702 Rex
472 2675 652 2703 exercituum.
673 2675 744 2702 Dixit
767 2675 949 2702 Maximianus
965 2675 1051 2710 impc-

265 2727 339 2748 rator
355 2730 362 2747 :
381 2721 477 2752 Video,
492 2728 508 2747 ο
535 2720 673 2755 Philippe,
701 2723 726 2746 te
741 2724 911 2747 senectutem
937 2719 1049 2754 quidem

264 2766 367 2794 habere
396 2766 575 2794 reverendam
591 2775 598 2792 :
616 2765 796 2800 intelligentia
822 2769 913 2791 autem
933 2766 1049 2793 multum

265 2812 531 2847 ccderejuveuibus.
549 2811 670 2846 Coufuge
683 2819 748 2847 ergo
764 2811 797 2838 ad
815 2811 892 2843 deos,
909 2816 938 2838 et
952 2812 990 2839 sis
1003 2812 1048 2839 ho-

306 2893 312 2906 '
331 2890 404 2919 Psal.
422 2899 519 2919 tum.
559 2892 568 2907 ²
588 2891 675 2919 lCur.
693 2900 711 2919 l.

1107 274 1156 304 τὰς
1181 273 1383 308 νενομισμένας
1407 273 1499 304 αὐτοῖς
1516 273 1600 307 τιμάς
1620 282 1649 299 τε
1670 273 1719 300 καὶ
1733 273 1829 305 θυσίας
1847 275 1897 300 καὶ

1109 319 1226 350 σπονδὰς
1255 319 1449 353 ἀθετήσαντες,
1475 319 1569 355 ίδηγοὶ
1596 320 1664 353 πρὸς
1680 319 1818 354 βάραθρον
1841 321 1896 346 ἁπ-

1106 366 1204 397 ωλείας
1219 366 1324 401 ἑτέροις
1338 366 1468 400 γεγόνατε
1480 373 1486 380 ⁵
1501 367 1574 401 ἥπερ
1586 366 1702 401 ἀληθείᾳ
1714 365 1846 400 κυροῦται
1863 365 1896 392 τὰ

1107 411 1148 442 εἰς
1163 411 1301 446 ἡμετέρας
1314 412 1398 442 ἀκοὰς
1417 411 1478 438 καθ’
1491 413 1567 446 ὑμῶν
1583 413 1747 446 ἀφικόμενα.

1144 460 1180 484 Δ¹.
1199 458 1354 493 Μαυρίκιος
1379 455 1475 484 εἶπεν·
1504 458 1536 484 Ἦ
1562 457 1628 493 παρ’
1653 458 1733 492 ἡμῶν
1763 456 1897 492 τυραννία

1107 504 1178 531 κατὰ
1197 505 1251 530 τῶν
1279 504 1452 538 ἀναισθήτων
1477 513 1524 531 σου
1553 504 1634 535 θεῶν,
1667 503 1789 538 βασιλεῦ,
1814 503 1896 538 νίκηι

1064 576 1067 579 ,
1106 551 1174 585 ἡμῖν
1191 551 1307 584 ἰσχυρὰν
1331 551 1407 584 παρὰ
1428 550 1476 577 τοῦ
1496 550 1624 584 ἀληθινοῦ
1643 550 1711 576 Θεοῦ
1732 551 1778 576 καί
1795 551 1897 584 στέφα-

1106 606 1152 624 νον
1169 597 1247 631 δόξης
1263 596 1456 631 περιτίθησιν·
1474 597 1505 623 οὑ
1523 597 1577 632 γὰρ
1592 595 1744 630 ἀθετοῦμεν
1764 596 1809 622 τὸν
1825 596 1896 622 πλά-

1108 663 1116 671 .
1155 660 1163 669 .
1204 660 1212 668 .
1253 662 1260 669 .
1301 661 1309 669 .
1349 661 1357 669 .
1397 662 1404 669 .
1442 651 1477 668 τα
1500 643 1574 676 ἡμᾶς
1590 642 1656 668 Θεὸν
1671 642 1741 668 κατὰ
1762 641 1810 676 τὴν
1830 642 1893 667 ἀνο-

1108 711 1115 718 .
1155 709 1164 718 .
1202 711 1208 718 .
1249 709 1257 717 .
1296 711 1304 718 .
1342 689 1603 726 ποράδωσιν·ἀλλά
1627 690 1656 715 δο
1693 708 1701 716 .
1741 709 1748 716 .
1788 708 1796 717 .
1835 707 1844 716 .
1884 708 1892 716 .

1108 737 1249 772 (ξὶάζομεν
1263 737 1310 762 τὸν
1324 737 1404 771 μό.ον
1418 736 1544 771 ἀληθινὸν
1560 735 1656 762 Θεὸν.
1696 755 1703 763 .
1743 755 1750 762 .
1790 753 1798 762 .
1836 755 1844 762 .
1885 754 1893 762 .

1107 784 1174 818 (τὸν)
1191 783 1344 818 ποιήσαντα
1360 782 1407 809 τὸν
1422 782 1537 817 οὖροινὸν
1548 783 1595 808 καί
1608 781 1657 817 τὴν

1108 829 1181 865 (γῆν)
1202 831 1248 856 καὶ
1265 829 1314 864 τὴν
1329 829 1480 860 θάλασσαν,
1499 828 1548 855 καὶ
1569 829 1659 855 πάντα
1683 828 1717 854 τὰ
1737 828 1766 854 ἐν
1788 828 1893 857 αὐτοῖς.

1107 875 1176 906 Τοὺς
1191 874 1219 900 δὲ
1235 874 1367 909 δαίμονας
1389 874 1452 905 τοὺς
1472 873 1527 900 τῶν
1543 873 1697 908 ἀνθρώπων
1713 872 1895 906 φθοροποιοὺς

1106 921 1136 946 οὗ
1154 920 1253 955 πρέπει
1271 929 1312 946 σοι
1328 920 1420 946 καλεῖν
1435 919 1523 951 θεοὺς.
1538 916 1561 946 ὦ
1577 918 1697 953 βασιλεῦ.
1724 916 1895 952 Μαξιμιανὸς

1108 965 1203 994 εἶπεν·
1226 966 1348 1001 Ἐπειδὴ,
1370 967 1420 1000 τῆς
1448 965 1503 991 τῶν
1526 965 1594 992 θεῶν
1616 964 1776 994 ἀπολαύσας
1799 963 1895 997 τιμῆς,

1107 1013 1161 1042 τῶν
1186 1012 1329 1048 πρωτείων
1351 1013 1401 1046 τῆς
1424 1011 1568 1047 στρατείας
1593 1009 1724 1045 ὴξιώθης,
1745 1008 1894 1043 Μαυρίκιε,

1108 1058 1194 1093 καλὴν
1226 1058 1320 1089 αὐτοῖς
1345 1057 1479 1088 ἀποδίδως
1506 1056 1556 1090 τὴν
1584 1055 1713 1090 ἀμοιϐήν.
1740 1054 1897 1089 Μαυρίκιος

1108 1102 1204 1130 εἶπεν·
1229 1103 1296 1129 Οὐδὲ
1321 1103 1405 1138 τιμὴν
1429 1102 1564 1138 ἐδεξάμην
1583 1101 1658 1138 παρὰ
1678 1100 1732 1127 τῶν
1753 1100 1897 1135 ὑμετέρων

1109 1150 1189 1181 θεῶν,
1217 1150 1276 1176 οὐδὲ
1303 1150 1386 1184 τιμᾷν
1410 1148 1509 1179 αὐτοὺς
1531 1147 1680 1182 βούλομαι·
1700 1146 1742 1178 τίς
1767 1145 1821 1179 γὰρ
1850 1146 1898 1171 ἀν-

1108 1197 1225 1232 θρώπων
1254 1196 1320 1223 ποτε
1338 1196 1438 1230 γνῶσιν
1462 1195 1531 1231 ἔχων
1555 1193 1623 1220 Θεοῦ
1644 1193 1693 1224 τὰς
1715 1192 1898 1226 ἀναισθήτους

1108 1244 1192 1280 τιμᾷν
1208 1242 1350 1275 ὰνέξοιτος
1371 1241 1429 1268 ἀλλ’
1444 1239 1484 1272 οἷς
1507 1241 1556 1275 οὐχ
1572 1240 1691 1274 ὑπάρχει
1718 1237 1789 1270 νοῦς,
1821 1238 1899 1271 λογι-

1112 1291 1191 1324 σμοῖς
1207 1288 1298 1324 ὀρθοῖς
1315 1287 1524 1322 κυὸερνώμενος
1543 1287 1588 1313 διὰ
1608 1286 1639 1312 τὸ
1660 1283 1899 1320 παρασυμσληθῆ-

1107 1344 1153 1363 ναι
1168 1337 1225 1366 τοῖς
1247 1336 1360 1369 κτήνεσι
1379 1335 1436 1365 τοῖς
1457 1334 1580 1367 ἀνοήτοις
1599 1334 1645 1359 καὶ
1661 1331 1828 1366 ὁμοιωθῆναι
1849 1330 1898 1359 αὒ-

1109 1383 1164 1413 τοῖς
1176 1390 1182 1396 ·
1199 1379 1272 1408 οὗτοι
1293 1380 1465 1407 θεοποιοῦσιν
1483 1380 1540 1410 τοῖς
1556 1378 1642 1410 λίθοις
1666 1378 1714 1405 καὶ
1730 1379 1786 1409 τοῖς
1806 1377 1898 1409 ξύλοις

1107 1428 1275 1463 ἀπονέμουσι
1297 1426 1411 1462 γνώμην
1438 1426 1484 1452 καὶ
1505 1425 1622 1460 τιμῶσιν
1643 1425 1680 1456 ὡς
1707 1423 1795 1455 θεούς.
1813 1423 1899 1456 Μαξι-

1110 1475 1204 1510 μιανὸς
1234 1475 1247 1501 ὁ
1276 1473 1404 1509 βασιλεὺς
1428 1470 1522 1498 εἶπεν·
1551 1473 1584 1498 Ἦ
1603 1471 1656 1498 τῶν
1677 1472 1823 1508 πρωτείων
1847 1469 1897 1496 τοῦ

1108 1520 1243 1555 ὑμετέρου
1257 1520 1397 1554 τάγματος
1417 1518 1560 1553 διοίκησις,
1575 1517 1722 1554 Μαυρίκιε,
1740 1517 1842 1551 πολλήν
1854 1524 1898 1542 σοι

1109 1566 1268 1601 παρρησίαν
1292 1566 1427 1600 παρέσχε,
1450 1566 1497 1592 καὶ
1518 1564 1685 1601 θρασύτερον
1706 1564 1900 1598 ἀπειργάσατο

1109 1614 1148 1644 εἰς
1165 1612 1194 1638 τὸ
1208 1612 1342 1647 λαμπρῶς
1356 1613 1404 1638 καὶ
1418 1611 1640 1646 ἀκαταπλήκτως
1653 1610 1723 1647 πρὸς
1737 1609 1787 1644 τὴν
1797 1609 1900 1645 ἡμετέ-

1110 1667 1161 1693 ραν
1182 1657 1379 1692 ἀποκρίνεσθαι
1402 1657 1586 1693 γαληνότητα,
1604 1657 1650 1683 καὶ
1674 1656 1790 1688 κελεύει,
1811 1664 1898 1691 χωρι-

1110 1704 1220 1735 σθέντος
1241 1703 1337 1734 αὑτοῦ.
1357 1705 1420 1734 τοὺς
1442 1703 1552 1735 λοιποὺς
1574 1702 1738 1738 ἐρωτᾶσθαι.
1758 1701 1813 1728 Καί
1831 1710 1898 1736 φησι

1109 1751 1182 1787 πρὸς
1194 1751 1294 1782 αὐτοὺς
1309 1751 1322 1777 ὸ
1338 1750 1465 1787 βασιλεύς
1479 1758 1485 1765 ”
1504 1750 1552 1781 Τίς
1567 1749 1695 1775 τοσοῦτον
1714 1749 1785 1783 ὑμᾶς
1799 1747 1899 1782 ἠδίκη-

1107 1806 1164 1829 σεν,
1181 1796 1302 1831 ἀδελφοὶ,
1319 1797 1356 1828 ὡς
1375 1797 1406 1823 ὲκ
1425 1796 1479 1822 τῶν
1494 1796 1627 1831 σωτήρων
1650 1795 1803 1830 ἀποστῆναι
1815 1793 1895 1825 θεῶν,

1107 1842 1294 1879 προστεθῆναι
1309 1842 1337 1868 δὲ
1355 1842 1570 1878 παρασκευάσας
1586 1843 1619 1876 τῇ
1636 1841 1727 1876 πλάνῃ
1741 1840 1795 1866 τῶν
1812 1847 1899 1874 προσ-

1106 1888 1262 1915 κυνούντων
1283 1888 1427 1923 ἄνθρωπον
1444 1887 1636 1922 σταυρωθέντα
1651 1887 1688 1918 ὡς
1708 1887 1756 1912 ἕνα
1776 1886 1830 1911 τῶν
1849 1894 1899 1919 φο-

1106 1935 1192 1968 νέων;
1205 1935 1241 1960 Οὐ
1255 1935 1310 1969 γὰρ
1328 1933 1414 1966 οὕτως
1429 1935 1501 1968 ὑμᾶς
1516 1932 1717 1968 ὲπαιδεύσαμεν
1736 1932 1797 1959 οὐδὲ
1808 1932 1898 1959 τοιού·

1106 1989 1167 2012 ταις
1184 1981 1371 2013 διδασκαλίαις
1386 1980 1555 2016 ἐθρέψαμεν.

1141 2029 1181 2055 Ε’.
1197 2028 1265 2054 Τότε
1286 2028 1424 2062 Θεόδωρος
1439 2028 1485 2054 καὶ
1499 2027 1634 2057 Φίλιππος
1657 2025 1695 2056 ὡς
1713 2026 1745 2052 ὲκ
1762 2025 1897 2060 arduus,-

1104 2075 1159 2102 τῶν
1175 2075 1262 2109 ἁγίων
1284 2074 1474 2109 ὲὸδομήκοντα
1500 2073 1649 2108 μαρτύρων
1667 2070 1761 2099 εἷπον·
1788 2071 1895 2106 Ἡμεῖς,

1105 2118 1127 2147 ὧ
1149 2121 1265 2155 τύραννε
1287 2120 1456 2154 Μαξιμιανὲ,
1469 2119 1598 2145 τοσοῦτον
1616 2118 1719 2153 πλάνης
1742 2118 1895 2152 ἀπέχομεν,

1105 2168 1143 2199 ὼς
1162 2168 1210 2194 καὶ
1228 2168 1257 2193 σὲ
1270 2167 1317 2201 τῆς
1330 2167 1440 2201 ἀπάτης
1452 2166 1637 2200 οἰκτείρομεν,
1656 2162 1690 2200 ἧς
1704 2165 1897 2203 ἠλευθερώθη-

1108 2223 1159 2248 μεν
1187 2213 1233 2240 τὸν
1261 2213 1309 2239 ἕνα
1335 2213 1383 2239 καὶ
1414 2213 1495 2247 μόνον
1519 2211 1648 2246 ἀληθινὸν
1678 2211 1896 2246 προσκυνοῦντες

1071 2253 1092 2279 D
1107 2260 1184 2292 Θεὸν,
1200 2259 1310 2294 Πατέρα
1324 2258 1547 2294 παντοκράτορα,
1561 2259 1608 2284 καὶ
1629 2258 1675 2284 τὸν
1693 2257 1828 2292 μονογενῆ
1847 2257 1896 2284 αἰ-

1106 2306 1153 2332 τοῦ
1175 2305 1238 2332 Υἰδν
1259 2305 1364 2340 Ἰησοῦν
1386 2305 1505 2340 Χριστὸν
1524 2306 1569 2330 τὶν
1587 2304 1690 2339 Κύριον
1707 2303 1797 2338 ἡμῶν,
1817 2303 1895 2334 Θείαν,

1105 2353 1222 2387 δύναμιν
1236 2353 1282 2379 καὶ
1294 2352 1361 2379 Θεοῦ
1379 2352 1476 2386 σοφίαν
1490 2351 1660 2386 ὑπάρχοντα.
1678 2349 1766 2377 καὶτὸ
1783 2350 1896 2386 Πνεῦμα

1107 2397 1190 2425 αὐτοῦ
1204 2398 1235 2428 τὸ
1249 2398 1385 2431 πανάγιον
1410 2397 1439 2423 τὸ
1461 2396 1620 2430 ὲμπνεῦσιιν
1638 2396 1705 2431 ἡμῖν
1721 2395 1823 2429 γνῶσιν
1848 2397 1896 2422 καὶ

1108 2443 1218 2469 σύνεσιν
1230 2451 1237 2458 ·
1250 2443 1392 2477 ὁμολογεῖν
1408 2442 1457 2477 μὲν
1472 2441 1575 2476 Τριὰδα
1586 2441 1740 2476 ὁμοούσιον,
1756 2440 1896 2475 βδελύττε-

1105 2490 1168 2517 σθαι
1179 2490 1207 2516 δὲ
1219 2489 1270 2523 τὴν
1286 2488 1442 2523 ἁκὰθαρτόν
1466 2496 1512 2514 σου
1526 2488 1676 2523 θρησκείαν
1691 2496 1697 2502 ·
1711 2487 1758 2513 καὶ
1780 2486 1831 2522 τὴν
1847 2486 1896 2523 μὲν

1105 2536 1275 2570 πρόσκαιρον
1292 2534 1394 2569 ταύτην
1422 2533 1625 2560 ἀποϐάλλεσθαι
1640 2533 1801 2569 θρησκείαν,
1814 2541 1896 2569 στρα-

1104 2581 1232 2609 τεύεσθαι
1256 2581 1286 2610 δὲ
1313 2580 1353 2615 τῷ
1378 2580 1438 2615 Θεῷ
1463 2580 1503 2615 τῷ
1532 2579 1640 2614 βασιλεῖ
1664 2579 1718 2605 τῶν
1740 2579 1896 2617 δυνάμεων.

1103 2628 1276 2662 Μαξιμιανὸς
1299 2628 1313 2654 6
1331 2627 1459 2662 βασιλεὺς
1483 2625 1578 2653 εἶπεν·
1599 2625 1694 2652 Βλέπω
1708 2634 1749 2658 σε,
1764 2625 1895 2657 Φίλιππε,

1107 2675 1196 2709 γῆρας
1215 2673 1266 2708 μὲν
1286 2673 1427 2707 αἰδέσιμον
1444 2673 1551 2708 ἔχοντα,
1574 2672 1683 2698 σύνεσιν
1703 2671 1732 2698 δὲ
1755 2671 1823 2700 πολὺ
1842 2671 1897 2697 τῶν

1107 2721 1175 2746 νέων
1190 2719 1353 2753 λειπόμενον
1363 2727 1369 2734 ·
1383 2716 1569 2754 αὗτομόλησον
1591 2716 1638 2744 οὖν
1662 2718 1731 2752 πρὸς
1744 2717 1806 2748 τοὺς
1818 2718 1897 2748 θεοὺς

1107 2765 1155 2792 καὶ
1169 2765 1249 2800 γενοῦ
1267 2765 1419 2800 σύμϐουλος
1435 2765 1535 2799 ἀγαθὸς
1556 2766 1612 2796 τοῖς
1625 2765 1729 2799 λοιποῖς
1747 2772 1794 2793 σου
1811 2771 1897 2798 στρα-

1106 2813 1217 2844 τιώταις
1232 2813 1281 2848 τῆς
1298 2813 1338 2843 εἰς
1351 2813 1414 2843 τοὺς
1430 2811 1507 2844 θεοὺς
1526 2813 1748 2847 προσκυνήσεως,
1766 2811 1841 2841 ὅπως
1864 2810 1897 2836 ἂν
