2024 3153
147 178 196 211 361

628 176 717 206 VITA
740 176 792 206 SS.
815 172 1000 205 MAURITII
1022 173 1069 202 ET
1090 171 1298 203 SOClORUil.

1720 175 1772 205 3ῧέ

147 236 237 272 τιμῶν
254 234 389 270 μειζόνων
413 233 532 267 semei;
559 233 625 269 παρ’
639 231 732 268 ἡμῶν.
757 231 786 258 '0
808 231 835 257 δὲ
859 230 937 263 ἅγιος

990 235 1042 255 nus
1057 228 1233 256 consiliarius
1249 230 1362 264 reliquis
1375 231 1429 258 tuis
1442 231 1574 259 militibus
1590 231 1624 258 de
1636 231 1690 259 diis
1706 234 1772 260 ado-

147 283 283 313 Φίίλιππος
295 279 376 307 εἶπεν
387 288 394 295 ·
420 279 492 313 Ἐγὼ
506 279 659 314 σύμϐουλος
679 277 798 313 πονηρὸς
813 277 844 304 οὺ
856 277 936 311 γενή·

147 337 232 363 σομαι
249 329 309 358 τοῖς
337 326 576 360 αὐτοπροαιρέτως
590 324 763 359 ὸδηγηθεϊσιν
779 325 821 355 είς
834 323 879 350 τὸν
891 323 939 357 φό-

148 375 193 400 εον
212 373 260 400 τοῦ
274 372 404 408 ἀληθινοῦ
423 372 502 403 Θεοῦ.
520 371 614 405 ἐπειδὴ
629 371 804 406 γέγραπται·
826 379 835 396 ι
855 369 937 401 Οὐαὶ,

146 421 179 447 δι’
194 418 225 448 οὗ
238 421 268 447 τὸ
284 420 370 446 κακὸν
400 419 510 454 ἔρχεται
523 418 529 444 l
551 427 560 444 ι
577 417 747 452 Μαξιμιανδς
777 414 854 443 εἶπεν
866 424 873 432 ·
902 415 940 441 Τὸ

147 467 326 501 μακρεθυμον
336 466 385 501 τῆς
393 465 532 500 ἡμετέρας
550 464 724 496 ἀνεξικακίας
738 462 939 498 τολμηρότερόν

147 521 175 539 σε
193 511 358 546 πεποίηκεν,
391 511 520 537 Φίλιππε.
547 510 592 544 Μὴ
615 508 663 536 οὖν
695 509 855 543 ἐπιμείνητε
881 509 939 538 τοῖς

147 559 252 589 αὐτοῖς,
280 558 323 583 ἵνα
355 556 393 591 μὴ
415 556 526 587 δικαίως
542 555 590 591 τὴν
606 555 684 590 δίκην
699 555 760 582 καθ’
776 554 854 589 ὑμῶν
871 563 941 590 παρ-

146 605 289 639 ωτρὺνητε
305 603 353 630 καὶ
367 603 483 637 γένησθε
498 603 598 637 δεῖγμα
617 603 666 636 τῆς
682 602 820 637 ἡμετέρας
838 602 941 635 ἀγανα-

146 651 255 686 κτήσεω
262 660 281 682 -,
289 648 592 684 τολμῶντες,ὀνομάζειν
597 648 643 674 τὸν
652 647 716 682 παρ’
723 648 736 674 ὑ
741 648 798 682 μῶν
807 647 942 674 eeo-notati-

147 705 227 730 μενον
251 695 405 730 ἄνθρωπον.
423 694 632 730 ’Δποκριθέντες
648 694 676 720 δὲ
705 693 729 720 οἱ
743 693 815 727 ἆγιοι
827 694 943 729 ἑεδομή-

145 750 227 768 κοντα
254 739 332 768 εἷπον
356 741 396 775 τῷ
425 740 567 776 τυράννῳ·
602 739 633 766 Ἦ
669 739 809 772 κενόδοξος
840 739 940 774 ἀπειλὴ

145 788 192 822 τῆς
235 787 297 819 σῆς,
334 786 457 822 βασιλεῦ,
488 786 631 822 βδελυρίας
658 786 774 821 δύναμιν
802 784 833 818 ἑξ
858 785 942 820 ὕψους

146 834 210 868 ἡμῖν
236 833 394 869 χαρίζεται·
422 835 454 860 οὗ
487 832 542 869 γὰρ
565 833 665 860 ἀνοικεῖ
697 832 780 868 φόϐος
803 831 941 868 βασάνων,

145 880 184 910 εις
204 879 326 907 διάνοιαν
350 879 470 915 βεϐαίων
491 879 546 906 τῶν
565 878 738 914 ἀγαπώντων
752 878 797 906 τὸν
812 878 927 914 Κύριον.

182 1015 230 1047 ς’.
266 1014 332 1041 Τότε
357 1015 372 1042 ὁ
413 1014 540 1050 βασιλεὺς
583 1014 753 1050 Μαξιμιανὺς
798 1014 940 1042 ἐκέλευσεν

148 1060 333 1096 ἀφαιρεθῆναι
368 1061 424 1088 τῶν
454 1061 541 1094 ἁγίων
577 1060 765 1095 ἑδδομήκοντα
788 1060 819 1088 τὺ
847 1061 940 1096 σχῆμα

147 1106 195 1140 τῆς
218 1106 363 1141 στρατείας
409 1107 458 1132 καὶ
485 1105 605 1141 κοπῆναι
633 1104 724 1132 αὐτῶν
762 1105 812 1136 τὰς
851 1105 940 1137 ζώνας

149 1152 197 1178 καὶ
237 1151 414 1186 παραστῆναι
437 1150 514 1186 αὐτῷ
535 1151 604 1186 μετὰ
618 1150 720 1185 πολλῆς
739 1151 863 1186 ἀτιμίας.
885 1151 940 1177 Καὶ

149 1197 236 1223 ταῦτα
261 1197 314 1224 τῶν
339 1197 521 1224 ὑπασπιστῶν
551 1197 621 1232 μετὰ
649 1197 747 1224 πολλοῦ
769 1197 817 1224 τοῦ
841 1198 940 1232 τάχους

148 1242 391 1277 διαπραξαμένων,
405 1242 456 1278 ἔφη
478 1242 546 1278 πρὸς
562 1243 662 1274 αὐτοὺς
681 1243 695 1268 ό
707 1242 838 1277 τύραννος
850 1264 859 1276 ,
876 1243 939 1275 Ἴδε,

148 1289 205 1321 οἰας
221 1290 334 1323 ἀτιμίας
350 1289 461 1324 ὲτύχετε
474 1289 519 1316 διὰ
531 1289 582 1325 τὴν
599 1289 741 1316 ἀπείθειαν
757 1289 845 1322 ὑμῶν.
864 1289 895 1316 Ol
910 1289 939 1315 δὲ

148 1334 222 1368 ἅγιοι
234 1332 312 1361 εἶπεν
329 1334 396 1370 πρὸς
409 1334 454 1360 τὸν
471 1334 605 1369 τύραννον
616 1343 623 1349 ·
642 1334 673 1360 ΕΞ
689 1334 736 1360 καὶ
749 1334 793 1367 σὺ,
807 1334 844 1365 ὡς
861 1334 938 1368 νομί-

149 1382 216 1414 ζεις,
232 1382 360 1414 ἐξέδυσας
375 1383 460 1417 ἡμᾶς,
478 1382 544 1409 ἀλλ’
555 1381 629 1409 ἔστιν
643 1382 657 1408 ό
672 1381 738 1413 Θεὸς
755 1381 835 1416 ἡμῶν
849 1383 878 1408 ὲν
896 1382 940 1408 οὑ-

150 1429 253 1463 ρανοϊς,
287 1425 310 1462 ᾧ
334 1428 515 1464 λατρεύομεν,
546 1428 646 1454 ὲνόύων
668 1429 742 1463 ἡμᾶς
768 1427 865 1463 στολὴν
890 1429 940 1463 τῆς

149 1475 260 1501 αἰωνίου
283 1474 373 1510 δόξης,
393 1475 425 1510 ἣν
447 1475 529 1506 αὐτὸς
551 1474 612 1501 οὐδὲ
632 1473 742 1501 ἀκούειν
765 1473 939 1509 καθέστηκας

149 1521 223 1554 ἄξιος
239 1521 285 1547 διὰ
301 1521 346 1547 τὸν
361 1522 482 1548 Σατανᾶν
492 1522 538 1547 τὸν
553 1521 660 1556 πατέρα
678 1529 737 1553 σου,
749 1521 794 1546 τὸν
807 1520 939 1548 λαλοῦντα

149 1568 177 1592 ὲν
191 1568 244 1594 σοί.
262 1567 328 1594 Τότε
341 1567 478 1603 θυμωθεὶς
495 1569 509 1594 ό
526 1567 658 1603 τύραννος
673 1565 751 1594 εἶπεν
761 1575 767 1583 ·
782 1565 816 1595 Ὦ
834 1567 939 1603 μιαρώ-

991 273 1096 304 randis,
1112 278 1143 300 ut
1156 274 1258 308 majora
1269 275 1340 302 dona
1357 281 1385 304 et
1403 276 1521 305 honores
1537 285 1552 304 a
1565 278 1647 306 nobis
1676 287 1777 306 conse.

990 321 1094 354 quaris.
1113 320 1186 347 Dixit
1202 326 1313 348 sanctus
1328 322 1472 357 Philippus
1484 332 1491 350 :
1505 324 1605 351 Notum
1623 325 1673 352 tibi
1697 326 1744 356 sit,
1758 334 1776 353 o

991 366 1151 401 imperator,
1167 374 1211 394 me
1227 375 1282 394 non
1315 369 1438 395 futurum
1467 369 1568 396 malum
1588 371 1776 398 consiliarium

991 412 1026 439 iis
1039 412 1086 446 qui
1102 419 1151 440 sua
1165 417 1263 447 sponte
1291 413 1402 440 deducti
1419 419 1483 441 sunt
1509 415 1543 442 ad
1562 416 1688 444 timorem
1718 418 1776 445 veri

993 458 1052 486 Dei.
1069 458 1208 494 Scriptum
1217 464 1260 486 est
1270 460 1345 487 enim
1356 460 1366 475 ³
1377 461 1453 488 :«Va:
1466 461 1501 491 ei.
1518 469 1568 496 per
1582 470 1663 497 quem
1676 464 1777 491 malum

992 505 1075 532 venit.
1094 514 1104 531 ι
1126 505 1356 540 Dixititnperator
1369 506 1547 535 Maximianus
1564 516 1572 537 :
1590 508 1699 537 Lenitas
1727 518 1778 537 no-

992 556 1055 579 stra:
1070 552 1207 587 patientia
1224 558 1250 579 te
1265 553 1439 581 audaciorem
1456 554 1557 586 cﬂ'ecit,
1587 563 1604 582 ο
1642 556 1776 593 Philippe.

993 596 1082 624 Nolite
1100 604 1166 632 ergo
1183 598 1210 624 in
1223 598 1266 626 his
1275 599 1412 631 insistere,
1425 607 1459 628 ne
1479 601 1568 635 justas
1581 609 1675 636 poenas
1689 604 1715 631 in
1730 613 1779 633 vos

993 641 1108 670 irritetis
1123 647 1152 670 et
1167 644 1290 671 evadatis
1297 646 1452 680 exemplum
1463 652 1564 674 nostra:
1574 648 1777 683 indignationis.

993 689 1126 717 audentes
1141 690 1284 718 nominare
1302 691 1454 724 hominem,
1473 694 1547 727 quia
1574 695 1651 723 vobis
1669 701 1711 723 est
1735 705 1779 724 re-

993 735 1064 762 latus
1078 735 1105 762 in
1116 735 1194 763 deos.
1213 737 1422 772 Respondentes
1432 746 1497 766 vero
1510 740 1597 768 sancti
1608 743 1778 777 septuaginta

995 787 1138 817 martyres,
1155 782 1284 811 dixerunt
1310 788 1426 819 tyranno
1447 785 1625 820 imperatori:
1651 788 1733 817 Vana:
1751 795 1780 817 et

994 829 1089 858 inanes
1131 831 1253 863 mina,o
1278 831 1438 867 imperator,
1474 838 1526 861 tute
1555 835 1777 870 abominationis,

994 876 1123 904 virtutem
1148 877 1228 905 nobis
1261 884 1294 905 ex
1309 879 1365 906 alto
1379 879 1544 915 largiuntur.
1561 882 1620 909 Non
1644 883 1718 911 enim
1734 885 1778 912 in-

951 922 970 949 Β
985 922 1110 958 greditur
1120 926 1169 950 aut
1187 923 1325 951 inhabitat
1341 930 1430 953 metus
1447 930 1647 955 tormentorum
1663 929 1690 956 in
1708 930 1778 958 bona

992 972 1083 996 mente
1099 971 1127 995 et
1142 969 1234 996 stabili
1252 976 1348 997 eorum
1364 970 1411 1005 qui
1427 971 1545 1007 diligunt
1567 973 1725 1002 Dominum.

1030 1014 1074 1041 Vl.
1097 1013 1177 1042 Tunc
1192 1015 1375 1044 Maximianus
1405 1017 1555 1052 Imperator
1582 1020 1660 1048 valde
1681 1021 1777 1056 iratus,

988 1060 1071 1096 jussit
1084 1062 1186 1090 auferri
1210 1071 1225 1090 a
1241 1064 1345 1091 sanctis
1363 1066 1536 1101 septuaginta
1552 1067 1685 1096 militibus
1701 1069 1780 1097 habi-

993 1111 1049 1134 tum
1073 1108 1187 1140 militia,
1209 1114 1237 1136 et
1260 1110 1300 1137 eis
1316 1110 1440 1138 abseindi
1463 1119 1556 1145 zonas,
1572 1118 1601 1140 et
1614 1114 1715 1142 deinde
1737 1116 1778 1143 sic

991 1161 1039 1181 eos
1050 1154 1084 1181 ad
1098 1155 1184 1190 ipsum
1211 1156 1311 1183 adduci
1331 1164 1393 1184 cum
1410 1165 1506 1192 magna
1518 1158 1677 1194 ignominia.
1694 1161 1777 1188 Cum-

992 1207 1046 1234 que
1074 1200 1131 1228 haec
1160 1209 1257 1237 magna
1284 1203 1424 1231 celeritate
1446 1204 1604 1232 effecissent
1635 1208 1776 1239 satellites,

991 1246 1058 1274 dixit
1069 1247 1111 1274 eis
1123 1251 1254 1283 tyrannus
1272 1258 1279 1278 :
1293 1249 1398 1282 Videte,
1411 1258 1425 1277 a
1442 1251 1516 1285 quali
1532 1251 1617 1287 gloria
1634 1258 1661 1281 et
1671 1253 1776 1282 honore

990 1292 1142 1324 excidistis,
1167 1297 1196 1320 et
1228 1296 1308 1329 quale
1343 1295 1422 1323 vobis
1449 1296 1580 1332 obtigerit
1609 1298 1730 1328 dedecus
1749 1307 1776 1328 et

991 1339 1161 1374 contemptio
1178 1344 1291 1375 propter
1307 1346 1426 1369 vestram
1442 1342 1666 1372 inobedientiatn.
1682 1346 1774 1374 Sancti

991 1384 1120 1412 dixerunt
1147 1391 1263 1420 tyranno
1280 1395 1286 1414 :
1305 1387 1416 1415 Etiamsi
1434 1393 1473 1421 tu,
1493 1393 1522 1416 ut
1549 1391 1701 1425 existimas,
1724 1401 1776 1422 nos

990 1429 1091 1457 exuisti
1105 1430 1200 1458 ltabitu
1227 1432 1341 1466 militiae,
1360 1437 1388 1460 et
1403 1433 1544 1462 abscidisti
1562 1443 1644 1464 tonas
1656 1443 1776 1471 nostras.

990 1479 1032 1501 est
1047 1475 1119 1503 Deus
1147 1480 1241 1504 noster
1261 1478 1289 1504 in
1309 1478 1396 1510 caelis,
1408 1487 1489 1514 quem
1507 1481 1634 1515 colimus,
1652 1484 1699 1518 qui
1725 1493 1776 1512 nos

991 1521 1083 1550 induit
1093 1523 1218 1551 vestibus
1239 1528 1267 1551 et
1281 1526 1360 1552 zonis
1376 1525 1543 1561 incorruptae
1557 1532 1585 1555 et
1597 1533 1706 1558 aeterna:
1716 1531 1776 1566 ejus

990 1566 1094 1602 gloriae,
1111 1576 1192 1604 quam
1210 1570 1268 1604 ipse
1281 1578 1336 1598 non
1355 1579 1384 1598 es
1396 1572 1494 1607 dignus
1510 1574 1603 1602 videre
1614 1580 1662 1602 aut
1680 1577 1775 1605 audire

149 1622 225 1640 τατοι
253 1614 300 1640 καὶ
322 1615 372 1648 τῆς
396 1614 451 1641 τῶν
470 1614 540 1641 θεῶν
563 1614 707 1648 εὐμενείας
722 1613 838 1646 ἀνάξιοι,
857 1614 937 1649 ὑμεῖς

990 1618 1103 1647 propter
1121 1613 1248 1641 Satanam
1264 1618 1370 1649 patrem
1397 1620 1484 1649 tuum,
1503 1618 1548 1652 qui
1562 1619 1588 1646 in
1606 1624 1632 1646 te
1652 1619 1776 1657 loquitur

150 1659 281 1693 γεγόνατε
302 1661 349 1694 τῆς
368 1660 472 1688 ἑαυτῶν
496 1660 610 1696 ἀτιμίας
631 1661 768 1696 πρόφασις
781 1668 787 1676 '
806 1660 835 1693 ἐξ
860 1661 938 1695 ἡμῶν

149 1707 203 1741 γὰρ
220 1707 392 1742 τιμηθέν-τες,
409 1707 456 1733 καὶ
469 1707 532 1738 τοὺς
547 1706 624 1738 Θεοὺς
639 1706 811 1742 ἐνυϐρίσατε,
828 1706 874 1733 καὶ
888 1706 938 1740 τῆς

151 1753 290 1788 ἡμετέρας
308 1753 399 1788 φιλίας
417 1754 653 1789 κατεφρονήσατε.
683 1753 890 1788 Ἀποκριθέντες
913 1753 938 1778 ot

151 1800 222 1832 ἆγιοι
238 1797 315 1826 εἶπον
326 1800 365 1834 τῷ
377 1800 503 1836 τυράννῳ
513 1809 519 1815 ·
542 1800 575 1826 Ἦ
590 1800 720 1836 στρατεία
731 1808 789 1833 σου,
800 1800 838 1831 ὡς
856 1799 939 1834 μηδὲν

150 1846 260 1881 ἔχουσα,
280 1847 460 1881 παρέρχεται,
480 1846 527 1873 καὶ
555 1846 572 1881 ή
601 1846 728 1882 παροῦσα
751 1845 818 1880 τιμὴ
841 1844 939 1879 ἀτιμία

153 1893 192 1918 σοί
217 1894 303 1925 ἐστιν,
324 1893 420 1928 ἐπειδὴ
445 1892 492 1919 τοῦ
515 1893 662 1924 δεδωκότος
686 1900 727 1919 σοι
745 1893 795 1928 τὴν
813 1891 938 1924 ἐξουσίαν

153 1938 284 1965 ἐπελάθου
312 1939 392 1971 Θεοῦ,
410 1939 444 1965 τὰ
471 1939 500 1965 δὲ
525 1939 618 1974 ἄψυχα
636 1939 744 1970 εἴδωλα,
758 1938 793 1965 τὰ
813 1938 850 1973 μὴ
868 1937 939 1971 ὠφε-

150 1984 247 2011 λοῦντα
278 1984 322 2011 διὰ
354 1984 384 2011 τὸ
415 1979 452 2020 μὴ
493 1985 639 2019 γινώσκειν
664 1986 710 2012 τὸν
721 1984 844 2019 τιμῶντα
869 1983 938 2010 αὐτὰ

151 2031 195 2057 xa‘t
215 2030 374 2066 ὑϐρίζοντα,
386 2031 509 2066 ἀνοήτως
519 2031 662 2063 θιποιείς.
673 2031 702 2057 '0
709 2030 841 2066 τύραννος
850 2027 938 2056 εἳπενσ

150 2078 197 2104 Διὰ
226 2077 278 2113 τὴν
308 2077 514 2111 φιλανῢρωπίαν
544 2078 593 2112 τῆς
623 2077 760 2113 ἡμετέρας
799 2075 938 2110 βασιλείας

150 2125 308 2160 φειδόμενος
335 2125 412 2160 ὑμῶν
439 2125 488 2152 καὶ
513 2124 675 2159 βουλόμενος
709 2122 939 2159 περιποιήσασθαι

149 2172 197 2207 τὴν
229 2172 303 2207 ζωὴν
318 2172 406 2207 ὑμῶν,
430 2172 471 2198 ἔτι
486 2172 618 2208 ἀνέχομαι
635 2171 722 2206 ὑμῶν.
744 2171 797 2197 Καὶ
813 2169 938 2196 ἐκέλευσε

150 2219 220 2254 τρεῖς
238 2219 344 2254 ἡμέρας
362 2218 526 2254 ἀποτεθῆναι
544 2219 641 2245 αὐτοὺπ
663 2219 691 2244 ἐν
705 2218 738 2253 τῇ
759 2217 876 2252 φρουρᾷ,
895 2217 938 2241 ἵνα

148 2267 177 2293 τὺ
193 2265 336 2301 συμφέρον
362 2264 573 2300 βουλεύσωνται.

990 1662 1017 1685 et
1037 1664 1177 1693 operatur.
1209 1660 1286 1688 Tunc
1315 1662 1391 1689 valde
1416 1662 1503 1690 iratus
1536 1668 1678 1700 tyrannus,
1705 1667 1775 1695 dixit

990 1705 1091 1733 sanctis
1106 1714 1113 1733 :
1128 1704 1151 1732 0
1175 1707 1335 1734 exsecrandi
1351 1712 1378 1735 et
1392 1708 1496 1743 indigni
1517 1710 1632 1738 deorum
1660 1712 1776 1742 benevo-

990 1749 1085 1782 lentia,
1102 1759 1150 1778 vos
1165 1756 1283 1779 vestram
1301 1753 1477 1788 ignominiam
1502 1757 1581 1784 vobis
1597 1759 1775 1788 conciliastis.

991 1796 1011 1823 Α
1031 1797 1110 1824 nobis
1125 1798 1198 1824 enim
1223 1798 1328 1827 honore
1343 1800 1444 1833 aﬂ‘ccti,
1470 1803 1602 1831 maximos
1625 1804 1692 1832 deos
1709 1806 1776 1834 alle-

991 1842 1068 1870 cistis
1083 1844 1262 1876 contumelia,
1276 1850 1304 1872 et
1321 1850 1442 1874 nostratn
1458 1850 1666 1884 contempsistis
1678 1852 1777 1880 antici-

991 1889 1070 1916 tiam.
1102 1890 1138 1916 De
1163 1896 1264 1918 ea‘tcro
1297 1892 1413 1926 accipite
1440 1895 1637 1924 convenienter
1677 1899 1777 1927 vestris

991 1935 1079 1963 laetis.
1088 1936 1295 1971 Respondentes
1303 1943 1392 1965 autem
1400 1940 1498 1971 saneti,
1506 1940 1635 1969 dixerunt
1645 1947 1775 1978 tyranno:

992 1981 1152 2015 Imperator,
1190 1981 1248 2009 lnec
1275 1982 1372 2010 militia
1399 1988 1454 2016 tua,
1484 1989 1513 2012 ut
1540 1993 1601 2020 quae
1635 1988 1705 2015 nihil
1728 1990 1774 2021 sit,

991 2028 1125 2063 praterit,
1149 2033 1177 2056 et
1193 2029 1239 2063 qui
1266 2029 1344 2057 adest
1370 2029 1468 2063 honor,
1486 2037 1529 2059 est
1555 2033 1604 2060 tibi
1630 2033 1776 2063 dedecus:

991 2075 1121 2109 quoniam
1136 2074 1239 2102 oblitus
1258 2082 1288 2102 es
1302 2075 1360 2109 Dei,
1375 2076 1422 2111 qui
1442 2077 1512 2105 hanc
1532 2078 1582 2106 tibi
1596 2080 1673 2108 dedit
1698 2087 1777 2117 pote-

991 2123 1099 2147 statem.
1115 2119 1187 2148 Vana
1217 2128 1281 2148 vero
1300 2125 1328 2148 et
1344 2121 1463 2150 inanima
1496 2123 1653 2159 simulacra,
1676 2134 1735 2162 quae
1751 2133 1777 2156 te

991 2166 1059 2194 nihil
1070 2167 1177 2202 juvant,
1195 2167 1268 2202 quod
1283 2175 1315 2195 ea
1329 2175 1384 2195 non
1397 2175 1563 2204 cognoscant
1580 2179 1642 2199 eum
1659 2174 1704 2208 qui
1716 2173 1774 2208 ipsa

992 2213 1096 2240 honore
1123 2212 1205 2240 allicit
1221 2218 1269 2241 attt
1287 2215 1462 2248 contumelia,
1487 2216 1514 2243 itt
1531 2217 1599 2245 deos
1620 2219 1728 2252 stolide,
1747 2224 1778 2247 ut

990 2260 1036 2295 qui
1063 2259 1143 2293 plane
1158 2267 1238 2286 sensu
1266 2267 1370 2293 careas,
1398 2262 1494 2288 refers.
1521 2262 1594 2290 Dixit
1621 2268 1775 2299 tyrannus:

149 2314 265 2349 Propter
282 2312 368 2341 nostri
391 2312 498 2348 imperii
516 2311 689 2339 clementiam
717 2311 794 2338 vobis
809 2316 934 2345 parcens,
954 2306 1093 2357 etvolens“
1110 2305 1193 2332 vitam
1217 2306 1294 2357 vobis
1302 2313 1363 2333 esse
1386 2307 1500 2357 salvam,
1515 2307 1605 2335 adhuc
1618 2317 1665 2336 vos
1674 2311 1775 2345 patior,

146 2362 284 2399 jussitque
298 2368 346 2388 eos
372 2363 428 2387 tres
443 2359 503 2387 dies
513 2358 615 2386 includi
635 2358 661 2385 in
675 2364 795 2388 carcere,
812 2361 842 2383 nt
854 2357 983 2388 caperent
998 2351 1143 2404 cotis-ilium
1157 2350 1229 2385 quod
1243 2351 1284 2404 eis
1310 2351 1461 2404 expediret.
1489 2399 1494 2404 Ι

183 2410 219 2436 Z'.
237 2408 300 2435 Τῶν
316 2407 344 2434 δὲ
363 2406 543 2434 ὑπασπιστῶν
568 2405 774 2440 πληρωσάντων
790 2403 837 2430 τοῦ
860 2402 937 2437 βασι-

1026 2397 1082 2425 Vll.
1110 2397 1178 2424 Cum
1207 2403 1298 2424 autem
1327 2397 1460 2425 satellites
1489 2399 1648 2434 implessent
1666 2403 1774 2437 jnssnm

149 2457 218 2487 λὲως
238 2456 269 2482 rb
286 2453 452 2489 πρόσταγμα
472 2453 520 2480 καὶ
541 2453 580 2484 είς
602 2451 726 2487 φυλακὴν
746 2451 845 2481 αὐτοὺς
869 2449 938 2484 μετὰ

148 2502 247 2529 κλοιῶν
260 2500 477 2535 καθειρξάντων.
490 2497 566 2526 εἷπον
580 2500 650 2533 πρὸς
663 2497 794 2533 ἀλλήλους
813 2497 838 2524 οι
854 2495 938 2530 ἅγιοι·

154 2548 364 2582 Ἐτοιμάσωμεν
390 2545 525 2577 ἅπαντας,
556 2545 677 2579 ἀδελφοὶ,
692 2543 864 2579 ὁμοθυμαδὸν
889 2543 939 2572 τὰς

149 2595 239 2629 ψυχὰς
255 2591 335 2628 ἡμῶν
345 2592 385 2624 εις
400 2590 567 2627 προσευχὴν,
589 2590 637 2618 καὶ
651 2590 794 2626 δίῃθῶμεν
807 2589 854 2616 τοῦ
869 2587 938 2616 Θεοῦ

150 2640 229 2675 ἡμῶν
245 2638 364 2669 ἐκτενῶς
380 2637 472 2664 δοῦναι
486 2638 551 2672 ἡμῖν
567 2636 664 2671 σοφίαν
678 2644 707 2662 τε
720 2636 768 2663 καὶ
783 2635 884 2669 γνῶσιν
894 2634 939 2661 δα

151 2686 197 2712 τοῦ
221 2685 301 2720 ἁγίου
330 2683 413 2711 αὐτοῦ
438 2683 606 2718 Πνεύματος,
621 2683 669 2709 καὶ
694 2682 824 2717 ἐμϐαλεῖν
843 2682 884 2712 είς
907 2680 937 2707 τὸ

154 2732 238 2767 στόμα
253 2729 333 2766 ἡμῶν
346 2728 372 2755 τί
385 2728 619 2764 ἀπολογήσασθαι,
633 2729 707 2760 ὅπως
720 2727 849 2763 θαυμάσῃ
862 2728 877 2753 ό
891 2726 937 2752 τύ-

155 2785 245 2812 ραννος
263 2775 313 2811 τὴν
333 2775 463 2810 ἀλήθειαν
477 2775 529 2810 τῆς
551 2774 667 2807 πίστεως
685 2773 776 2809 ἡμῶν.
794 2774 849 2800 Καὶ
872 2781 938 2799 στα-

154 2825 242 2856 Θέντες
266 2823 306 2854 εἰς
331 2823 487 2857 προσευχὴν
506 2823 530 2849 οἱ
547 2822 619 2856 ἅγιοι
644 2821 828 2856 ὲόδομήιιοντι
848 2819 884 2852 ὡς
906 2820 938 2846 ἐκ

157 2871 216 2905 μιᾶς
243 2869 333 2905 ψυχῆς
357 2866 447 2895 εἶπον·
466 2869 495 2893 'U
515 2869 580 2900 Θεός
603 2869 617 2895 ό
643 2867 852 2902 παντοκράτωρ,
870 2862 900 2893 οὗ
921 2866 936 2900 ἡ

189 2920 197 2935 ³
215 2919 309 2947 Matth.
331 2926 408 2945 xvm.

352 2967 489 2997 PATRle
515 2963 574 2992 Gtt.
598 2963 646 2994 CX
656 2963 689 2997 ν,

990 2443 1176 2478 imperatoris,
1194 2448 1222 2470 ct
1237 2451 1286 2471 eos
1315 2443 1342 2470 in
1360 2445 1484 2472 custodia
1509 2445 1688 2476 ittclusissent
1711 2457 1774 2477 cum

987 2491 1146 2524 collaribus,
1173 2491 1260 2519 sancti
1278 2491 1407 2518 dixerunt
1423 2492 1494 2520 ittter
1511 2500 1540 2520 se
1556 2503 1561 2520 :
1584 2494 1692 2523 Fratres
1707 2497 1774 2524 cha-

987 2538 1098 2571 riSsimi,
1116 2546 1245 2573 paremus
1268 2545 1363 2565 omnes
1381 2543 1488 2567 nostras
1501 2540 1606 2568 animas
1619 2541 1652 2568 ad
1670 2543 1773 2570 oratio-

989 2593 1062 2618 nem,
1076 2589 1104 2613 et
1128 2585 1235 2612 intensc
1263 2592 1375 2613 oremus
1398 2586 1543 2622 benignum
1562 2591 1590 2615 et
1609 2588 1775 2616 clementem

989 2631 1074 2659 Deum
1088 2635 1225 2663 nostrutn,
1244 2635 1272 2657 ut
1297 2630 1344 2658 det
1359 2632 1440 2659 nobis
1454 2632 1614 2667 sapientiam
1632 2638 1659 2660 et
1678 2634 1773 2669 cogni-

990 2677 1092 2706 tionem
1106 2684 1156 2712 per
1169 2681 1293 2704 sanctum
1308 2676 1451 2712 Spiritum,
1463 2683 1491 2705 et
1507 2678 1608 2714 injiciat
1625 2678 1652 2706 in
1680 2686 1710 2706 os
1724 2687 1773 2707 no.

989 2730 1088 2755 strum,
1104 2723 1168 2758 quid
1183 2723 1398 2757 respondeamus
1418 2723 1577 2758 imperatori
1592 2733 1598 2751 :
1611 2729 1641 2752 ut
1657 2725 1777 2753 admire‘

991 2776 1036 2799 tur
1049 2770 1106 2806 ipse
1124 2777 1235 2805 quoque
1256 2773 1388 2805 tyrannus
1404 2769 1545 2796 veritatem
1575 2775 1676 2799 nostra:
1699 2771 1776 2800 ﬁdei.

991 2818 1024 2844 Et
1040 2825 1068 2845 se
1086 2817 1127 2844 ad
1147 2816 1314 2852 precandum
1343 2816 1517 2844 conferentes
1543 2817 1631 2844 sancti
1664 2823 1774 2853 septua-

991 2865 1064 2900 ginta
1082 2863 1183 2891 Christi
1202 2867 1344 2898 martyres
1360 2862 1490 2890 dixerunt
1523 2868 1651 2898 tanquam
1668 2873 1700 2892 es
1721 2873 1777 2892 uno

1584 2959 1620 2990 12
