2024 3153
227 177 280 208 363

873 174 1013 204 MENSIS
1034 174 1184 206 IULIUS.

1795 174 1848 206 36$

218 242 276 263 rore
288 238 315 262 et
328 241 380 261 una
397 232 488 261 anima
505 240 510 259 :
525 230 640 258 Domine
657 231 721 258 Jesn
735 229 856 259 Christe.
873 229 946 256 Deus
956 236 1012 255 om-

1064 229 1175 261 ἐξουσία
1204 228 1314 261 αίώνιος
1331 230 1378 256 καὶ
1395 230 1411 265 ὴ
1430 230 1553 265 βασιλεία
1571 231 1601 257 οὒ
1621 230 1845 266 διαφθαρήσεται,

225 280 365 314 nipotens,
396 278 474 314 cujus
488 280 610 312 potestas
637 278 749 306 aeterna,
775 278 802 301 et
824 281 937 309 regnum
953 280 1008 300 non

212 324 360 356 interibit,
376 323 453 350 mitte
470 321 503 348 ad
516 328 567 348 nos
594 319 796 347 sanctissitnum
817 322 894 345 tuum
924 317 1010 352 Spiri-

225 377 295 402 tum,
314 374 342 398 et
358 377 408 396 nos
422 376 472 403 per
487 375 549 395 eum
568 365 658 397 erudi,
687 369 716 392 ut
727 365 754 391 in
769 365 828 399 ipso
841 363 1010 391 exsultemus

224 424 254 446 et
275 418 400 445 laztemur
411 414 431 448 ⁵,
462 418 491 442 et
507 413 650 440 vincamus
678 411 781 438 erroris
809 410 956 445 nequitias,
983 412 1011 436 et

224 464 390 491 extollamur
404 461 431 488 in
442 468 507 487 vera
522 464 569 486 tua
580 457 636 485 ﬁde
652 465 701 492 per
721 461 847 484 sanctum
859 455 1009 491 Spiritum,

212 510 273 546 —qui
286 508 410 544 loquitur
425 507 452 534 in
479 505 568 535 nobis.
585 503 781 532 convenienter
797 507 850 530 tuae
866 510 938 529 verae
951 506 978 529 et
995 509 1009 528 a

226 555 370 584 mendacio
383 554 478 581 aliena:
495 549 681 587 promissioni,
690 554 718 577 et
733 556 782 584 pro
792 556 808 576 a
828 548 908 575 nobis
920 547 1010 574 ablata

217 601 365 630 mundana
378 599 522 635 dignitate,
532 597 683 625 efﬁciamur
704 595 808 622 milites
821 594 847 621 in
859 598 953 621 sancta
964 598 1009 621 tua

224 649 346 680 civitate,
368 651 397 674 et
407 645 576 673 ascribamur
601 643 628 670 in
644 649 790 669 numerum
816 641 918 668 ci-vium
946 647 1009 666 cum

226 693 356 721 omnibus
381 691 437 718 tuis
463 688 576 721 sanctis,
603 688 649 723 qui
665 687 713 715 tibi
730 695 744 714 a
761 687 862 714 smcnlo
888 690 963 714 recte
979 686 1010 713 in

227 737 281 764 ﬁde
303 736 477 771 placuerunt.
495 732 630 766 Quoniam
649 737 678 759 tu
708 739 738 759 es
753 732 829 758 solus
843 731 925 760 Deus.
939 736 967 758 et
983 735 1010 758 te

227 783 306 810 decet
319 781 402 817 gloria
416 785 444 807 et
460 779 581 814 potentia
594 779 621 805 in
634 778 742 805 suacula.
759 777 856 804 Amen.

262 829 331 857 Vlll.
351 826 504 861 Completis
517 830 608 853 autem
626 824 715 852 tribus
730 823 840 856 diebus,
861 822 1012 858 praesidens

228 882 326 903 rursus
339 871 567 904 Maximianusﬁn
582 870 709 898 eumdem
725 870 815 897 locum
835 873 920 904 porta:
933 869 1013 895 Ama-

229 923 294 949 aizae
310 927 408 948 rursus
423 921 606 946 concurrente
634 916 763 942 universa
780 915 902 947 civitate,
917 921 1013 941 accer-

229 969 276 995 siit
304 970 425 994 sanctos.
454 963 547 992 Sancti
574 969 641 990 vero
670 965 806 996 martyres
836 964 1014 988 accesserunt

231 1013 309 1042 tracti
323 1021 338 1040 a
349 1011 492 1042 ministris,
505 1014 533 1036 et
543 1012 680 1037 steterunt
688 1012 751 1035 ante
760 1007 886 1041 impium.
900 1005 1015 1040 Iniquus

228 1065 322 1087 autem
337 1059 484 1092 imperator
498 1055 586 1082 minas
598 1058 756 1088 temperans
773 1052 929 1085 clementia,
944 1051 1015 1078 dixit

228 1106 271 1133 eis
286 1113 293 1131 :
310 1104 332 1131 Ο
346 1103 410 1135 viri,
426 1101 524 1129 discite
549 1100 657 1127 tandem
683 1098 750 1134 quid
763 1097 842 1125 vobis
864 1097 1014 1132 expediat:

229 1157 257 1179 et
272 1148 445 1180 accedentes,
461 1146 515 1174 diis
532 1144 696 1176 sacriﬁcate,
709 1148 737 1171 et
748 1143 830 1170 vitam
848 1142 974 1176 accipite,
985 1145 1014 1168 et

231 1206 287 1225 non
305 1200 420 1224 mortem
436 1192 576 1221 acerbam.
593 1191 727 1218 Dixerunt
753 1189 841 1218 sancti
857 1193 991 1224 martyres
1006 1196 1013 1214 :

232 1245 269 1272 De
299 1244 352 1271 hoc
376 1242 479 1269 bonum
496 1238 642 1267 consilium
673 1237 807 1272 cepimus,
823 1243 839 1263 ο
855 1236 1013 1270 imperator.

229 1290 302 1320 Audi
332 1293 446 1319 attente,
469 1290 543 1314 etne
560 1292 610 1312 nos
636 1283 754 1318 amplius
780 1290 872 1318 cogas,
887 1286 936 1309 aut
959 1281 1013 1308 vim

230 1336 312 1364 nobis
328 1335 410 1362 ullam
427 1332 526 1361 afferas
541 1341 547 1358 :
562 1329 714 1358 Statuimus
727 1329 800 1356 enim
825 1327 889 1355 odio
912 1327 1015 1354 habere

231 1384 303 1411 hanc
324 1382 419 1412 vitam,
450 1382 567 1414 quaeest
590 1376 624 1403 ad
651 1380 769 1408 tempus,
803 1374 919 1409 diligere
948 1380 1014 1400 vero

232 1432 348 1455 inertem
381 1424 549 1460 propositam
579 1425 691 1457 propter
705 1419 809 1447 Christi
834 1419 1013 1446 desiderium.

230 1474 282 1501 Per
296 1472 384 1507 ipsum
401 1470 474 1497 enim
493 1468 577 1495 vitam
592 1471 722 1494 aeternam
743 1472 886 1500 speramus
903 1463 1016 1492 lucrifa-

231 1527 306 1546 cere.
323 1518 360 1544 De
373 1520 473 1544 cetero
483 1521 551 1549 ergo
571 1513 613 1540 l'ac
629 1513 749 1540 breviter
765 1511 793 1538 in
810 1518 860 1538 nos
871 1509 946 1545 quod
961 1509 1013 1537 vis.

1062 274 1255 306 ἑξαπόστειλον
1269 275 1336 310 ἡμῖν
1349 275 1380 301 τὸ
1396 275 1508 311 Πνεῦμα
1528 285 1574 303 σου
1593 276 1622 303 τὺ
1639 276 1782 310 πανάγιον,
1805 277 1849 303 ἵνα

1061 321 1091 347 ὲν
1106 320 1180 356 αὺτῷ
1195 321 1426 357 ἀγαλλιασώμεθα
1440 323 1486 348 καὶ
1500 323 1709 358 εὐφρανθῶμεν,
1718 324 1765 350 καὶ
1776 323 1850 358 νική-

1065 376 1157 403 σωμεν
1183 367 1232 399 τὰς
1248 369 1380 404 πονηρίας
1398 371 1447 404 τῆς
1465 369 1580 404 πλάνης,
1595 371 1642 396 καὶ
1654 369 1806 404 ὕψωθῶμεν
1820 371 1851 396 ὲν

1061 415 1096 449 τῇ
1109 413 1223 449 ἀληθινῇ
1241 421 1287 441 σου
1305 415 1394 441 πίστει
1414 415 1459 441 διὰ
1473 414 1521 442 τοῦ
1538 416 1615 449 ἁγίου
1630 415 1788 450 Πνεύματος
1802 415 1850 442 τοῦ

1063 461 1212 492 λαλοῦντος
1227 461 1256 487 ὲν
1272 461 1352 496 ἡμῖν,
1364 462 1436 488 κατὰ
1454 461 1504 498 τὴν
1517 463 1649 498 ἀληθινήν
1665 471 1711 489 σου
1731 464 1850 496 ἐπαγγε-

1062 507 1134 539 λίαν,
1144 508 1191 534 καὶ
1205 507 1265 535 ἀντὶ
1278 507 1327 543 τῆς
1344 508 1536 543 ἀναιρεθείσης
1548 509 1682 543 κοσμικῆς
1694 508 1774 542 ἀξίας
1785 517 1819 535 πα
1826 508 1851 543 ρ’

1063 553 1142 589 ἡμῶν
1161 553 1305 589 γενώμεθα
1329 555 1496 589 στρατιῶται
1513 556 1542 581 ὲν
1558 555 1634 581 πόλει
1653 555 1720 590 ἁγίᾳ
1738 564 1796 587 σου,
1820 555 1851 581 ἐν

1062 597 1080 637 ᾖ
1095 599 1301 627 συνελεύσονταί
1313 608 1354 627 σοι
1366 601 1466 632 πάντες
1477 601 1501 627 ot
1518 602 1698 636 συναγόμενοι
1711 603 1743 636 τῇ
1758 601 1851 628 πίστει

1062 646 1109 673 τοῦ
1129 647 1249 680 Χριστοῦ
1271 656 1330 680 σου,
1349 647 1408 682 μεθ’
1427 645 1458 675 οὖ
1474 657 1515 675 σοι
1533 649 1572 683 τῷ
1589 649 1688 682 Πατὲρι
1711 650 1814 683 πρέπει
1833 650 1851 684 ἡ

1061 692 1125 726 δόξα
1140 693 1187 719 καὶ
1199 693 1229 718 τὸ
1243 693 1345 728 κράτος
1363 694 1411 720 σὺν
1425 693 1464 728 τῷ
1479 694 1549 730 ἁγίῳ
1562 694 1608 720 καὶ
1625 694 1750 729 ζωοποιῷ
1765 695 1852 721 Ilvati-

1065 746 1131 773 ματι
1147 739 1188 770 εἰς
1203 739 1266 770 τοὺς
1278 739 1389 770 αίῶνας.
1412 740 1509 776 ’Δμήν.

1099 828 1140 855 Ην.
1156 828 1209 855 Καὶ
1222 828 1291 862 μετὰ
1312 829 1361 864 τὴν
1384 830 1580 866 συμπλήρωσιν
1597 830 1652 857 τῶν
1673 831 1757 867 τριῶν
1783 832 1853 867 ἠμε-

1067 872 1121 907 ρῶν
1133 873 1302 908 προκαθίσας
1318 873 1399 900 πάλιν
1412 875 1427 900 ὁ
1442 874 1612 909 Μαξιμιανὸς
1631 876 1702 903 κατὰ
1713 877 1758 903 τὸν
1768 877 1852 903 αὑτὸν

1064 920 1146 945 τόπον
1159 919 1365 955 τῆςἋμαξικῆς
1378 921 1474 956 πύλης,
1485 922 1692 958 συνδραμούσης
1704 923 1750 948 καὶ
1761 923 1851 957 πάσης

1064 964 1116 1000 τῆς
1135 965 1251 997 πόλεως,
1277 966 1471 1000 μετεπέμψατο
1487 967 1552 998 τοὺς
1566 967 1670 1000 ἁγίους.
1690 968 1720 994 0i
1738 968 1765 993 δὲ
1780 976 1853 1002 παρη

1065 1011 1198 1045 εγένοντο,
1211 1011 1351 1046 ἑλκόμενοι
1366 1012 1418 1038 ὑπὸ
1432 1012 1487 1038 τῶν
1495 1013 1655 1047 ῠπηρετῶν,
1671 1015 1717 1040 καὶ
1733 1013 1852 1048 ἔστησαν

1066 1056 1223 1091 ἔμπροσθεν
1243 1056 1292 1082 τοῦ
1316 1057 1476 1088 δυσσεϐοῦς.
1498 1057 1527 1084 '0
1545 1058 1574 1084 δὲ
1594 1058 1787 1095 φιλανθρωπίᾳ
1803 1059 1854 1094 τὴν

1065 1103 1180 1138 ἀπειλὴν
1198 1103 1328 1138 κεράσας,
1344 1103 1395 1139 ἔφη
1419 1104 1487 1140 πρὸς
1503 1105 1618 1136 αὐτούς’
1639 1104 1698 1132 Κᾶν
1720 1105 1769 1140 ὀψέ
1787 1114 1853 1132 ποτε

1065 1149 1096 1176 τὸ
1114 1149 1253 1184 συμφέρον
1264 1149 1331 1184 ὑμῖν
1348 1150 1458 1185 μάθετε,
1474 1148 1495 1177 ὦ
1508 1151 1614 1186 ἄνδρες,
1631 1151 1679 1178 καὶ
1692 1152 1855 1186 προσελθόν-

1066 1204 1110 1227 τες
1125 1196 1224 1222 θύσατε
1247 1198 1301 1226 τοῖς
1321 1197 1402 1229 Θεοῖς,
1418 1197 1465 1223 καὶ
1483 1198 1635 1232 κομίσασθε
1651 1199 1700 1234 τὴν
1717 1198 1790 1233 ζωὴν
1804 1199 1854 1225 καὶ

1068 1241 1105 1277 μὴ
1120 1242 1165 1268 τὸν
1184 1242 1284 1276 πικρὸν
1300 1242 1425 1270 θάνατον.
1443 1244 1474 1270 οι
1492 1244 1564 1277 ἅγιοι
1586 1242 1680 1270 εἴπον-
1700 1245 1784 1271 Τοῦτο
1804 1254 1853 1271 κα-

1066 1286 1120 1317 λῶς
1133 1286 1366 1321 ἐϐουλευσάμεθα,
1379 1287 1498 1321 βασιλεῦ,
1511 1288 1560 1322 τὴν
1572 1289 1737 1323 πρόσκαιρον
1749 1289 1852 1323 ταύτην

1067 1331 1139 1366 ζωὴν
1151 1332 1275 1366 μισῆσαι,
1287 1333 1429 1366 ἀγαπῆσαι
1443 1333 1471 1359 δὲ
1486 1333 1531 1359 τὸν
1547 1335 1727 1368 προκείμενον
1738 1335 1854 1361 θάνατον

1065 1377 1109 1404 διὰ
1125 1378 1171 1404 τὸν
1182 1378 1221 1410 εἰς
1232 1378 1349 1413 Χριστὸν
1363 1378 1460 1406 πόθον·
1474 1379 1619 1415 ἐλπίζομεν
1644 1382 1698 1416 γὰρ
1721 1380 1754 1407 δι’
1770 1381 1853 1407 αὑτοῦ

1066 1423 1196 1458 κερδᾶναι
1222 1424 1271 1460 τὴν
1296 1423 1369 1460 ζωὴν
1394 1426 1442 1460 τὴν
1462 1425 1580 1452 αἰώνιον.
1602 1427 1704 1453 Λοιπὸν
1718 1426 1765 1453 οὖν
1782 1427 1854 1453 ποίει

1068 1470 1208 1505 συντόμως
1225 1471 1239 1497 ὂ
1254 1471 1362 1505 βούλει·
1380 1473 1458 1506 ἡμεῖς
1480 1472 1534 1507 γὰρ
1557 1472 1607 1499 οὐκ
1628 1472 1782 1507 ἀρνούμεθα
1807 1474 1854 1499 τὸν

1067 1515 1133 1542 Θεὸν
1148 1517 1238 1550 ἡμῶν,
1263 1517 1323 1543 οὐδὲ
1342 1517 1402 1548 τοὺς
1416 1517 1545 1552 δαίμονάς
1565 1525 1612 1544 σου
1629 1519 1853 1553 προσκυνοῦμεν·

228 1565 285 1593 Nos
317 1564 390 1590 enim
419 1568 474 1588 non
501 1559 634 1594 negamus
662 1558 747 1585 Deum
770 1561 905 1588 nostrum,
922 1563 1012 1590 neque

1067 1562 1096 1588 ἐν
1109 1561 1163 1596 γὰρ
1177 1563 1209 1597 τῇ
1226 1563 1388 1598 κατακρίσει
1407 1563 1453 1590 τοῦ
1469 1565 1637 1599 προσκαίρου
1655 1565 1752 1591 τούτου
1770 1565 1854 1591 θανα-

227 1610 368 1638 daunones
384 1613 446 1634 tuos
474 1612 596 1639 unquam
616 1602 804 1630 adorahimus.
817 1601 885 1629 Nam
903 1601 931 1628 in
948 1609 1015 1628 con-

223 1654 406 1684 «demnatione
419 1651 501 1686 hujus
517 1649 624 1680 mortis,
633 1656 694 1683 qua:
708 1652 750 1675 est
765 1648 798 1675 ad
814 1653 933 1683 tempus,
947 1647 1017 1675 libeo

225 1706 325 1726 .ramur
337 1697 371 1724 ab
388 1700 490 1723 mterna
515 1693 754 1721 condemnatione.
770 1692 833 1720 Hac
848 1700 910 1720 cum
932 1693 1016 1719 dixis-

230 1749 291 1774 sent
312 1742 405 1772 sancti
432 1746 576 1776 martyres,
594 1739 691 1766 videns
705 1743 836 1774 tyrannus
865 1738 891 1765 in
925 1738 1015 1765 medio

223 1798 326 1820 eorum
338 1788 540 1816 adolescentem
553 1785 622 1813 dixit
634 1785 659 1812 ei
674 1793 681 1811 :
695 1785 753 1817 Dic,
764 1784 1014 1818 adolescens,quod

230 1843 273 1866 est
294 1837 342 1864 tibi
368 1842 479 1867 nomen,
496 1839 525 1861 et
554 1833 630 1868 cujas
647 1839 677 1859 es
691 1832 810 1867 genere?
825 1831 899 1858 Dixit
923 1831 1015 1858 adole-

230 1892 311 1913 scens
325 1893 332 1911 :
348 1881 480 1910 Nominor
494 1880 607 1915 quidem
626 1878 771 1910 Photinus,
785 1885 801 1905 a
814 1885 878 1904 vera
893 1877 954 1905 luce
969 1884 1014 1904 ac-

229 1936 310 1966 cepto
334 1929 455 1957 nomine.
472 1928 538 1954 Sum
553 1930 645 1953 autent
675 1925 753 1952 miles
766 1924 880 1957 Christi,
896 1925 944 1958 qui
963 1932 1015 1959 pu-

229 1979 296 2005 dore
312 1975 404 2003 aﬁ'ecit
418 1979 521 2009 patrem
541 1978 617 2000 tuum
636 1972 776 1998 Satanam.
794 1971 827 1998 Et
841 1979 901 1998 sum
913 1978 1014 2006 genere

229 2024 339 2059 quidem
355 2022 495 2050 Romanus
511 2029 518 2047 :
537 2019 610 2046 ﬁlius
625 2026 691 2045 vero
705 2023 735 2046 et
751 2018 871 2045 carnalis
891 2022 918 2044 et
929 2017 1013 2052 spiri-

230 2070 291 2098 talis
304 2068 427 2096 Mauricii
451 2065 606 2094 clarissimi.
623 2064 663 2091 Ex
686 2072 720 2091 eo
734 2064 808 2092 enim
833 2069 922 2096 ortus,
936 2068 963 2091 et
979 2065 1013 2091 ab

228 2123 262 2143 eo
286 2119 396 2148 accepta
425 2112 471 2139 Dei
487 2111 656 2146 cognitione,
679 2111 708 2137 in
736 2109 839 2137 Christi
872 2109 926 2137 ﬁde
951 2117 1012 2138 sum

225 2161 374 2189 educatus,
407 2165 488 2192 quem
509 2162 536 2183 tu
554 2163 667 2191 negans,
681 2163 699 2182 0
726 2156 886 2190 imperator,
903 2164 1014 2191 compa-

223 2213 306 2236 aratus
321 2213 352 2233 es
365 2204 498 2240 iumentis
524 2201 729 2237 insipientibus,
751 2207 779 2229 et
810 2202 909 2229 similis
925 2203 1013 2231 factus

222 2261 259 2281 es
275 2253 338 2280 illis.

265 2299 311 2328 xx.
333 2298 405 2326 Dixit
430 2303 591 2333 tyrannus:
618 2295 724 2324 Stultus
741 2303 770 2323 es
798 2295 968 2328 adolescens,
984 2301 1012 2324 et

222 2350 292 2373 sunt
304 2349 349 2371 tua
366 2343 447 2371 verba
460 2346 540 2370 aatate
554 2340 648 2378 digna.
662 2341 760 2377 Atjam
777 2341 864 2373 disce,
881 2342 956 2377 quod
968 2348 1011 2370 est

227 2392 277 2419 tibi
303 2390 538 2418 conducibilemt
559 2387 706 2421 accedens,
734 2388 857 2416 sacriﬁca
893 2390 1011 2416 maximo

224 2437 297 2469 Jovi,
323 2442 351 2464 et
377 2443 458 2472 parce
479 2441 532 2463 tuae
557 2435 706 2470 iuventuti.
732 2434 807 2462 Dixit
827 2435 1010 2464 adolescens:

225 2484 375 2517 Propterea
391 2481 463 2516 quod
484 2489 537 2508 non
553 2480 636 2513 facio,
657 2480 731 2515 quod
749 2480 800 2513 vis,
822 2488 913 2515 neque
924 2481 1011 2508 sacri-

227 2530 279 2566 ﬁco
293 2528 458 2560 simulacris,
475 2527 544 2554 dicis
559 2535 602 2554 me
628 2527 742 2554 stultum
757 2534 828 2555 esse.
846 2526 914 2554 Nam
937 2527 1013 2562 quod

226 2575 324 2604 attinct
337 2573 448 2609 quidem
466 2572 500 2600 ad
514 2573 595 2600 ﬁdem
614 2573 722 2600 Domini
746 2573 798 2600 mei
816 2572 881 2600 Jesu
897 2572 1011 2606 Christi,

226 2621 306 2650 valde
325 2620 412 2656 sapio.
431 2619 509 2648 Tunc
522 2619 592 2647 dixit
615 2623 746 2655 tyrannus
768 2627 863 2647 rursus
885 2619 1007 2647 sanctis:

224 2666 375 2702 Quousque
394 2665 631 2701 importunitatem
655 2660 774 2692 vestram
797 2665 977 2698 sustinemus,
993 2673 1010 2693 ο

225 2713 330 2744 miseri,
353 2716 382 2740 et
401 2716 539 2739 tormenta
553 2710 707 2739 differimus
725 2718 758 2738 ex
778 2710 949 2746 benignitate
966 2712 1010 2739 in-

225 2757 428 2793 comparabili?
447 2757 605 2785 Sacriﬁcate
629 2765 693 2792 ergo
713 2757 778 2789 dtis,
793 2764 827 2783 ne
856 2757 884 2784 in
903 2764 950 2785 vos
966 2766 1010 2786 ar-

226 2803 464 2838 metisjustitiam.
476 2802 610 2830 Dixerunt
620 2804 709 2831 sancti
721 2808 854 2838 martyres
868 2807 983 2838 tyranno
1001 2815 1007 2832 :

260 2892 270 2907 ⁸
283 2891 379 2921 Matth.
395 2901 422 2920 ι.

1066 1615 1124 1639 του,
1140 1607 1190 1642 τῆς
1201 1608 1311 1634 αἰωνίου
1327 1608 1516 1643 κατακρίσεως
1532 1609 1758 1644 ἐλευθερούμεθα.
1781 1610 1854 1636 Ταῦ-

1067 1660 1101 1679 τα
1117 1653 1250 1679 εἰπόντων
1268 1654 1323 1680 τῶν
1354 1654 1452 1688 ἁγίων,
1475 1654 1617 1689 θεωρήσας
1635 1657 1649 1682 ό
1672 1656 1804 1690 τύραννος
1823 1658 1853 1683 ὲν

1068 1699 1144 1734 μέσῳ
1154 1699 1244 1726 αὐτῶν
1255 1702 1374 1732 νεανίαν,
1393 1701 1444 1735 ἔφη
1457 1701 1525 1736 πρὸς
1538 1702 1633 1727 αὐτόν·
1651 1702 1682 1728 Τί
1696 1711 1742 1728 σου
1754 1704 1853 1737 τυγχά-

1067 1755 1106 1773 νει
1123 1747 1153 1773 τὸ
1166 1747 1262 1782 ὄνομα,
1275 1747 1324 1774 καὶ
1336 1748 1418 1774 πόθεν
1432 1748 1566 1783 ὑπάρχεις
1580 1749 1620 1784 τῷ
1637 1749 1709 1783 γένει
1721 1759 1729 1782 ;
1743 1750 1779 1775 Τὸ
1794 1757 1854 1784 μει-

1069 1793 1163 1828 ράκιον
1187 1793 1238 1828 ἔφη
1249 1802 1256 1809 ·
1271 1794 1402 1826 Φωτεινὸς
1417 1794 1586 1830 ὀνομάζομαι
1602 1795 1678 1830 παρὰ
1696 1795 1742 1822 τοῦ
1756 1795 1852 1831 ἀληθι-

1066 1839 1112 1865 νοῦ
1133 1839 1223 1873 φωτὸς
1250 1839 1300 1875 τὴν
1322 1839 1418 1874 κλῆσιν
1443 1840 1599 1876 δεξάμενος,
1618 1842 1664 1868 καὶ
1682 1842 1852 1876 στρῖτιὼτης

1065 1885 1124 1919 εἰμὶ
1138 1884 1270 1920 Χριστοῦ,
1284 1885 1332 1912 τοῦ
1352 1887 1583 1922 καταισχύναντος
1596 1887 1641 1914 τὸν
1658 1888 1789 1920 Σατανᾶν,
1805 1889 1852 1915 τὸν

1066 1930 1171 1965 πατέρα
1186 1938 1233 1956 σου
1246 1939 1253 1946 ·
1274 1931 1411 1966 Ῥωμαῖος
1427 1932 1456 1958 δὲ
1469 1933 1586 1968 ὑπάρχω
1599 1934 1629 1959 τὸ
1643 1934 1733 1968 γένος,
1747 1935 1854 1969 Maelm-

1065 1977 1127 2003 κίου
1151 1977 1198 2004 τοῦ
1227 1977 1401 2010 ὲνδοξότατου
1427 1980 1569 2014 τυγχάνων
1588 1980 1646 2010 υίὸς
1666 1981 1799 2014 σαρκικός
1821 1988 1853 2006 τε

1065 2025 1112 2052 καὶ
1130 2022 1332 2061 πνευματικός·
1352 2025 1382 2058 ἐξ
1398 2026 1480 2053 αὑτοῦ
1501 2027 1556 2061 γὰρ
1579 2027 1719 2061 προελθὼν
1739 2028 1786 2054 καὶ
1801 2027 1853 2062 τὴν

1064 2072 1165 2106 γνῶσιν
1177 2072 1244 2108 παρ’
1255 2072 1339 2099 αὑτοῦ
1353 2072 1473 2108 εἰληφὼς
1489 2073 1535 2100 τοῦ
1549 2073 1628 2105 Θεοῦ,
1642 2074 1682 2105 εἰς
1695 2075 1744 2108 τὴν
1759 2074 1852 2100 πίστιν

1064 2118 1222 2154 ἀνετράφην
1241 2119 1289 2145 τοῦ
1307 2118 1438 2154 Χριστοῦ,
1451 2119 1481 2145 ὃν
1496 2119 1528 2145 σὺ
1544 2119 1758 2154 άπαρνούμενος,
1771 2120 1852 2155 βασι-

1063 2163 1121 2196 λεῦ,
1149 2164 1393 2199 παρασυνεϐλήθης
1419 2165 1475 2195 τοῖς
1504 2165 1615 2200 κτήνεσι
1637 2167 1693 2197 τοῖς
1715 2167 1851 2201 ἀνοήτοις,

1064 2210 1113 2236 καὶ
1125 2209 1270 2245 ὡμοιώθης
1285 2210 1389 2242 αὐτοῖς.

1100 2300 1140 2327 Θ’.
1156 2299 1187 2328 ’0
1196 2300 1326 2336 τύραννος
1337 2300 1427 2328 εἶπεν·
1449 2302 1627 2337 “Δνοητεύεις,
1640 2303 1794 2338 μειράκιον,
1805 2303 1852 2330 καὶ

1065 2348 1114 2382 τῆς
1131 2347 1238 2382 ἡλικίας
1249 2347 1312 2381 ἄξια
1324 2348 1452 2382 τυγχάνει
1464 2349 1497 2376 τὰ
1510 2350 1621 2384 ῥήματά
1635 2358 1691 2376 σου.
1706 2349 1851 2384 Διδάχθητι

1066 2392 1112 2419 οὖν
1127 2393 1156 2419 τὸ
1169 2393 1320 2429 συμφέρον,
1339 2395 1384 2420 καὶ
1402 2394 1563 2428 προσελθὼν
1577 2395 1657 2422 θῦσον
1675 2395 1714 2430 τῷ
1728 2396 1852 2431 μεγίστῳ

1062 2438 1116 2474 θεῷ
1131 2439 1184 2472 Διΐ,
1199 2441 1246 2466 καὶ
1269 2441 1361 2474 φεῖσαί
1378 2449 1424 2467 σου
1441 2441 1491 2475 τῆς
1504 2442 1640 2476 νεότητος.
1653 2441 1690 2468 Τὸ
1706 2443 1852 2477 μειράκιον

1061 2484 1113 2519 εφη
1124 2491 1132 2499 ⁸
1150 2485 1194 2511 Ἐν
1203 2485 1242 2520 τῷ
1252 2485 1289 2521 μὴ
1305 2487 1392 2513 ποιεῖν
1404 2486 1434 2513 τὸ
1443 2486 1549 2522 θέλημά
1558 2496 1605 2514 σου
1613 2487 1703 2522 λέγεις
1713 2496 1760 2523 μοι
1770 2488 1852 2523 ἀνοη-

1061 2530 1174 2564 ταίνειν,
1191 2532 1253 2557 ἐπεὶ
1273 2531 1319 2558 καὶ
1342 2533 1412 2559 πάνυ
1429 2533 1521 2568 φρονῶ
1540 2535 1605 2569 περὶ
1618 2534 1667 2570 τὴν
1689 2535 1781 2562 πίστιν
1802 2535 1850 2561 τοῦ

1061 2576 1165 2612 Κυρίου
1187 2585 1237 2612 μου
1254 2578 1342 2612 Ἰησοῦ
1362 2579 1492 2615 Χριστοῦ.
1507 2581 1574 2607 Τότε
1588 2579 1665 2608 εἶπεν
1685 2582 1699 2608 ὁ
1720 2581 1851 2615 τύραννος

1064 2622 1132 2657 πρὸς
1151 2622 1215 2654 τοὺς
1236 2623 1332 2657 ἁγίους
1353 2625 1450 2652 πάλιν·
1464 2626 1536 2658 Ἕως
1560 2626 1626 2653 πότι
1645 2627 1694 2662 τῆς
1712 2627 1852 2662 ὑμετέρας

1064 2669 1226 2704 σκαιότητος
1243 2671 1395 2706 ἀνεχόμεθα
1417 2673 1465 2700 καὶ
1484 2674 1544 2705 ταῖς
1559 2672 1684 2708 βασάνοις
1705 2673 1805 2709 ἀνοχὴν
1821 2674 1851 2706 ἐξ

1064 2714 1230 2751 άσυγκρίτου
1254 2717 1460 2753 φιλανθρωπίας
1483 2719 1660 2755 παρέχομενς
1686 2719 1787 2748 θύσατε
1803 2718 1851 2748 οὖν

1064 2761 1118 2792 τοῖς
1133 2761 1215 2795 θεοῖς,
1234 2763 1278 2790 ἴνα
1289 2763 1328 2799 μὴ
1344 2765 1393 2799 τὴν
1407 2764 1485 2801 δίκην
1499 2765 1561 2792 καθ’
1576 2766 1653 2802 ὑμῶν
1668 2766 1850 2802 ὲξωπλίσητσ.

1064 2808 1095 2833 0t
1112 2807 1184 2842 ἅγιοι
1200 2807 1277 2837 εἷπον
1292 2809 1331 2845 τῷ
1347 2811 1471 2847 τυράννῳ
1484 2820 1490 2828 ·
1515 2812 1578 2839 Ἐὰν
1593 2813 1658 2849 ἔχῃς
1671 2813 1784 2848 γνῶσιν,
1798 2814 1850 2840 ὑπ-
