2024 3153
164 183 216 215 363

656 188 744 218 YITA
766 189 816 220 SS.
837 188 1019 219 MAURITH
1037 189 1084 218 ET
1103 189 1308 220 SOCIORUM.

1736 192 1787 224 365

163 239 246 275 ουργὲ
269 239 324 267 τῶν
347 241 513 277 ἀκαθάρτων
527 243 672 278 δαιμόνων,
687 244 854 279 μεμάθηκας
876 245 949 280 παρὰ

1005 244 1126 272 Sceleste
1139 250 1165 272 et
1182 245 1344 273 administer
1361 246 1565 274 immundorum
1578 247 1744 281 dmmonum.
1765 250 1787 277 .xi

163 287 299 314 Φωτεινοῦ
322 288 372 323 τὴν
386 289 524 325 ἡμετέραν
540 290 630 325 ἰσχύν·
649 291 673 317 εί
696 291 750 326 γὰρ
767 292 869 323 ἐκεῖνος
892 291 951 323 νέος

164 334 296 369 ὑπάρχων
311 335 361 370 τὴν
373 335 482 371 ἡλικίαν
498 335 665 372 κατῄσχυνῶι
680 345 726 363 σου
742 337 792 372 τὴν
806 337 890 372 ἀσεϐῆ
903 337 952 364 καὶ

162 380 327 415 ἀναίσθητον
346 381 462 417 γνώμην
485 381 530 407 διὰ
553 382 602 416 τῆς
621 382 787 417 εἰλικρινοῦς
802 382 885 409 αὑτοῦ
908 382 952 408 πί-

164 435 250 458 στεως
275 427 321 453 καὶ
341 427 390 462 τῆς
405 428 445 458 εἰς
459 428 578 463 Χριστὸν
598 427 736 461 γνώσεως,
752 429 827 463 πόσῳ
852 429 952 464 μᾶλλον

162 473 242 507 ἡμεῖς
258 472 430 507 αἱρησόμεθα
446 473 536 504 πάσας
550 473 684 508 βασάνους
703 474 864 510 ὑποστῆναι,
877 475 952 506 ὅπως

161 518 392 554 καταισχύνωμεν
404 519 450 544 τὸν
475 520 582 555 πατέρα
605 527 661 551 σου,
681 520 726 547 τὸν
744 520 881 554 διάϐολον,
905 521 952 547 καὶ

163 565 397 600 εὖαρεστήσωμεν
418 565 458 600 τῷ
479 565 610 601 Χριστῷ;
625 567 692 593 Τότε
713 565 851 601 θυμωθεὶς
868 568 882 593 δ
905 567 952 594 τύ-

162 620 259 646 ραννος
276 612 421 638 ἐκέλευσεν
433 612 584 639 τύπτεσθαι
602 613 666 646 τοὺς
684 614 778 648 ἁγίους
795 613 952 650 βουνεὺροις

161 657 248 692 ὠμοῖς
263 665 270 672 ·
288 657 334 684 καὶ
350 657 467 692 ἧρξαν-ιο
489 659 514 684 οί
539 659 674 694 ὑπηρέται
701 659 815 686 τύπτειν
840 661 950 692 αὐτοὺς,

161 702 213 733 ἕως
227 698 258 728 οὖ
273 701 421 738 διέρραξαν
442 703 492 733 τὰς
510 703 615 738 σάρκας
631 704 732 738 αὐτῶν,
747 705 794 731 καὶ
805 705 852 731 τοῦ
869 705 952 740 αἵμα-

161 756 205 779 τος
219 748 312 774 αῦτῶν
330 748 455 783 σφοδρῶς
472 750 636 783 φερομένου,
650 750 675 776 οι
693 749 766 784 ἅγιοι
784 751 824 782 εἰς
843 751 888 778 τδν
902 751 950 777 οὐ,

162 795 244 830 ρανὺν
270 794 472 829 ἀναϐλέψαντες
502 796 587 821 ἐϐόων
609 796 727 831 Χριστὸν
742 797 788 823 τὸν
809 797 875 823 Θεὸν
896 799 951 824 ἰκε-

160 841 284 872 τεύοντες
302 841 442 876 ὲνισχύσαι
458 841 556 873 αὐτοὺς
570 842 618 867 καὶ
634 842 689 868 τῶν
707 842 795 869 πόνων
807 843 950 877 ἐπικουφὲ-

163 895 225 913 σαι·
246 886 276 918 ὃς
291 885 448 918 ἐπακούσας
462 887 512 921 τῆς
525 887 616 913 αὐτῶν
632 887 757 919 knew];
782 888 948 923 προσευχῆς,

161 932 264 967 ἐπέστη
285 933 377 964 αὐτοῖς
399 932 437 967 τῷ
458 933 566 967 ἀοράτῳ
591 932 674 959 αὑτοῦ
697 933 811 969 δυνάμει
835 935 882 960 καὶ
896 933 950 959 τῶν

161 979 250 1006 πόνων
277 979 331 1005 τῶν
356 979 482 1015 βασάνων
503 979 602 1010 αὐτοὺς
624 979 807 1014 ἐπεκούφισεν
833 980 879 1006 καὶ
901 979 950 1012 τὰς

161 1023 277 1058 καρδίας
307 1024 399 1051 αὐτῶν
433 1024 462 1050 ἐν
493 1025 527 1058 τῇ
561 1024 630 1057 πρδς
658 1024 738 1051 αὑτὸν
769 1025 949 1062 ὲπεστήριξεν

161 1070 266 1105 ἀγάπῃ.

195 1116 224 1143 ι’.
249 1117 454 1152 Ἀτονησὰντων
474 1117 502 1144 δὲ
519 1117 700 1153 βασανιστῶν,
719 1115 797 1146 εἶπεν
815 1118 828 1145 ὸ
850 1118 950 1154 τῦραν-

160 1172 203 1195 νος
219 1165 274 1196 τοῖς
291 1164 395 1198 ἁγίοις·
414 1164 534 1198 Ἔγνωτε
550 1164 606 1198 οὖν,
620 1162 642 1192 ὦ
658 1165 802 1199 τολμηταὶ,
833 1166 871 1196 ὡς
902 1166 950 1202 ρᾲα

159 1211 213 1238 διόν
228 1219 273 1245 μοι
285 1211 439 1245 καθέστηκε
451 1211 499 1246 τὴν
512 1211 586 1247 ζωὴν
599 1211 676 1247 ὑμῶν
687 1211 819 1238 ἀπολέσαι
830 1218 836 1225 ’
849 1211 950 1238 θύσατι

160 1257 205 1283 οὖν
221 1258 278 1288 τοῖς
294 1256 375 1288 θεοῖς,
392 1257 436 1283 ἵνα
451 1257 488 1292 μὴ
504 1258 675 1292 πικροτέρων
695 1258 847 1293 πειριυθῆτε
864 1257 949 1292 βασά-

160 1311 224 1330 νων.
245 1302 452 1337 ’Λποκριθὲντες
476 1303 504 1329 δὲ
525 1303 549 1329 οἱ
569 1303 641 1336 ἆγιοι
658 1303 696 1338 τῷ
713 1303 834 1338 τυράννῳ
857 1301 948 1330 εἷπον·

161 1349 245 1376 Τοῦτο
261 1348 391 1383 γίνωσκε,
408 1349 576 1375 ἀσεϐέστατε
593 1351 639 1375 καὶ
651 1349 775 1383 ἀλλότριε
793 1349 839 1376 τοῦ
853 1348 948 1384 ἀληθι-

161 1394 206 1421 νοῦ
219 1394 299 1430 ἡμῶν
313 1394 392 1428 Θεοῦ,
404 1395 457 1427 ὅτι,
469 1395 563 1430 ὥσπερ
578 1396 610 1422 σὺ
626 1396 676 1422 οὐκ
691 1395 806 1431 αἰσθάνῃ
821 1395 868 1429 τῆς
882 1395 950 1429 ἁγά-

161 1452 214 1478 πης
229 1443 277 1470 τοῦ
294 1443 413 1479 Χριστοῦ
439 1443 484 1470 καὶ
505 1443 555 1478 τῆς
581 1443 774 1478 λαμπρότητος
791 1442 884 1476 αὐτοῦ,
905 1443 950 1470 διὰ

160 1489 205 1515 τὸν
221 1487 456 1523 περικαλύπτοντα
472 1489 521 1523 τὴν
537 1488 655 1515 διάνοιάν
669 1497 714 1515 σου
731 1489 762 1514 ἐκ
781 1490 829 1523 τῆς
846 1488 948 1523 πλάνης

161 1534 213 1561 τῶν
227 1534 362 1568 δαιμόνων
380 1534 484 1566 σκότον,
498 1534 583 1566 οὕτως
596 1534 655 1560 οὐδὲ
670 1535 749 1569 ἡμεῖς
759 1534 812 1560 τῶν
824 1533 949 1568 βασάνων

161 1589 207 1607 σου
225 1580 423 1615 αἰσθανόμεθα,
438 1580 482 1607 διὰ
496 1580 526 1606 τὺ
542 1580 711 1614 πεφωτὶσθαι
733 1579 811 1615 ἡμῶν
827 1579 875 1614 τὴν
891 1579 947 1605 διά-
962 1585 984 1616 c

161 1635 233 1653 νοιαν
251 1627 283 1652 ὲκ
299 1626 347 1659 τῆς
366 1626 484 1657 πίστεως
502 1626 548 1652 καὶ
562 1626 671 1660 ἀγάπης
685 1626 802 1661 Χριστοῦ
815 1625 862 1652 τοῦ
879 1626 946 1654 Θεοῦ

161 1672 249 1707 ἡμῶν.
269 1671 387 1699 Ἑπινὸει
410 1671 499 1698 τοίνυν
519 1671 615 1707 ἑτέρας
634 1672 756 1707 μηχανάς
781 1671 947 1708 βασανιστη-

162 1718 226 1754 ρίων
255 1719 449 1752 καινοπρεπεῖς
475 1718 536 1744 καθ’
551 1717 647 1752 ἡμῶν·
673 1718 736 1753 διψᾷ
754 1718 806 1753 γὰρ
830 1718 907 1753 ἡμῶν
930 1720 946 1754 ή

160 1765 263 1792 διάνοια
274 1765 319 1791 καὶ
331 1764 460 1798 ἐπιθυμεῖ
471 1764 486 1798 ἡ
500 1764 569 1790 κατὰ
580 1764 696 1799 Χριστὸν
707 1764 784 1800 ἡμῶν
798 1764 892 1800 ἀγάπη
903 1765 947 1792 διὰ

160 1810 208 1844 τῆς
221 1811 272 1844 σῆς
286 1809 348 1836 καθ’
361 1809 624 1844 ὴμῶνὰ-ποφάσεως,
641 1807 780 1843 οεωρῆσαι
794 1808 841 1835 τὸν
858 1808 947 1841 ζῶντα.

160 1856 224 1882 Θεδν
237 1857 284 1882 καὶ
300 1855 479 1890 βασιλεύοντα
496 1855 535 1884 είς
550 1855 613 1885 τοὺς
628 1854 740 1884 αἰῶνας.
757 1853 850 1882 Ταῦτα
865 1855 947 1881 ἀκού-

161 1910 208 1934 σας
229 1903 243 1928 6
258 1902 388 1936 τύραννος
404 1901 450 1928 καὶ
467 1901 613 1935 θυμωθεὶς,
635 1899 740 1927 κελεύει
762 1902 850 1936 πυρὰν
870 1910 946 1936 παμ-

161 1949 262 1984 μεγέθη
281 1948 408 1982 γενέσθαι
425 1948 471 1974 καὶ
485 1948 513 1974 ὲν
526 1947 594 1982 αὐτῇ
607 1947 702 1981 στῆναι
712 1948 774 1978 τοὺς
789 1948 945 1982 μάρτυρας·

158 1993 211 2020 τῶν
244 1992 274 2019 δὲ
301 1992 458 2028 δορυφόρων
490 1992 693 2028 πληρωσάντων
715 1992 798 2018 αὐτοῦ
817 1992 867 2027 τὴν
891 1993 946 2019 ἀπ-

158 2039 302 2075 άνθρωπον
317 2039 452 2070 κέλευσιν,
464 2039 596 2069 ἑκουσίως
616 2039 640 2065 οῑ
657 2039 729 2072 ἆγιοι
747 2039 899 2074 ὲπήρχοντο
913 2040 946 2073 τῇ

157 2085 292 2121 πυρκαῖᾷ,
309 2084 345 2117 ὡς
374 2084 449 2111 ὕδατι
470 2085 508 2119 τῷ
528 2085 596 2119 πυρὶ
621 2084 797 2119 προσομιλεῖν
821 2084 946 2119 ἀλλήλοις

158 2132 431 2167 παρακελευόμενοι·
451 2132 497 2158 καὶ
512 2131 591 2166 λόγον
614 2131 708 2158 οὐδένα
729 2132 778 2166 τῆς
801 2131 875 2167 παρά
891 2131 946 2158 τῶν

157 2179 305 2214 ἀνθράκων
321 2178 477 2213 ποιούμενοι
491 2177 624 2208 καύσεως,
645 2177 812 2212 μεγαλοψυεῖ
827 2177 865 2211 τῷ
882 2185 947 2212 φρο-

158 2226 262 2260 νήματι
277 2224 347 2259 πρὸς
363 2223 408 2250 τὸν
424 2223 555 2259 τύραννον
573 2223 709 2257 ἔφασκον·
734 2222 840 2258 Ἡμεῖς,
858 2223 946 2256 Meﬁt-

1004 291 1069 325 quid
1084 291 1185 326 ingenii
1206 291 1308 319 habeas
1330 297 1377 319 aut
1399 293 1531 326 scientiae,
1550 294 1669 322 didicisti
1685 303 1700 322 a
1716 295 1789 324 Plio-

1004 338 1062 364 tino
1074 342 1195 365 nostram
1212 337 1292 366 ﬁdem
1314 342 1342 366 ct
1352 338 1426 367 vires
1452 345 1570 368 nostras.
1595 341 1623 368 Si
1642 342 1716 370 enim
1731 343 1787 374 ille,

1003 391 1064 410 cum
1077 383 1112 410 sit
1127 388 1207 412 aetate
1221 384 1342 420 juvenis,
1357 385 1464 420 pudore
1483 386 1575 413 aﬂ‘ecit
1590 386 1700 422 impiam
1713 392 1788 416 tuam

1003 433 1122 456 mentem
1146 434 1174 457 et
1191 431 1266 458 nullo
1289 438 1370 458 sensu
1399 431 1553 466 praeditam,
1578 440 1627 467 per
1652 434 1787 462 sinceram

1003 482 1080 501 suam
1102 475 1181 502 fidem
1203 479 1231 502 et
1253 475 1356 503 Christi
1372 476 1567 511 cognitionem,
1583 482 1687 511 quanto
1702 480 1789 514 magis

1002 527 1055 547 nos
1080 521 1281 548 contendemus
1308 526 1445 549 tormenta
1470 522 1562 549 omnia
1585 523 1733 556 sustinere,
1758 529 1789 552 ut

1003 565 1107 601 pudore
1136 565 1286 595 afficiamus
1300 573 1405 603 patrem
1419 571 1497 595 tuum
1516 568 1665 601 diabolum.
1680 574 1708 597 et
1729 570 1787 605 pla-

1003 619 1114 640 ceamus
1121 612 1232 640 Christo
1245 617 1339 641 nostro
1345 619 1373 641 et
1385 614 1459 642 Deo?
1469 614 1546 642 Tunc
1558 615 1644 642 iratus
1655 618 1789 651 tyrannus

1000 657 1083 693 jussit
1105 663 1217 686 sanctos
1238 659 1377 687 verberati
1401 661 1496 688 crudis
1518 660 1601 687 boum
1630 663 1741 689 nervis:
1759 666 1788 690 et

1002 709 1146 738 cwpcrunt
1155 705 1273 732 ministri
1285 713 1332 733 eos
1356 706 1472 738 caedere,
1486 707 1574 736 donec
1584 716 1681 736 carnes
1692 717 1788 736 eorum

1003 749 1232 784 discerpserunt:
1268 755 1373 778 etcum
1405 752 1485 780 valde
1512 757 1655 781 emanaret
1692 762 1789 782 eorum

1003 796 1124 830 sanguis,
1145 797 1232 824 sancti
1248 804 1359 825 sursum
1379 799 1545 834 aspicientes
1564 800 1590 828 in
1608 800 1719 833 coelum,
1731 801 1790 828 cla-

1003 839 1114 866 mabant
1129 839 1240 868 Christo
1265 842 1463 876 supplicantes,
1482 845 1561 871 utcis
1575 845 1649 872 vires
1675 846 1789 874 adderet

1002 886 1147 913 etlevaret
1165 893 1262 913 eorum
1291 887 1410 916 labores.
1439 889 1489 922 Qui
1508 898 1570 917 cum
1594 891 1728 919 audiisset
1745 892 1789 920 in-

1003 934 1108 958 tonsam
1131 939 1227 959 eorum
1247 934 1445 968 precationem,
1462 935 1494 962 ad
1522 943 1569 964 eos
1594 938 1710 965 accessit
1740 945 1790 973 po-

1003 981 1101 1005 testate
1114 986 1175 1013 qua:
1193 986 1248 1006 non
1271 980 1348 1007 cadit
1364 981 1415 1007 sub
1436 987 1590 1016 aspectum,
1608 987 1637 1010 et
1659 984 1789 1011 allevavit

1001 1023 1111 1051 labores
1129 1028 1341 1057 tormentorum,
1357 1030 1386 1053 et
1410 1028 1582 1055 confirmavit
1596 1029 1678 1057 corda
1691 1037 1788 1058 eorum

1002 1068 1028 1094 in
1043 1068 1177 1097 charitate
1190 1070 1216 1096 in
1235 1070 1336 1105 ipsum.

1037 1114 1070 1141 Χ.
1087 1115 1154 1142 Cum
1183 1115 1283 1143 defessi
1306 1121 1396 1144 autem
1409 1121 1501 1145 essent
1514 1121 1643 1152 tortores,
1655 1125 1788 1156 tyrannus

1001 1158 1070 1186 dixit
1094 1161 1196 1187 sanctis
1213 1169 1220 1187 :
1240 1162 1425 1196 Cognovistis,
1438 1170 1454 1189 ο
1472 1163 1590 1191 audaces
1614 1165 1740 1194 homines
1760 1171 1789 1194 et

1002 1206 1150 1238 temerarii.
1164 1214 1246 1242 quam
1259 1207 1294 1235 sit
1307 1208 1373 1235 mihi
1386 1209 1465 1237 facile
1477 1209 1560 1237 vitam
1583 1217 1703 1239 vestram
1725 1221 1789 1248 per-

1001 1252 1086 1280 dere?
1100 1253 1135 1279 De
1151 1258 1250 1281 extero
1265 1262 1331 1289 ergo
1348 1255 1402 1283 diis
1414 1257 1577 1289 sacrificate,
1593 1265 1628 1285 ne
1646 1259 1787 1288 acerbiora

1001 1304 1138 1326 tormenta
1173 1301 1309 1328 sentiatis.
1341 1302 1435 1330 Sancti
1474 1311 1540 1331 vero
1578 1306 1787 1340 respondentes.

1001 1346 1129 1373 dixerunt
1139 1351 1254 1381 tyranno
1264 1348 1423 1382 imperatori
1437 1358 1443 1376 :
1457 1349 1513 1377 Hoc
1523 1358 1693 1385 cognosce,o
1705 1353 1788 1388 impie

1000 1396 1027 1419 et
1042 1393 1131 1420 aliene
1152 1401 1166 1420 a
1187 1401 1251 1420 vero
1274 1393 1329 1421 Deo
1357 1400 1462 1427 nostro,
1484 1396 1557 1431 quod
1585 1398 1724 1432 quomodo
1756 1403 1786 1426 tu

1000 1438 1101 1466 Christi
1117 1440 1281 1467 eharitatem
1297 1449 1351 1468 non
1370 1443 1456 1469 sentis
1469 1448 1497 1470 et
1518 1443 1577 1478 ejus
1600 1444 1786 1479 splendorem,

1001 1490 1115 1519 propter
1131 1485 1261 1512 tenebras
1276 1494 1337 1521 qua:
1360 1492 1479 1514 mentem
1497 1492 1573 1515 tuam
1595 1490 1725 1524 operiunt
1753 1499 1788 1519 ex

1000 1539 1093 1558 errore
1105 1531 1273 1565 daemonum,
1289 1532 1325 1559 ita
1341 1541 1429 1568 neque
1441 1541 1492 1562 nos
1509 1538 1645 1564 tormenta
1664 1541 1709 1564 tua
1722 1545 1786 1565 sen-

1002 1574 1096 1607 timus,
1115 1580 1259 1610 propterea
1275 1576 1348 1611 quod
1368 1585 1445 1605 mens
1463 1584 1558 1606 nostra
1576 1580 1613 1608 sit
1631 1581 1787 1610 illuminata

1003 1629 1016 1647 a
1029 1621 1081 1648 fide
1094 1622 1264 1650 etcharitate
1276 1622 1378 1651 Christi
1394 1623 1439 1652 Dei
1452 1626 1548 1653 nostri.
1561 1626 1691 1662 Excogita
1711 1635 1787 1664 ergo,

1001 1675 1017 1694 ο
1030 1671 1144 1703 tyranne
1164 1673 1192 1695 et
1210 1669 1303 1697 insane
1314 1671 1401 1702 canis,
1418 1671 1485 1698 alias
1506 1671 1533 1699 in
1549 1680 1598 1700 nos
1622 1681 1708 1701 novas
1729 1682 1788 1702 ma-

1001 1714 1097 1741 chinas
1114 1718 1323 1743 tormentorum.
1340 1715 1404 1744 Sitit
1428 1717 1502 1744 enim
1527 1726 1605 1746 mens
1632 1724 1737 1752 nostra,
1760 1726 1788 1748 et

1002 1760 1149 1794 desiderat,
1181 1769 1242 1796 qua:
1254 1766 1339 1789 estex
1356 1762 1477 1797 Christo,
1499 1763 1630 1799 cbaritas,
1648 1773 1696 1800 per
1712 1770 1786 1794 tuam

1002 1807 1028 1834 in
1053 1815 1103 1834 nos
1120 1808 1297 1840 sententiam,
1319 1809 1499 1844 contemplari
1526 1811 1612 1839 Deum
1639 1812 1732 1840 vivum
1760 1819 1788 1841 et

1002 1857 1160 1888 regnantem
1176 1854 1202 1881 in
1219 1855 1327 1882 smcula.
1345 1855 1406 1883 llaec
1429 1863 1490 1883 cum
1507 1856 1640 1885 audiisset
1656 1862 1788 1894 tyrannus

1001 1904 1028 1926 et
1046 1899 1123 1926 valde
1137 1899 1234 1927 fuisset
1258 1900 1353 1933 iratus,
1366 1901 1443 1936 jubet
1457 1902 1569 1929 accendi
1587 1911 1682 1938 rogum
1700 1905 1788 1932 maxi.

1002 1952 1076 1971 mum
1091 1950 1119 1972 et
1135 1945 1161 1972 in
1184 1946 1309 1981 eumjaci
1338 1952 1448 1974 sanctos
1475 1953 1618 1984 martyres.
1639 1949 1708 1977 Cum
1733 1951 1788 1977 im-

1001 1991 1124 2025 plessent
1151 1998 1216 2018 vero
1234 1992 1366 2020 satellites
1395 1993 1523 2020 acerbum
1552 1998 1579 2021 et
1607 1995 1787 2023 inhumanum

1001 2037 1060 2072 ejus
1086 2038 1203 2073 jussum,
1226 2039 1314 2066 sancti
1340 2047 1389 2066 sua
1422 2044 1520 2074 sponte
1548 2045 1726 2069 accesserunt
1752 2043 1787 2069 ad

1002 2091 1108 2118 rogum,
1123 2091 1151 2111 se
1173 2084 1289 2112 invicem
1313 2084 1504 2117 adhortantes,
1520 2086 1593 2113 utad
1614 2087 1703 2122 ignem
1729 2091 1788 2114 tan-

1001 2137 1082 2164 quam
1095 2129 1127 2156 ad
1145 2138 1243 2165 aquam
1257 2131 1420 2158 accederent
1435 2139 1442 2158 :
1455 2139 1544 2167 neque
1557 2133 1640 2160 ullam
1654 2133 1787 2161 ducentes

1002 2174 1137 2202 rationem
1170 2175 1321 2203 carbonum
1351 2177 1518 2210 exusﬁonis,
1537 2185 1635 2214 magno
1666 2183 1694 2207 et
1721 2187 1788 2207 con-

1001 2221 1082 2248 stanti
1101 2221 1199 2256 spiritu
1216 2221 1346 2250 dixerunt
1366 2227 1482 2258 tyranno
1499 2231 1505 2250 :
1522 2223 1586 2257 Nos,
1598 2232 1615 2251 ο
1627 2224 1786 2259 imperator,

160 2273 253 2307 μιανὲ,
267 2271 318 2306 τὴν
335 2270 470 2304 τύφλωσιν
485 2270 533 2305 τῆς
549 2270 598 2304 σῆς
609 2268 788 2304 ἀναισθησίας
804 2269 948 2304 λογιζόμε-

1001 2267 1204 2295 considerantes
1225 2269 1373 2296 caecitatem
1391 2274 1463 2296 tuam
1475 2273 1502 2295 ct
1513 2276 1611 2297 sensus
1623 2275 1784 2305 egestatem,

157 2326 208 2350 νοι,
225 2316 399 2352 οἰκτείρομέν
419 2325 448 2342 σε
464 2315 514 2351 τῆς
528 2315 634 2350 λιθίνης
654 2315 770 2350 καρδίας
785 2315 888 2346 ἕνεκεν,
906 2315 946 2341 ὅτι

158 2363 299 2398 ὑπηρέτης
328 2363 444 2397 γέγονας
471 2362 521 2397 τῆς
548 2361 602 2388 τῶν
626 2361 789 2396 ἀκαθάρτων
814 2360 947 2395 δαιμόνων

157 2410 274 2445 πλάνης,
291 2409 328 2445 μὴ
342 2409 491 2444 δυνάμενος
506 2409 641 2443 ἀνανῆψαι
662 2407 728 2443 μηδὲ
747 2407 894 2441 ἐπιγνῶναι
910 2406 948 2436 ὡς

158 2457 249 2483 πᾶσαν
262 2455 438 2492 ἀνθρωπίνην
456 2454 644 2490 ὑπερϐέϐηκεν
662 2453 785 2490 ἀνδρείαν
798 2453 814 2488 ἡ
829 2452 947 2487 τοσαύτη

158 2503 206 2537 τῆς
222 2501 372 2538 καρτερίας
384 2502 516 2537 ὑπομονὴ.
530 2501 578 2532 Τίς
590 2501 643 2536 γὰρ
659 2500 744 2535 χωρὶς
757 2499 832 2531 θείας
845 2499 948 2533 ἀναψύ-

159 2548 226 2579 ξεως
238 2547 368 2574 τοσοῦτον
390 2547 460 2573 κατὰ
478 2547 629 2581 παμφάγου
646 2545 743 2579 φλογὸς
766 2544 948 2578 ἁγωνίσοιτο;

161 2594 190 2619 0!
205 2593 233 2619 δὲ
243 2593 284 2628 τῷ
298 2591 435 2627 πνεύματι
450 2591 555 2624 ζέοντες
570 2592 616 2618 καὶ
633 2591 679 2618 τὸν
694 2591 759 2617 Θεὸν
772 2590 948 2626 ἐνδυσάμενοι

162 2639 216 2674 πῦρ
246 2638 445 2666 καταναλίσκον
468 2639 530 2669 τοὺς
555 2637 625 2664 κατὰ
651 2637 681 2663 σὲ
705 2635 843 2667 δυσσεϐεῖς
857 2635 947 2668 ὄντας,

159 2684 285 2720 οὐδαμῶς
305 2683 405 2718 βλάψαι
418 2685 480 2715 τοὺς
494 2683 617 2714 εὐσεϐεῖς
631 2683 776 2718 δυνήσεται
790 2690 796 2698 ι
815 2681 880 2716 φλὸξ
894 2683 949 2717 γὰρ

161 2730 211 2756 ὑπὸ
236 2730 336 2764 φλογὸς
355 2730 524 2765 προσκαίρου
550 2738 579 2756 τε
609 2730 656 2756 καὶ
681 2728 804 2764 φθαρτῆς
827 2728 877 2754 οὐκ
893 2728 948 2763 ἔχει

162 2776 241 2810 φύσιν
261 2776 520 2809 καταναλίσκεσθαι.
535 2777 633 2811 Μάτην
650 2773 695 2802 οὖν
711 2775 832 2810 μοχθεῖς,
851 2775 948 2809 ἀνόητε

162 2822 286 2858 τύραννε,
315 2824 378 2854 τοὺς
400 2822 615 2857 πεπυρωμένους
643 2822 717 2857 ἡμᾶς
734 2822 766 2856 τῇ
787 2821 882 2857 ἀγάπῃ
901 2821 949 2847 τοῦ

162 2866 279 2903 Χ-ριστοῦ
305 2869 370 2903 πυρὶ
395 2868 569 2903 δαπανῆσθαι
596 2867 777 2903 φιλονεικῶν·
808 2867 948 2902 ἑπύρωσεν

162 2914 214 2949 γὰρ
235 2915 316 2949 ἡμᾶς,
329 2915 366 2946 ὡς
381 2914 516 2950 πυροῦται
529 2914 559 2940 ea
574 2913 716 2949 ἀργύριον.

1000 2313 1099 2347 lapidei
1117 2313 1155 2340 tui
1173 2313 1266 2341 cordis
1281 2314 1454 2347 miseremur,
1470 2314 1543 2348 quod
1557 2315 1643 2342 fueris
1659 2315 1784 2343 minister

999 2358 1100 2385 erroris
1125 2359 1312 2393 improborum
1329 2364 1357 2386 et
1383 2359 1586 2386 immundorum
1601 2352 1783 2393 'daemonum,

1000 2411 1053 2430 non
1069 2405 1160 2431 valens
1177 2405 1350 2439 resipiscere,
1368 2410 1415 2432 aut
1434 2413 1600 2440 cognoscere
1618 2405 1702 2434 Deum
1721 2407 1784 2434 cmli

999 2454 1027 2477 et
1040 2454 1128 2482 terrae,
1147 2451 1193 2484 qui
1213 2455 1315 2478 tantam
1346 2451 1426 2479 nobis
1441 2451 1634 2480 fortitudinem
1663 2452 1740 2481 dedit
1756 2458 1785 2481 et

1001 2495 1186 2524 tolerantiam.
1204 2495 1271 2529 Quis
1297 2496 1370 2524 enim
1399 2497 1502 2532 absque
1518 2498 1611 2525 divina
1637 2497 1786 2534 refrigera-

1000 2541 1085 2573 tione,
1099 2541 1231 2569 adversus
1247 2542 1338 2569 omnia
1355 2543 1517 2570 exedentem
1540 2542 1676 2571 ﬂatnmam
1689 2544 1786 2571 decer-

1001 2587 1124 2614 tavcrit?
1148 2587 1200 2620 Qui
1222 2592 1314 2615 autem
1331 2588 1428 2624 spiritu
1454 2589 1562 2617 fervent
1593 2594 1621 2616 et
1641 2589 1726 2617 Deum
1745 2590 1787 2616 in.

1000 2631 1132 2664 duerunt,
1151 2631 1221 2667 ignis
1245 2639 1412 2660 consumens
1428 2633 1502 2665 illos,
1523 2634 1570 2668 qui
1582 2634 1655 2661 sit!"
1677 2638 1706 2661 tu
1722 2638 1786 2661 sunt

1001 2677 1077 2712 impii
1105 2685 1277 2713 nequaquam
1302 2679 1363 2714 pios
1391 2679 1491 2708 laedere
1514 2679 1625 2714 poterit.
1657 2678 1785 2707 Flammas

999 2724 1072 2751 enim
1086 2731 1139 2751 non
1156 2729 1198 2751 est
1210 2732 1225 2751 ιι
1238 2729 1335 2752 natura
1349 2725 1551 2760 ingeneratum,
1563 2730 1594 2753 lJl
1606 2731 1785 2755 consumatur

1000 2778 1014 2797 a
1032 2770 1151 2803 flamma,
1170 2777 1231 2805 qua:
1250 2774 1292 2798 est
1307 2770 1341 2798 ad
1359 2775 1477 2806 tempus,
1495 2775 1523 2798 et
1538 2771 1566 2798 in
1598 2779 1680 2807 quam
1711 2771 1786 2799 cadit

1000 2818 1138 2845 interitus.
1157 2817 1342 2850 Quamobrem
1368 2817 1468 2845 frustra
1503 2818 1624 2852 laboras,
1641 2826 1657 2846 ο
1686 2818 1785 2846 stolide

1000 2868 1123 2898 tyranne,
1142 2864 1188 2899 qui
1219 2870 1279 2894 nos.
1298 2863 1344 2898 qui
1366 2863 1467 2890 Christi
1493 2865 1692 2900 conflagramus
1720 2864 1785 2891 cha-

1001 2912 1092 2940 ritate.
1111 2911 1172 2946 igne
1188 2909 1332 2937 contendis
1360 2917 1533 2940 consumere.
1553 2911 1605 2940 Nos
1619 2912 1693 2939 enim
1714 2910 1785 2948 ignis

1003 2957 1165 2990 candefccit,
1181 2957 1253 2984 sicut
1265 2956 1381 2985 candcfit
1399 2960 1553 2991 argentum.
