2024 3153
140 169 194 199 353
684 168 772 198 \‘lTA
794 168 823 197 S.
839 167 1002 198 EUGENll
1018 167 1065 197 ET
1082 167 1226 198 MARLE.
1703 165 1757 196 351

139 234 200 253 eum
222 225 374 260 accepisset
389 226 545 261 praefectus,
568 226 680 253 immisit
699 225 733 252 ad
753 225 850 252 viliora
871 230 899 253 et
915 225 1064 261 abjectiora
1089 232 1173 259 opera
1191 224 1361 252 monasterii.
1387 224 1411 251 is
1433 232 1500 252 vero
1518 231 1549 252 cn
1563 224 1679 252 faciebat
1696 233 1760 252 cum

139 273 232 301 studio
253 279 280 301 et
299 282 398 308 magno
414 279 486 301 metu
505 279 533 300 et
548 274 771 308 compunctione.
790 273 914 300 llabcbat
927 278 1018 300 autem
1040 280 1156 307 puerum
1177 279 1288 306 quoque
1318 271 1448 301 Marinus.
1467 280 1530 300 eum
1549 278 1623 300 retro
1642 280 1761 308 sequen-

139 324 194 347 tem
204 325 234 348 et
250 321 417 348 clamantem
435 329 443 349 :
463 320 501 347 Ta
521 325 546 347 la
562 325 599 351 ta,
615 325 643 347 ct
657 319 843 355 requirentem
859 328 891 347 ea
909 328 970 354 qua:
987 324 1052 347 sunt
1068 319 1162 354 pueris
1176 319 1331 346 necessaria
1349 318 1382 345 ad
1402 320 1575 347 alimentum.
1598 321 1656 348 Non
1672 321 1760 348 solum

138 366 210 394 enim
225 366 268 393 his
280 367 412 394 aerumnis
426 371 453 393 et
462 366 658 394 aﬂlictionibus
682 366 862 400 premebatur
875 366 1007 398 Marinus,
1021 367 1068 394 sed
1082 366 1164 394 etiam
1185 366 1218 393 de
1238 366 1337 393 alendo
1353 366 1406 393 hoc
1418 373 1502 400 puero
1520 372 1579 394 erat
1594 368 1672 395 valde
1684 369 1760 395 solli-

137 413 219 440 eitus.
240 412 310 440 Cum
328 414 459 440 crevisset
480 417 572 440 autem
587 420 665 446 puer.
681 411 797 447 degebat
818 412 847 439 in
863 413 1041 444 monasterio,
1056 412 1190 440 educatus
1205 413 1232 439 in
1258 413 1358 438 virtute
1375 417 1402 439 et
1422 413 1450 438 in
1467 413 1659 446 temperantia.
1676 413 1761 440 Porro

139 465 203 484 vero
222 463 319 485 sancto
338 465 448 492 quoque
461 463 488 484 et
511 458 662 485 monastico
679 457 775 484 habitu
796 463 839 485 est
859 458 998 493 dignatus.
1022 458 1121 493 Sicque
1140 458 1300 494 proficiebat
1320 458 1346 484 in
1367 458 1525 485 humilitate
1555 462 1581 485 et
1596 459 1679 485 multa
1694 460 1761 486 obe-

138 502 253 533 dientia,
272 507 302 529 ut
313 507 453 529 amaretur
468 502 504 528 ab
515 502 656 530 omnibus.

171 558 208 584 Z'.
226 557 272 583 Ἐν
287 557 336 592 μιᾷ
347 555 394 583 οὖν
404 557 458 583 τῶν
469 558 580 592 ήμερῶν
591 558 736 593 ἠρώτησεν
749 559 763 585 ὸ
777 559 928 594 ἡγεύμενος
942 561 966 589 Α

962 579 966 589 ι
1016 559 1071 586 Vll.
1094 559 1157 586 Post
1171 559 1228 586 hare
1245 563 1336 586 autem
1352 566 1414 586 cum
1431 558 1545 586 vidisset
1559 559 1690 586 Dominus
1701 567 1761 594 pcr-

136 603 197 632 τοὺς
211 603 344 637 ἀδελφοὺς
360 603 446 636 λέγων
458 612 465 619 ·
483 604 537 630 Ποῦ
550 605 623 630 ἐστιν
636 606 650 630 ὁ
666 605 781 638 ἀδελφὸς
794 606 925 640 Μαρῖνοςς

979 606 1077 633 fectam
1094 613 1154 632 esse
1174 606 1234 640 ejus
1261 605 1340 632 fidem
1361 611 1388 632 et
1403 606 1586 637 tolerantiam,
1600 611 1627 632 et
1647 614 1707 633 esse
1722 607 1762 634 di-

137 650 177 676 ὅτι
193 648 251 684 ἔχω
272 651 394 684 σήμερον
408 650 504 685 τρίτην
520 651 628 686 ἡμέραν
642 651 692 677 οὐκ
713 649 771 678 οἶδα
789 651 870 678 αὐτὸν
887 653 927 682 εἰς

979 659 1059 686 gnam
1076 659 1160 685 regno
1180 651 1325 683 (αξιοι-ωτι,
1343 651 1449 685 accepit
1468 659 1528 677 eam
1553 651 1579 677 in
1594 655 1696 677 :cterna
1713 659 1762 686 pa-

138 695 300 730 ψαὶμῳδίαν
313 704 319 710 ·
336 696 379 722 ἀεὶ
391 697 446 730 γὰρ
461 696 514 730 πρὸ
532 697 640 723 πάντων
651 697 812 732 εὐρίσκετω
839 698 928 724 εἰπέ).-

979 697 1062 724 radisi
1090 697 1276 728 tabernacula,
1307 698 1415 724 nemine
1437 697 1551 724 sciente.
1572 696 1638 724 Nam
1658 703 1720 723 cum
1740 697 1763 724 is

140 742 203 768 θάτε
221 742 262 773 si;
285 742 316 768 τὸ
334 742 440 768 κέλλιον
455 742 537 769 αὐτοῦ
560 743 597 778 μὴ
623 743 765 778 ἀρρωστίᾳ
777 752 834 769 τινε
850 744 926 770 καεὶ-

979 742 1104 774 obiisset,
1125 746 1152 769 et
1170 749 1222 769 nec
1248 742 1429 776 egrederetur
1451 741 1484 769 ad
1501 742 1645 768 servitium
1667 750 1761 768 mona-

139 795 239 814 κειτίιι.
277 787 455 819 Ἀπελθόντες
471 787 518 813 οὖν
537 785 616 823 εὗρον
644 789 726 815 αὑτὸν
737 788 926 821 τελειωθέντα,

979 788 1065 819 sterii,
1087 793 1176 815 etnec
1195 788 1227 814 ad
1249 787 1427 822 psalmodiam
1445 788 1558 822 regulae,
1574 788 1679 822 rogavit
1695 796 1762 822 prce-

139 832 185 858 καὶ
197 832 374 866 ἀπήγγειλαν
386 833 424 865 τῷ
447 833 601 868 ἡγουμένῳ,
617 833 658 860 ὅτι
669 835 683 860 ὁ
699 834 786 865 ὰὸὗᾶς
805 835 926 869 Μαρῖνος

978 833 1067 860 fectus
1091 833 1200 865 fratres,
1227 834 1346 860 dicens:
1371 833 1421 861 Ubi
1447 839 1490 860 est
1518 834 1601 861 abbas
1626 834 1763 861 Marinus?

138 876 296 911 ἐτελειώθη,
314 877 361 903 καὶ
388 875 482 904 εἶπεν
500 875 573 912 Ἀρι
587 878 645 909 πῶς
669 878 791 913 ἀπῆλθεν
811 879 826 914 ἡ
843 879 922 905 seu:

979 878 1048 905 Ecce
1065 879 1138 905 enim
1151 879 1206 914 jam
1221 878 1415 914 prtetcrierunt
1431 883 1485 905 tres
1500 879 1568 910 dies,
1584 887 1615 906 ex
1631 887 1685 914 quo
1698 887 1760 906 cum

139 920 223 947 αὐτοῦ
238 922 330 956 cum;
351 921 431 948 ποίαν
461 922 610 956 ἀπολογίαν
635 922 786 958 βουλομένη
816 923 925 956 δοῦναις

979 932 1032 950 non
1057 925 1111 951 vidi
1132 925 1159 951 in
1178 924 1341 959 psalmodia.
1368 932 1456 958 neque
1479 925 1505 950 in
1525 933 1576 952 suo
1597 925 1762 952 ministerio.

139 967 193 992 Καὶ
221 966 374 1001 προσέταξε
403 967 566 1002 κηδευθῆναι
593 968 684 994 αὐτόν.
711 969 765 994 Καὶ
789 968 827 1000 ὡς
845 966 926 1002 ἦλθον

978 969 1086 996 Primus
1108 975 1211 1002 autem,
1228 971 1352 997 omnium
1378 970 1570 998 inveniebatur
1597 971 1622 998 in
1648 971 1761 1006 Regula.

137 1013 294 1039 ὰποπ).ύν;ιι
314 1014 406 1045 αὑτὸν,
435 1011 515 1048 εὗρον
529 1015 570 1040 ὅτι
595 1015 665 1050 γυνὴ
695 1012 740 1050 ἦν,
763 1016 810 1041 καὶ
824 1016 927 1045 πάντες

978 1015 1155 1048 [ingredimini
1179 1023 1244 1049 ergo
1269 1017 1328 1051 ejus
1353 1016 1461 1048 cellam,
1479 1021 1506 1043 ct
1529 1017 1631 1048 videte,
1652 1024 1717 1043 num
1737 1019 1761 1044 in

137 1058 296 1092 ἀνέκραξαν
319 1059 366 1084 τό·
398 1058 494 1093 Κύριε,
525 1059 648 1093 ἐλέησον.
672 1060 700 1085 ’0
718 1060 747 1085 δὲ
773 1059 926 1094 ἡγούμενος

978 1061 1097 1096 aliquam
1118 1062 1249 1088 ceciderit
1264 1061 1465 1095 :cgritudincm.
1482 1060 1550 1088 Cum
1566 1066 1657 1104 autcnj
1673 1062 1763 1089 venis-

136 1104 322 1131 ἐπυνθάνετο·
350 1105 381 1130 Ἠ
399 1106 483 1136 ἑετιν,
508 1104 523 1131 ὃ
541 1105 636 1140 Exue;
655 1106 686 1132 υἱ
701 1105 729 1132 δὲ
744 1103 821 1132 εἷπον
836 1106 877 1133 ὅτι
894 1107 927 1132 '0

979 1112 1041 1134 sent
1054 1108 1154 1134 fratres
1168 1109 1195 1134 in
1216 1107 1312 1134 cellam
1340 1101 1437 1140 beati»,
1454 1107 1569 1143 ingressi
1596 1101 1763 1135 invenerunt

136 1149 253 1184 ἁδελςεὸς
269 1150 389 1185 Μιρῖνος
406 1150 474 1185 γυνή
490 1150 574 1176 ἐστιν.
589 1151 657 1176 Τότε
681 1150 811 1176 εἰσελθὼν
837 1151 927 1185 ῥίπτει

978 1159 1038 1179 eam
1056 1157 1272 1180 consummatam
1286 1153 1313 1179 in
1330 1153 1458 1185 Domino,
1474 1157 1501 1179 et
1513 1161 1628 1189 puerqu
1649 1153 1673 1179 ei
1693 1154 1763 1181 assi-

136 1195 235 1220 ἑαυτὺν
249 1195 289 1226 εἰς
308 1195 453 1229 πρόσωπον
468 1194 570 1220 κλαίων
582 1193 630 1220 κλὶ
647 1193 735 1227 λέγων
748 1203 755 1209 ·
778 1191 842 1220 Ὧδε
859 1195 927 1220 ἁπο-

979 1198 1090 1226 denlem
1105 1202 1131 1225 et
1149 1199 1269 1227 flentem.
1287 1198 1365 1225 Tunc
1391 1206 1508 1233 propere
1532 1199 1634 1233 egressi
1653 1199 1763 1231 fratres,

136 1241 249 1276 θνῄσκω
264 1242 303 1272 εις
317 1242 379 1272 τοὺς
391 1242 484 1275 ἁγίους
502 1241 584 1268 αὺξοῦ
600 1242 694 1273 πόδας,
706 1241 758 1273 ἕως
771 1239 802 1268 οὗ
816 1242 926 1268 ἀκούσω

978 1244 1107 1280 praefecto
1130 1245 1334 1273 renuntiarunt.
1357 1246 1503 1274 dicentes:
1521 1246 1615 1273 Frater
1644 1246 1763 1273 Marinus

137 1287 329 1322 συγχώρησιν.
347 1286 433 1314 Ἦ).οε
452 1288 479 1314 δὲ
503 1287 580 1322 αὑτῴ
600 1288 676 1322 φωνὴ
691 1287 808 1322 λέγουσα
827 1288 878 1318 ὃτι,
897 1289 927 1314 El

978 1291 1100 1318 dormiit.
1125 1291 1171 1318 llle
1196 1299 1262 1318 vero
1287 1299 1349 1318 cum
1371 1292 1514 1322 audiissel.
1541 1293 1656 1319 miratus
1673 1298 1715 1320 est
1737 1298 1764 1320 et

137 1334 188 1368 μὲν
204 1334 286 1366 εἰδὼς
299 1334 377 1360 τοῦτο
391 1334 522 1368 ἔπραξας,
536 1335 586 1360 οὐκ
603 1335 636 1360 ἄν
653 1342 700 1359 σου
711 1334 889 1369 συνεχωρήθη
910 1335 926 1369 ἡ

977 1336 1046 1363 dixit
1063 1346 1070 1364 :
1088 1337 1232 1370 Quomodo
1258 1338 1375 1365 excessit
1397 1339 1457 1373 ejus
1480 1339 1582 1371 anima,
1611 1344 1658 1367 aut
1681 1347 1763 1374 quam

137 1381 264 1416 ἁμαρτία
275 1389 281 1395 ⁸
297 1381 429 1416 ἐπειδὴδὲ
446 1382 475 1407 ἐν
489 1381 587 1416 ἀγνοίᾳ
598 1380 741 1416 ἐποίησας,
757 1379 928 1414 ἀφεθήσεται

978 1383 1035 1410 Deo
1051 1383 1185 1410 ailaturus
1200 1389 1242 1410 est
1268 1385 1473 1411 excusationem
1491 1386 1524 1412 de
1540 1386 1573 1412 iis
1590 1394 1650 1421 qua:
1666 1395 1764 1421 pecca-

139 1435 193 1455 σοι.
978 1427 1035 1454 vit?
1053 1427 1131 1454 Tunc
1153 1427 1187 1454 de
1209 1433 1309 1455 cmtero
1328 1428 1420 1463 jussit,
1446 1436 1476 1455 ut
1489 1429 1515 1456 ei
1538 1430 1611 1464 justa
1630 1430 1688 1457 face
1705 1435 1763 1457 ent.

135 1474 205 1502 Cum
221 1478 314 1500 autem
330 1474 469 1500 venissent
481 1472 591 1504 fratres.
614 1477 644 1500 ut
657 1481 718 1500 eum
734 1478 932 1507 componerent
948 1473 980 1499 ad
1003 1472 1204 1507 sepeliendum,
1220 1472 1386 1500 invenerunt
1399 1481 1461 1500 eum
1480 1481 1540 1500 esse
1556 1474 1697 1501 mulierem
1712 1484 1718 1501 :
1735 1480 1764 1502 et

135 1521 297 1556 stupefacti,
315 1526 460 1556 cmperunt
474 1528 572 1548 omnes
590 1528 643 1547 una
666 1527 733 1547 voce
747 1521 867 1547 clamare
884 1529 890 1547 :
909 1520 1034 1553 Domine,
1053 1520 1194 1547 miserere.
1211 1520 1361 1546 Pra-fectus
1381 1527 1444 1547 vero
1465 1528 1528 1547 cum
1544 1522 1690 1548 tunnnltum
1713 1530 1765 1548 au-

135 1570 234 1598 diisset
249 1574 278 1597 et
293 1569 547 1600 conturbationem,
576 1569 692 1603 rogavit,
720 1568 817 1596 dicens
833 1577 841 1596 :
860 1568 998 1601 Quidnam
1017 1568 1070 1595 hoc
1082 1567 1134 1595 sibi
1159 1567 1237 1594 vult?
1258 1567 1298 1594 llli
1313 1573 1404 1595 autem
1422 1558 1516 1596 dicunt
1531 1569 1555 1595 ei
1571 1577 1633 1596 cum
1647 1569 1766 1596 admira-

135 1618 212 1644 tione
229 1626 236 1644 ;
255 1617 351 1644 Frater
366 1622 457 1643 noster
472 1615 593 1642 Marinus
607 1620 649 1643 est
662 1623 727 1642 sexu
750 1615 860 1641 mulier.
880 1614 949 1641 Cum
969 1614 1090 1641 venESSet
1110 1622 1175 1649 ergo
1190 1613 1347 1647 prazfectus,
1364 1618 1392 1641 et
1407 1614 1520 1640 vidisset
1537 1622 1594 1641 rem
1614 1616 1765 1645 admirabi-

133 1666 188 1693 lem
212 1671 240 1692 et
261 1670 359 1699 prmtcr
375 1664 545 1700 opinionem,
560 1671 589 1691 sc
613 1663 688 1690 humi
706 1663 833 1699 proiecit,
849 1667 876 1690 et
891 1669 988 1690 tenens
1009 1663 1093 1698 pedes
1108 1662 1205 1694 beatae,
1224 1669 1286 1689 cum
1311 1662 1404 1688 multis
1419 1662 1546 1697 lacryinis
1563 1662 1707 1696 clamabat,
1721 1663 1765 1691 di-

134 1721 203 1740 cens
221 1721 229 1739 :
249 1713 363 1748 Ignosce
379 1713 458 1743 mihi,
474 1712 589 1739 Domine
608 1711 672 1739 Jesu
693 1710 814 1742 Christe,
829 1710 903 1746 quod
927 1718 979 1744 per
1002 1711 1184 1745 ignorantiam
1208 1711 1317 1744 peccavi
1335 1710 1361 1736 in
1379 1714 1501 1736 sanetam
1518 1714 1546 1736 et
1567 1717 1669 1736 caStam
1689 1715 1763 1738 tuam

134 1767 278 1793 sponsam.
297 1759 332 1786 Et
345 1767 442 1786 rursus
453 1759 601 1793 procidens
615 1757 649 1784 ad
664 1757 834 1784 venerandas
850 1761 877 1783 et
891 1761 1002 1783 sanctas
1016 1758 1076 1792 ejus
1097 1757 1239 1792 reliquias,
1260 1757 1407 1790 clamabat,
1422 1757 1531 1786 dicens:
1550 1757 1599 1784 llic
1615 1759 1715 1784 moriar
1730 1759 1763 1785 ad

134 1812 248 1834 sanctos
261 1811 289 1832 et
304 1806 476 1833 venerandos
497 1810 559 1832 tuos
581 1804 674 1839 pedes.
693 1805 779 1830 donec
795 1804 909 1830 audiero
925 1803 992 1830 mihi
1004 1811 1064 1830 esse
1086 1804 1239 1830 condonata
1253 1812 1284 1831 ea
1297 1813 1357 1839 quas
1373 1804 1401 1830 in
1419 1809 1443 1831 te
1461 1804 1580 1839 peccavi.
1599 1804 1667 1832 Cum
1685 1806 1707 1831 is
1717 1813 1762 1832 au-

136 1859 191 1881 tem
208 1853 257 1880 diu
274 1852 388 1880 defieret
404 1857 432 1880 et
453 1853 605 1888 plangeret,
624 1851 699 1878 venit
716 1851 748 1877 ad
768 1858 832 1877 emn
853 1858 904 1877 vox
928 1851 961 1877 de
985 1851 1066 1882 cmlo,
1084 1850 1181 1878 dicens
1197 1859 1204 1877 :
1221 1851 1248 1877 Si
1265 1851 1316 1880 hoc
1337 1851 1448 1886 quidem
1465 1852 1555 1879 sciens
1571 1851 1604 1878 fet
1615 1853 1691 1883 isses,
1709 1860 1764 1880 non

136 1899 186 1927 tibi
199 1898 420 1931 condonassem;
437 1899 500 1934 quia
516 1903 606 1925 autem
622 1897 750 1924 nesciens
766 1896 818 1923 hoc
835 1896 937 1928 fecisti,
954 1902 1098 1932 peccatum
1117 1897 1169 1923 fuit
1188 1897 1236 1924 tibi
1253 1898 1448 1925 condonatum.

174 1956 216 1985 H'.
233 1957 289 1983 Καὶ
313 1956 438 1992 ἐγερθεὶς
455 1955 531 1990 δηλοῖ
547 1955 586 1989 τῷ
609 1954 755 1989 πανδοχεῖ’
779 1955 825 1981 καὶ
841 1955 929 1980 εἰσελ-
942 1958 964 1987 c

1018 1955 1088 1983 Vill.
1111 1955 1189 1983 Tunc
1203 1963 1319 1990 surgens
1337 1955 1482 1990 praefectus
1495 1963 1509 1981 ιι
1525 1955 1689 1983 venerandis
1706 1957 1765 1991 ejus

137 2002 233 2033 ὓόντος
258 2001 342 2028 αὑτοῦ
362 2002 453 2035 λέγει’
476 2001 542 2027 Ἰδοὺ
557 2001 571 2027 ό
589 2001 713 2035 Μαρῐνος
729 1999 876 2035 ἐκοιμήθη.
897 2000 927 2026 ’0

982 2003 1116 2039 reliquiis,
1128 2004 1219 2030 statim
1234 2004 1309 2031 misit
1322 2003 1355 2031 ad
1367 2003 1525 2038 praefectum
1542 2003 1698 2035 diversorii,
1721 2005 1763 2031 di-

136 2048 165 2076 at
180 2049 258 2082 λέγει
268 2056 275 2063 ”
295 2048 323 2074 '0
338 2048 403 2079 Θεὸς
421 2048 595 2082 συγχωρήσει
612 2046 696 2080 αὐτῷ,
708 2047 750 2073 ὅτι
765 2046 870 2081 ἔρημον
883 2047 929 2072 τὸν

979 2057 1044 2076 cens
1060 2057 1068 2076 ;
1085 2049 1153 2077 Veni
1169 2049 1224 2076 cito
1245 2049 1278 2076 ad
1303 2057 1364 2081 nos,
1386 2057 1448 2076 nam
1473 2054 1500 2076 te
1523 2049 1586 2076 volo
1606 2050 1763 2078 convenire.

137 2091 212 2121 οἶκόν
226 2102 279 2129 μου
289 2093 428 2129 ἐποίησεν.
441 2093 522 2127 Λέγει
532 2092 608 2127 αὐτῷ
622 2092 637 2118 ὸ
652 2091 804 2127 ἡγούμενος
814 2099 821 2106 '
835 2091 928 2118 Μετα-

978 2096 1046 2124 Cum
1063 2101 1156 2123 autem
1178 2096 1301 2123 venisset
1314 2095 1461 2130 praefectus
1476 2095 1633 2127 diversorii,
1651 2095 1719 2124 dicit
1738 2097 1763 2124 ei

137 2141 246 2176 νόησον,
283 2140 393 2174 ἀδελφὲ,
422 2141 463 2166 ὅτι
489 2140 615 2175 ἥμαρτες
641 2138 758 2165 ἐνώπιον
786 2137 835 2164 τοῦ
859 2137 927 2164 Θεοῦ

979 2143 1126 2178 praefectus
1151 2143 1309 2171 monasterii
1333 2151 1341 2171 :
1373 2143 1444 2170 Ecce
1468 2142 1552 2170 frater
1578 2142 1699 2171 Marinus
1724 2147 1765 2170 est

138 2187 211 2222 nos
227 2187 262 2214 σὺ
285 2186 388 2221 ἐπῆρες
412 2187 468 2219 τοῖς
499 2186 589 2219 λόγοις
615 2192 679 2211 σου·
700 2185 714 2210 ὁ
739 2184 795 2220 γὰρ
808 2185 929 2220 Μαρῖνος

980 2195 1116 2217 mortuus.
1132 2188 1156 2216 Is
1172 2197 1238 2217 vero
1254 2189 1322 2217 dicit
1339 2189 1470 2225 praefecto
1486 2190 1645 2217 monasterii
1665 2197 1672 2217 :
1694 2190 1766 2217 Dens

137 2235 207 2269 γυνή
226 2234 314 2261 ἐστιν.
329 2233 385 2260 Καὶ
396 2233 524 2266 ἐπιγνοὺς
537 2231 617 2258 τοῦτο
630 2233 644 2258 ὁ
662 2231 761 2265 πάνδοξ
775 2231 871 2266 ἐξέστη
883 2231 929 2257 καὶ

978 2237 1003 2264 ei
1027 2236 1164 2263 condonet
1181 2235 1209 2263 id
1224 2235 1298 2271 quod
1324 2235 1390 2262 fecit
1413 2235 1439 2262 in
1461 2235 1595 2270 abjectam
1621 2243 1710 2262 meam
1736 2236 1766 2262 fi-

138 2280 252 2313 suam:
269 2280 315 2307 τὸν
332 2278 409 2306 Θεόν.
426 2280 480 2307 Καὶ
509 2279 575 2311 ἰδοὺ,
595 2279 623 2305 ἐν
634 2278 714 2314 ὀλίγῃ
730 2279 789 2312 ἀρα
811 2277 929 2312 anput-

980 2281 1054 2308 liam.
1072 2281 1143 2308 Dicit
1158 2281 1183 2308 ei
1201 2281 1349 2315 praefectus
1365 2281 1525 2307 monasterii
1549 2288 1556 2306 :
1574 2281 1764 2308 Paenitentiam

138 2335 214 2352 νεῖαι
233 2327 251 2359 ἡ
267 2325 392 2361 θυγάτηρ
407 2325 489 2352 αὑτοῦ
505 2324 673 2360 ἐλεγχομένη
687 2325 735 2351 καὶ
745 2324 864 2358 λέγουσα
880 2324 929 2359 τὴν

979 2335 1038 2363 age,
1059 2335 1076 2354 ο
1101 2327 1195 2355 frater.
1224 2327 1292 2354 Nam
1307 2327 1424 2361 peccasti
1442 2334 1535 2353 coram
1560 2326 1626 2354 Deo.
1645 2327 1697 2353 Sed
1723 2335 1765 2355 tne

138 2373 282 2408 ἀλήθειαν,
300 2372 341 2398 ὃτι
358 2372 388 2398 ’0
404 2371 573 2407 στρατιώτης
586 2371 705 2405 ἑπάτησέ
733 2379 776 2405 με,
791 2372 838 2396 καὶ
851 2370 930 2404 ἐμία-

979 2378 1089 2405 quoque
1103 2371 1157 2397 tuis
1169 2370 1260 2397 verbis
1272 2370 1418 2404 decepisti,
1429 2375 1457 2396 et
1470 2371 1579 2405 peccavi
1593 2379 1643 2404 ego
1656 2379 1764 2406 quoque

138 2427 178 2450 νε,
197 2419 248 2445 καὶ
279 2419 450 2452 παραχρῆμα
473 2418 545 2452 ἰάθη.
563 2417 617 2443 Καὶ
639 2417 766 2447 Ruﬁoni;
780 2417 803 2442 οἱ
819 2415 930 2449 ἀδελφοὶ

980 2421 1092 2451 propter
1112 2421 1148 2443 te.
1166 2416 1236 2443 Ecce
1251 2417 1324 2443 enim
1341 2416 1462 2443 Marinus
1484 2424 1580 2443 revera
1598 2423 1640 2444 est
1652 2419 1763 2445 mulier.

137 2465 168 2492 τὸ
176 2465 306 2499 λείψανον
314 2464 363 2499 τῆς
379 2464 453 2496 ὁσίας
467 2465 585 2497 Μκρίας,
601 2463 767 2499 μυρίην-τες
783 2461 929 2489 κατέθεντο

979 2462 1047 2489 Cum
1059 2462 1117 2489 hinc
1133 2467 1224 2489 autem
1240 2462 1390 2489 audivisset
1405 2463 1549 2497 przefectus
1568 2463 1723 2496 diversorii,
1738 2469 1765 2491 et

138 2513 167 2538 ἐν
184 2512 263 2546 τόπῳ
277 2511 370 2546 σεμνῷ
387 2510 456 2545 μετὰ
483 2511 574 2544 πάσης
600 2510 770 2544 δωροφορίας
781 2529 789 2541 ,
812 2507 930 2544 Χριστὸν

980 2508 1102 2544 praefecti
1114 2508 1207 2535 verbis
1222 2508 1319 2535 fuisset
1329 2508 1547 2543 obstupefactus,
1560 2510 1659 2537 mansit
1672 2515 1764 2538 mutus

137 2558 327 2593 ἁνυμνοῦντες
340 2558 384 2584 τὸν
400 2558 516 2593 Σωτῆρα
531 2557 585 2584 τῶν
602 2558 741 2589 ἁπάντων,
755 2557 800 2583 τὸν
822 2556 866 2582 ἀεὶ
885 2556 929 2582 δο-

981 2560 1009 2583 et
1031 2554 1177 2589 attonitus.
1195 2555 1264 2582 Eum
1289 2562 1354 2582 vero
1371 2563 1454 2582 manu
1469 2556 1677 2591 apprehendens
1694 2565 1763 2592 pra:-

138 2605 256 2638 ξάζοντα
281 2606 344 2636 τοὺς
373 2604 535 2637 δοξάζοντας
559 2604 652 2630 αὐτόν.
670 2602 749 2638 Αὐτῷ
774 2604 791 2637 ἡ
812 2603 876 2635 δόξα
889 2604 929 2634 εἰς

981 2601 1070 2630 fectus
1083 2601 1253 2634 monasterii,
1272 2601 1350 2629 duxit
1365 2610 1430 2629 eum
1445 2603 1472 2629 in
1486 2603 1588 2635 locum,
1605 2603 1632 2630 in
1649 2612 1704 2638 quo
1724 2604 1765 2638 ja~

137 2652 201 2683 τοὺς
215 2651 319 2683 αἰῶνας
336 2651 392 2679 τῶν
410 2650 526 2678 αἰώνων.
541 2651 641 2686 Ἀμήν.

966 2648 968 2661 ’
984 2648 1063 2676 eebat
1079 2648 1158 2675 beata
1170 2647 1254 2674 Maria
1273 2656 1280 2675 :
1297 2652 1325 2675 et
1343 2655 1405 2675 cum
1422 2656 1482 2675 eam
1495 2649 1611 2676 honeste
1625 2653 1652 2676 et
1666 2649 1765 2676 decore

137 2697 256 2725 locasset
270 2705 302 2727 ac
320 2697 534 2732 composuisset.
548 2697 572 2724 ci
597 2695 717 2723 ostendit
735 2696 820 2730 ipsam
842 2703 903 2722 esse
923 2702 990 2722 sexu
1007 2695 1148 2726 feminam,
1169 2700 1197 2721 et
1211 2702 1272 2722 eam
1294 2694 1379 2722 fuisse
1395 2699 1497 2721 temere
1514 2694 1667 2722 maledictis
1683 2703 1766 2729 appe-

139 2751 227 2773 titam.
246 2745 325 2772 Tunc
344 2747 430 2779 cmpit
449 2745 593 2772 diversorii
617 2751 728 2779 quoque
753 2744 899 2779 pra‘feclus
924 2743 1026 2770 deﬂere
1046 2747 1161 2778 propter
1183 2743 1355 2777 inopinatum
1376 2743 1410 2770 ab
1432 2751 1465 2769 co
1484 2742 1571 2769 visum
1588 2741 1764 2772 miraculum,

140 2794 203 2820 Post
217 2793 276 2820 lucc
287 2798 380 2821 autem
394 2793 468 2828 justa
484 2792 609 2820 fecerunt
634 2793 737 2820 sanctis
753 2797 780 2819 et
795 2791 960 2819 venerandis
978 2791 1038 2826 ejus
1056 2790 1191 2825 reliquiis,
1207 2794 1235 2817 et
1258 2790 1444 2825 deposuerunt
1461 2790 1487 2816 in
1507 2789 1604 2823 insigni
1622 2789 1682 2816 loco
1705 2797 1764 2815 lno-

139 2843 260 2874 nasterii,
277 2849 342 2869 cum
362 2841 475 2875 psalmis
490 2846 518 2867 et
537 2841 645 2876 hymnis
662 2845 689 2867 et
708 2840 801 2867 multis
826 2839 987 2869 luminibus,
1004 2844 1102 2866 octavo
1117 2839 1218 2865 mensis
1241 2837 1381 2864 Februarii
1410 2837 1507 2864 Statim
1522 2844 1587 2863 vero
1609 2837 1683 2863 venit
1708 2837 1764 2865 tilia

136 2892 257 2926 praefecti
281 2889 432 2918 diversorii
451 2897 465 2916 a
487 2889 611 2917 daemone
630 2893 767 2924 correpta,
784 2893 813 2916 ct
837 2889 973 2916 confitens
992 2895 1101 2915 omnem
1122 2887 1276 2920 veritatem,
1297 2891 1324 2913 ct
1343 2885 1437 2913 dicens
1454 2893 1460 2911 ε
1481 2885 1553 2912 Talis
1569 2885 1647 2912 miles
1664 2893 1706 2912 me
1724 2885 1766 2912 fe-
