2024 3153
272 165 326 196 359

928 167 1071 198 MENSlS
1091 169 1244 200 IULIUS.

1845 170 1898 201 369

268 221 439 249 etsacrilicia
452 222 620 250 aelihamiua
630 222 784 253 abolentes.
796 222 858 251 aliis
867 223 959 252 fuistis
972 225 1057 252 duces

1109 228 1252 262 ἡμετέρων
1275 227 1508 263 παντοκρατόρων
1523 228 1593 255 Θεῶν
1613 228 1833 264 τνραννήσαντες
1851 230 1900 256 καὶ

269 267 302 295 ad
317 267 463 294 barathum
490 268 630 302 interitus,
647 269 669 296 si
695 276 759 295 vera
775 273 841 296 sunt
858 277 918 304 quae
929 269 964 297 de
980 270 1059 298 vobis

268 313 301 340 ad
319 318 428 340 ROBII'RS
439 321 521 341 aures
536 319 735 350 pervenerunt.

306 448 349 475 IV.
368 448 440 475 Dixit
455 453 567 476 sanctus
580 449 729 477 Mauricius
752 459 760 477 :
781 451 942 486 Imperator,
966 459 1026 486 quae
1044 459 1058 478 a

269 494 350 521 nobis
363 499 510 522 exercetur
534 497 656 531 tyrannis
686 497 819 524 adversus
833 498 911 528 deos.
927 498 974 532 qui
995 502 1060 524 sunt

268 539 346 566 nullo
360 547 443 566 sensu
458 541 576 574 praediti,
591 542 671 569 nubis
698 543 815 570 validam
831 543 950 578 acquirit
972 544 1059 570 victo-

270 585 337 612 riam
359 593 374 612 a
397 593 462 613 vero
487 587 552 618 Deo,
575 592 603 614 et
621 596 752 615 coronam
782 590 884 624 gloriae.
903 589 962 616 Non
984 590 1058 617 enim

269 638 450 665 aspernamur
459 638 486 660 et
502 633 578 660 nihili
597 634 711 661 facimus
736 635 830 667 Deum,
846 637 893 670 qui
907 644 958 663 nos
969 636 1058 669 ﬁnxit,

269 682 300 704 ut
316 679 399 705 stulta
429 685 471 705 est
487 684 532 706 tua
552 681 682 707 traditio:
704 681 750 708 sed
776 682 962 717 gloriﬁcamus
981 691 1057 715 eum,

270 724 316 759 qui
333 730 376 751 est
390 725 465 753 solus
480 734 562 754 verus
575 728 712 763 Deus,qui
726 728 790 755 fecit
800 730 901 756 eielum
917 734 945 757 et
957 735 1058 756 terram

268 775 298 798 et
310 779 396 803 mare,
414 777 441 799 et
456 773 547 799 omnia
567 773 614 808 qui
626 774 653 800 in
669 774 710 801 eis
719 780 793 802 sunt.
807 775 950 810 Improbos
966 781 1058 802 autem

269 821 297 843 et
313 818 472 845 immundos
492 819 630 847 dzcmoues
656 825 683 847 et
697 821 744 855 qui
774 821 923 849 homnibus
939 822 1059 849 afferunt

270 863 396 894 exitium,
408 871 470 897 qua;
480 870 545 891 sunt
556 865 638 892 surda
652 871 679 892 et
688 873 760 893 circa
776 867 935 900 simulacra,
946 873 973 894 et
982 868 1057 894 nullo

1111 275 1160 305 τὰς
1186 275 1387 309 νενομισμένας
1411 275 1503 306 αὐτοῖς
1520 274 1603 309 τιμάς
1623 284 1653 301 τε
1674 275 1722 302 καὶ
1737 275 1832 307 θυσίας
1851 277 1900 302 καὶ

1112 320 1230 352 σπονδὰς
1259 321 1453 355 ἀθετήσαντες,
1479 321 1573 357 ὁδηγοὶ
1599 321 1668 354 πρὸς
1684 321 1822 356 βάραθρον
1845 323 1899 348 ἁπ-

1110 367 1208 399 ωλείας
1223 367 1327 402 ἑτέροις
1341 367 1472 402 γεγόνατε
1483 375 1490 382 ·
1505 368 1578 402 ἥπερ
1589 367 1706 403 ἀληθείᾳ
1718 367 1850 402 κυροῦται
1866 367 1899 394 τὰ

1111 413 1151 444 εἰς
1166 413 1305 448 ἡμετέρας
1317 413 1402 444 ἀκοὰς
1420 413 1482 440 καθ’
1495 414 1571 448 ὑμῶν
1586 414 1751 448 ἀφικόμενα.

1147 462 1184 486 Δ’.
1203 459 1358 495 Μαυρίκιος
1382 457 1479 486 εἶπεν
1508 460 1540 486 'H
1565 459 1631 494 παρ’
1656 460 1736 494 ἡμῶν
1767 458 1899 494 τυραννία

1111 506 1182 533 κατὰ
1200 506 1255 532 τῶν
1282 506 1455 540 ἀναισθήτων
1481 515 1527 533 σου
1557 506 1637 537 θεῶν¹
1671 505 1793 540 βασιλεῦ¹
1818 505 1898 540 νίκην

1068 578 1071 580 .
1110 553 1178 587 ἡμῖν
1195 552 1311 586 ἰσχυρὰν
1335 553 1411 586 παρὰ
1432 552 1479 579 τοῦ
1499 552 1628 590 ἀληθινοῦ
1646 552 1715 578 Θεοῦ
1735 552 1782 578 καὶ
1798 553 1899 586 στέφα-

1110 607 1156 625 νον
1172 598 1251 634 δόξης
1267 598 1459 633 περιτίθησιν·
1478 599 1509 625 οὐ
1527 599 1581 633 γὰρ
1596 597 1747 632 ἀθετοῦμεν
1767 598 1812 624 τδν
1828 598 1898 624 πλά-

1111 665 1120 673 .
1158 662 1166 671 .
1208 662 1215 670 .
1257 664 1264 671 .
1305 663 1314 671 .
1353 663 1361 671 .
1400 664 1407 671 .
1446 652 1481 670 τα
1504 645 1578 679 ἡμᾶς
1593 643 1659 670 Θεὸν
1675 644 1745 669 κατὰ
1766 642 1814 678 τὴν
1834 643 1896 669 ἀνο-

1111 713 1118 720 .
1159 711 1168 720 .
1205 713 1212 720 .
1253 711 1260 718 .
1300 712 1307 719 .
1346 691 1607 727 παράδωαινθάλλὰ
1631 691 1660 717 δο

1111 739 1253 774 (θάζομεν
1267 738 1313 764 τὸν
1327 738 1407 773 μό.ον
1422 738 1548 772 ἀληθινὸν
1564 737 1659 764 Θεὸν.
1699 757 1707 765 .
1746 757 1753 764 .
1793 755 1801 764 .
1840 757 1847 764 .
1888 756 1896 763 .

1111 786 1178 820 (τὸν)
1195 785 1348 820 ποιήσαντα
1363 784 1410 811 τὸν
1426 784 1541 819 οὐρανὸν
1551 785 1598 810 καὶ
1611 783 1661 818 τὴν

1112 831 1185 866 (γῆν)
1205 832 1252 857 καὶ
1268 831 1318 866 τὴν
1333 830 1484 862 θάλασσαν,
1503 830 1552 856 καὶ
1572 830 1663 856 πάντα
1687 829 1721 856 τὰ
1741 829 1769 855 ἐν
1792 829 1896 858 αὐτοῖς.

1111 877 1180 907 Τοὺς
1195 876 1224 902 δὲ
1239 876 1371 910 δαίμονας
1393 876 1456 907 τοὺς
1476 875 1530 902 τῶν
1547 875 1701 910 ἀνθρώπων
1716 874 1898 908 φθοροποιοὺς

270 911 491 944 seustrpncdila,
503 919 557 938 non
577 914 706 938 convenit
715 913 781 940 deos
793 921 902 945 vocare,
911 921 927 939 (ι
940 913 1057 949 impera-

1110 923 1140 948 οὗ
1158 922 1257 957 πρέπει
1275 930 1315 947 σοι
1332 922 1424 948 καλεῖν
1439 921 1527 952 θεοὺς,
1542 918 1564 947 ὦ
1580 920 1700 956 βασιλεῦ.
1727 918 1898 954 Μαξιμιανος

272 960 325 982 lor.
340 956 412 983 Dixit
429 957 578 991 imperator
590 957 792 986 Maximianus:
806 958 875 986 Cum
893 960 1025 986 honorem
1043 967 1058 986 a

271 1002 325 1029 diis
339 1002 376 1029 sis
394 1009 569 1037 consecutus,
582 1009 611 1032 et
628 1005 733 1032 militia:
754 1006 872 1040 primum
892 1006 983 1034 locum
998 1014 1059 1033 sor-

272 1050 348 1080 titus,
361 1057 378 1076 ο
391 1049 515 1078 Maurici.
532 1051 573 1078 eis
587 1051 728 1085 pulchram
743 1051 829 1078 refers
840 1053 968 1087 gratiam.
987 1053 1060 1082 Dixit

270 1100 384 1122 sanctus
407 1095 558 1124 Mauricius
590 1106 597 1124 :
614 1097 761 1132 Nunquam
785 1099 920 1126 honorem
938 1100 1030 1134 accepi
1044 1107 1059 1126 a

269 1142 322 1169 diis
335 1143 446 1175 vestris,
471 1151 560 1178 neque
578 1144 641 1172 volo
669 1152 717 1172 eos
735 1145 883 1173 honorare.
905 1145 972 1179 Quis
985 1146 1059 1172 enim

269 1196 390 1224 unquam
405 1198 438 1217 ex
455 1190 625 1224 hominibus,
638 1191 685 1226 qui
701 1191 749 1219 Dei
766 1191 850 1219 habet
863 1193 1059 1226 cognitionem,

269 1236 433 1263 sustinuerit
453 1236 590 1264 honorare
607 1238 737 1265 materias
765 1238 843 1265 nullo
860 1246 941 1266 sensu
960 1239 1060 1274 praedi-

270 1283 331 1310 tas?
350 1282 402 1309 Sed
420 1283 522 1317 quibus
545 1291 598 1310 non
615 1288 656 1311 est
684 1291 770 1317 mens,
785 1293 846 1320 qua
861 1285 944 1313 rectis
959 1286 1060 1320 guber-

270 1334 352 1356 natur
380 1329 545 1362 rationibus,
571 1335 716 1367 propterea
735 1332 808 1369 quod
824 1333 959 1367 jumentis
981 1340 1058 1360 com-

270 1376 357 1411 parati
369 1376 424 1403 siut
443 1377 647 1411 insipientibus,
667 1382 695 1404 et
716 1378 822 1406 similes
836 1379 901 1406 facti
916 1379 972 1406 sint
984 1379 1025 1406 eis
1038 1380 1058 1412 ί,

270 1423 288 1449 ii
301 1423 407 1457 lapides
420 1427 448 1450 et
462 1423 534 1457 ligna
549 1425 575 1449 in
589 1423 656 1450 deos
681 1424 816 1456 referunt,
832 1430 1009 1460 mentemque
1019 1426 1060 1453 eis

270 1468 407 1499 tribuunt.
429 1473 457 1496 et
473 1469 610 1496 honorant
627 1474 757 1505 tanquam
786 1471 862 1499 deos.
881 1472 954 1498 Dixit
973 1472 1059 1506 impe~

269 1519 345 1543 rator
363 1514 545 1542 Maximianus
563 1523 570 1542 :
586 1514 722 1548 Quoniam
749 1517 852 1552 primas
870 1523 962 1553 partes
985 1518 1058 1544 obti-

267 1561 353 1588 nuisti
385 1561 413 1588 iu
446 1561 592 1589 ordinibus
629 1567 729 1589 nostra:
755 1563 1016 1595 administrationis,
1042 1571 1059 1591 ο

267 1607 392 1639 Maurici,
410 1607 437 1634 id
459 1608 508 1635 tibi
530 1615 658 1644 magnam
681 1609 799 1643 praebuit
821 1609 1014 1637 conﬁdentiam
1031 1615 1059 1637 et

268 1653 545 1682 eliecitaudaciorem
556 1663 563 1682 :
575 1654 645 1681 adeo
656 1659 686 1681 ut
699 1654 842 1688 splendide
855 1659 881 1682 et
895 1655 962 1682 citra
975 1657 1058 1683 ullam

269 1700 509 1728 conturbationem
521 1701 689 1735 respondeas
699 1706 800 1728 nostra:
809 1702 959 1729 serenitati.
967 1702 1059 1730 Jubct-

268 1755 333 1783 que,
345 1755 378 1774 eo
393 1753 528 1782 separato,
547 1748 669 1782 reliquos
679 1748 853 1782 interrogari,
869 1754 897 1776 et
910 1749 1006 1777 blande
1017 1750 1059 1777 eis

268 1793 337 1820 dicit
359 1793 511 1828 imperator
526 1802 532 1820 τ
551 1793 618 1826 Quis
632 1792 711 1820 vobis
727 1798 828 1821 tantam
842 1794 907 1821 fecit
921 1795 1059 1830 iniuriam,

267 1846 285 1866 ο
300 1841 408 1871 l'ratrcs,
427 1844 458 1867 ut
471 1839 626 1866 deﬁceretis
642 1848 655 1867 a
671 1840 725 1867 diis
741 1840 931 1868 servatoribus
954 1849 960 1868 :
983 1849 1062 1869 acce-

267 1887 371 1913 deretis
381 1891 471 1914 autem
482 1887 570 1914 errori
582 1887 725 1914 hominum
735 1887 781 1922 qui
794 1888 910 1915 adorant
921 1888 1060 1916 hominem

267 1934 427 1962 cruciﬁxum
447 1940 574 1969 tanquam
587 1942 671 1961 unum
692 1934 879 1961 homicidam?
901 1934 960 1962 Non
980 1935 1055 1962 enim

266 1983 308 2010 sic
322 1990 370 2009 vos
384 1981 547 2013 erudiimus,
562 1988 651 2016 neque
664 1981 691 2008 in
707 1981 752 2008 tali
763 1981 887 2008 doctrina
898 1982 1054 2010 eduximus.

301 2030 332 2057 V.
349 2029 428 2056 Tunc
443 2036 506 2055 vere
523 2028 594 2055 beati
612 2027 775 2056 Theodorus
787 2033 815 2055 et
829 2028 982 2064 Philippus,
996 2034 1058 2056 tan-

266 2083 348 2111 quam
373 2082 405 2102 ex
421 2082 470 2102 ore
501 2078 660 2100 sanctorum
688 2074 863 2108 septuaginta
893 2080 1055 2110 martyrum,

267 2114 397 2148 dixerunt
424 2120 605 2154 imperatori:
635 2120 700 2152 Nos,
729 2129 745 2148 ο
762 2126 878 2156 tyranne
907 2121 1058 2156 imperator

267 2166 443 2197 Maximiane,
459 2170 565 2192 tantum
581 2165 713 2192 absumus
730 2166 764 2193 ab
778 2174 885 2198 errore,
904 2170 933 2192 ut
950 2171 976 2194 te.
987 2174 1057 2202 quo-

266 2220 320 2248 que
334 2218 461 2247 optemus
476 2212 588 2239 liberari
602 2212 636 2239 ab
660 2219 767 2245 errore,
781 2221 796 2239 a
812 2220 866 2247 quo
881 2220 931 2240 nos
948 2221 1058 2248 quoque

266 2259 369 2286 l'uimus
392 2259 512 2291 liberati,
531 2266 616 2285 unum
634 2259 762 2287 etsolum
786 2259 933 2287 adorantes
960 2268 1057 2287 verum

267 2306 364 2339 Deum,
382 2306 488 2333 Patrem
520 2305 748 2340 omnipotentem,
763 2311 791 2334 et
807 2307 978 2342 unigenitum
998 2308 1058 2343 ejus

267 2353 364 2380 Filium
394 2353 487 2380 Jesum
518 2351 659 2380 Christum
687 2353 833 2380 Dominum
855 2359 991 2386 nostrum,
1009 2354 1056 2389 qui

265 2405 308 2427 cst
322 2400 368 2427 Dei
391 2400 480 2427 virtus
495 2404 522 2427 et
549 2398 596 2426 Dei
609 2399 744 2434 sapientia
758 2400 768 2415 ¹
783 2409 788 2426 :
808 2405 835 2428 et
851 2401 1054 2431 sanctissimum

266 2446 326 2479 ejus
344 2445 490 2479 Spiritum,
503 2445 548 2480 qui
567 2446 647 2473 nobis
667 2445 812 2480 inspiravit
825 2447 1010 2481 cognitionem
1027 2452 1055 2474 et

267 2491 487 2525 intelligentiam,
516 2496 544 2519 ut
565 2492 724 2519 conﬁtearis
739 2492 850 2527 quidem
881 2493 1055 2526 Trinitatem,

267 2544 329 2572 quae
346 2541 387 2564 est
400 2537 526 2573 ejusdem
541 2539 669 2565 essentia:
683 2547 691 2565 :
707 2538 877 2566 abomineris
895 2543 986 2566 autem
1003 2538 1056 2565 im«

234 2610 237 2612 _
268 2584 397 2611 mundam
410 2588 483 2611 tuam
493 2584 652 2618 religionem
669 2594 675 2611 τ
692 2584 799 2612 ethauc
815 2585 924 2619 quidem
933 2585 1056 2621 alajicias,

267 2638 329 2666 quae
355 2635 398 2657 est
427 2630 461 2657 ad
478 2634 598 2664 tempus.
618 2630 744 2658 militiam
759 2640 765 2657 ε
783 2631 840 2658 Deo
853 2639 919 2658 vero
944 2632 1056 2664 milites,

267 2677 312 2712 qui
329 2682 372 2704 est
401 2676 459 2704 Rex
475 2677 656 2706 exercituum.
676 2676 747 2704 Dixit
771 2676 953 2704 Maximianus
969 2677 1055 2711 impc-

268 2729 342 2754 rator
359 2731 365 2749 :
383 2722 480 2754 \‘ideo,
495 2730 511 2749 ο
538 2722 676 2757 Philippe,
704 2725 730 2748 te
745 2725 914 2748 senectutem
941 2721 1053 2755 quidem

268 2767 370 2796 habere
399 2768 601 2796 reverendam:
619 2767 800 2802 intelligentia
826 2770 917 2792 autem
937 2767 1052 2794 multum

268 2814 366 2842 cedere
376 2815 534 2848 juvenibus.
552 2813 673 2847 Coul‘uge
686 2821 751 2848 ergo
768 2811 801 2838 ad
819 2811 895 2844 deos,
913 2816 942 2839 et
956 2813 993 2840 sis
1007 2813 1052 2840 bo-

309 2893 315 2906 '
335 2891 406 2920 Psal.
425 2901 521 2921 man.
562 2893 572 2908 ‘
592 2891 679 2919 lCor.
696 2900 714 2919 l.

1111 966 1206 995 εἶπεν·
1229 967 1352 1002 Ἐπειδὴ,
1374 969 1423 1002 τῆς
1452 967 1506 993 τῶν
1529 967 1598 993 θεῶν
1620 966 1780 996 ἀπολαύσας
1803 965 1897 998 τιμῆς,

1111 1014 1165 1044 τῶν
1189 1014 1333 1050 πρωτείων
1355 1014 1405 1048 τῆς
1428 1013 1572 1048 στρατείας
1597 1011 1727 1046 ἡξιὼθης,
1749 1010 1897 1045 Μαυρίκιε,

1111 1059 1198 1094 καλὴν
1230 1060 1324 1090 αὐτοῖς
1348 1058 1482 1089 ἀποδίδως
1510 1058 1559 1092 τὴν
1588 1057 1717 1092 ἀμοιϐήν.
1744 1056 1900 1090 θίαυρὶκιος

1111 1103 1207 1132 εἶπεν·
1233 1105 1300 1131 Οὐδὲ
1325 1104 1409 1140 τιμὴν
1432 1104 1567 1139 ἐδεξάμην
1587 1103 1662 1140 παρὰ
1682 1102 1736 1129 τῶν
1756 1101 1900 1136 ὑμετέρων

1113 1152 1193 1183 θεῶν,
1220 1152 1280 1178 οὐδὲ
1307 1151 1389 1186 τιμᾷν
1413 1150 1512 1181 αὐτοὺς
1534 1149 1683 1184 βούλομαι·
1703 1147 1746 1179 τίς
1771 1147 1825 1181 γὰρ
1853 1147 1900 1172 ἀν-

1112 1199 1229 1234 θρώπων
1258 1197 1323 1224 ποτὶ
1342 1197 1442 1232 γνῶσιν
1465 1197 1535 1233 ἔχων
1558 1195 1626 1222 Θεοῦ
1648 1195 1696 1226 τὰς
1718 1194 1900 1228 ἀναισθήτους

1111 1245 1196 1282 τιμᾷν
1212 1244 1354 1276 ἀνέξοιτο;
1374 1243 1432 1269 ἀλλ’
1447 1241 1488 1274 οἷς
1510 1243 1559 1277 οὐχ
1576 1241 1694 1276 ὑπάρχει
1721 1239 1793 1272 νοῦς,
1825 1239 1901 1273 λογι-

1115 1293 1195 1326 σμοῖς
1210 1290 1302 1326 ὀρθοῖς
1318 1288 1527 1324 κυϐερνώμενος
1547 1288 1591 1314 διὰ
1611 1288 1642 1314 τὸ
1664 1285 1902 1322 παρασυμωηθῆ·

1111 1345 1157 1364 ναι
1171 1338 1228 1367 τοῖς
1251 1337 1363 1371 κτήνεσι
1383 1337 1439 1366 τοῖς
1460 1335 1583 1369 ἀνοήτοις
1602 1335 1648 1360 καὶ
1664 1333 1832 1368 ὁμοιωθῆναι
1853 1332 1900 1360 αὖ·

1112 1385 1167 1415 τοῖς
1180 1391 1186 1398 ·
1202 1381 1275 1409 οὗτοι
1297 1382 1468 1409 θεοποιοῦσιν
1487 1382 1543 1412 τοῖς
1560 1380 1645 1412 λίθοις
1670 1380 1718 1407 καὶ
1733 1381 1791 1411 τοῖς
1810 1379 1900 1411 ξύλοις

1111 1429 1278 1464 ἀπονέμουσι
1301 1428 1414 1464 γνώμην
1441 1428 1487 1454 καὶ
1508 1427 1625 1462 τιμῶσιν
1647 1426 1684 1457 ὡς
1710 1425 1799 1456 θεούς.
1816 1425 1901 1457 Μαξι-

1113 1476 1208 1512 μιανὸς
1237 1477 1251 1502 ὁ
1279 1475 1407 1510 βασιλεὺς
1431 1471 1526 1500 εἶπεν·
1554 1474 1587 1500 'H
1606 1473 1660 1500 τῶν
1680 1473 1827 1510 πρωτείων
1851 1471 1900 1497 τοῦ

1112 1522 1246 1556 ὑμετέρου
1260 1521 1400 1556 τάγματος
1420 1520 1564 1555 διοίκησις,
1577 1519 1725 1556 Μαυρίκιε,
1744 1518 1846 1553 πολλήν
1858 1526 1903 1544 σοι

1113 1567 1271 1602 παρρησίαν
1296 1568 1430 1602 παρέσχε,
1454 1568 1500 1593 καὶ
1521 1566 1688 1602 θρασύτερον
1709 1565 1904 1600 ἀπειργάσατο

1112 1616 1151 1645 είς
1169 1614 1197 1640 τὸ
1212 1614 1346 1649 λαμπρῶς
1359 1615 1407 1639 καὶ
1422 1613 1643 1648 ἀκαταπλήκτως
1656 1611 1727 1649 πρὸς
1741 1612 1791 1646 τὴν
1801 1612 1904 1647 ἡμετὲ-

1113 1668 1165 1694 ραν
1185 1659 1383 1694 ἀποκρίνεσθαι
1405 1659 1589 1695 γαληνότητα,
1607 1659 1653 1684 καὶ
1677 1657 1794 1690 κελεῦει,
1815 1666 1903 1693 χωρι-

1113 1706 1223 1737 σθέντος
1244 1705 1340 1735 αὐτοῦ,
1360 1706 1423 1736 τοὺς
1445 1705 1556 1736 λοιποὺς
1577 1704 1741 1739 ἐρωτᾶσθαι.
1762 1704 1817 1730 Καί
1835 1712 1903 1739 (me;

1113 1753 1186 1788 πρὶς
1197 1753 1297 1784 αὐτοὺς
1312 1753 1326 1778 ὁ
1341 1752 1468 1788 βασιλεύς
1482 1760 1488 1767 ·
1507 1752 1556 1782 Τίς
1570 1750 1699 1777 τοσοῦτον
1717 1750 1788 1784 ὑμᾶς
1803 1749 1903 1784 ἠδίκη-

1111 1807 1168 1831 σεν,
1184 1798 1305 1833 ἀδελφοὶ,
1322 1798 1359 1829 ὡς
1378 1799 1409 1824 ἐκ
1428 1797 1483 1824 τῶν
1497 1797 1631 1832 σωτήρων
1654 1797 1807 1832 ἀποστῆναι
1819 1795 1901 1827 Θεῶν,

1110 1843 1298 1879 προστεθῆναι
1312 1844 1340 1870 δὲ
1359 1844 1573 1879 παρασκευάσας
1589 1844 1622 1878 τῇ
1640 1843 1730 1878 πλάνῃ
1745 1842 1799 1867 τῶν
1816 1849 1904 1876 προσ-

1110 1890 1265 1917 κυνούντων
1286 1890 1430 1925 ἄνθρωπον
1447 1889 1639 1924 σταυρωθέντα
1654 1888 1691 1919 ὡς
1711 1889 1759 1914 ἕνα
1779 1888 1834 1913 τῶν
1854 1896 1904 1921 φο-

1109 1936 1195 1969 νέων;
1209 1937 1245 1962 Οὐ
1259 1937 1313 1971 γὰρ
1331 1935 1418 1967 οὕτως
1432 1937 1504 1970 ὑμᾶς
1519 1934 1720 1970 ὲπαιδεύσαμεν
1740 1934 1801 1961 οὐδὲ
1812 1942 1871 1960 τοισ
1878 1933 1903 1960 ti-

1109 1991 1170 2014 ταις
1187 1982 1374 2014 διδασκαλίαις
1390 1982 1558 2017 ἐθρέψαμεν.

1144 2031 1184 2056 E'.
1201 2030 1268 2056 Τότε
1289 2030 1428 2064 θεόδωρος
1443 2030 1489 2055 καὶ
1502 2028 1637 2059 Φίλιππος
1661 2027 1698 2057 ὡς
1717 2028 1748 2053 ὲκ
1765 2027 1903 2062 aedium;

1108 2077 1162 2103 τῶν
1178 2077 1266 2111 ἁγίων
1287 2076 1477 2110 ἑϐδομήκοντα
1503 2075 1652 2110 μαρτύρων
1671 2071 1764 2100 εἶπον·
1792 2073 1901 2108 Ἡμεῖς.

1108 2120 1130 2148 ὦ
1152 2122 1268 2157 τύραννε
1290 2121 1459 2156 Μαξιμιανὲ,
1472 2120 1602 2147 τοσοῦτον
1619 2119 1723 2155 πλάνης
1745 2120 1900 2154 ἀπέχομεν,

1109 2169 1146 2200 ὡς
1165 2169 1213 2195 καὶ
1231 2169 1260 2195 σὲ
1273 2170 1320 2203 τῆς
1333 2168 1444 2203 ἀπάτης
1455 2168 1640 2202 οἰκτείρομεν,
1660 2164 1694 2202 ἧς
1708 2166 1903 2206 ἠλευθερώθη-

1112 2224 1163 2249 μεν
1191 2215 1236 2241 τὺν
1264 2214 1312 2241 ἕνα
1339 2215 1386 2241 καὶ
1417 2214 1498 2249 μόνον
1522 2213 1651 2248 ἀληθινὸν
1682 2212 1902 2248 προσκυνοῦντες

1075 2255 1095 2280 D
1111 2261 1188 2294 Θεὸν,
1204 2260 1313 2296 Πατέρα
1328 2260 1550 2296 παντοκράτορα,
1564 2260 1611 2286 καὶ
1632 2260 1679 2286 τὸν
1696 2258 1831 2294 μονογενῆ
1851 2259 1901 2286 αὑ-

1109 2307 1157 2334 τοῦ
1178 2307 1241 2334 Υἱδν
1263 2307 1367 2342 Ἰησοῦν
1389 2306 1507 2342 Χριστὸν
1527 2308 1572 2331 τὶν
1591 2306 1693 2340 Κύριον
1711 2305 1801 2340 ἡμῶν,
1820 2305 1900 2336 Θεὶν,

1109 2355 1225 2389 δύναμιν
1239 2354 1286 2381 καὶ
1297 2353 1364 2380 Θεοῦ
1382 2354 1480 2388 σοφίαν
1494 2353 1664 2388 ὑπάρχοντα,
1681 2352 1769 2378 καὶτὸ
1787 2352 1901 2388 Πνεῦμα

1110 2398 1193 2426 αὑτοῦ
1207 2399 1238 2429 τὸ
1253 2400 1388 2432 πανάγιον
1413 2398 1443 2424 τὸ
1465 2398 1623 2432 ὲμπνεῦσαν
1641 2398 1708 2432 ἡμῖν
1724 2397 1826 2430 γνῶσιν
1851 2399 1901 2424 χαὶ

1111 2445 1221 2471 σύνεσιν
1233 2452 1240 2460 ο
1253 2444 1395 2479 ὁμολογεῖν
1412 2444 1460 2478 μὲν
1476 2443 1578 2478 Τριάδα
1589 2443 1744 2477 ὀμοούσιον,
1759 2442 1901 2477 βδελύττε-

1109 2491 1171 2519 σθαι
1183 2491 1211 2517 δὲ
1223 2491 1273 2525 τὴν
1289 2490 1446 2525 ἀκάθαρτον
1469 2498 1515 2515 σου
1529 2489 1680 2524 θρησκείαν
1695 2497 1700 2503 ·
1715 2489 1761 2515 καὶ
1783 2488 1834 2524 τὴν
1850 2488 1902 2524 μὲν

1108 2537 1279 2572 πρόσκαιρον
1295 2535 1398 2570 ταύτην
1425 2535 1628 2562 ἀποϐάλλεσθαι
1643 2535 1804 2571 θρησκείαν,
1817 2543 1901 2570 στρα-

1108 2583 1235 2610 τεύεσθαι
1259 2583 1289 2609 δὲ
1316 2582 1357 2617 τῷ
1381 2582 1441 2617 Θεῷ
1467 2581 1506 2616 τῷ
1535 2581 1643 2616 βασιλεί
1667 2581 1721 2607 τῶν
1743 2581 1900 2618 δυνάμεων.

1107 2629 1279 2663 Μαξιμιανὺς
1302 2630 1316 2656 ὁ
1334 2628 1463 2664 βασιλεὺς
1486 2626 1581 2654 εἶπεν·
1602 2627 1698 2654 Βλέπω
1711 2635 1752 2660 σε,
1767 2627 1900 2658 Φίλιππε,

1110 2676 1200 2710 γῆρας
1218 2674 1269 2709 μὲν
1289 2675 1430 2709 αίὸέσιμον
1447 2674 1554 2710 ἔχοντα.
1577 2674 1686 2700 σύνεσιν
1707 2673 1735 2700 δὲ
1758 2673 1826 2702 πολὺ
1844 2672 1901 2699 τῶν

1110 2722 1179 2748 νέων
1193 2721 1356 2755 λειπόμενον
1366 2728 1372 2735 ·
1386 2718 1573 2756 αὖτομόλησον
1594 2718 1641 2746 οὖν
1665 2720 1734 2754 πρὸς
1748 2719 1808 2750 τοὺς
1820 2719 1901 2749 θεοὺς

1110 2767 1158 2794 καὶ
1172 2766 1252 2801 γενοῦ
1271 2766 1422 2801 σύμϐουλος
1438 2767 1539 2800 ἀγαθὸς
1560 2767 1615 2798 τοῖς
1629 2767 1732 2801 λοιποῖς
1751 2774 1796 2795 σου
1814 2773 1901 2800 στρα-

1109 2814 1221 2845 τιώτκις
1236 2814 1285 2850 τῆς
1302 2815 1341 2845 εἰς
1354 2814 1417 2844 τοὺς
1434 2813 1510 2845 θεοὺς
1529 2815 1752 2849 προσκυνήσεως,
1769 2812 1844 2842 ὅπως
1866 2811 1902 2838 ἂν
