2024 3153
159 173 210 205 ειδι

641 173 730 203 VITA
752 172 804 202 SS.
827 170 1012 203 MAURITII
1034 171 1081 200 ET
1102 169 1310 202 SOCIORUM.

1732 176 1784 206 362

159 230 250 266 τιμῶν
267 229 401 265 μειζόνων
425 229 544 263 ἀξιωθῇς
571 228 744 264 παρ’ὴμῶν.
768 228 798 255 '0
819 228 847 254 δὲ
871 228 944 260 ἆγιος

1001 233 1054 253 nus
1069 226 1245 254 consiliarius
1260 228 1373 264 reliquis
1387 230 1440 258 tuis
1454 230 1586 258 militibus
1602 232 1636 259 de
1647 232 1702 261 diis
1718 235 1784 261 ado-

159 277 295 307 Ψὸιιππος
308 274 388 302 εἶπεν
398 283 406 291 ’
432 274 504 308 Ἐγὼ
518 274 671 310 σύμόουλος
691 274 809 310 πονηρὸς
825 274 856 301 οὐ
868 275 947 309 γενή-

159 331 244 357 σομαι
261 324 320 353 τοῖς
348 321 588 356 αὑτοπροαιρέτως
602 320 774 355 ὁδηγηθετσιν
791 322 832 352 είς
845 321 890 347 τὸν
901 321 950 354 φό-

159 370 205 395 εον
224 368 273 394 τοῦ
286 367 416 403 ἀληθινοῦ
434 367 514 399 Θεοῦ,
531 367 626 401 ἐπειδὴ
640 367 815 403 γέγραπται·
837 376 846 392 ‹
866 367 949 399 Οὐαὶ,

157 415 191 442 δι’
205 412 236 442 οὗ
249 415 280 442 τὸ
295 416 382 441 κακὸν
412 414 540 449 ἔρχεται]
562 423 572 441 ι
588 414 758 449 Μαξιμιανδς
788 411 864 440 εἶπεν
877 421 884 429 ·
913 413 950 439 Τδ

159 461 337 496 μακρῆθυμον
347 461 489 496 τῆςὴμιτέ
493 469 543 496 ρας
561 460 735 492 ἀνεξικακίας
748 459 950 494 τολμηρότερον

157 516 186 533 σε
203 507 368 541 πεποίηκεν,
401 506 531 533 Φίλιππε.
557 506 602 541 Μὴ
627 504 674 532 οὖν
705 506 865 541 ἑπιμείνητε
891 507 949 535 τοῖς

158 553 263 584 αὐτοῖς,
290 553 334 578 ἶνα
365 551 404 587 μὴ
426 552 538 583 δικαίως
553 551 601 587 τὴν
616 552 695 587 δίκην
709 552 770 579 καθ’
786 551 864 586 ὑμῶν
881 560 951 587 παρ-

156 599 299 633 ωτρύνητε
315 598 363 625 καὶ
378 598 493 633 γένησθε
509 599 608 633 δεῖγμα
628 599 677 633 τῆς
692 599 830 634 ἡμετέρας
847 600 951 633 ἀγανα-

156 646 265 680 κτήσεω
273 654 291 677 ·,
300 644 653 679 τολμῶντες,ὁνομάζειντδν
662 644 726 679 παρ’
733 645 808 679 ὑμῶν
816 644 952 672 Θεοποιοὺ-

156 698 237 724 μενον
261 690 416 725 ἄνθρωπον.
433 690 642 726 ’Δποκριθέντες
658 690 687 716 δὲ
714 690 739 717 oi
753 690 825 724 ἅγιοι
837 691 952 726 ἑϐδομή-

155 745 237 762 κοντα
264 734 342 762 εἷπον
366 736 406 770 τῷ
435 736 577 771 τυράννῳι
612 735 643 762 Ἦ
679 736 818 769 κενόδοξος
849 737 950 772 ἀπειλὴ

154 782 202 817 τῆς
245 782 307 814 σῆς,
344 781 467 817 βασιλεῦ,
498 781 641 817 βδελυρίας
667 782 783 817 δύναμιν
812 781 842 815 ἐξ
867 782 951 818 ὕψους

154 829 220 862 ἡμῖν
246 829 404 863 χαρίζεται·
432 830 463 855 οὐ
496 828 551 864 γὰρ
575 829 675 856 ἐνοικεῖ
707 829 789 864 φόϐος
813 828 951 864 βασάνων,

154 875 193 905 είς
213 874 335 902 διάνοιαν
360 874 479 910 βεϐαίων
501 875 555 902 τῶν
574 874 747 909 ἀγαπώντων
761 875 806 902 τὸν
822 875 936 911 Κύριον.

191 1009 238 1042 ς’.
275 1008 341 1036 Τότε
366 1010 381 1036 6
422 1010 549 1045 βασιλεὺς
592 1010 761 1046 Μαξιμιανὺς
806 1011 948 1039 ἐκέλευσεν

156 1054 342 1090 ἀφαιρεθῆναι
377 1056 433 1083 τῶν
463 1056 550 1090 ἁγίων
586 1057 773 1092 ἑϐδομήκοντα
797 1057 827 1084 τὸ
855 1058 948 1093 σχῆμα

155 1100 203 1134 τῆς
226 1101 371 1135 στρατείας
418 1102 466 1127 καὶ
494 1101 614 1136 κοπῆναι
642 1101 732 1128 αὐτῶν
770 1102 820 1134 τὰς
859 1102 948 1135 ζώνας

157 1146 205 1172 καί
245 1146 422 1181 παραστῆναι
446 1146 522 1182 αὑτῷ
543 1147 612 1182 μετὰ
626 1147 728 1181 πολλῆς
747 1148 870 1183 ἀτιμίας.
893 1149 948 1175 Καὶ

156 1191 244 1218 ταῦτα
268 1192 323 1218 τῶν
348 1193 529 1220 ὑπασπιστῶν
559 1193 628 1228 μετὰ
657 1193 755 1221 πολλοῦ
776 1194 825 1221 τοῦ
848 1195 947 1230 τάχους

155 1236 398 1272 διαπραξαμένων,
413 1237 465 1274 ἔφη
486 1238 554 1273 πρὸς
570 1239 670 1270 αὐτοὺς
688 1239 703 1265 ὁ
715 1239 846 1274 τύραννος
858 1261 866 1273 ,
883 1240 946 1273 Ἴδε,

156 1283 214 1315 οἵας
228 1285 343 1318 ἁτιμὲας
358 1284 469 1319 ἐτύχετε
482 1284 526 1312 διὰ
538 1285 590 1321 τὴν
606 1285 749 1312 ἀπείθειαν
765 1286 852 1319 ὑμῶν.
871 1286 902 1313 0i
918 1286 946 1313 δὲ

156 1328 230 1362 ἆγιοι
241 1327 320 1356 εἶπεν
337 1329 404 1365 πρὸς
417 1330 462 1355 τὸν
478 1330 612 1365 τύραννον
624 1339 630 1346 ·
649 1331 681 1357 Ei
696 1330 744 1357 καὶ
756 1331 799 1364 σὺ,
813 1331 851 1362 ὡς
867 1332 945 1366 νομί-

156 1377 223 1408 ζεις,
239 1377 368 1409 ὲξέδυσας
383 1378 468 1412 ἡμᾶς,
485 1377 551 1404 ἀλλ’
562 1377 636 1404 ἐστιν
650 1378 664 1404 ὁ
680 1378 745 1410 Θεὸς
762 1378 842 1413 ἡμῶν
856 1379 885 1405 ὲν
902 1379 947 1406 οὑ-

157 1424 260 1457 ρανοίς,
294 1420 316 1457 ᾧ
341 1422 522 1459 λατρεύομεν,
553 1424 653 1451 ἔνδύων
675 1425 748 1459 ἡμᾶς
775 1424 872 1460 στολὴν
897 1426 946 1460 τῆς

156 1470 266 1496 αἰωνίου
289 1469 380 1504 δόξης,
399 1470 433 1506 ἢν
455 1470 535 1502 αὐτὸς
558 1470 619 1497 οὐδὲ
639 1470 749 1497 ἀκούειν
771 1470 945 1506 καθέστηκας

156 1515 229 1548 ἄξιος
246 1516 291 1542 διὰ
307 1516 353 1542 τὸν
368 1517 489 1544 Σατανᾶν
499 1518 544 1543 τὸν
560 1517 666 1552 πατέρα
685 1525 743 1550 σου,
756 1518 801 1543 τὸν
813 1517 945 1545 λαλοῦντα

155 1562 183 1586 ἐν
197 1562 250 1589 σοί.
267 1562 334 1588 Τότε
348 1562 484 1598 θυμωθεὶς
502 1564 516 1590 ό
533 1563 664 1599 τύραννος
680 1562 774 1591 εἶπεν
788 1562 823 1592 '0
840 1565 945 1601 μιαρώ-

1003 271 1108 302 randis,
1124 277 1154 298 ut
1168 273 1270 307 majora
1280 274 1351 301 dona
1368 280 1396 302 et
1414 275 1533 304 honores
1549 285 1564 304 a
1578 279 1658 306 nobis
1688 288 1788 308 consc-

1002 319 1106 352 quaris.
1124 318 1197 346 Dixit
1213 325 1324 347 sanctus
1339 321 1502 357 Philippus:
1517 324 1616 351 Notum
1635 326 1685 352 tibi
1708 327 1755 357 sit.
1769 335 1787 354 o

1002 364 1162 399 imperator,
1178 373 1222 392 me
1238 374 1293 393 non
1326 367 1450 395 futurum
1478 369 1579 396 malum
1599 373 1787 400 consiliarium

1003 410 1037 437 iis
1050 410 1097 444 qui
1112 418 1162 438 sua
1176 415 1274 445 sponte
1301 413 1413 440 deducti
1430 419 1494 441 sunt
1521 416 1555 442 ad
1573 416 1699 445 timorem
1730 420 1787 447 veri

1003 455 1063 483 Dei.
1080 456 1218 492 Scriptum
1227 462 1270 485 est
1282 459 1355 486 enim
1367 460 1377 475 ³
1388 460 1464 487 :tVte
1477 461 1512 492 ei.
1529 469 1578 496 per
1593 470 1673 497 quem
1686 465 1788 492 malum

1002 503 1086 530 venit.
1104 512 1114 530 ι
1137 504 1367 539 Dixitimperator
1379 506 1558 535 Maximianus
1574 517 1582 537 :
1600 509 1710 538 Lenitas
1738 519 1789 538 no-

1002 553 1065 577 strze
1079 550 1217 585 patientia:
1235 557 1260 578 te
1275 552 1449 580 audaciorem
1467 554 1567 587 eli‘ecit,
1598 563 1615 583 ο
1652 557 1787 594 Philippe.

1002 594 1092 622 Nolite
1110 602 1176 631 ergo
1193 596 1220 623 in
1233 597 1276 625 his
1286 598 1422 631 insistere,
1435 607 1470 627 ne
1490 601 1578 636 justas
1591 610 1686 637 ptenas
1699 605 1726 632 in
1740 614 1789 634 vos

1003 639 1118 668 irritetis
1133 646 1162 669 et
1177 643 1300 671 evadatis
1307 645 1462 679 exemplum
1473 652 1574 675 nostra:
1584 648 1786 684 indignationis,

1003 687 1136 715 audentes
1151 689 1294 717 nominare
1312 690 1464 724 hominem,
1483 694 1557 728 quia
1583 696 1661 724 vobis
1679 702 1720 724 est
1745 706 1789 726 re.

1003 733 1074 761 latus
1087 733 1114 761 in
1125 734 1203 762 deos.
1223 736 1431 771 Respondentes
1442 746 1507 766 vero
1520 741 1606 768 sancti
1617 744 1787 778 septuaginta

1003 785 1148 816 martyres,
1163 781 1293 810 dixerunt
1319 787 1436 819 tyranno
1457 785 1634 821 imperatori:
1661 790 1742 818 Vana:
1760 797 1789 818 et

1003 826 1098 856 inanes
1139 830 1262 862 minimo
1288 831 1448 866 imperator,
1483 838 1536 862 tua:
1565 835 1787 871 abominationis,

1003 874 1131 902 virtutem
1157 876 1238 904 nobis
1270 884 1303 904 ex
1318 878 1374 906 alto
1388 879 1554 914 largiuntur.
1570 882 1630 910 Non
1653 885 1726 912 enim
1743 886 1787 912 in-

960 920 979 947 B
994 920 1119 956 greditur
1129 926 1177 949 aut
1196 922 1334 951 inhabitat
1350 929 1439 952 metus
1456 930 1656 956 tormentorum
1672 930 1698 957 in
1716 931 1787 959 bona

1001 970 1091 994 mente
1108 969 1135 994 et
1151 967 1242 995 stabili
1260 975 1356 997 eorum
1372 970 1420 1004 qui
1435 971 1554 1007 diligunt
1576 973 1733 1003 Dominum.

1039 1012 1083 1040 Vl.
1106 1012 1185 1040 Tunc
1201 1014 1383 1044 Maximianus
1413 1017 1564 1052 imperator
1590 1021 1668 1048 valde
1689 1022 1785 1057 iratus,

997 1059 1079 1094 jussit
1092 1060 1194 1088 auferri
1219 1070 1234 1089 a
1249 1064 1354 1091 sanctis
1370 1066 1544 1101 septuaginta
1560 1067 1694 1097 militibus
1709 1070 1789 1098 habi-

1001 1109 1058 1132 tum
1080 1107 1195 1139 militiae,
1217 1113 1246 1136 et
1267 1109 1309 1136 eis
1325 1109 1448 1138 abscindi
1471 1119 1564 1145 zonas,
1581 1118 1609 1141 et
1622 1114 1723 1143 deinde
1744 1117 1786 1144 sic

999 1159 1047 1180 eos
1058 1153 1091 1180 ad
1105 1153 1192 1188 ipsum
1219 1155 1318 1183 adduci
1339 1164 1401 1183 cum
1418 1165 1514 1192 magna
1525 1158 1685 1194 ignominia.
1702 1161 1785 1190 Cum-

1000 1205 1053 1232 que
1081 1198 1139 1227 ha-c
1168 1208 1264 1236 magna
1292 1202 1431 1230 celeritate
1454 1204 1612 1233 eii‘ecissent
1643 1208 1784 1241 satellites,

998 1244 1065 1272 dixit
1077 1246 1118 1273 eis
1130 1250 1262 1282 tyrannus
1280 1257 1287 1277 :
1301 1249 1406 1281 Videte,
1417 1257 1432 1277 a
1449 1251 1523 1285 quali
1540 1252 1625 1287 gloria
1641 1259 1668 1282 et
1679 1254 1783 1284 honore

997 1290 1149 1323 excidistis,
1175 1297 1203 1319 et
1235 1295 1314 1328 quale
1350 1295 1429 1322 vobis
1456 1296 1588 1332 obtigerit
1616 1299 1738 1329 dedecus
1756 1308 1784 1329 et

997 1338 1168 1372 contemptio
1185 1343 1298 1373 propter
1314 1346 1432 1368 vestram
1449 1341 1674 1374 inobedientiatn.
1690 1347 1781 1376 Sancti

997 1382 1127 1410 dixerunt
1154 1389 1293 1419 tyranno:
1311 1386 1423 1415 Etiamsi
1441 1392 1479 1421 ιιι,
1500 1394 1529 1416 ιιι
1557 1391 1708 1426 existimas,
1731 1403 1782 1423 nos

997 1427 1097 1455 exnisti
1111 1428 1206 1457 habitu
1234 1431 1348 1465 militiai,
1366 1437 1395 1460 et
1410 1433 1551 1462 abscidisti
1568 1444 1651 1465 zonas
1663 1445 1782 1472 nostras.

997 1477 1038 1500 est
1052 1473 1125 1502 Deus
1153 1479 1248 1502 noster
1267 1476 1295 1503 in
1316 1478 1403 1509 cmlis,
1415 1486 1495 1513 quem
1514 1481 1640 1515 colimus,
1658 1484 1705 1518 qui
1732 1494 1784 1514 nos

997 1519 1088 1548 induit
1099 1521 1224 1550 vestibus
1245 1527 1273 1550 et
1287 1525 1366 1552 zonis
1382 1525 1549 1561 incorruptae
1564 1532 1591 1555 et
1603 1533 1712 1559 aeterna:
1723 1532 1783 1568 ejus

996 1564 1100 1599 gloriae,
1117 1574 1198 1602 quam
1216 1568 1274 1603 ipse
1287 1577 1342 1596 non
1361 1578 1390 1598 es
1402 1572 1500 1606 dignus
1516 1574 1609 1602 videre
1621 1581 1668 1603 aut
1685 1564 1782 1606 audire

155 1616 231 1635 τατοι
259 1609 306 1635 καὶ
328 1610 378 1643 τῆς
402 1609 458 1636 τῶν
476 1609 546 1636 θεῶν
569 1610 713 1644 εὐμενείας
728 1610 843 1643 ἀνάξιοι,
863 1611 942 1646 ὑμεῖς

996 1615 1109 1644 propter
1126 1611 1254 1639 Satanam
1269 1617 1376 1648 patrem
1403 1619 1490 1649 tuum,
1508 1618 1554 1652 qui
1568 1618 1594 1646 in
1612 1624 1637 1647 te
1658 1621 1782 1658 loquitur

156 1653 288 1688 γεγόνατε
308 1655 355 1689 τῆς
373 1655 478 1682 ἑαυτῶν
502 1656 616 1691 ἀτιμίας
637 1657 773 1693 πρόφασις
786 1665 792 1672 ·
812 1657 842 1690 ἐξ
866 1658 943 1692 ἡμῶν

155 1701 208 1735 γὰρ
226 1701 398 1737 τιμηθέντες,
415 1702 537 1733 καὶτοὺς
553 1702 630 1734 Θεοὺς
645 1703 816 1738 ἐνυϐρίσατε,
833 1703 880 1729 καὶ
894 1703 944 1737 τῆς

157 1748 295 1782 ἡμετέρας
314 1748 405 1783 φιλίας
423 1750 658 1785 κατεφρονήσατε.
688 1750 896 1785 Ἀποκριθέντες
919 1750 944 1776 oi.

155 1795 226 1827 ἆγιοι
243 1792 320 1821 εἷπον
331 1795 370 1829 τῷ
383 1795 508 1831 τυράννῳ
519 1805 525 1810 ·
548 1796 581 1822 'H
595 1796 725 1832 στρατεία
736 1805 793 1829 σου,
805 1797 842 1828 ὡς
861 1796 944 1831 μηδὲν

155 1841 265 1875 ἔχουσα,
285 1842 466 1877 παρέρχεται,
485 1842 532 1869 καὶ
560 1842 576 1878 ή
606 1842 733 1878 παροῦσα
756 1841 822 1877 τιμὴ
846 1842 943 1877 ἀτιμία

157 1887 196 1914 σοί
221 1888 308 1920 ἐστιν,
329 1888 425 1924 ἐπειδὴ
450 1888 497 1915 τοῦ
520 1888 666 1920 δεδωκότος
691 1897 731 1915 σοι
749 1889 800 1924 τὴν
817 1888 943 1921 ἐξουσίαν

156 1933 288 1960 ἐπελάθου
316 1934 396 1966 Θεοῦ,
415 1935 449 1961 τὰ
475 1935 505 1961 δὲ
530 1935 622 1970 ἄψυχα
641 1935 749 1967 εἴδωλα,
763 1935 797 1962 τὰ
817 1935 854 1970 μὴ
872 1935 943 1968 ὡφε-

153 1978 251 2006 λοὺντα
283 1979 327 2006 διὰ
358 1980 388 2006 τὸ
419 1980 457 2016 μὴ
497 1981 643 2014 γινώσκειν
668 1982 714 2008 τὸν
726 1980 848 2015 τιμῶντα
873 1981 942 2008 αὐτὰ

154 2026 198 2052 καὶ
218 2025 378 2061 ὑδρίζοντα,
390 2026 513 2061 ἀνοήτως
523 2027 666 2059 ϐιοποιεῖς.
677 2027 706 2054 '0
713 2027 845 2062 τύραννος
854 2024 942 2054 εἶπεν·

151 2073 200 2099 Διὰ
230 2072 282 2107 τὴν
313 2072 518 2106 φιλανθρωπίαν
548 2074 597 2109 τῆς
627 2073 764 2109 ἡμετέρας
803 2073 942 2107 βασιλείας

152 2120 311 2155 φειδόμενος
338 2111 416 2155 ὑμῶν
443 2121 491 2148 καὶ
516 2120 679 2155 βουλόμενος
712 2120 942 2156 περιποιήσασθαι

151 2167 199 2202 τὴν
232 2167 306 2202 ζωὴν
322 2167 410 2202 ὑμῶν,
434 2168 474 2194 ἔτι
490 2168 622 2204 ἀνέχομαι
639 2168 726 2203 ὑμῶν.
747 2168 800 2194 Καὶ
816 2167 942 2194 ἐκέλευσε

151 2214 223 2249 τρεῖς
241 2214 348 2249 ἡμέρας
365 2214 529 2250 ἁποτεθῆναι
548 2215 644 2241 αὑτοὺ.⁶
666 2215 694 2241 ὲν
708 2215 741 2250 τῇ
762 2215 879 2249 φρτυρᾷ,
898 2214 940 2239 ἵνα

149 2262 179 2287 τὺ
195 2261 340 2296 συμφέρον
365 2260 576 2295 βουλεύσωνται.

995 1659 1022 1683 ct
1043 1662 1183 1691 operatur.
1215 1658 1292 1686 Tunc
1320 1661 1397 1688 valde
1422 1662 1509 1690 iratus
1542 1668 1683 1700 tyrannus,
1711 1669 1782 1696 dixit

995 1703 1096 1731 sanetis
1111 1711 1118 1731 ε
1133 1702 1156 1730 Ο
1180 1706 1340 1733 exsecrandi
1356 1711 1383 1734 et
1398 1708 1502 1743 indigni
1524 1710 1637 1739 deorum
1665 1713 1782 1742 benevo-

995 1747 1090 1781 lentia,
1107 1757 1155 1776 vos
1170 1755 1288 1778 vestram
1306 1752 1482 1787 ignominiam
1508 1757 1586 1784 vobis
1602 1759 1781 1789 conciliaslis;

995 1794 1015 1821 A
1035 1795 1115 1822 nobis
1129 1796 1203 1823 enim
1228 1797 1333 1826 honore
1348 1799 1449 1833 affecti,
1476 1804 1608 1831 maximos
1630 1805 1697 1833 deos
1714 1807 1781 1835 alie-

996 1839 1073 1867 cistis
1088 1843 1267 1876 contumelia,
1281 1848 1309 1872 et
1326 1849 1447 1873 nostram
1463 1850 1671 1884 contempsistis
1683 1853 1782 1881 amici-

996 1887 1075 1914 tiam.
1106 1888 1143 1915 De
1167 1894 1269 1917 caetero
1302 1891 1418 1926 accipite
1445 1895 1641 1924 convenienter
1682 1900 1782 1928 vestris

995 1933 1083 1961 iactis.
1092 1935 1397 1970 Rcspondcntcsautctn
1404 1939 1503 1971 saneti,
1511 1940 1640 1969 dixerunt
1650 1947 1780 1978 tyranno:

995 1978 1156 2013 imperator,
1194 1980 1252 2008 inec
1279 1982 1377 2009 militia
1403 1987 1459 2016 tua,
1488 1989 1518 2012 ut
1545 1993 1605 2020 quae
1639 1988 1709 2016 nihil
1733 1991 1779 2022 sit,

995 2026 1129 2061 praterit,
1153 2032 1181 2054 ct
1197 2028 1244 2062 qui
1271 2028 1349 2056 adest
1374 2029 1472 2063 honor,
1491 2037 1533 2059 est
1559 2033 1608 2060 tibi
1633 2033 1780 2064 dedecus:

995 2073 1125 2107 quoniam
1140 2073 1243 2101 oblitus
1262 2081 1292 2102 es
1306 2074 1364 2108 Dei,
1379 2076 1426 2111 qui
1446 2077 1516 2105 hanc
1536 2079 1586 2106 tibi
1599 2080 1677 2108 dedit
1701 2088 1781 2118 pote-

994 2121 1103 2145 statem.
1117 2118 1191 2146 Vana
1220 2127 1285 2147 vero
1303 2124 1332 2147 et
1348 2121 1467 2150 inanima
1500 2123 1656 2159 simulacra,
1679 2135 1738 2162 qua:
1755 2133 1781 2156 te

995 2165 1181 2200 nihiljuvant,
1199 2166 1272 2200 quod
1287 2174 1318 2194 ea
1333 2175 1387 2195 non
1401 2175 1566 2204 cognoscant
1583 2179 1646 2199 eum
1662 2174 1708 2209 qui
1719 2174 1777 2209 ipsa

995 2211 1098 2239 honore
1126 2211 1208 2238 allicit
1225 2217 1272 2240 aut
1290 2214 1465 2248 contumelia,
1490 2215 1517 2242 in
1535 2217 1602 2244 deos
1623 2219 1731 2253 stolide,
1750 2225 1781 2248 ut

993 2258 1039 2293 qui
1066 2258 1146 2292 plane
1161 2265 1241 2285 sensu
1269 2266 1373 2292 careas,
1401 2261 1496 2288 refers.
1524 2262 1597 2290 Dixit
1623 2269 1778 2299 tyrannus:

151 2309 268 2344 Propter
285 2307 371 2335 nostri
394 2307 501 2343 imperii
519 2307 692 2335 clementiam
719 2307 797 2335 vobis
812 2313 937 2343 parcens,
956 2304 1096 2356 ctvolcns
1112 2304 1196 2331 vitam
1219 2305 1297 2356 vobis
1305 2312 1365 2332 esse
1389 2306 1503 2356 salvam,
1518 2307 1608 2335 adhuc
1620 2317 1667 2337 vos
1676 2312 1777 2346 patior,

147 2356 287 2394 jussitque
301 2362 348 2383 eos
375 2358 431 2382 tres
446 2354 506 2382 dies
516 2354 618 2382 includi
638 2354 663 2382 in
678 2361 797 2384 carcere,
815 2355 985 2410 utqapcrcnt
1001 2349 1299 2410 co‘ns‘iliulm-quondneis“
1491 2398 1647 2410 imum”.
1671 2404 1678 2410 .

184 2404 221 2431 Z’.
240 2403 302 2430 Τῶν
318 2402 346 2428 δὲ
366 2402 546 2429 ὑπασπιστῶν
571 2401 776 2436 πληρωσάντων
792 2400 839 2427 τοῦ
862 2399 939 2434 βασι-

1028 2396 1084 2423 Vli.
1113 2395 1180 2423 Cum
1209 2401 1300 2423 autem
1330 2396 1462 2424 satellites
1491 2398 1650 2434 implessent
1668 2404 1776 2437 jussnm

150 2451 219 2482 λέως
239 2450 271 2477 τδ
288 2449 454 2484 πρόσταγμα
475 2448 522 2475 καὶ
543 2449 583 2480 είς
605 2447 729 2483 φυλακὴν
749 2447 847 2478 αὐτοὺς
871 2446 941 2481 μετὰ

149 2496 248 2524 κλοιῶν
262 2495 479 2530 καθειρεάντων,
492 2493 568 2522 εἶπον
582 2496 652 2529 «pb;
666 2494 796 2529 ἀλλήλους
815 2495 840 2520 oi
856 2493 939 2528 ἅγιοι·

155 2542 366 2577 Ἐτοιμὰσωμεν
392 2541 527 2573 ἅπαντες,
558 2541 678 2575 ἀδελφοὶ,
694 2540 866 2576 ὁμοθυμαδὸν
891 2541 940 2570 τὰς

149 2589 240 2624 ψυχὰς
257 2587 337 2623 ἡμῶν
347 2588 387 2619 είς
402 2586 569 2623 προσευχὴν,
591 2587 639 2614 καὶ
653 2587 796 2622 δίηθῶμεν
808 2586 856 2613 τοῦ
871 2585 940 2613 Θεοῦ

150 2635 230 2669 ἡμῶν
247 2634 366 2665 ἐκτενῶς
381 2632 474 2659 δοῦναι
487 2634 553 2668 ἡμῖν
568 2632 665 2668 σοφίαν
679 2641 709 2659 τε
722 2633 770 2660 καὶ
785 2632 885 2666 γνῶσιν
895 2631 939 2658 δὰ

149 2680 197 2708 τοῦ
222 2680 302 2715 ἁγίου
330 2678 414 2706 αὑτοῦ
440 2679 607 2714 Πνεύματος,
622 2679 670 2705 καὶ
695 2678 825 2714 ιμσαλεϊν
845 2679 885 2709 είς
908 2678 939 2704 τὸ

153 2726 239 2762 στόμα
254 2725 334 2760 ἡμῶν
347 2723 374 2750 τί
386 2724 620 2760 ἀπολογήσασθαι,
634 2725 710 2757 ὅπως
721 2723 850 2760 Θαυμάσῃ
863 2725 878 2750 ὁ
892 2723 938 2750 τύ-

155 2779 246 2807 ραννος
264 2771 313 2806 τὴν
334 2770 464 2805 ἀλήθειαν
479 2771 531 2805 τῆς
552 2770 668 2803 πίστεως
686 2770 777 2805 ἡμῶν.
795 2771 850 2796 Καὶ
873 2778 938 2796 στα-

154 2819 243 2851 Θέντες
266 2819 306 2849 εις
332 2818 488 2853 προσευχὴν
507 2819 531 2844 oi
547 2818 620 2852 ἃγιοι
645 2817 829 2852 ὲῦδοςλ.ήκοντι
848 2816 885 2848 ὡς
907 2817 939 2843 ὲκ

157 2865 216 2900 μιᾶς
243 2864 333 2900 ψυχῆς
357 2861 448 2891 εἷποψ
466 2864 496 2889 'U
516 2865 581 2896 θεὸς
604 2865 618 2891 ὁ
643 2864 853 2899 παντοκράτωρ,
870 2859 900 2890 οὗ
921 2863 937 2898 ἠ

189 2915 198 2929 ³
215 2914 307 2941 Matth.
330 2921 409 2941 xvtlt.

351 2963 489 2993 PATROL-
515 2959 574 2988 Gtt.
598 2959 689 2994 CXV,

992 2441 1178 2476 imperatoris,
1196 2446 1224 2469 ct
1239 2449 1287 2470 eos
1316 2443 1344 2469 in
1361 2444 1486 2472 custodia
1511 2445 1690 2477 inclusissent
1713 2458 1776 2478 cum

989 2490 1147 2522 collaribns,
1175 2490 1262 2517 sancti
1279 2491 1409 2518 dixerunt
1425 2491 1496 2519 inter
1513 2500 1542 2520 sc
1558 2503 1564 2520 ε
1586 2494 1694 2524 Fratres
1708 2497 1776 2525 cita-

989 2536 1100 2569 riSsimi,
1118 2544 1246 2571 paremus
1269 2544 1365 2564 omnes
1383 2542 1490 2566 ttOslras
1503 2540 1608 2567 animas
1621 2541 1654 2568 ad
1671 2544 1775 2570 oratio.

990 2591 1062 2615 nent,
1077 2588 1105 2611 et
1129 2583 1236 2610 intense
1265 2591 1376 2612 Oremus
1398 2585 1545 2621 benignum
1564 2591 1591 2615 et
1610 2588 1776 2617 clementem

990 2629 1075 2656 Deum
1089 2633 1226 2662 nostrum,
1245 2634 1274 2657 ut
1298 2629 1345 2657 det
1360 2631 1440 2658 nobis
1455 2631 1615 2666 sapientiam
1633 2638 1661 2660 et
1680 2635 1775 2670 cogni-

991 2675 1093 2703 tionem
1107 2681 1157 2710 pcr
1169 2680 1294 2703 sanctum
1308 2675 1451 2711 Spiritum,
1465 2683 1492 2705 et
1509 2678 1610 2714 injicial
1626 2678 1653 2706 in
1681 2687 1711 2707 os
1725 2688 1775 2708 no-

989 2727 1088 2753 strum,
1104 2722 1168 2756 quid
1184 2723 1398 2756 respondeamus
1419 2723 1578 2758 imperatori
1593 2734 1599 2751 :
1612 2730 1642 2752 ιιι
1658 2725 1778 2754 ιιιιιιιιινθι

992 2774 1036 2796 tur
1049 2768 1106 2804 ipse
1125 2776 1235 2804 quoque
1257 2772 1388 2804 tyrannus
1405 2769 1547 2797 veritatem
1576 2775 1676 2799 nostra:
1700 2772 1776 2801 ﬁdei.

991 2815 1068 2842 Etsc
1086 2815 1119 2842 ad
1147 2815 1314 2850 precandum
1343 2815 1517 2844 conferentes
1544 2818 1632 2845 sancti
1664 2824 1774 2854 septua-

991 2862 1064 2897 ginta
1082 2861 1183 2889 Christi
1202 2867 1336 2897 martyres
1360 2862 1490 2890 dixerunt
1524 2868 1651 2898 tanquam
1668 2873 1700 2893 ex
1721 2874 1777 2894 uno

1583 2959 1619 2990 12
