2024 3153
214 177 272 208 363

866 171 1006 201 ΜΕΝὸῐέ
1028 170 1178 201 IULIUS.

1788 167 1841 198 τίει

218 243 269 263 ore
281 238 309 262 et
321 241 373 260 una
390 231 481 260 anima
497 239 504 258 :
518 229 633 257 Domine
647 229 715 257 .Josn
728 227 849 256 Christe,
866 226 939 253 Deus
950 232 1005 252 om-

1065 225 1170 257 ιεουσία
1197 223 1308 256 αἰώνιος
1325 225 1372 251 καὶ
1388 225 1404 260 ἡ
1424 224 1547 259 βασιλεία
1564 224 1594 251 οὑ
1614 223 1839 259 διαφθαρήσεται,

218 280 359 315 nipotcns,
388 277 468 312 cujus
482 279 603 311 potestas
630 277 743 304 aeterna,
768 276 795 299 et
817 278 930 306 regnum
947 277 1002 315 non

206 313 354 355 interibit,
369 321 447 349 mitte
463 320 497 348 ad
510 327 561 347 nos
587 317 790 346 sanctissimum
810 320 888 342 tuum
917 313 1005 349 Spiri-

219 377 289 402 tum,
307 374 336 397 ct
352 375 402 396 nos
416 375 466 403 per
481 374 544 394 eum
562 364 652 396 erudi,
681 367 710 390 ut
721 363 748 389 in
763 363 823 397 ipso
835 361 1005 389 exsultemus

217 424 248 447 ct
269 414 426 448 laetemur‘,
456 418 486 441 et
502 413 644 440 vincamus
673 409 775 437 erroris
802 407 950 442 nequitias,
977 409 1006 433 et

219 464 385 492 extollamur
398 461 426 488 in
437 467 502 488 vera
517 463 563 486 tua
575 457 631 484 ﬁde
646 464 695 491 per
716 459 843 482 sanctum
859 453 1004 488 Spiritum,

207 511 268 547 -qui
282 509 405 545 loquitur
420 507 447 534 in
473 505 563 534 nobis.
581 502 776 531 convenienter
792 505 844 528 tua-
861 507 933 526 verae
946 503 973 526 et
990 505 1005 525 a

210 544 365 585 mendacio
379 554 473 581 aliena
490 549 713 587 promissioni,et
728 555 778 583 pro
788 555 803 574 a
823 545 904 573 nobis
915 544 1006 572 ablata

213 602 362 630 mundana
374 599 517 635 dignitate,
527 596 679 624 cﬂiciamur
700 593 806 621 milites
817 592 843 619 in
855 595 949 619 sancta
959 595 1005 618 tua

220 649 342 680 civitate,
364 651 392 674 et
403 644 571 672 ascribamur
597 642 624 668 in
641 647 786 668 numerum
812 639 914 666 civium
942 644 1005 664 cum

222 694 352 721 omnibus
377 691 433 717 tuis
459 687 572 720 sanctis,
599 687 646 722 qui
660 686 709 713 tibi
726 693 741 712 a
757 685 859 712 smeulo
885 687 959 711 recte
975 683 1007 710 in

223 737 277 765 ﬁde
299 736 473 770 placuerunt.
491 731 626 765 Quoniam
645 735 674 758 tu
704 737 735 757 es
750 730 826 756 solus
839 729 921 758 Deus.
936 733 963 755 et
978 731 1007 755 te

223 784 303 811 decet
315 781 399 817 gloria
412 784 440 807 et
457 778 578 814 potentia
590 777 617 804 in
630 776 740 804 saecula.
755 775 852 802 Amen.

258 829 327 858 Vlll.
348 825 500 861 Completis
513 829 605 852 autem
622 823 711 850 tribus
726 821 836 854 diebus,
857 819 1009 855 praesidens

225 882 323 904 rursus
335 872 526 903 Maximianus,
536 870 564 897 in
579 868 706 897 eumdem
722 868 812 895 locum
832 871 917 901 porta:
930 866 1010 892 Ama-

226 923 291 950 zizae
307 926 405 948 rursus
420 920 603 945 concurrente
631 914 760 941 universa
777 913 899 944 civitate,
915 918 1010 938 accer-

227 969 274 996 siit
301 970 422 995 sanctos.
450 962 544 991 Sancti
571 968 638 988 vero
667 964 804 995 martyres
833 961 1011 985 accesserunt

228 1013 308 1042 tracti
321 1021 335 1040 a
346 1010 489 1042 ministris,
502 1013 531 1036 et
540 1010 677 1036 steterunt
685 1011 749 1033 ante
758 1004 884 1039 impium.
897 1003 1012 1037 iniquus

227 1065 320 1088 autem
335 1059 481 1092 imperator
496 1055 584 1082 minas
596 1057 754 1087 temperans
771 1049 927 1082 clementia,
942 1048 1013 1075 dixit

227 1107 269 1134 eis
285 1114 291 1132 :
308 1105 330 1132 Ο
344 1103 408 1136 viri,
423 1100 522 1129 discite
547 1099 656 1127 tandem
681 1096 748 1132 quid
761 1095 841 1123 vobis
863 1094 1013 1129 expediat:

227 1158 256 1181 et
271 1149 444 1180 accedentes,
460 1146 514 1174 diis
531 1143 695 1175 sacrificate,
707 1146 736 1170 et
746 1141 829 1168 vitam
846 1139 973 1174 accipite,
983 1141 1013 1165 et

229 1207 286 1227 non
303 1201 419 1224 mortem
435 1192 574 1221 acerbam.
593 1190 726 1218 Dixerunt
753 1187 840 1215 sancti
856 1190 990 1221 martyres
1004 1193 1012 1211 :

230 1246 269 1273 De
298 1245 351 1271 hoc
376 1242 478 1269 bonum
495 1237 642 1266 consilium
672 1235 806 1270 cepimus,
822 1241 838 1260 ο
854 1233 1012 1268 imperator.

229 1291 301 1320 Audi
331 1293 445 1319 attente,
468 1290 543 1313 etne
559 1291 609 1310 nos
635 1281 754 1316 amplius
779 1287 871 1315 cogas,
887 1283 935 1306 aut
958 1277 1012 1305 vim

229 1336 311 1365 nobis
328 1335 410 1362 ullam
427 1332 526 1360 aiferas
540 1339 547 1358 :
562 1328 714 1357 Statuimus
726 1326 800 1354 enim
824 1325 888 1352 odio
912 1323 1014 1352 habere

231 1385 302 1412 hanc
324 1382 419 1412 vitam,
450 1386 509 1413 qua:
525 1381 567 1404 est
590 1375 624 1402 ad
651 1378 769 1407 tempus,
803 1371 919 1406 diligere
947 1377 1014 1397 vero

232 1432 348 1456 mortem
382 1423 549 1460 propositam
579 1424 690 1456 propter
706 1417 808 1446 Christi
833 1416 1013 1444 desiderium.

230 1475 282 1502 Per
296 1473 384 1508 ipsum
401 1469 474 1497 enim
493 1467 578 1494 vitam
592 1470 722 1493 alternam
743 1469 887 1499 speramus
903 1460 1017 1489 lucrifa-

231 1506 314 1547 cere:
324 1518 360 1545 De
374 1521 474 1544 caetero
484 1520 551 1548 ergo
571 1512 613 1539 fac
629 1511 750 1538 breviter
766 1509 793 1536 in
810 1516 861 1536 nos
872 1507 947 1542 quod
961 1506 1014 1533 vis.

1056 270 1249 302 ὲξαπόστειλον
1263 270 1329 305 ἡμῖν
1343 269 1373 296 τὸ
1389 269 1502 305 Πνεῦμά
1522 278 1568 296 σου
1587 270 1616 296 τὸ
1632 270 1776 303 πανάγιον,
1799 270 1843 295 ῐνα

1055 317 1085 344 ὲν
1100 316 1174 352 αὐτῷ
1189 316 1420 352 ἀγαλλιασώμεθα
1434 317 1481 343 καὶ
1494 316 1703 352 εὐφρανθῶμεν,
1712 317 1759 342 καὶ
1769 316 1844 351 νική-

1059 372 1152 399 σωμεν
1177 363 1226 394 τὰς
1243 364 1374 399 πονηρὶας
1393 365 1442 398 τῆς
1459 363 1574 398 πλάνης,
1589 364 1636 389 καὶ
1648 363 1800 398 ὑψωθῶμεν
1815 364 1845 388 ὲν

1056 411 1090 445 τῇ
1103 409 1218 445 ἀληθινῇ
1235 417 1282 436 σου
1300 409 1388 436 πίστει
1408 409 1453 436 διὰ
1468 409 1515 436 τοῦ
1532 410 1610 443 ἁγίου
1625 409 1783 443 Πνεύματος
1797 407 1845 434 τοῦ

1057 457 1206 488 λαλοῦντος
1222 457 1251 483 ὲν
1267 457 1347 492 ἡμῖν,
1359 457 1431 483 κατὰ
1449 456 1498 492 τὴν
1512 456 1644 491 ἀληθινήν
1659 463 1706 482 σου
1726 457 1845 488 ἐπαγγε-

1057 504 1129 536 λίαν,
1139 504 1186 531 καὶ
1200 503 1261 530 ἀντὶ
1273 503 1322 538 τῆς
1340 502 1531 538 ἀναιρεθείσης
1543 502 1677 537 κοσμικῆς
1689 501 1769 535 ἀξίας
1779 509 1815 527 πο
1821 500 1846 535 ρ’

1058 550 1138 586 ἡμῶν
1156 548 1301 584 γενώμεθα
1324 549 1491 584 στρατιῶται
1508 549 1537 575 ἐν
1553 548 1630 575 πόλει
1649 548 1714 583 ἁγίᾳ
1733 556 1791 579 σου,
1815 548 1846 573 ἐν

1058 594 1076 634 ᾖ
1090 595 1297 623 συνελεύσονταί
1308 603 1349 622 σοι
1361 596 1462 626 πάντες
1473 595 1497 621 ot
1514 595 1693 630 συναγόμενος
1706 595 1739 629 τῇ
1753 594 1846 620 πίστει

1058 642 1105 669 τοῦ
1125 642 1245 676 Χριστοῦ
1267 651 1327 675 σου,
1345 642 1404 678 μεθ’
1422 639 1454 669 οὖ
1469 651 1511 668 σοι
1529 642 1568 678 τῷ
1584 643 1684 676 “acip:
1707 642 1809 676 πρέπει
1829 642 1847 676 ἡ

1057 688 1121 722 δόξα
1136 688 1226 715 καὶτὸ
1239 687 1341 724 κράτος
1359 688 1407 714 σὺν
1421 687 1460 723 τῷ
1475 688 1545 724 ἁγίῳ
1559 688 1604 714 καὶ
1621 686 1746 722 ζωοποιῷ
1761 687 1848 714 Πνιὺ-

1061 742 1128 769 ματι
1143 735 1184 766 εἰς
1199 734 1262 765 τοὺς
1275 734 1386 765 αἰῶνας.
1408 734 1504 770 1Λμήν.

1096 824 1136 851 H'.
1153 824 1206 850 Καὶ
1219 824 1288 858 μετὰ
1309 824 1358 859 τὴν
1381 824 1577 859 συμπλήρωσιν
1593 824 1648 851 τῶν
1670 824 1754 859 τριῶν
1779 824 1850 860 ἠμευ

1063 868 1118 904 ρῶν
1130 868 1299 904 προκαθίσας
1315 868 1396 896 πάλιν
1409 869 1424 895 ό
1439 869 1610 903 Μαξιμιανὺς
1628 869 1699 896 κατὰ
1709 870 1755 896 τὸν
1765 869 1850 896 αὐτὸν

1061 916 1143 942 τόπον
1156 915 1362 950 τῆςἈμαξικῆς
1375 915 1472 950 πύλης,
1482 916 1689 951 συνδραμούσης
1701 916 1748 942 καὶ
1758 916 1848 950 πάσης

1062 961 1113 996 τῆς
1132 961 1248 993 πόλεως,
1274 960 1468 995 μετεπέμψατο
1485 961 1550 991 τοὺς
1564 961 1667 994 ἁγίους.
1687 961 1718 986 οι
1735 961 1762 986 δὲ
1777 969 1850 995 παρ-

1062 1007 1196 1041 εγένοντο,
1209 1006 1349 1041 ἑλκόμενοι
1364 1007 1416 1032 ὑπὸ
1430 1006 1484 1033 τῶν
1493 1007 1652 1041 ὑπηρετῶν,
1669 1007 1714 1032 καὶ
1731 1006 1850 1040 ἔστησαν

1064 1051 1221 1088 ἐμπροσθσν
1241 1051 1290 1078 τοῦ
1314 1051 1474 1083 δυσσεσοῦς.
1495 1051 1525 1078 ’0
1544 1051 1572 1078 δὲ
1592 1051 1785 1087 φιλανθρωπίᾳ
1800 1051 1852 1086 τὴν

1064 1098 1178 1134 ἀπειλὴν
1196 1099 1326 1134 κεράσας,
1342 1098 1393 1134 ἔφη
1417 1098 1486 1134 πρὸς
1501 1099 1616 1130 αὐτούς·
1637 1097 1697 1125 Κᾶν
1718 1098 1767 1133 ὀψέ
1785 1107 1851 1124 ποτε

1064 1145 1094 1172 τὸ
1112 1145 1251 1180 συμφέρον
1263 1145 1329 1180 ὑμῖν
1346 1144 1456 1180 μάθετε,
1472 1142 1494 1171 ὦ
1506 1145 1612 1179 ἄνδρες,
1630 1145 1678 1171 καὶ
1690 1145 1854 1179 προσελθόν-

1064 1200 1108 1223 τες
1124 1191 1223 1218 θύσατε
1245 1193 1300 1222 τοῖς
1319 1191 1400 1224 θεοῖς,
1417 1192 1464 1218 καὶ
1482 1191 1634 1226 κομίσασθε
1650 1193 1698 1227 τὴν
1715 1191 1788 1226 ζωὴν
1803 1191 1852 1218 καὶ

1067 1237 1105 1273 μὴ
1119 1238 1165 1264 τὸν
1183 1237 1283 1271 πικρὸν
1299 1237 1423 1265 θάνατον.
1443 1239 1473 1264 Οἱ
1491 1238 1563 1271 ἅγιοι
1585 1235 1678 1264 εἷπον·
1699 1237 1783 1264 Τοῦτο
1803 1246 1852 1263 κα-

1065 1283 1119 1313 λῶς
1133 1282 1365 1316 ἐϐουλευσάμεθα,
1379 1281 1497 1316 βασιλεῦ,
1510 1282 1559 1316 τὴν
1571 1282 1736 1316 πρόσκαιρον
1748 1281 1851 1315 ταύτην

1066 1327 1139 1363 ζωὴν
1151 1328 1274 1362 μισῆσαι,
1286 1328 1428 1361 ἀγαπῆσαι
1442 1327 1470 1353 δὲ
1485 1327 1531 1354 τὸν
1547 1328 1726 1362 προκείμενον
1737 1328 1853 1353 θάνατον

1065 1374 1109 1400 διὰ
1125 1374 1170 1399 τὸν
1181 1373 1220 1405 εἰς
1233 1374 1349 1408 Χριστὸν
1363 1373 1460 1400 πόθον·
1474 1373 1619 1409 ἐλπίζομεν
1643 1375 1698 1408 γὰρ
1721 1373 1754 1400 δι’
1769 1373 1853 1399 αὑτοῦ

1066 1419 1196 1455 κερδᾶναι
1221 1419 1271 1454 τὴν
1296 1419 1369 1454 ζωὴν
1394 1420 1442 1454 τὴν
1462 1419 1581 1446 αίὼνιον.
1602 1420 1704 1446 Λοιπὸν
1717 1419 1764 1445 οὖν
1781 1419 1854 1445 ποίει

1068 1466 1208 1500 συντόμως
1225 1466 1240 1492 ὃ
1254 1466 1362 1500 βούλει·
1380 1467 1459 1500 ἡμεῖς
1480 1466 1534 1501 γὰρ
1557 1466 1607 1492 οὐκ
1628 1465 1782 1501 ἀρνούμεθα
1806 1466 1854 1491 τὸν

1067 1511 1133 1538 Θεὸν
1148 1512 1238 1546 ἡμῶν,
1263 1512 1324 1538 οὐδὲ
1342 1511 1403 1542 τοὺς
1416 1511 1546 1546 δαίμονάς
1566 1519 1613 1537 σου
1629 1511 1853 1546 προσκυνοῦμεν·

229 1566 287 1594 Nos
317 1565 391 1591 enim
419 1568 474 1588 non
502 1558 635 1593 negamus
663 1557 748 1583 Deum
770 1559 906 1586 nostrum,
923 1559 1013 1587 neque

1068 1558 1097 1584 ἐν
1109 1557 1164 1592 γὰρ
1177 1559 1210 1593 τῇ
1227 1558 1389 1592 κατακρίσει
1408 1557 1454 1584 τοῦ
1470 1558 1637 1593 προσκαίρου
1656 1558 1752 1584 τούτου
1771 1557 1855 1584 θανά-

228 1611 370 1639 Διυιηοηεε
385 1613 447 1634 tuos
476 1611 597 1638 utiquam
617 1601 805 1629 adorabimus.
819 1599 886 1627 Nam
905 1599 932 1625 in
949 1606 1016 1625 con-

225 1654 407 1684 [demnatione
420 1651 502 1686 hujus
518 1648 695 1682 mortis,quse
709 1651 751 1674 est
766 1646 799 1673 ad
815 1650 935 1680 tempus,
948 1645 1018 1672 libe-

227 1706 326 1727 ramur
338 1697 372 1724 ab
389 1700 491 1723 acterna
517 1691 756 1720 condcmnatione.
771 1691 834 1718 Haec
849 1698 912 1717 cum
933 1689 1017 1716 dixis-

232 1750 293 1775 sent
313 1742 407 1772 .sancti
434 1745 578 1775 martyres,
596 1737 693 1765 videns
706 1741 838 1772 tyrannus
866 1736 893 1762 in
927 1735 1017 1762 medio

231 1799 327 1821 eorum
340 1788 541 1816 adolescentem
555 1785 624 1812 dixit
635 1784 661 1811 ei
675 1792 683 1810 :
697 1783 755 1815 Dic,
766 1781 1017 1816 adolescens,quod

233 1844 275 1867 cst
296 1837 344 1865 tibi
370 1842 482 1866 nomen,
498 1838 527 1861 et
556 1833 633 1867 cujas
649 1838 679 1858 es
693 1829 813 1865 genere?
828 1829 900 1856 Dixit
926 1828 1018 1855 adole-

232 1893 313 1914 scens
328 1893 334 1912 :
350 1881 483 1910 Nominor
496 1879 610 1914 quidem
629 1876 774 1908 Photinus,
787 1883 803 1903 a
816 1883 881 1902 vera
896 1874 956 1902 luce
972 1881 1017 1901 ac-

231 1937 313 1967 cepto
337 1929 458 1958 nomine.
475 1927 540 1954 Sum
556 1929 648 1952 autem
677 1923 756 1950 miles
769 1922 883 1954 Christi,
899 1922 947 1956 qui
966 1928 1018 1956 pu-

232 1980 299 2006 dore
315 1976 406 2004 alIecit
421 1978 524 2009 patrem
544 1977 620 1999 tuum
639 1970 779 1997 Satanam.
797 1969 830 1996 Et.
844 1976 904 1996 sum
915 1975 1017 2003 genere

232 2025 342 2060 quidem
358 2023 498 2050 Romanus
514 2028 522 2046 :
540 2019 613 2046 [ilius
628 2025 694 2044 vero
709 2021 738 2044 et
754 2016 874 2043 carnalis
894 2019 921 2042 et
932 2014 1017 2049 spiri-

233 2071 294 2098 talis
307 2067 431 2096 Mauricii
454 2064 610 2093 clarissimi.
627 2063 666 2090 Ex
689 2070 724 2090 eo
737 2062 811 2089 enim
836 2066 925 2093 ortus,
939 2065 967 2088 et
982 2061 1017 2088 ab

231 2124 265 2144 eo
289 2119 400 2148 accepta
429 2112 475 2139 Dei
491 2109 660 2145 cognitione,
683 2109 712 2135 in
739 2107 843 2135 Christi
876 2107 929 2134 ﬁde
955 2114 1016 2134 sum

230 2161 378 2190 educatus.
411 2165 492 2192 quem
512 2161 540 2182 tu
559 2162 672 2189 negans,
686 2162 703 2181 ο
731 2153 890 2188 imperator.
907 2160 1018 2187 compa-

227 2213 311 2236 ratus
325 2214 356 2233 es
369 2203 502 2241 jutnentis
528 2200 734 2235 insipientibus,
755 2204 784 2227 et
814 2199 913 2226 similis
930 2199 1018 2226 factus

226 2262 264 2281 es
279 2253 343 2281 illis.

270 2299 316 2328 IX.
337 2298 410 2326 Dixit
435 2302 572 2332 tyrannus
589 2303 596 2321 :
622 2293 730 2322 Stultus
745 2301 775 2321 es
803 2292 974 2324 adolescens,
989 2296 1017 2319 et

227 2350 297 2374 sunt
309 2350 354 2371 tua
371 2343 453 2370 verba
465 2345 546 2369 aetate
559 2340 653 2376 digna.
668 2340 766 2374 Atjam
782 2338 869 2370 disce,
886 2338 961 2373 quod
974 2344 1016 2366 cst

231 2393 283 2420 tibi
308 2389 543 2418 conducibilemt
565 2386 711 2419 accedens,
739 2385 863 2414 sacriﬁca
899 2386 1017 2413 maximo

230 2437 303 2470 Jovi,
329 2442 357 2464 et
382 2443 463 2471 parce
485 2441 537 2462 tuae
563 2433 712 2469 iuventuti.
738 2432 812 2460 Dixit
833 2432 1016 2460 adolescens:

232 2485 381 2517 Propterea
397 2480 469 2515 quod
490 2488 543 2507 non
560 2479 642 2511 facio,
663 2478 738 2513 quod
754 2478 806 2510 vis,
828 2485 918 2512 neque
930 2478 1017 2505 sacri~

233 2530 285 2565 ﬁco
300 2527 464 2559 simulacris,
481 2525 550 2553 dicis
566 2533 609 2552 me
634 2526 748 2552 stultum
763 2531 835 2552 esse.
852 2523 920 2551 Nam
943 2523 1019 2559 quod

231 2575 330 2604 attinet
343 2573 454 2609 quidem
472 2571 507 2599 ad
521 2571 602 2599 tidem
620 2571 729 2598 Domini
752 2570 804 2597 mci
823 2569 887 2597 Jesu
903 2569 1017 2602 Christi,

233 2621 312 2651 valde
331 2620 419 2656 sapio.
437 2619 516 2646 Tunc
529 2617 599 2646 dixit
621 2622 753 2654 tyrannus
774 2623 870 2644 rursus
891 2615 1014 2644 sanctis:

231 2667 382 2701 Quousque
402 2664 638 2700 importunitatem
662 2667 780 2690 vestram
804 2662 983 2695 sustinemus,
999 2669 1016 2689 ο

232 2713 337 2745 miseri,
360 2716 388 2740 et
408 2716 546 2739 tormenta
559 2708 714 2738 differimus
732 2716 766 2736 ex
785 2707 955 2742 benignitate
973 2707 1017 2735 in-

232 2757 435 2793 comparabili?
455 2756 613 2784 Sacriﬁcate
636 2763 701 2790 ergo
720 2755 785 2786 diis,
801 2761 835 2780 ne
863 2755 891 2781 in
910 2761 958 2782 vos
974 2762 1018 2782 ar-

234 2802 471 2838 mctisjustitiam.
483 2802 617 2829 Dixerunt
628 2802 717 2829 sancti
729 2805 863 2835 martyres
876 2804 991 2835 tyranno
1009 2811 1015 2828 :

268 2892 279 2906 "
292 2891 387 2920 Matth.
404 2900 429 2918 ι.

1067 1611 1126 1635 του,
1141 1603 1191 1638 τῆς
1202 1603 1312 1630 αἰωνίου
1328 1603 1518 1637 κατακρίσεως
1533 1602 1759 1637 ἐλευθερούμεθα.
1782 1603 1855 1628 Taul—

1068 1657 1102 1675 τα
1119 1649 1251 1675 εἰπόντων
1269 1649 1324 1676 τῶν
1356 1648 1454 1682 ἁγίων,
1476 1648 1618 1683 θεωρήσας
1637 1650 1650 1675 ὁ
1673 1649 1805 1683 τύραννος
1824 1650 1854 1675 ἐν

1069 1695 1146 1730 μέσῳ
1156 1694 1246 1721 αὐτῶν
1257 1697 1376 1728 νεανίαν,
1395 1696 1446 1730 ἔφη
1459 1695 1526 1730 πρὸς
1539 1696 1634 1721 αὐτόν·
1652 1695 1684 1721 Τί
1697 1703 1744 1721 σου
1755 1696 1854 1730 τυτ-χά-

1069 1752 1108 1769 νει
1125 1743 1155 1769 τὸ
1167 1743 1264 1778 ὀνομα,
1277 1743 1325 1770 καὶ
1338 1743 1420 1769 πόθεν
1434 1742 1568 1778 ὑπάρχεις
1582 1742 1621 1778 τῷ
1639 1742 1710 1776 γένιι
1723 1751 1731 1775 ;
1745 1742 1780 1768 Τὸ
1796 1750 1855 1776 μει-

1071 1790 1165 1824 ράκιον
1189 1789 1241 1824 ἔφη
1251 1797 1259 1805 ν
1273 1789 1404 1820 Φωτεινδς
1419 1789 1588 1823 ὀνομάζομαι
1604 1789 1680 1824 παρὰ
1698 1788 1744 1814 τοῦ
1758 1787 1854 1823 ἀληθι-

1069 1835 1114 1861 νοῦ
1136 1835 1225 1869 φωτδ;
1252 1834 1302 1870 τὴν
1325 1834 1421 1869 κλῆσιν
1445 1835 1602 1870 δεξάμενος,
1620 1835 1666 1861 καὶ
1685 1834 1855 1869 στρῖτιώτης

1068 1881 1127 1915 εἰμὶ
1141 1880 1272 1916 Χριστοῦ,
1287 1880 1334 1907 τοῦ
1355 1881 1585 1916 καταισχύναντος
1598 1881 1644 1907 τὸν
1661 1881 1792 1913 Σατανᾶν,
1807 1881 1855 1907 τὸν

1069 1926 1174 1961 πατέρα
1189 1934 1236 1952 σου
1249 1934 1256 1941 ·
1277 1926 1414 1961 Ῥωμαῖος
1430 1927 1459 1952 δὲ
1472 1927 1590 1962 ὑπάρχω
1601 1927 1632 1953 τδ
1645 1927 1735 1961 γένος,
1750 1927 1857 1961 Μαυρι-

1068 1973 1130 2000 κίου
1155 1973 1202 2000 τοῦ
1231 1972 1404 2006 ἐνδοξότατου
1430 1974 1572 2008 τυγχάνων
1591 1973 1648 2004 υίὸς
1670 1974 1802 2007 σαρκικός
1824 1980 1856 1999 τε

1068 2022 1116 2048 καὶ
1134 2017 1335 2056 πνευματικός·
1356 2020 1386 2053 ἐξ
1401 2020 1484 2047 αὑτοῦ
1505 2021 1559 2055 γὰρ
1583 2020 1723 2055 προελθὼν
1743 2020 1789 2046 καὶ
1804 2019 1856 2054 τὴν

1068 2068 1169 2102 γνῶσιν
1181 2067 1248 2104 παρ’
1259 2067 1342 2094 αὐτοῦ
1356 2066 1476 2102 εἰληφὼς
1492 2066 1539 2094 τοῦ
1552 2066 1631 2099 Θεοῦ,
1645 2067 1686 2098 εἰς
1698 2067 1748 2101 τὴν
1763 2067 1856 2092 πίστιδ

1069 2114 1227 2149 ἀνετράφην
1246 2114 1292 2140 τοῦ
1311 2113 1442 2149 Χριστοῦ,
1455 2113 1485 2139 ὃν
1499 2114 1532 2139 σὺ
1547 2112 1762 2148 ἁπαρνούμενος,
1775 2112 1856 2148 βασι-

1068 2159 1126 2191 λεῦ,
1153 2159 1397 2194 παρασυνεϐλήθης
1423 2159 1479 2190 τοῖς
1508 2159 1619 2194 κτήνεσι
1641 2159 1696 2190 τοῖς
1719 2159 1855 2193 ἀνοήτοις,

1069 2205 1118 2232 καὶ
1130 2204 1276 2240 ὡμοιώθης
1289 2205 1394 2236 αὐτοῖς.

1106 2295 1145 2322 Θ’.
1161 2295 1193 2323 '0
1201 2295 1331 2331 τύραννος
1342 2294 1417 2323 εἶπεν
1425 2304 1432 2311 ·
1454 2296 1632 2331 ’Δνοητεύεις,
1644 2295 1799 2330 μειράκιον,
1810 2295 1857 2322 καὶ

1070 2343 1120 2377 τῆς
1136 2342 1244 2377 ἡλικίας
1255 2342 1317 2376 ἄξια
1329 2343 1458 2376 τυγχάνει
1469 2343 1502 2369 τὰ
1515 2343 1626 2378 ῥήματά
1640 2351 1696 2369 σου.
1711 2341 1856 2376 Διδάχθητι

1072 2388 1118 2416 οὖν
1133 2389 1162 2414 τὺ
1175 2388 1326 2424 συμφέρον,
1344 2389 1389 2415 καὶ
1408 2388 1568 2422 προσελθὼν
1582 2388 1663 2415 θῦσον
1681 2388 1720 2423 τῷ
1733 2389 1857 2423 μεγίστῳ

1067 2434 1122 2470 θεῷ
1136 2435 1189 2467 Διΐ,
1205 2436 1252 2461 καὶ
1275 2435 1366 2469 φεῖσαί
1383 2443 1430 2462 σου
1446 2435 1497 2470 τῆς
1509 2435 1646 2470 νεότητος.
1659 2434 1696 2461 Τὸ
1712 2436 1857 2470 μειράκιον

1067 2479 1119 2515 εφη
1130 2487 1138 2495 ·
1156 2481 1200 2507 Ἐν
1209 2480 1248 2516 τῷ
1257 2481 1296 2516 μὴ
1310 2482 1398 2508 ποιεῖν
1410 2481 1440 2507 τὸ
1449 2481 1554 2516 θέλημά
1564 2489 1611 2508 σου
1619 2480 1708 2514 λέγεις
1719 2489 1766 2516 μοι
1775 2480 1858 2515 ἀνοη-

1067 2526 1180 2559 ταίνειν,
1197 2527 1259 2553 ἐπεὶ
1279 2527 1326 2553 καὶ
1349 2528 1418 2554 πάνυ
1435 2527 1527 2562 φρονῶ
1546 2528 1611 2562 περὶ
1624 2527 1673 2563 τὴν
1695 2527 1787 2554 πίστιν
1808 2527 1856 2553 τοῦ

1068 2571 1172 2607 Κυρίου
1193 2581 1244 2608 μου
1260 2573 1348 2608 Ἰησοῦ
1369 2574 1499 2609 Χριστοῦ.
1513 2574 1580 2601 Τότε
1595 2572 1671 2601 εἶπεν
1691 2575 1705 2601 ό
1726 2573 1858 2608 τύραννος

1070 2617 1139 2653 πρὸς
1158 2618 1220 2649 τοὺς
1243 2618 1338 2652 ἁγίους
1359 2620 1456 2647 πάλιν·
1470 2620 1543 2651 Ἕως
1566 2619 1632 2647 πότε
1652 2619 1700 2655 τῆς
1718 2619 1858 2654 ὑμετέρας

1071 2665 1232 2700 σκαιότητος
1249 2666 1402 2701 ἀνεχόμεθα
1424 2667 1472 2694 καὶ
1491 2668 1551 2699 ταῖς
1565 2666 1692 2702 βασάνοις
1711 2665 1811 2702 ἀνοχὴν
1827 2666 1858 2698 ἐξ

1071 2710 1238 2746 ἀσυγκρίτου
1261 2711 1468 2747 φιλανθρωπίας
1490 2713 1666 2748 παρέχομενς
1693 2712 1795 2740 θύσατε
1810 2710 1858 2740 οὖν

1071 2757 1126 2788 τοῖς
1141 2756 1223 2790 θεοῖς,
1241 2757 1286 2785 ἶνα
1297 2757 1335 2794 μὴ
1351 2758 1401 2793 τὴν
1414 2758 1493 2795 δίκην
1507 2759 1568 2786 καθ’
1583 2759 1660 2795 ὑμῶν
1675 2759 1857 2795 tironum.

1072 2804 1103 2829 0i
1119 2802 1191 2838 ἆγιοι
1207 2802 1284 2832 εἷπον
1300 2804 1339 2840 τῷ
1355 2805 1479 2841 τυράννῳ
1491 2813 1498 2822 ·
1522 2805 1585 2833 Ἐὰν
1600 2806 1666 2842 ἔχῃς
1679 2806 1792 2841 γνῶσιν,
1805 2806 1858 2832 ὑπ-
