  <div class='ocr_page' id='page_1' title='image "/cluster/home/n/w/nwhite01/storage/ocr_20150623/115/njp.32101077772976/218.png"; bbox 0 0 2024 3153; ppageno 0'>
   <div class='ocr_carea' id='block_1_1' title="bbox 163 181 216 212">
    <p class='ocr_par' dir='ltr' id='par_1_1' title="bbox 163 181 216 212">
     <span class='ocr_line' id='line_1_1' title="bbox 163 181 216 212; baseline 0 0"><span class='ocrx_word' id='word_1_1' title='bbox 163 181 216 212; x_wconf 75' lang='grc'><strong>365</strong></span> 
     </span>
    </p>
   </div>
   <div class='ocr_carea' id='block_1_2' title="bbox 656 184 1307 216">
    <p class='ocr_par' dir='ltr' id='par_1_2' title="bbox 656 184 1307 216">
     <span class='ocr_line' id='line_1_2' title="bbox 656 184 1307 216; baseline -0.002 -1"><span class='ocrx_word' id='word_1_2' title='bbox 656 185 744 215; x_wconf 72' lang='lat' dir='ltr'><strong>VITA</strong></span> <span class='ocrx_word' id='word_1_3' title='bbox 765 186 816 216; x_wconf 87' lang='lat' dir='ltr'><strong>SS.</strong></span> <span class='ocrx_word' id='word_1_4' title='bbox 836 184 1018 215; x_wconf 78' lang='lat' dir='ltr'><strong>MAURITU</strong></span> <span class='ocrx_word' id='word_1_5' title='bbox 1036 184 1084 214; x_wconf 81' lang='lat' dir='ltr'><strong>ET</strong></span> <span class='ocrx_word' id='word_1_6' title='bbox 1102 185 1307 215; x_wconf 73' lang='lat' dir='ltr'><strong>SOCIORUM.</strong></span> 
     </span>
    </p>
   </div>
   <div class='ocr_carea' id='block_1_3' title="bbox 1736 187 1786 218">
    <p class='ocr_par' dir='ltr' id='par_1_3' title="bbox 1736 187 1786 218">
     <span class='ocr_line' id='line_1_3' title="bbox 1736 187 1786 218; baseline 0 0"><span class='ocrx_word' id='word_1_7' title='bbox 1736 187 1786 218; x_wconf 68' lang='lat'><strong>365</strong></span> 
     </span>
    </p>
   </div>
   <div class='ocr_carea' id='block_1_4' title="bbox 162 237 951 275">
    <p class='ocr_par' dir='ltr' id='par_1_4' title="bbox 162 237 951 275">
     <span class='ocr_line' id='line_1_4' title="bbox 162 237 951 275; baseline 0.005 -12"><span class='ocrx_word' id='word_1_8' title='bbox 162 237 245 272; x_wconf 68' lang='grc' dir='ltr'>ουργὶ</span> <span class='ocrx_word' id='word_1_9' title='bbox 269 237 324 264; x_wconf 80' lang='grc' dir='ltr'>τῶν</span> <span class='ocrx_word' id='word_1_10' title='bbox 347 238 512 274; x_wconf 73' lang='grc' dir='ltr'><strong>ἀκαθάρτων</strong></span> <span class='ocrx_word' id='word_1_11' title='bbox 527 239 672 274; x_wconf 74' lang='grc' dir='ltr'>δαιμόνων,</span> <span class='ocrx_word' id='word_1_12' title='bbox 687 239 853 275; x_wconf 70' lang='grc' dir='ltr'><strong>μεμάθηκας</strong></span> <span class='ocrx_word' id='word_1_13' title='bbox 876 240 951 275; x_wconf 75' lang='grc' dir='ltr'><strong>παρὰ</strong></span> 
     </span>
    </p>
   </div>
   <div class='ocr_carea' id='block_1_5' title="bbox 1003 237 1787 275">
    <p class='ocr_par' dir='ltr' id='par_1_5' title="bbox 1005 239 1787 274">
     <span class='ocr_line' id='line_1_5' title="bbox 1005 239 1787 274; baseline 0.005 -7"><span class='ocrx_word' id='word_1_14' title='bbox 1005 239 1125 268; x_wconf 84' lang='lat' dir='ltr'><strong>Sceleste</strong></span> <span class='ocrx_word' id='word_1_15' title='bbox 1138 246 1165 268; x_wconf 94' lang='lat' dir='ltr'><strong>ct</strong></span> <span class='ocrx_word' id='word_1_16' title='bbox 1182 241 1344 268; x_wconf 84' lang='lat' dir='ltr'><strong>administer</strong></span> <span class='ocrx_word' id='word_1_17' title='bbox 1361 241 1564 270; x_wconf 83' lang='lat' dir='ltr'><strong>immundorum</strong></span> <span class='ocrx_word' id='word_1_18' title='bbox 1578 242 1744 274; x_wconf 70' lang='lat' dir='ltr'><strong>daemonum,</strong></span> <span class='ocrx_word' id='word_1_19' title='bbox 1765 244 1787 271; x_wconf 69' lang='lat' dir='ltr'><strong>si</strong></span> 
     </span>
    </p>
   </div>
   <div class='ocr_carea' id='block_1_6' title="bbox 163 285 950 322">
    <p class='ocr_par' dir='ltr' id='par_1_6' title="bbox 163 285 950 322">
     <span class='ocr_line' id='line_1_6' title="bbox 163 285 950 322; baseline 0.005 -12"><span class='ocrx_word' id='word_1_20' title='bbox 163 285 298 311; x_wconf 66' lang='grc' dir='ltr'>οωτεινοῦ</span> <span class='ocrx_word' id='word_1_21' title='bbox 322 285 372 320; x_wconf 80' lang='grc' dir='ltr'>τὴν</span> <span class='ocrx_word' id='word_1_22' title='bbox 385 286 524 321; x_wconf 77' lang='grc' dir='ltr'><strong>ἡμετέραν</strong></span> <span class='ocrx_word' id='word_1_23' title='bbox 539 286 630 321; x_wconf 71' lang='grc' dir='ltr'>ἰσχύν·</span> <span class='ocrx_word' id='word_1_24' title='bbox 648 287 672 313; x_wconf 86' lang='grc' dir='ltr'><strong>εί</strong></span> <span class='ocrx_word' id='word_1_25' title='bbox 695 287 750 322; x_wconf 80' lang='grc' dir='ltr'><strong>γὰρ</strong></span> <span class='ocrx_word' id='word_1_26' title='bbox 767 288 868 319; x_wconf 77' lang='grc' dir='ltr'>ἐκεῖνος</span> <span class='ocrx_word' id='word_1_27' title='bbox 891 287 950 319; x_wconf 80' lang='grc' dir='ltr'>νέος</span> 
     </span>
    </p>
   </div>
   <div class='ocr_carea' id='block_1_7' title="bbox 163 332 952 368">
    <p class='ocr_par' dir='ltr' id='par_1_7' title="bbox 163 332 952 368">
     <span class='ocr_line' id='line_1_7' title="bbox 163 332 952 368; baseline 0.004 -11"><span class='ocrx_word' id='word_1_28' title='bbox 163 332 296 366; x_wconf 67' lang='grc' dir='ltr'>ὑπάρχων</span> <span class='ocrx_word' id='word_1_29' title='bbox 311 332 361 367; x_wconf 76' lang='grc' dir='ltr'>τὴν</span> <span class='ocrx_word' id='word_1_30' title='bbox 373 333 482 368; x_wconf 77' lang='grc' dir='ltr'>ἡλικίαν</span> <span class='ocrx_word' id='word_1_31' title='bbox 498 332 665 368; x_wconf 58' lang='grc' dir='ltr'>κατῄσχυνῶι</span> <span class='ocrx_word' id='word_1_32' title='bbox 680 341 725 360; x_wconf 77' lang='grc' dir='ltr'><strong>σου</strong></span> <span class='ocrx_word' id='word_1_33' title='bbox 742 334 791 368; x_wconf 79' lang='grc' dir='ltr'>τὴν</span> <span class='ocrx_word' id='word_1_34' title='bbox 805 333 891 368; x_wconf 70' lang='grc' dir='ltr'>ἀσεϐῆ</span> <span class='ocrx_word' id='word_1_35' title='bbox 903 333 952 360; x_wconf 72' lang='grc' dir='ltr'>καὶ</span> 
     </span>
    </p>
   </div>
   <div class='ocr_carea' id='block_1_8' title="bbox 160 377 952 414">
    <p class='ocr_par' dir='ltr' id='par_1_8' title="bbox 160 377 952 414">
     <span class='ocr_line' id='line_1_8' title="bbox 160 377 952 414; baseline 0.003 -11"><span class='ocrx_word' id='word_1_36' title='bbox 160 377 326 412; x_wconf 75' lang='grc' dir='ltr'>ἀναίσθητον</span> <span class='ocrx_word' id='word_1_37' title='bbox 346 378 462 413; x_wconf 83' lang='grc' dir='ltr'><strong>γνώμην</strong></span> <span class='ocrx_word' id='word_1_38' title='bbox 485 378 530 404; x_wconf 82' lang='grc' dir='ltr'><strong>διὰ</strong></span> <span class='ocrx_word' id='word_1_39' title='bbox 553 379 602 413; x_wconf 81' lang='grc' dir='ltr'>τῆς</span> <span class='ocrx_word' id='word_1_40' title='bbox 621 378 786 414; x_wconf 68' lang='grc' dir='ltr'>εἰλικρινοῦς</span> <span class='ocrx_word' id='word_1_41' title='bbox 802 378 885 405; x_wconf 79' lang='grc' dir='ltr'>αὑτοῦ</span> <span class='ocrx_word' id='word_1_42' title='bbox 908 378 952 405; x_wconf 80' lang='grc' dir='ltr'>πί-</span> 
     </span>
    </p>
   </div>
   <div class='ocr_carea' id='block_1_9' title="bbox 163 424 951 460">
    <p class='ocr_par' dir='ltr' id='par_1_9' title="bbox 163 424 951 460">
     <span class='ocr_line' id='line_1_9' title="bbox 163 424 951 460; baseline 0.003 -10"><span class='ocrx_word' id='word_1_43' title='bbox 163 432 250 455; x_wconf 78' lang='grc' dir='ltr'>στεως</span> <span class='ocrx_word' id='word_1_44' title='bbox 275 424 321 450; x_wconf 65' lang='grc' dir='ltr'><strong>καὶ</strong></span> <span class='ocrx_word' id='word_1_45' title='bbox 341 425 389 459; x_wconf 82' lang='grc' dir='ltr'>τῆς</span> <span class='ocrx_word' id='word_1_46' title='bbox 405 425 445 455; x_wconf 84' lang='grc' dir='ltr'><strong>εἰς</strong></span> <span class='ocrx_word' id='word_1_47' title='bbox 459 425 578 460; x_wconf 68' lang='grc' dir='ltr'>Χριστὸν</span> <span class='ocrx_word' id='word_1_48' title='bbox 597 424 736 458; x_wconf 80' lang='grc' dir='ltr'>γνώσεως,</span> <span class='ocrx_word' id='word_1_49' title='bbox 751 425 827 460; x_wconf 81' lang='grc' dir='ltr'>πόσῳ</span> <span class='ocrx_word' id='word_1_50' title='bbox 851 425 951 460; x_wconf 83' lang='grc' dir='ltr'>μᾶλλον</span> 
     </span>
    </p>
   </div>
   <div class='ocr_carea' id='block_1_10' title="bbox 161 469 952 506">
    <p class='ocr_par' dir='ltr' id='par_1_10' title="bbox 161 469 952 506">
     <span class='ocr_line' id='line_1_10' title="bbox 161 469 952 506; baseline 0.001 -11"><span class='ocrx_word' id='word_1_51' title='bbox 161 471 243 505; x_wconf 77' lang='grc' dir='ltr'>ἡμεῖς</span> <span class='ocrx_word' id='word_1_52' title='bbox 257 469 431 505; x_wconf 69' lang='grc' dir='ltr'><strong>αἱρησόμεθα</strong></span> <span class='ocrx_word' id='word_1_53' title='bbox 447 470 536 501; x_wconf 81' lang='grc' dir='ltr'>πάσας</span> <span class='ocrx_word' id='word_1_54' title='bbox 550 470 684 505; x_wconf 82' lang='grc' dir='ltr'>βασάνους</span> <span class='ocrx_word' id='word_1_55' title='bbox 703 471 864 506; x_wconf 79' lang='grc' dir='ltr'>ὑποστῆναι,</span> <span class='ocrx_word' id='word_1_56' title='bbox 877 471 952 502; x_wconf 81' lang='grc' dir='ltr'>ὅπως</span> 
     </span>
    </p>
   </div>
   <div class='ocr_carea' id='block_1_11' title="bbox 161 515 952 551">
    <p class='ocr_par' dir='ltr' id='par_1_11' title="bbox 161 515 952 551">
     <span class='ocr_line' id='line_1_11' title="bbox 161 515 952 551; baseline 0.003 -10"><span class='ocrx_word' id='word_1_57' title='bbox 161 515 392 551; x_wconf 64' lang='grc' dir='ltr'><strong>καταισχύνωμεν</strong></span> <span class='ocrx_word' id='word_1_58' title='bbox 405 515 450 542; x_wconf 71' lang='grc' dir='ltr'><strong>τον</strong></span> <span class='ocrx_word' id='word_1_59' title='bbox 475 517 581 551; x_wconf 85' lang='grc' dir='ltr'>πατέρα</span> <span class='ocrx_word' id='word_1_60' title='bbox 605 523 661 548; x_wconf 80' lang='grc' dir='ltr'>σου,</span> <span class='ocrx_word' id='word_1_61' title='bbox 681 516 726 543; x_wconf 68' lang='grc' dir='ltr'><strong>τὸν</strong></span> <span class='ocrx_word' id='word_1_62' title='bbox 744 517 881 550; x_wconf 72' lang='grc' dir='ltr'>διάϐολον,</span> <span class='ocrx_word' id='word_1_63' title='bbox 905 517 952 543; x_wconf 78' lang='grc' dir='ltr'>καὶ</span> 
     </span>
    </p>
   </div>
   <div class='ocr_carea' id='block_1_12' title="bbox 162 561 952 597">
    <p class='ocr_par' dir='ltr' id='par_1_12' title="bbox 162 561 952 597">
     <span class='ocr_line' id='line_1_12' title="bbox 162 561 952 597; baseline 0.003 -9"><span class='ocrx_word' id='word_1_64' title='bbox 162 562 397 597; x_wconf 75' lang='grc' dir='ltr'>εὐαρεστήσωμεν</span> <span class='ocrx_word' id='word_1_65' title='bbox 418 561 458 597; x_wconf 86' lang='grc' dir='ltr'>τῷ</span> <span class='ocrx_word' id='word_1_66' title='bbox 478 562 610 597; x_wconf 82' lang='grc' dir='ltr'>Χριστῷ;</span> <span class='ocrx_word' id='word_1_67' title='bbox 626 563 692 590; x_wconf 85' lang='grc' dir='ltr'><strong>Τότε</strong></span> <span class='ocrx_word' id='word_1_68' title='bbox 713 562 852 597; x_wconf 80' lang='grc' dir='ltr'>θυμωθεὶς</span> <span class='ocrx_word' id='word_1_69' title='bbox 868 563 882 589; x_wconf 85' lang='grc' dir='ltr'><strong>ό</strong></span> <span class='ocrx_word' id='word_1_70' title='bbox 904 563 952 590; x_wconf 88' lang='grc' dir='ltr'>τύ-</span> 
     </span>
    </p>
   </div>
   <div class='ocr_carea' id='block_1_13' title="bbox 162 609 952 646">
    <p class='ocr_par' dir='ltr' id='par_1_13' title="bbox 162 609 952 646">
     <span class='ocr_line' id='line_1_13' title="bbox 162 609 952 646; baseline 0 -10"><span class='ocrx_word' id='word_1_71' title='bbox 162 618 259 644; x_wconf 84' lang='grc' dir='ltr'>ραννος</span> <span class='ocrx_word' id='word_1_72' title='bbox 276 609 421 636; x_wconf 69' lang='grc' dir='ltr'>ἐκέλευσεν</span> <span class='ocrx_word' id='word_1_73' title='bbox 433 609 585 636; x_wconf 78' lang='grc' dir='ltr'>τύπτεσθαι</span> <span class='ocrx_word' id='word_1_74' title='bbox 603 610 666 642; x_wconf 81' lang='grc' dir='ltr'>τοὺς</span> <span class='ocrx_word' id='word_1_75' title='bbox 685 610 778 644; x_wconf 75' lang='grc' dir='ltr'>ἀγεους</span> <span class='ocrx_word' id='word_1_76' title='bbox 795 610 952 646; x_wconf 80' lang='grc' dir='ltr'>βουνεὺροις</span> 
     </span>
    </p>
   </div>
   <div class='ocr_carea' id='block_1_14' title="bbox 161 654 950 690">
    <p class='ocr_par' dir='ltr' id='par_1_14' title="bbox 161 654 950 690">
     <span class='ocr_line' id='line_1_14' title="bbox 161 654 950 690; baseline 0.004 -10"><span class='ocrx_word' id='word_1_77' title='bbox 161 655 248 690; x_wconf 81' lang='grc' dir='ltr'>ὠμοῖς</span> <span class='ocrx_word' id='word_1_78' title='bbox 263 662 270 670; x_wconf 89' lang='grc'><strong>·</strong></span> <span class='ocrx_word' id='word_1_79' title='bbox 289 655 335 681; x_wconf 63' lang='grc' dir='ltr'>καὶ</span> <span class='ocrx_word' id='word_1_80' title='bbox 351 654 467 690; x_wconf 72' lang='grc' dir='ltr'>ἧρξαντο</span> <span class='ocrx_word' id='word_1_81' title='bbox 490 655 513 682; x_wconf 86' lang='grc' dir='ltr'><strong>οί</strong></span> <span class='ocrx_word' id='word_1_82' title='bbox 540 655 675 690; x_wconf 72' lang='grc' dir='ltr'>ὑπηρέται</span> <span class='ocrx_word' id='word_1_83' title='bbox 701 655 815 682; x_wconf 78' lang='grc' dir='ltr'><strong>τύπτειν</strong></span> <span class='ocrx_word' id='word_1_84' title='bbox 841 657 950 688; x_wconf 71' lang='grc' dir='ltr'>αὐτοὺς,</span> 
     </span>
    </p>
   </div>
   <div class='ocr_carea' id='block_1_15' title="bbox 161 695 952 736">
    <p class='ocr_par' dir='ltr' id='par_1_15' title="bbox 161 695 952 736">
     <span class='ocr_line' id='line_1_15' title="bbox 161 695 952 736; baseline 0.004 -11"><span class='ocrx_word' id='word_1_85' title='bbox 161 700 214 730; x_wconf 75' lang='grc' dir='ltr'>ἕως</span> <span class='ocrx_word' id='word_1_86' title='bbox 227 695 258 726; x_wconf 73' lang='grc' dir='ltr'><strong>οὒ</strong></span> <span class='ocrx_word' id='word_1_87' title='bbox 274 699 422 735; x_wconf 78' lang='grc' dir='ltr'>διέρραξαν</span> <span class='ocrx_word' id='word_1_88' title='bbox 443 700 492 731; x_wconf 82' lang='grc' dir='ltr'><strong>τὰς</strong></span> <span class='ocrx_word' id='word_1_89' title='bbox 511 700 615 735; x_wconf 79' lang='grc' dir='ltr'><strong>σάρκας</strong></span> <span class='ocrx_word' id='word_1_90' title='bbox 631 701 732 734; x_wconf 84' lang='grc' dir='ltr'>αὐτῶν,</span> <span class='ocrx_word' id='word_1_91' title='bbox 747 701 853 728; x_wconf 74' lang='grc' dir='ltr'>καὶτοῦ</span> <span class='ocrx_word' id='word_1_92' title='bbox 869 701 952 736; x_wconf 71' lang='grc' dir='ltr'>αἵμα-</span> 
     </span>
    </p>
   </div>
   <div class='ocr_carea' id='block_1_16' title="bbox 161 745 950 780">
    <p class='ocr_par' dir='ltr' id='par_1_16' title="bbox 161 745 950 780">
     <span class='ocr_line' id='line_1_16' title="bbox 161 745 950 780; baseline 0.001 -8"><span class='ocrx_word' id='word_1_93' title='bbox 161 754 206 777; x_wconf 80' lang='grc' dir='ltr'><strong>τος</strong></span> <span class='ocrx_word' id='word_1_94' title='bbox 220 745 313 772; x_wconf 85' lang='grc' dir='ltr'>αὐτῶν</span> <span class='ocrx_word' id='word_1_95' title='bbox 331 745 456 780; x_wconf 62' lang='grc' dir='ltr'>σφοδρῶς</span> <span class='ocrx_word' id='word_1_96' title='bbox 473 746 637 780; x_wconf 81' lang='grc' dir='ltr'><strong>φερομένου,</strong></span> <span class='ocrx_word' id='word_1_97' title='bbox 651 746 676 772; x_wconf 84' lang='grc' dir='ltr'><strong>οί</strong></span> <span class='ocrx_word' id='word_1_98' title='bbox 694 746 766 780; x_wconf 74' lang='grc' dir='ltr'>ἅγιοι</span> <span class='ocrx_word' id='word_1_99' title='bbox 785 747 825 778; x_wconf 77' lang='grc' dir='ltr'><strong>εἰς</strong></span> <span class='ocrx_word' id='word_1_100' title='bbox 843 747 889 773; x_wconf 73' lang='grc' dir='ltr'><strong>τὸν</strong></span> <span class='ocrx_word' id='word_1_101' title='bbox 903 747 950 773; x_wconf 76' lang='grc' dir='ltr'><strong>οὗ-</strong></span> 
     </span>
    </p>
   </div>
   <div class='ocr_carea' id='block_1_17' title="bbox 163 791 952 828">
    <p class='ocr_par' dir='ltr' id='par_1_17' title="bbox 163 791 952 828">
     <span class='ocr_line' id='line_1_17' title="bbox 163 791 952 828; baseline 0.003 -10"><span class='ocrx_word' id='word_1_102' title='bbox 163 792 244 828; x_wconf 80' lang='grc' dir='ltr'>ρανὺν</span> <span class='ocrx_word' id='word_1_103' title='bbox 270 791 472 826; x_wconf 76' lang='grc' dir='ltr'>ἀναδλέψαντες</span> <span class='ocrx_word' id='word_1_104' title='bbox 503 793 587 818; x_wconf 71' lang='grc' dir='ltr'>ἐϐόων</span> <span class='ocrx_word' id='word_1_105' title='bbox 610 793 727 828; x_wconf 74' lang='grc' dir='ltr'>Χριστὸν</span> <span class='ocrx_word' id='word_1_106' title='bbox 743 793 789 819; x_wconf 77' lang='grc' dir='ltr'><strong>τὸν</strong></span> <span class='ocrx_word' id='word_1_107' title='bbox 809 793 875 820; x_wconf 76' lang='grc' dir='ltr'>θεὸν</span> <span class='ocrx_word' id='word_1_108' title='bbox 897 795 952 820; x_wconf 81' lang='grc' dir='ltr'>ἱκε-</span> 
     </span>
    </p>
   </div>
   <div class='ocr_carea' id='block_1_18' title="bbox 161 838 950 874">
    <p class='ocr_par' dir='ltr' id='par_1_18' title="bbox 161 838 950 874">
     <span class='ocr_line' id='line_1_18' title="bbox 161 838 950 874; baseline 0.001 -10"><span class='ocrx_word' id='word_1_109' title='bbox 161 838 285 870; x_wconf 82' lang='grc' dir='ltr'>τεύοντες</span> <span class='ocrx_word' id='word_1_110' title='bbox 302 838 443 873; x_wconf 70' lang='grc' dir='ltr'><strong>ἐνισχῦσαι</strong></span> <span class='ocrx_word' id='word_1_111' title='bbox 459 838 557 869; x_wconf 82' lang='grc' dir='ltr'>αὐτοὺς</span> <span class='ocrx_word' id='word_1_112' title='bbox 571 838 619 864; x_wconf 83' lang='grc' dir='ltr'>καὶ</span> <span class='ocrx_word' id='word_1_113' title='bbox 635 838 690 865; x_wconf 77' lang='grc' dir='ltr'>τῶν</span> <span class='ocrx_word' id='word_1_114' title='bbox 708 839 796 866; x_wconf 74' lang='grc' dir='ltr'>πόνων</span> <span class='ocrx_word' id='word_1_115' title='bbox 807 839 950 874; x_wconf 50' lang='lat' dir='ltr'><strong>immo??-</strong></span> 
     </span>
    </p>
   </div>
   <div class='ocr_carea' id='block_1_19' title="bbox 163 882 949 919">
    <p class='ocr_par' dir='ltr' id='par_1_19' title="bbox 163 882 949 919">
     <span class='ocr_line' id='line_1_19' title="bbox 163 882 949 919; baseline 0 -9"><span class='ocrx_word' id='word_1_116' title='bbox 163 892 208 910; x_wconf 85' lang='grc' dir='ltr'><strong>σαι</strong></span> <span class='ocrx_word' id='word_1_117' title='bbox 218 892 226 899; x_wconf 89' lang='grc'><strong>·</strong></span> <span class='ocrx_word' id='word_1_118' title='bbox 247 883 277 915; x_wconf 78' lang='grc' dir='ltr'>ὃς</span> <span class='ocrx_word' id='word_1_119' title='bbox 292 882 449 915; x_wconf 76' lang='grc' dir='ltr'>ἐπακούσας</span> <span class='ocrx_word' id='word_1_120' title='bbox 463 884 513 918; x_wconf 75' lang='grc' dir='ltr'>τῆς</span> <span class='ocrx_word' id='word_1_121' title='bbox 525 883 617 910; x_wconf 80' lang='grc' dir='ltr'>αὐτῶν</span> <span class='ocrx_word' id='word_1_122' title='bbox 632 883 758 916; x_wconf 78' lang='grc' dir='ltr'>ὲκτενοῦς</span> <span class='ocrx_word' id='word_1_123' title='bbox 782 884 949 919; x_wconf 78' lang='grc' dir='ltr'>προσευχῆς,</span> 
     </span>
    </p>
   </div>
   <div class='ocr_carea' id='block_1_20' title="bbox 162 929 950 964">
    <p class='ocr_par' dir='ltr' id='par_1_20' title="bbox 162 929 950 964">
     <span class='ocr_line' id='line_1_20' title="bbox 162 929 950 964; baseline 0.001 -9"><span class='ocrx_word' id='word_1_124' title='bbox 162 929 264 964; x_wconf 58' lang='lat' dir='ltr'><strong>tntis-.11</strong></span> <span class='ocrx_word' id='word_1_125' title='bbox 286 930 378 961; x_wconf 75' lang='grc' dir='ltr'>αὐτοῖς</span> <span class='ocrx_word' id='word_1_126' title='bbox 400 929 438 964; x_wconf 82' lang='grc' dir='ltr'>τῷ</span> <span class='ocrx_word' id='word_1_127' title='bbox 459 930 568 964; x_wconf 77' lang='grc' dir='ltr'>ἀοράτῳ</span> <span class='ocrx_word' id='word_1_128' title='bbox 591 929 675 955; x_wconf 83' lang='grc' dir='ltr'>αὐτοῦ</span> <span class='ocrx_word' id='word_1_129' title='bbox 698 929 812 964; x_wconf 80' lang='grc' dir='ltr'><strong>δυνάμει</strong></span> <span class='ocrx_word' id='word_1_130' title='bbox 836 929 950 956; x_wconf 76' lang='grc' dir='ltr'>καὶτῶν</span> 
     </span>
    </p>
   </div>
   <div class='ocr_carea' id='block_1_21' title="bbox 163 975 951 1012">
    <p class='ocr_par' dir='ltr' id='par_1_21' title="bbox 163 975 951 1012">
     <span class='ocr_line' id='line_1_21' title="bbox 163 975 951 1012; baseline 0 -10"><span class='ocrx_word' id='word_1_131' title='bbox 163 977 251 1003; x_wconf 76' lang='grc' dir='ltr'>πόνων</span> <span class='ocrx_word' id='word_1_132' title='bbox 278 976 332 1002; x_wconf 87' lang='grc' dir='ltr'>τῶν</span> <span class='ocrx_word' id='word_1_133' title='bbox 357 975 483 1012; x_wconf 76' lang='grc' dir='ltr'>βασάνων</span> <span class='ocrx_word' id='word_1_134' title='bbox 504 975 603 1006; x_wconf 74' lang='grc' dir='ltr'>αὐτοὺς</span> <span class='ocrx_word' id='word_1_135' title='bbox 625 975 808 1010; x_wconf 65' lang='grc' dir='ltr'><strong>ἐπεκούφισεν</strong></span> <span class='ocrx_word' id='word_1_136' title='bbox 834 976 881 1002; x_wconf 71' lang='grc' dir='ltr'>καὶ</span> <span class='ocrx_word' id='word_1_137' title='bbox 902 975 951 1007; x_wconf 80' lang='grc' dir='ltr'><strong>τὰς</strong></span> 
     </span>
    </p>
   </div>
   <div class='ocr_carea' id='block_1_22' title="bbox 163 1020 951 1057">
    <p class='ocr_par' dir='ltr' id='par_1_22' title="bbox 163 1020 951 1057">
     <span class='ocr_line' id='line_1_22' title="bbox 163 1020 951 1057; baseline 0 -10"><span class='ocrx_word' id='word_1_138' title='bbox 163 1020 278 1055; x_wconf 81' lang='grc' dir='ltr'>καρδίας</span> <span class='ocrx_word' id='word_1_139' title='bbox 309 1021 400 1048; x_wconf 77' lang='grc' dir='ltr'>αὐτῶν</span> <span class='ocrx_word' id='word_1_140' title='bbox 434 1021 463 1046; x_wconf 82' lang='grc' dir='ltr'>ὲν</span> <span class='ocrx_word' id='word_1_141' title='bbox 495 1021 528 1055; x_wconf 81' lang='grc' dir='ltr'><strong>τῇ</strong></span> <span class='ocrx_word' id='word_1_142' title='bbox 563 1020 631 1054; x_wconf 59' lang='grc' dir='ltr'>προς</span> <span class='ocrx_word' id='word_1_143' title='bbox 659 1021 740 1047; x_wconf 69' lang='grc' dir='ltr'>αὐτόν</span> <span class='ocrx_word' id='word_1_144' title='bbox 770 1021 951 1057; x_wconf 76' lang='grc' dir='ltr'>ἐπεστήριξεν</span> 
     </span>
    </p>
   </div>
   <div class='ocr_carea' id='block_1_23' title="bbox 162 1067 268 1102">
    <p class='ocr_par' dir='ltr' id='par_1_23' title="bbox 162 1067 268 1102">
     <span class='ocr_line' id='line_1_23' title="bbox 162 1067 268 1102; baseline -0.009 -8"><span class='ocrx_word' id='word_1_145' title='bbox 162 1067 268 1102; x_wconf 82' lang='grc' dir='ltr'><strong>ἀγάπῃ.</strong></span> 
     </span>
    </p>
   </div>
   <div class='ocr_carea' id='block_1_24' title="bbox 197 1111 951 1150">
    <p class='ocr_par' dir='ltr' id='par_1_24' title="bbox 197 1111 951 1150">
     <span class='ocr_line' id='line_1_24' title="bbox 197 1111 951 1150; baseline 0 -10"><span class='ocrx_word' id='word_1_146' title='bbox 197 1113 226 1140; x_wconf 79' lang='grc' dir='ltr'>ιι.</span> <span class='ocrx_word' id='word_1_147' title='bbox 251 1114 456 1149; x_wconf 74' lang='grc' dir='ltr'>Ἀτονησὰντων</span> <span class='ocrx_word' id='word_1_148' title='bbox 475 1114 504 1140; x_wconf 73' lang='grc' dir='ltr'>δὲ</span> <span class='ocrx_word' id='word_1_149' title='bbox 521 1114 701 1150; x_wconf 67' lang='grc' dir='ltr'>βασανιστῶν,</span> <span class='ocrx_word' id='word_1_150' title='bbox 721 1111 799 1142; x_wconf 68' lang='grc' dir='ltr'>εἶπεν</span> <span class='ocrx_word' id='word_1_151' title='bbox 816 1114 830 1141; x_wconf 86' lang='grc' dir='ltr'><strong>ό</strong></span> <span class='ocrx_word' id='word_1_152' title='bbox 851 1113 951 1150; x_wconf 77' lang='grc' dir='ltr'>τύραν-</span> 
     </span>
    </p>
   </div>
   <div class='ocr_carea' id='block_1_25' title="bbox 161 1159 951 1198">
    <p class='ocr_par' dir='ltr' id='par_1_25' title="bbox 161 1159 951 1198">
     <span class='ocr_line' id='line_1_25' title="bbox 161 1159 951 1198; baseline -0.001 -10"><span class='ocrx_word' id='word_1_153' title='bbox 161 1170 205 1192; x_wconf 79' lang='grc' dir='ltr'><strong>νος</strong></span> <span class='ocrx_word' id='word_1_154' title='bbox 221 1162 276 1193; x_wconf 78' lang='grc' dir='ltr'>τοῖς</span> <span class='ocrx_word' id='word_1_155' title='bbox 292 1162 397 1195; x_wconf 74' lang='grc' dir='ltr'>ἁγίοις·</span> <span class='ocrx_word' id='word_1_156' title='bbox 415 1161 535 1194; x_wconf 64' lang='grc' dir='ltr'>Ἐγνωτε</span> <span class='ocrx_word' id='word_1_157' title='bbox 552 1161 608 1194; x_wconf 68' lang='grc' dir='ltr'>οὖν,</span> <span class='ocrx_word' id='word_1_158' title='bbox 621 1159 644 1189; x_wconf 83' lang='grc' dir='ltr'><strong>ὦ</strong></span> <span class='ocrx_word' id='word_1_159' title='bbox 659 1161 803 1195; x_wconf 77' lang='grc' dir='ltr'>τολμηταὶ,</span> <span class='ocrx_word' id='word_1_160' title='bbox 834 1162 872 1192; x_wconf 82' lang='grc' dir='ltr'>ὡς</span> <span class='ocrx_word' id='word_1_161' title='bbox 904 1161 951 1198; x_wconf 74' lang='grc' dir='ltr'><strong>ῥᾴ-</strong></span> 
     </span>
    </p>
   </div>
   <div class='ocr_carea' id='block_1_26' title="bbox 160 1207 952 1243">
    <p class='ocr_par' dir='ltr' id='par_1_26' title="bbox 160 1207 952 1243">
     <span class='ocr_line' id='line_1_26' title="bbox 160 1207 952 1243; baseline -0.001 -9"><span class='ocrx_word' id='word_1_162' title='bbox 160 1208 215 1235; x_wconf 85' lang='grc' dir='ltr'>διόν</span> <span class='ocrx_word' id='word_1_163' title='bbox 230 1216 275 1243; x_wconf 81' lang='grc' dir='ltr'><strong>μοι</strong></span> <span class='ocrx_word' id='word_1_164' title='bbox 287 1208 441 1241; x_wconf 78' lang='grc' dir='ltr'>καθέστηκε</span> <span class='ocrx_word' id='word_1_165' title='bbox 453 1208 501 1242; x_wconf 78' lang='grc' dir='ltr'>τὴν</span> <span class='ocrx_word' id='word_1_166' title='bbox 514 1207 587 1243; x_wconf 76' lang='grc' dir='ltr'>ζωὴν</span> <span class='ocrx_word' id='word_1_167' title='bbox 600 1208 678 1243; x_wconf 71' lang='grc' dir='ltr'>ὑμῶν</span> <span class='ocrx_word' id='word_1_168' title='bbox 689 1207 820 1234; x_wconf 77' lang='grc' dir='ltr'>ἀπολέσαι</span> <span class='ocrx_word' id='word_1_169' title='bbox 831 1215 837 1221; x_wconf 90' lang='grc'><strong><em>“</em></strong></span> <span class='ocrx_word' id='word_1_170' title='bbox 851 1207 952 1234; x_wconf 82' lang='grc' dir='ltr'>θύσατε</span> 
     </span>
    </p>
   </div>
   <div class='ocr_carea' id='block_1_27' title="bbox 161 1253 950 1289">
    <p class='ocr_par' dir='ltr' id='par_1_27' title="bbox 161 1253 950 1289">
     <span class='ocr_line' id='line_1_27' title="bbox 161 1253 950 1289; baseline 0.001 -9"><span class='ocrx_word' id='word_1_171' title='bbox 161 1254 207 1280; x_wconf 72' lang='grc' dir='ltr'>οὖν</span> <span class='ocrx_word' id='word_1_172' title='bbox 223 1255 279 1284; x_wconf 82' lang='grc' dir='ltr'>τοῖς</span> <span class='ocrx_word' id='word_1_173' title='bbox 295 1253 377 1285; x_wconf 78' lang='grc' dir='ltr'>θεοῖς,</span> <span class='ocrx_word' id='word_1_174' title='bbox 394 1253 438 1280; x_wconf 76' lang='grc' dir='ltr'>ἵνα</span> <span class='ocrx_word' id='word_1_175' title='bbox 453 1253 490 1289; x_wconf 83' lang='grc' dir='ltr'>μὴ</span> <span class='ocrx_word' id='word_1_176' title='bbox 507 1255 676 1288; x_wconf 80' lang='grc' dir='ltr'>πικροτέρων</span> <span class='ocrx_word' id='word_1_177' title='bbox 697 1254 849 1289; x_wconf 78' lang='grc' dir='ltr'>πειρωθῆτε</span> <span class='ocrx_word' id='word_1_178' title='bbox 866 1253 950 1288; x_wconf 74' lang='grc' dir='ltr'>βασά-</span> 
     </span>
    </p>
   </div>
   <div class='ocr_carea' id='block_1_28' title="bbox 162 1297 950 1335">
    <p class='ocr_par' dir='ltr' id='par_1_28' title="bbox 162 1297 950 1335">
     <span class='ocr_line' id='line_1_28' title="bbox 162 1297 950 1335; baseline 0 -9"><span class='ocrx_word' id='word_1_179' title='bbox 162 1309 226 1327; x_wconf 79' lang='grc' dir='ltr'>νων.</span> <span class='ocrx_word' id='word_1_180' title='bbox 247 1299 455 1334; x_wconf 76' lang='grc' dir='ltr'>Ἀποκριθέντες</span> <span class='ocrx_word' id='word_1_181' title='bbox 478 1299 506 1326; x_wconf 80' lang='grc' dir='ltr'>δὲ</span> <span class='ocrx_word' id='word_1_182' title='bbox 527 1301 552 1326; x_wconf 87' lang='grc' dir='ltr'>οἱ</span> <span class='ocrx_word' id='word_1_183' title='bbox 572 1299 643 1333; x_wconf 77' lang='grc' dir='ltr'>ἆγιοι</span> <span class='ocrx_word' id='word_1_184' title='bbox 660 1299 698 1335; x_wconf 85' lang='grc' dir='ltr'><strong>τῷ</strong></span> <span class='ocrx_word' id='word_1_185' title='bbox 714 1300 836 1335; x_wconf 68' lang='grc' dir='ltr'>τυράννῳ</span> <span class='ocrx_word' id='word_1_186' title='bbox 859 1297 950 1326; x_wconf 76' lang='grc' dir='ltr'>εἶπον·</span> 
     </span>
    </p>
   </div>
   <div class='ocr_carea' id='block_1_29' title="bbox 163 1345 951 1380">
    <p class='ocr_par' dir='ltr' id='par_1_29' title="bbox 163 1345 951 1380">
     <span class='ocr_line' id='line_1_29' title="bbox 163 1345 951 1380; baseline 0 -8"><span class='ocrx_word' id='word_1_187' title='bbox 163 1346 248 1373; x_wconf 84' lang='grc' dir='ltr'>Τοῦτο</span> <span class='ocrx_word' id='word_1_188' title='bbox 263 1345 393 1380; x_wconf 81' lang='grc' dir='ltr'>γίνωσκε,</span> <span class='ocrx_word' id='word_1_189' title='bbox 410 1346 578 1372; x_wconf 81' lang='grc' dir='ltr'>ἁσεόἐστατε</span> <span class='ocrx_word' id='word_1_190' title='bbox 595 1347 641 1372; x_wconf 78' lang='grc' dir='ltr'>καὶ</span> <span class='ocrx_word' id='word_1_191' title='bbox 653 1345 776 1380; x_wconf 78' lang='grc' dir='ltr'>ἁλλότριε</span> <span class='ocrx_word' id='word_1_192' title='bbox 795 1345 841 1372; x_wconf 81' lang='grc' dir='ltr'>τοῦ</span> <span class='ocrx_word' id='word_1_193' title='bbox 855 1345 951 1380; x_wconf 77' lang='grc' dir='ltr'>ἀληθι-</span> 
     </span>
    </p>
   </div>
   <div class='ocr_carea' id='block_1_30' title="bbox 163 1391 952 1427">
    <p class='ocr_par' dir='ltr' id='par_1_30' title="bbox 163 1391 952 1427">
     <span class='ocr_line' id='line_1_30' title="bbox 163 1391 952 1427; baseline 0.001 -10"><span class='ocrx_word' id='word_1_194' title='bbox 163 1391 208 1418; x_wconf 88' lang='grc' dir='ltr'>νοῦ</span> <span class='ocrx_word' id='word_1_195' title='bbox 221 1391 301 1427; x_wconf 79' lang='grc' dir='ltr'><strong>ήμῶν</strong></span> <span class='ocrx_word' id='word_1_196' title='bbox 316 1391 394 1424; x_wconf 74' lang='grc' dir='ltr'>Θεοῦ,</span> <span class='ocrx_word' id='word_1_197' title='bbox 407 1392 459 1423; x_wconf 70' lang='grc' dir='ltr'>ὅτι,</span> <span class='ocrx_word' id='word_1_198' title='bbox 472 1391 566 1427; x_wconf 77' lang='grc' dir='ltr'>ὥσπερ</span> <span class='ocrx_word' id='word_1_199' title='bbox 581 1393 612 1418; x_wconf 72' lang='grc' dir='ltr'>σὺ</span> <span class='ocrx_word' id='word_1_200' title='bbox 628 1392 678 1418; x_wconf 77' lang='grc' dir='ltr'>οὐκ</span> <span class='ocrx_word' id='word_1_201' title='bbox 693 1392 808 1427; x_wconf 69' lang='grc' dir='ltr'>αἰσθάνῃ</span> <span class='ocrx_word' id='word_1_202' title='bbox 823 1391 870 1426; x_wconf 68' lang='grc' dir='ltr'>τῆς</span> <span class='ocrx_word' id='word_1_203' title='bbox 884 1392 952 1426; x_wconf 84' lang='grc' dir='ltr'><strong>ἀγά-</strong></span> 
     </span>
    </p>
   </div>
   <div class='ocr_carea' id='block_1_31' title="bbox 163 1438 952 1476">
    <p class='ocr_par' dir='ltr' id='par_1_31' title="bbox 163 1438 952 1476">
     <span class='ocr_line' id='line_1_31' title="bbox 163 1438 952 1476; baseline -0.001 -9"><span class='ocrx_word' id='word_1_204' title='bbox 163 1449 216 1476; x_wconf 86' lang='grc' dir='ltr'><strong>πης</strong></span> <span class='ocrx_word' id='word_1_205' title='bbox 232 1440 279 1467; x_wconf 77' lang='grc' dir='ltr'>τοῦ</span> <span class='ocrx_word' id='word_1_206' title='bbox 296 1439 415 1476; x_wconf 78' lang='grc' dir='ltr'>Χριστοῦ</span> <span class='ocrx_word' id='word_1_207' title='bbox 442 1440 487 1466; x_wconf 72' lang='grc' dir='ltr'>καὶ</span> <span class='ocrx_word' id='word_1_208' title='bbox 508 1440 557 1474; x_wconf 82' lang='grc' dir='ltr'>τῆς</span> <span class='ocrx_word' id='word_1_209' title='bbox 583 1439 776 1474; x_wconf 78' lang='grc' dir='ltr'>λαμπρότητος</span> <span class='ocrx_word' id='word_1_210' title='bbox 793 1439 886 1472; x_wconf 71' lang='grc' dir='ltr'>αὐτοῦ,</span> <span class='ocrx_word' id='word_1_211' title='bbox 907 1438 952 1466; x_wconf 72' lang='grc' dir='ltr'><strong>διὰ</strong></span> 
     </span>
    </p>
   </div>
   <div class='ocr_carea' id='block_1_32' title="bbox 162 1484 951 1520">
    <p class='ocr_par' dir='ltr' id='par_1_32' title="bbox 162 1484 951 1520">
     <span class='ocr_line' id='line_1_32' title="bbox 162 1484 951 1520; baseline -0.001 -8"><span class='ocrx_word' id='word_1_212' title='bbox 162 1486 207 1512; x_wconf 65' lang='grc' dir='ltr'><strong>τὸν</strong></span> <span class='ocrx_word' id='word_1_213' title='bbox 223 1484 459 1520; x_wconf 77' lang='grc' dir='ltr'>περικαλύπτοντα</span> <span class='ocrx_word' id='word_1_214' title='bbox 475 1485 524 1520; x_wconf 83' lang='grc' dir='ltr'>τὴν</span> <span class='ocrx_word' id='word_1_215' title='bbox 539 1484 658 1512; x_wconf 64' lang='grc' dir='ltr'>διάνοιάν</span> <span class='ocrx_word' id='word_1_216' title='bbox 671 1493 717 1512; x_wconf 81' lang='grc' dir='ltr'><strong>σου</strong></span> <span class='ocrx_word' id='word_1_217' title='bbox 733 1486 764 1511; x_wconf 83' lang='grc' dir='ltr'>ὲκ</span> <span class='ocrx_word' id='word_1_218' title='bbox 783 1486 832 1519; x_wconf 80' lang='grc' dir='ltr'><strong>τῆς</strong></span> <span class='ocrx_word' id='word_1_219' title='bbox 848 1484 951 1519; x_wconf 74' lang='grc' dir='ltr'>πλάνης</span> 
     </span>
    </p>
   </div>
   <div class='ocr_carea' id='block_1_33' title="bbox 164 1529 951 1566">
    <p class='ocr_par' dir='ltr' id='par_1_33' title="bbox 164 1529 951 1566">
     <span class='ocr_line' id='line_1_33' title="bbox 164 1529 951 1566; baseline -0.004 -7"><span class='ocrx_word' id='word_1_220' title='bbox 164 1531 216 1559; x_wconf 73' lang='grc' dir='ltr'><strong>τῶν</strong></span> <span class='ocrx_word' id='word_1_221' title='bbox 230 1531 365 1566; x_wconf 76' lang='grc' dir='ltr'>δαιμόνων</span> <span class='ocrx_word' id='word_1_222' title='bbox 382 1531 487 1562; x_wconf 77' lang='grc' dir='ltr'>σκότον,</span> <span class='ocrx_word' id='word_1_223' title='bbox 501 1530 586 1562; x_wconf 73' lang='grc' dir='ltr'>οὕτως</span> <span class='ocrx_word' id='word_1_224' title='bbox 599 1530 657 1557; x_wconf 77' lang='grc' dir='ltr'>οὐδὲ</span> <span class='ocrx_word' id='word_1_225' title='bbox 672 1531 751 1566; x_wconf 76' lang='grc' dir='ltr'>ἡμεῖς</span> <span class='ocrx_word' id='word_1_226' title='bbox 762 1530 814 1556; x_wconf 76' lang='grc' dir='ltr'><strong>τῶν</strong></span> <span class='ocrx_word' id='word_1_227' title='bbox 827 1529 951 1565; x_wconf 78' lang='grc' dir='ltr'>βασάνων</span> 
     </span>
    </p>
   </div>
   <div class='ocr_carea' id='block_1_34' title="bbox 1003 286 1789 322">
    <p class='ocr_par' dir='ltr' id='par_1_34' title="bbox 1003 286 1789 322">
     <span class='ocr_line' id='line_1_34' title="bbox 1003 286 1789 322; baseline 0.005 -9"><span class='ocrx_word' id='word_1_228' title='bbox 1003 286 1069 321; x_wconf 92' lang='lat' dir='ltr'><strong>quid</strong></span> <span class='ocrx_word' id='word_1_229' title='bbox 1083 287 1185 322; x_wconf 75' lang='lat' dir='ltr'><strong>ingenii</strong></span> <span class='ocrx_word' id='word_1_230' title='bbox 1205 287 1307 314; x_wconf 79' lang='lat' dir='ltr'><strong>habeas</strong></span> <span class='ocrx_word' id='word_1_231' title='bbox 1330 292 1377 314; x_wconf 85' lang='lat' dir='ltr'><strong>aut</strong></span> <span class='ocrx_word' id='word_1_232' title='bbox 1399 288 1531 321; x_wconf 74' lang='lat' dir='ltr'><strong>sciemize,</strong></span> <span class='ocrx_word' id='word_1_233' title='bbox 1550 289 1669 317; x_wconf 72' lang='lat' dir='ltr'><strong>didicisti</strong></span> <span class='ocrx_word' id='word_1_234' title='bbox 1685 298 1700 317; x_wconf 89' lang='lat' dir='ltr'><strong>a</strong></span> <span class='ocrx_word' id='word_1_235' title='bbox 1716 289 1789 317; x_wconf 85' lang='lat' dir='ltr'><strong>Pho-</strong></span> 
     </span>
    </p>
   </div>
   <div class='ocr_carea' id='block_1_35' title="bbox 1004 333 1787 369">
    <p class='ocr_par' dir='ltr' id='par_1_35' title="bbox 1004 333 1787 369">
     <span class='ocr_line' id='line_1_35' title="bbox 1004 333 1787 369; baseline 0.006 -10"><span class='ocrx_word' id='word_1_236' title='bbox 1004 334 1061 360; x_wconf 87' lang='lat' dir='ltr'><strong>tino</strong></span> <span class='ocrx_word' id='word_1_237' title='bbox 1074 338 1195 360; x_wconf 85' lang='lat' dir='ltr'><strong>nostram</strong></span> <span class='ocrx_word' id='word_1_238' title='bbox 1212 333 1292 361; x_wconf 76' lang='lat' dir='ltr'><strong>ﬁdem</strong></span> <span class='ocrx_word' id='word_1_239' title='bbox 1314 338 1341 361; x_wconf 92' lang='lat' dir='ltr'><strong>et</strong></span> <span class='ocrx_word' id='word_1_240' title='bbox 1352 334 1426 362; x_wconf 83' lang='lat' dir='ltr'><strong>vires</strong></span> <span class='ocrx_word' id='word_1_241' title='bbox 1452 340 1570 362; x_wconf 87' lang='lat' dir='ltr'><strong>nostras.</strong></span> <span class='ocrx_word' id='word_1_242' title='bbox 1595 336 1622 363; x_wconf 90' lang='lat' dir='ltr'><strong>Si</strong></span> <span class='ocrx_word' id='word_1_243' title='bbox 1642 336 1716 364; x_wconf 90' lang='lat' dir='ltr'><strong>enim</strong></span> <span class='ocrx_word' id='word_1_244' title='bbox 1731 337 1787 369; x_wconf 81' lang='lat' dir='ltr'><strong>ille.</strong></span> 
     </span>
    </p>
   </div>
   <div class='ocr_carea' id='block_1_36' title="bbox 1003 379 1788 416">
    <p class='ocr_par' dir='ltr' id='par_1_36' title="bbox 1003 379 1788 416">
     <span class='ocr_line' id='line_1_36' title="bbox 1003 379 1788 416; baseline 0.005 -10"><span class='ocrx_word' id='word_1_245' title='bbox 1003 386 1064 406; x_wconf 84' lang='lat' dir='ltr'><strong>Cum</strong></span> <span class='ocrx_word' id='word_1_246' title='bbox 1077 379 1112 406; x_wconf 85' lang='lat' dir='ltr'><strong>sit</strong></span> <span class='ocrx_word' id='word_1_247' title='bbox 1127 384 1207 407; x_wconf 72' lang='lat' dir='ltr'><strong>aetate</strong></span> <span class='ocrx_word' id='word_1_248' title='bbox 1221 379 1342 415; x_wconf 81' lang='lat' dir='ltr'><strong>juvenis,</strong></span> <span class='ocrx_word' id='word_1_249' title='bbox 1358 380 1464 415; x_wconf 91' lang='lat' dir='ltr'><strong>pudore</strong></span> <span class='ocrx_word' id='word_1_250' title='bbox 1483 381 1575 408; x_wconf 83' lang='lat' dir='ltr'><strong>all‘ecit</strong></span> <span class='ocrx_word' id='word_1_251' title='bbox 1590 381 1699 416; x_wconf 79' lang='lat' dir='ltr'><strong>impiam</strong></span> <span class='ocrx_word' id='word_1_252' title='bbox 1713 387 1788 410; x_wconf 89' lang='lat' dir='ltr'><strong>tuam</strong></span> 
     </span>
    </p>
   </div>
   <div class='ocr_carea' id='block_1_37' title="bbox 1003 426 1788 462">
    <p class='ocr_par' dir='ltr' id='par_1_37' title="bbox 1003 426 1788 462">
     <span class='ocr_line' id='line_1_37' title="bbox 1003 426 1788 462; baseline 0.006 -11"><span class='ocrx_word' id='word_1_253' title='bbox 1003 429 1122 452; x_wconf 89' lang='lat' dir='ltr'><strong>mentem</strong></span> <span class='ocrx_word' id='word_1_254' title='bbox 1146 429 1174 452; x_wconf 89' lang='lat' dir='ltr'><strong>et</strong></span> <span class='ocrx_word' id='word_1_255' title='bbox 1191 426 1266 453; x_wconf 90' lang='lat' dir='ltr'><strong>nullo</strong></span> <span class='ocrx_word' id='word_1_256' title='bbox 1289 433 1370 453; x_wconf 88' lang='lat' dir='ltr'><strong>sensu</strong></span> <span class='ocrx_word' id='word_1_257' title='bbox 1399 426 1553 461; x_wconf 68' lang='lat' dir='ltr'><strong>praeditam.</strong></span> <span class='ocrx_word' id='word_1_258' title='bbox 1578 434 1627 462; x_wconf 90' lang='lat' dir='ltr'><strong>per</strong></span> <span class='ocrx_word' id='word_1_259' title='bbox 1651 428 1788 456; x_wconf 82' lang='lat' dir='ltr'><strong>sinceram</strong></span> 
     </span>
    </p>
   </div>
   <div class='ocr_carea' id='block_1_38' title="bbox 1003 470 1789 508">
    <p class='ocr_par' dir='ltr' id='par_1_38' title="bbox 1003 470 1789 508">
     <span class='ocr_line' id='line_1_38' title="bbox 1003 470 1789 508; baseline 0.005 -12"><span class='ocrx_word' id='word_1_260' title='bbox 1003 478 1080 497; x_wconf 87' lang='lat' dir='ltr'><strong>suam</strong></span> <span class='ocrx_word' id='word_1_261' title='bbox 1101 470 1181 497; x_wconf 86' lang='lat' dir='ltr'><strong>tidem</strong></span> <span class='ocrx_word' id='word_1_262' title='bbox 1203 475 1231 498; x_wconf 92' lang='lat' dir='ltr'><strong>et</strong></span> <span class='ocrx_word' id='word_1_263' title='bbox 1253 471 1356 498; x_wconf 90' lang='lat' dir='ltr'><strong>Christi</strong></span> <span class='ocrx_word' id='word_1_264' title='bbox 1372 471 1568 506; x_wconf 76' lang='lat' dir='ltr'><strong>cognitionem,</strong></span> <span class='ocrx_word' id='word_1_265' title='bbox 1583 476 1687 506; x_wconf 90' lang='lat' dir='ltr'><strong>quanto</strong></span> <span class='ocrx_word' id='word_1_266' title='bbox 1702 474 1789 508; x_wconf 75' lang='lat' dir='ltr'><strong>magis</strong></span> 
     </span>
    </p>
   </div>
   <div class='ocr_carea' id='block_1_39' title="bbox 1002 516 1789 550">
    <p class='ocr_par' dir='ltr' id='par_1_39' title="bbox 1002 516 1789 550">
     <span class='ocr_line' id='line_1_39' title="bbox 1002 516 1789 550; baseline 0.005 -8"><span class='ocrx_word' id='word_1_267' title='bbox 1002 523 1054 543; x_wconf 91' lang='lat' dir='ltr'><strong>nos</strong></span> <span class='ocrx_word' id='word_1_268' title='bbox 1080 516 1281 544; x_wconf 90' lang='lat' dir='ltr'><strong>contendemus</strong></span> <span class='ocrx_word' id='word_1_269' title='bbox 1309 521 1446 544; x_wconf 88' lang='lat' dir='ltr'><strong>tormenta</strong></span> <span class='ocrx_word' id='word_1_270' title='bbox 1471 517 1562 544; x_wconf 87' lang='lat' dir='ltr'><strong>omnia</strong></span> <span class='ocrx_word' id='word_1_271' title='bbox 1586 518 1734 550; x_wconf 86' lang='lat' dir='ltr'><strong>sustinere.</strong></span> <span class='ocrx_word' id='word_1_272' title='bbox 1759 524 1789 546; x_wconf 92' lang='lat' dir='ltr'><strong>ut</strong></span> 
     </span>
    </p>
   </div>
   <div class='ocr_carea' id='block_1_40' title="bbox 1002 561 1788 599">
    <p class='ocr_par' dir='ltr' id='par_1_40' title="bbox 1002 561 1788 599">
     <span class='ocr_line' id='line_1_40' title="bbox 1002 561 1788 599; baseline 0.005 -11"><span class='ocrx_word' id='word_1_273' title='bbox 1002 561 1108 597; x_wconf 88' lang='lat' dir='ltr'><strong>pudore</strong></span> <span class='ocrx_word' id='word_1_274' title='bbox 1137 561 1287 590; x_wconf 80' lang='lat' dir='ltr'><strong>alltciamus</strong></span> <span class='ocrx_word' id='word_1_275' title='bbox 1301 567 1406 598; x_wconf 87' lang='lat' dir='ltr'><strong>patrem</strong></span> <span class='ocrx_word' id='word_1_276' title='bbox 1420 567 1497 590; x_wconf 92' lang='lat' dir='ltr'><strong>tuum</strong></span> <span class='ocrx_word' id='word_1_277' title='bbox 1515 563 1665 596; x_wconf 86' lang='lat' dir='ltr'><strong>diabolum,</strong></span> <span class='ocrx_word' id='word_1_278' title='bbox 1680 568 1709 592; x_wconf 85' lang='lat' dir='ltr'><strong>et</strong></span> <span class='ocrx_word' id='word_1_279' title='bbox 1729 564 1788 599; x_wconf 77' lang='lat' dir='ltr'><strong>pla-</strong></span> 
     </span>
    </p>
   </div>
   <div class='ocr_carea' id='block_1_41' title="bbox 1003 607 1789 646">
    <p class='ocr_par' dir='ltr' id='par_1_41' title="bbox 1003 607 1789 646">
     <span class='ocr_line' id='line_1_41' title="bbox 1003 607 1789 646; baseline 0.006 -12"><span class='ocrx_word' id='word_1_280' title='bbox 1003 615 1114 635; x_wconf 84' lang='lat' dir='ltr'><strong>ceamus</strong></span> <span class='ocrx_word' id='word_1_281' title='bbox 1122 607 1232 636; x_wconf 78' lang='lat' dir='ltr'><strong>Christo</strong></span> <span class='ocrx_word' id='word_1_282' title='bbox 1245 612 1339 636; x_wconf 84' lang='lat' dir='ltr'><strong>nostro</strong></span> <span class='ocrx_word' id='word_1_283' title='bbox 1346 614 1373 636; x_wconf 91' lang='lat' dir='ltr'><strong>et</strong></span> <span class='ocrx_word' id='word_1_284' title='bbox 1386 610 1440 637; x_wconf 90' lang='lat' dir='ltr'><strong>Deo</strong></span> <span class='ocrx_word' id='word_1_285' title='bbox 1448 609 1460 634; x_wconf 66' lang='grc' dir='ltr'><strong>ἲ</strong></span> <span class='ocrx_word' id='word_1_286' title='bbox 1469 609 1547 637; x_wconf 84' lang='lat' dir='ltr'><strong>Tunc</strong></span> <span class='ocrx_word' id='word_1_287' title='bbox 1559 609 1645 637; x_wconf 85' lang='lat' dir='ltr'><strong>iratus</strong></span> <span class='ocrx_word' id='word_1_288' title='bbox 1655 612 1789 646; x_wconf 80' lang='lat' dir='ltr'><strong>tyrannus</strong></span> 
     </span>
    </p>
   </div>
   <div class='ocr_carea' id='block_1_42' title="bbox 1000 653 1788 689">
    <p class='ocr_par' dir='ltr' id='par_1_42' title="bbox 1000 653 1788 689">
     <span class='ocr_line' id='line_1_42' title="bbox 1000 653 1788 689; baseline 0.005 -9"><span class='ocrx_word' id='word_1_289' title='bbox 1000 653 1083 689; x_wconf 84' lang='lat' dir='ltr'><strong>jusslt</strong></span> <span class='ocrx_word' id='word_1_290' title='bbox 1106 659 1218 681; x_wconf 86' lang='lat' dir='ltr'><strong>sanctos</strong></span> <span class='ocrx_word' id='word_1_291' title='bbox 1239 654 1378 682; x_wconf 72' lang='lat' dir='ltr'><strong>verberati</strong></span> <span class='ocrx_word' id='word_1_292' title='bbox 1401 655 1496 682; x_wconf 83' lang='lat' dir='ltr'><strong>crudis</strong></span> <span class='ocrx_word' id='word_1_293' title='bbox 1518 655 1601 682; x_wconf 86' lang='lat' dir='ltr'><strong>boum</strong></span> <span class='ocrx_word' id='word_1_294' title='bbox 1630 658 1741 684; x_wconf 75' lang='lat' dir='ltr'><strong>nervis:</strong></span> <span class='ocrx_word' id='word_1_295' title='bbox 1759 661 1788 684; x_wconf 89' lang='lat' dir='ltr'><strong>et</strong></span> 
     </span>
    </p>
   </div>
   <div class='ocr_carea' id='block_1_43' title="bbox 1002 700 1789 734">
    <p class='ocr_par' dir='ltr' id='par_1_43' title="bbox 1002 700 1789 734">
     <span class='ocr_line' id='line_1_43' title="bbox 1002 700 1789 734; baseline 0.006 -8"><span class='ocrx_word' id='word_1_296' title='bbox 1002 704 1146 734; x_wconf 69' lang='lat' dir='ltr'><strong>cmpcrunt</strong></span> <span class='ocrx_word' id='word_1_297' title='bbox 1155 700 1274 728; x_wconf 75' lang='lat' dir='ltr'><strong>ministri</strong></span> <span class='ocrx_word' id='word_1_298' title='bbox 1285 708 1333 728; x_wconf 82' lang='lat' dir='ltr'><strong>eos</strong></span> <span class='ocrx_word' id='word_1_299' title='bbox 1357 701 1473 732; x_wconf 70' lang='lat' dir='ltr'><strong>ctedere.</strong></span> <span class='ocrx_word' id='word_1_300' title='bbox 1486 701 1574 730; x_wconf 91' lang='lat' dir='ltr'><strong>donec</strong></span> <span class='ocrx_word' id='word_1_301' title='bbox 1585 711 1682 730; x_wconf 86' lang='lat' dir='ltr'><strong>carnes</strong></span> <span class='ocrx_word' id='word_1_302' title='bbox 1693 711 1789 731; x_wconf 91' lang='lat' dir='ltr'><strong>eorum</strong></span> 
     </span>
    </p>
   </div>
   <div class='ocr_carea' id='block_1_44' title="bbox 1003 745 1789 780">
    <p class='ocr_par' dir='ltr' id='par_1_44' title="bbox 1003 745 1789 780">
     <span class='ocr_line' id='line_1_44' title="bbox 1003 745 1789 780; baseline 0.005 -8"><span class='ocrx_word' id='word_1_303' title='bbox 1003 745 1233 780; x_wconf 86' lang='lat' dir='ltr'><strong>discerpserunt:</strong></span> <span class='ocrx_word' id='word_1_304' title='bbox 1268 750 1374 774; x_wconf 84' lang='lat' dir='ltr'><strong>etcum</strong></span> <span class='ocrx_word' id='word_1_305' title='bbox 1406 747 1486 775; x_wconf 76' lang='lat' dir='ltr'><strong>valde</strong></span> <span class='ocrx_word' id='word_1_306' title='bbox 1513 752 1655 776; x_wconf 77' lang='lat' dir='ltr'><strong>emanaret</strong></span> <span class='ocrx_word' id='word_1_307' title='bbox 1693 756 1789 776; x_wconf 88' lang='lat' dir='ltr'><strong>eorum</strong></span> 
     </span>
    </p>
   </div>
   <div class='ocr_carea' id='block_1_45' title="bbox 1003 792 1790 828">
    <p class='ocr_par' dir='ltr' id='par_1_45' title="bbox 1003 792 1790 828">
     <span class='ocr_line' id='line_1_45' title="bbox 1003 792 1790 828; baseline 0.006 -11"><span class='ocrx_word' id='word_1_308' title='bbox 1003 792 1125 826; x_wconf 79' lang='lat' dir='ltr'><strong>sanguis,</strong></span> <span class='ocrx_word' id='word_1_309' title='bbox 1145 792 1232 819; x_wconf 82' lang='lat' dir='ltr'><strong>sancti</strong></span> <span class='ocrx_word' id='word_1_310' title='bbox 1250 799 1360 820; x_wconf 91' lang='lat' dir='ltr'><strong>sursum</strong></span> <span class='ocrx_word' id='word_1_311' title='bbox 1379 793 1546 828; x_wconf 90' lang='lat' dir='ltr'><strong>aspicientes</strong></span> <span class='ocrx_word' id='word_1_312' title='bbox 1565 795 1591 822; x_wconf 91' lang='lat' dir='ltr'><strong>in</strong></span> <span class='ocrx_word' id='word_1_313' title='bbox 1609 795 1720 827; x_wconf 70' lang='lat' dir='ltr'><strong>caelum,</strong></span> <span class='ocrx_word' id='word_1_314' title='bbox 1732 796 1790 822; x_wconf 86' lang='lat' dir='ltr'><strong>cla-</strong></span> 
     </span>
    </p>
   </div>
   <div class='ocr_carea' id='block_1_46' title="bbox 1004 835 1790 872">
    <p class='ocr_par' dir='ltr' id='par_1_46' title="bbox 1004 835 1790 872">
     <span class='ocr_line' id='line_1_46' title="bbox 1004 835 1790 872; baseline 0.009 -11"><span class='ocrx_word' id='word_1_315' title='bbox 1004 835 1115 862; x_wconf 85' lang='lat' dir='ltr'><strong>mabant</strong></span> <span class='ocrx_word' id='word_1_316' title='bbox 1130 835 1240 863; x_wconf 85' lang='lat' dir='ltr'><strong>Christo</strong></span> <span class='ocrx_word' id='word_1_317' title='bbox 1266 837 1464 872; x_wconf 83' lang='lat' dir='ltr'><strong>supplicantes,</strong></span> <span class='ocrx_word' id='word_1_318' title='bbox 1483 839 1563 866; x_wconf 89' lang='lat' dir='ltr'><strong>uteis</strong></span> <span class='ocrx_word' id='word_1_319' title='bbox 1576 839 1650 867; x_wconf 85' lang='lat' dir='ltr'><strong>vires</strong></span> <span class='ocrx_word' id='word_1_320' title='bbox 1676 840 1790 868; x_wconf 80' lang='lat' dir='ltr'><strong>adderet</strong></span> 
     </span>
    </p>
   </div>
   <div class='ocr_carea' id='block_1_47' title="bbox 1003 882 1790 917">
    <p class='ocr_par' dir='ltr' id='par_1_47' title="bbox 1003 882 1790 917">
     <span class='ocr_line' id='line_1_47' title="bbox 1003 882 1790 917; baseline 0.009 -10"><span class='ocrx_word' id='word_1_321' title='bbox 1003 882 1148 908; x_wconf 83' lang='lat' dir='ltr'><strong>ctlevaret</strong></span> <span class='ocrx_word' id='word_1_322' title='bbox 1166 889 1264 909; x_wconf 89' lang='lat' dir='ltr'><strong>eorum</strong></span> <span class='ocrx_word' id='word_1_323' title='bbox 1292 883 1411 910; x_wconf 88' lang='lat' dir='ltr'><strong>labores.</strong></span> <span class='ocrx_word' id='word_1_324' title='bbox 1439 884 1490 917; x_wconf 81' lang='lat' dir='ltr'><strong>Qui</strong></span> <span class='ocrx_word' id='word_1_325' title='bbox 1509 892 1570 912; x_wconf 93' lang='lat' dir='ltr'><strong>cum</strong></span> <span class='ocrx_word' id='word_1_326' title='bbox 1595 885 1728 913; x_wconf 86' lang='lat' dir='ltr'><strong>audiisset</strong></span> <span class='ocrx_word' id='word_1_327' title='bbox 1746 886 1790 914; x_wconf 91' lang='lat' dir='ltr'><strong>in-</strong></span> 
     </span>
    </p>
   </div>
   <div class='ocr_carea' id='block_1_48' title="bbox 1004 929 1791 967">
    <p class='ocr_par' dir='ltr' id='par_1_48' title="bbox 1004 929 1791 967">
     <span class='ocr_line' id='line_1_48' title="bbox 1004 929 1791 967; baseline 0.008 -14"><span class='ocrx_word' id='word_1_328' title='bbox 1004 931 1109 954; x_wconf 74' lang='lat' dir='ltr'><strong>tonsam</strong></span> <span class='ocrx_word' id='word_1_329' title='bbox 1132 934 1228 954; x_wconf 89' lang='lat' dir='ltr'><strong>eorum</strong></span> <span class='ocrx_word' id='word_1_330' title='bbox 1247 929 1446 963; x_wconf 85' lang='lat' dir='ltr'><strong>precationem,</strong></span> <span class='ocrx_word' id='word_1_331' title='bbox 1463 931 1495 957; x_wconf 86' lang='lat' dir='ltr'><strong>ad</strong></span> <span class='ocrx_word' id='word_1_332' title='bbox 1523 938 1570 958; x_wconf 88' lang='lat' dir='ltr'><strong>eos</strong></span> <span class='ocrx_word' id='word_1_333' title='bbox 1595 933 1712 959; x_wconf 88' lang='lat' dir='ltr'><strong>accessit</strong></span> <span class='ocrx_word' id='word_1_334' title='bbox 1741 939 1791 967; x_wconf 89' lang='lat' dir='ltr'><strong>po-</strong></span> 
     </span>
    </p>
   </div>
   <div class='ocr_carea' id='block_1_49' title="bbox 1003 975 1790 1010">
    <p class='ocr_par' dir='ltr' id='par_1_49' title="bbox 1003 975 1790 1010">
     <span class='ocr_line' id='line_1_49' title="bbox 1003 975 1790 1010; baseline 0.008 -11"><span class='ocrx_word' id='word_1_335' title='bbox 1003 976 1102 1000; x_wconf 87' lang='lat' dir='ltr'><strong>testate</strong></span> <span class='ocrx_word' id='word_1_336' title='bbox 1115 981 1176 1008; x_wconf 75' lang='lat' dir='ltr'><strong>qua:</strong></span> <span class='ocrx_word' id='word_1_337' title='bbox 1195 982 1249 1001; x_wconf 90' lang='lat' dir='ltr'><strong>non</strong></span> <span class='ocrx_word' id='word_1_338' title='bbox 1272 975 1349 1002; x_wconf 91' lang='lat' dir='ltr'><strong>cadit</strong></span> <span class='ocrx_word' id='word_1_339' title='bbox 1365 976 1416 1002; x_wconf 90' lang='lat' dir='ltr'><strong>sub</strong></span> <span class='ocrx_word' id='word_1_340' title='bbox 1437 982 1591 1010; x_wconf 73' lang='lat' dir='ltr'><strong>aspectum.</strong></span> <span class='ocrx_word' id='word_1_341' title='bbox 1609 982 1638 1004; x_wconf 88' lang='lat' dir='ltr'><strong>et</strong></span> <span class='ocrx_word' id='word_1_342' title='bbox 1660 978 1790 1006; x_wconf 77' lang='lat' dir='ltr'><strong>allevavit</strong></span> 
     </span>
    </p>
   </div>
   <div class='ocr_carea' id='block_1_50' title="bbox 1002 1017 1790 1052">
    <p class='ocr_par' dir='ltr' id='par_1_50' title="bbox 1002 1017 1790 1052">
     <span class='ocr_line' id='line_1_50' title="bbox 1002 1017 1790 1052; baseline 0.009 -7"><span class='ocrx_word' id='word_1_343' title='bbox 1002 1017 1112 1046; x_wconf 82' lang='lat' dir='ltr'><strong>labores</strong></span> <span class='ocrx_word' id='word_1_344' title='bbox 1131 1023 1343 1052; x_wconf 84' lang='lat' dir='ltr'><strong>tormentorum,</strong></span> <span class='ocrx_word' id='word_1_345' title='bbox 1359 1025 1386 1048; x_wconf 91' lang='lat' dir='ltr'><strong>et</strong></span> <span class='ocrx_word' id='word_1_346' title='bbox 1411 1023 1583 1050; x_wconf 86' lang='lat' dir='ltr'><strong>contirmavit</strong></span> <span class='ocrx_word' id='word_1_347' title='bbox 1597 1024 1680 1051; x_wconf 90' lang='lat' dir='ltr'><strong>corda</strong></span> <span class='ocrx_word' id='word_1_348' title='bbox 1692 1031 1790 1052; x_wconf 88' lang='lat' dir='ltr'><strong>eorum</strong></span> 
     </span>
    </p>
   </div>
   <div class='ocr_carea' id='block_1_51' title="bbox 1003 1064 1338 1100">
    <p class='ocr_par' dir='ltr' id='par_1_51' title="bbox 1003 1064 1338 1100">
     <span class='ocr_line' id='line_1_51' title="bbox 1003 1064 1338 1100; baseline 0.006 -10"><span class='ocrx_word' id='word_1_349' title='bbox 1003 1064 1030 1090; x_wconf 89' lang='lat' dir='ltr'><strong>in</strong></span> <span class='ocrx_word' id='word_1_350' title='bbox 1044 1064 1179 1092; x_wconf 85' lang='lat' dir='ltr'><strong>cbaritate</strong></span> <span class='ocrx_word' id='word_1_351' title='bbox 1191 1065 1218 1092; x_wconf 93' lang='lat' dir='ltr'><strong>in</strong></span> <span class='ocrx_word' id='word_1_352' title='bbox 1237 1065 1338 1100; x_wconf 91' lang='lat' dir='ltr'><strong>ipsum.</strong></span> 
     </span>
    </p>
   </div>
   <div class='ocr_carea' id='block_1_52' title="bbox 1039 1109 1789 1150">
    <p class='ocr_par' dir='ltr' id='par_1_52' title="bbox 1039 1109 1789 1150">
     <span class='ocr_line' id='line_1_52' title="bbox 1039 1109 1789 1150; baseline 0.008 -13"><span class='ocrx_word' id='word_1_353' title='bbox 1039 1109 1071 1136; x_wconf 71' lang='grc' dir='ltr'><strong>Χ.</strong></span> <span class='ocrx_word' id='word_1_354' title='bbox 1088 1110 1156 1138; x_wconf 91' lang='lat' dir='ltr'><strong>Cum</strong></span> <span class='ocrx_word' id='word_1_355' title='bbox 1185 1111 1285 1138; x_wconf 74' lang='lat' dir='ltr'><strong>defessi</strong></span> <span class='ocrx_word' id='word_1_356' title='bbox 1308 1116 1398 1139; x_wconf 88' lang='lat' dir='ltr'><strong>autem</strong></span> <span class='ocrx_word' id='word_1_357' title='bbox 1411 1116 1503 1140; x_wconf 78' lang='lat' dir='ltr'><strong>essent</strong></span> <span class='ocrx_word' id='word_1_358' title='bbox 1515 1117 1644 1146; x_wconf 83' lang='lat' dir='ltr'><strong>tortores,</strong></span> <span class='ocrx_word' id='word_1_359' title='bbox 1657 1119 1789 1150; x_wconf 77' lang='lat' dir='ltr'><strong>tyrannus</strong></span> 
     </span>
    </p>
   </div>
   <div class='ocr_carea' id='block_1_53' title="bbox 1002 1153 1790 1191">
    <p class='ocr_par' dir='ltr' id='par_1_53' title="bbox 1002 1153 1790 1191">
     <span class='ocr_line' id='line_1_53' title="bbox 1002 1153 1790 1191; baseline 0.009 -10"><span class='ocrx_word' id='word_1_360' title='bbox 1002 1153 1071 1182; x_wconf 79' lang='lat' dir='ltr'><strong>dixit</strong></span> <span class='ocrx_word' id='word_1_361' title='bbox 1096 1156 1198 1183; x_wconf 81' lang='lat' dir='ltr'><strong>sanctis</strong></span> <span class='ocrx_word' id='word_1_362' title='bbox 1215 1165 1222 1182; x_wconf 91' lang='lat'><strong>:</strong></span> <span class='ocrx_word' id='word_1_363' title='bbox 1242 1157 1426 1191; x_wconf 69' lang='lat' dir='ltr'><strong>Cognovistis,</strong></span> <span class='ocrx_word' id='word_1_364' title='bbox 1439 1165 1456 1184; x_wconf 93' lang='grc' dir='ltr'><strong>ο</strong></span> <span class='ocrx_word' id='word_1_365' title='bbox 1473 1158 1592 1186; x_wconf 77' lang='lat' dir='ltr'><strong>audaces</strong></span> <span class='ocrx_word' id='word_1_366' title='bbox 1616 1159 1741 1188; x_wconf 89' lang='lat' dir='ltr'><strong>homines</strong></span> <span class='ocrx_word' id='word_1_367' title='bbox 1762 1165 1790 1188; x_wconf 87' lang='lat' dir='ltr'><strong>et</strong></span> 
     </span>
    </p>
   </div>
   <div class='ocr_carea' id='block_1_54' title="bbox 1004 1201 1791 1243">
    <p class='ocr_par' dir='ltr' id='par_1_54' title="bbox 1004 1201 1791 1243">
     <span class='ocr_line' id='line_1_54' title="bbox 1004 1201 1791 1243; baseline 0.008 -15"><span class='ocrx_word' id='word_1_368' title='bbox 1004 1201 1152 1233; x_wconf 84' lang='lat' dir='ltr'><strong>temerarii.</strong></span> <span class='ocrx_word' id='word_1_369' title='bbox 1166 1210 1247 1237; x_wconf 91' lang='lat' dir='ltr'><strong>quam</strong></span> <span class='ocrx_word' id='word_1_370' title='bbox 1261 1202 1296 1230; x_wconf 88' lang='lat' dir='ltr'><strong>sit</strong></span> <span class='ocrx_word' id='word_1_371' title='bbox 1308 1203 1374 1230; x_wconf 87' lang='lat' dir='ltr'><strong>mihi</strong></span> <span class='ocrx_word' id='word_1_372' title='bbox 1387 1203 1467 1232; x_wconf 80' lang='lat' dir='ltr'><strong>facile</strong></span> <span class='ocrx_word' id='word_1_373' title='bbox 1478 1205 1562 1232; x_wconf 79' lang='lat' dir='ltr'><strong>vitam</strong></span> <span class='ocrx_word' id='word_1_374' title='bbox 1585 1211 1704 1233; x_wconf 77' lang='lat' dir='ltr'><strong>vestram</strong></span> <span class='ocrx_word' id='word_1_375' title='bbox 1727 1215 1791 1243; x_wconf 86' lang='lat' dir='ltr'><strong>per-</strong></span> 
     </span>
    </p>
   </div>
   <div class='ocr_carea' id='block_1_55' title="bbox 1003 1248 1789 1285">
    <p class='ocr_par' dir='ltr' id='par_1_55' title="bbox 1003 1248 1789 1285">
     <span class='ocr_line' id='line_1_55' title="bbox 1003 1248 1789 1285; baseline 0.01 -11"><span class='ocrx_word' id='word_1_376' title='bbox 1003 1248 1087 1275; x_wconf 83' lang='lat' dir='ltr'><strong>dere?</strong></span> <span class='ocrx_word' id='word_1_377' title='bbox 1102 1249 1137 1275; x_wconf 79' lang='lat' dir='ltr'><strong>De</strong></span> <span class='ocrx_word' id='word_1_378' title='bbox 1153 1254 1252 1276; x_wconf 68' lang='lat' dir='ltr'><strong>caetero</strong></span> <span class='ocrx_word' id='word_1_379' title='bbox 1267 1258 1332 1285; x_wconf 76' lang='lat' dir='ltr'><strong>ergo</strong></span> <span class='ocrx_word' id='word_1_380' title='bbox 1350 1250 1404 1278; x_wconf 83' lang='lat' dir='ltr'><strong>diis</strong></span> <span class='ocrx_word' id='word_1_381' title='bbox 1416 1252 1579 1283; x_wconf 76' lang='lat' dir='ltr'><strong>sacriﬁcate,</strong></span> <span class='ocrx_word' id='word_1_382' title='bbox 1595 1259 1630 1280; x_wconf 88' lang='lat' dir='ltr'><strong>ne</strong></span> <span class='ocrx_word' id='word_1_383' title='bbox 1648 1253 1789 1282; x_wconf 81' lang='lat' dir='ltr'><strong>acerbiora</strong></span> 
     </span>
    </p>
   </div>
   <div class='ocr_carea' id='block_1_56' title="bbox 1003 1297 1789 1335">
    <p class='ocr_par' dir='ltr' id='par_1_56' title="bbox 1003 1297 1789 1335">
     <span class='ocr_line' id='line_1_56' title="bbox 1003 1297 1789 1335; baseline 0.01 -14"><span class='ocrx_word' id='word_1_384' title='bbox 1003 1300 1140 1322; x_wconf 86' lang='lat' dir='ltr'><strong>tormenta</strong></span> <span class='ocrx_word' id='word_1_385' title='bbox 1175 1297 1310 1324; x_wconf 75' lang='lat' dir='ltr'><strong>sentiatis.</strong></span> <span class='ocrx_word' id='word_1_386' title='bbox 1343 1297 1437 1325; x_wconf 85' lang='lat' dir='ltr'><strong>Sancti</strong></span> <span class='ocrx_word' id='word_1_387' title='bbox 1476 1306 1541 1326; x_wconf 80' lang='lat' dir='ltr'><strong>vero</strong></span> <span class='ocrx_word' id='word_1_388' title='bbox 1579 1301 1789 1335; x_wconf 80' lang='lat' dir='ltr'><strong>respondentes.</strong></span> 
     </span>
    </p>
   </div>
   <div class='ocr_carea' id='block_1_57' title="bbox 1003 1342 1790 1383">
    <p class='ocr_par' dir='ltr' id='par_1_57' title="bbox 1003 1342 1790 1383">
     <span class='ocr_line' id='line_1_57' title="bbox 1003 1342 1790 1383; baseline 0.009 -15"><span class='ocrx_word' id='word_1_389' title='bbox 1003 1342 1131 1369; x_wconf 80' lang='lat' dir='ltr'><strong>dixerunt</strong></span> <span class='ocrx_word' id='word_1_390' title='bbox 1141 1347 1256 1378; x_wconf 87' lang='lat' dir='ltr'><strong>tyranno</strong></span> <span class='ocrx_word' id='word_1_391' title='bbox 1267 1343 1425 1378; x_wconf 83' lang='lat' dir='ltr'><strong>imperatori</strong></span> <span class='ocrx_word' id='word_1_392' title='bbox 1439 1353 1445 1371; x_wconf 87' lang='lat'><strong>:</strong></span> <span class='ocrx_word' id='word_1_393' title='bbox 1459 1344 1514 1371; x_wconf 88' lang='lat' dir='ltr'><strong>Hoc</strong></span> <span class='ocrx_word' id='word_1_394' title='bbox 1525 1353 1696 1380; x_wconf 78' lang='lat' dir='ltr'><strong>Cognosce,o</strong></span> <span class='ocrx_word' id='word_1_395' title='bbox 1707 1347 1790 1383; x_wconf 65' lang='lat' dir='ltr'><strong>impie</strong></span> 
     </span>
    </p>
   </div>
   <div class='ocr_carea' id='block_1_58' title="bbox 1002 1389 1788 1426">
    <p class='ocr_par' dir='ltr' id='par_1_58' title="bbox 1002 1389 1788 1426">
     <span class='ocr_line' id='line_1_58' title="bbox 1002 1389 1788 1426; baseline 0.008 -11"><span class='ocrx_word' id='word_1_396' title='bbox 1002 1393 1029 1415; x_wconf 89' lang='lat' dir='ltr'><strong>ct</strong></span> <span class='ocrx_word' id='word_1_397' title='bbox 1044 1389 1133 1416; x_wconf 84' lang='lat' dir='ltr'><strong>aliene</strong></span> <span class='ocrx_word' id='word_1_398' title='bbox 1154 1397 1168 1416; x_wconf 93' lang='lat' dir='ltr'><strong>a</strong></span> <span class='ocrx_word' id='word_1_399' title='bbox 1189 1397 1254 1416; x_wconf 79' lang='lat' dir='ltr'><strong>vero</strong></span> <span class='ocrx_word' id='word_1_400' title='bbox 1275 1389 1331 1416; x_wconf 87' lang='lat' dir='ltr'><strong>Deo</strong></span> <span class='ocrx_word' id='word_1_401' title='bbox 1359 1395 1464 1422; x_wconf 83' lang='lat' dir='ltr'><strong>nostro,</strong></span> <span class='ocrx_word' id='word_1_402' title='bbox 1486 1391 1559 1426; x_wconf 87' lang='lat' dir='ltr'><strong>quod</strong></span> <span class='ocrx_word' id='word_1_403' title='bbox 1587 1393 1726 1426; x_wconf 90' lang='lat' dir='ltr'><strong>quomodo</strong></span> <span class='ocrx_word' id='word_1_404' title='bbox 1759 1397 1788 1421; x_wconf 88' lang='lat' dir='ltr'><strong>tu</strong></span> 
     </span>
    </p>
   </div>
   <div class='ocr_carea' id='block_1_59' title="bbox 1002 1434 1789 1473">
    <p class='ocr_par' dir='ltr' id='par_1_59' title="bbox 1002 1434 1789 1473">
     <span class='ocr_line' id='line_1_59' title="bbox 1002 1434 1789 1473; baseline 0.008 -12"><span class='ocrx_word' id='word_1_405' title='bbox 1002 1434 1103 1462; x_wconf 83' lang='lat' dir='ltr'><strong>Christi</strong></span> <span class='ocrx_word' id='word_1_406' title='bbox 1119 1435 1283 1463; x_wconf 85' lang='lat' dir='ltr'><strong>charitatem</strong></span> <span class='ocrx_word' id='word_1_407' title='bbox 1299 1443 1353 1463; x_wconf 87' lang='lat' dir='ltr'><strong>non</strong></span> <span class='ocrx_word' id='word_1_408' title='bbox 1372 1438 1458 1465; x_wconf 90' lang='lat' dir='ltr'><strong>sentis</strong></span> <span class='ocrx_word' id='word_1_409' title='bbox 1471 1443 1498 1464; x_wconf 88' lang='lat' dir='ltr'><strong>et</strong></span> <span class='ocrx_word' id='word_1_410' title='bbox 1520 1438 1579 1473; x_wconf 83' lang='lat' dir='ltr'><strong>ejus</strong></span> <span class='ocrx_word' id='word_1_411' title='bbox 1602 1438 1789 1473; x_wconf 83' lang='lat' dir='ltr'><strong>splendorem.</strong></span> 
     </span>
    </p>
   </div>
   <div class='ocr_carea' id='block_1_60' title="bbox 1003 1481 1790 1519">
    <p class='ocr_par' dir='ltr' id='par_1_60' title="bbox 1003 1481 1790 1519">
     <span class='ocr_line' id='line_1_60' title="bbox 1003 1481 1790 1519; baseline 0.009 -13"><span class='ocrx_word' id='word_1_412' title='bbox 1003 1485 1117 1515; x_wconf 84' lang='lat' dir='ltr'><strong>propter</strong></span> <span class='ocrx_word' id='word_1_413' title='bbox 1134 1481 1263 1508; x_wconf 83' lang='lat' dir='ltr'><strong>tenebras</strong></span> <span class='ocrx_word' id='word_1_414' title='bbox 1278 1489 1339 1516; x_wconf 80' lang='lat' dir='ltr'><strong>qua:</strong></span> <span class='ocrx_word' id='word_1_415' title='bbox 1363 1487 1481 1510; x_wconf 85' lang='lat' dir='ltr'><strong>mentem</strong></span> <span class='ocrx_word' id='word_1_416' title='bbox 1499 1487 1575 1510; x_wconf 81' lang='lat' dir='ltr'><strong>tuam</strong></span> <span class='ocrx_word' id='word_1_417' title='bbox 1598 1485 1728 1519; x_wconf 88' lang='lat' dir='ltr'><strong>operiunt</strong></span> <span class='ocrx_word' id='word_1_418' title='bbox 1755 1493 1790 1514; x_wconf 80' lang='lat' dir='ltr'><strong>ex</strong></span> 
     </span>
    </p>
   </div>
   <div class='ocr_carea' id='block_1_61' title="bbox 1003 1527 1789 1563">
    <p class='ocr_par' dir='ltr' id='par_1_61' title="bbox 1003 1527 1789 1563">
     <span class='ocr_line' id='line_1_61' title="bbox 1003 1527 1789 1563; baseline 0.009 -10"><span class='ocrx_word' id='word_1_419' title='bbox 1003 1535 1096 1554; x_wconf 88' lang='lat' dir='ltr'><strong>errore</strong></span> <span class='ocrx_word' id='word_1_420' title='bbox 1107 1527 1275 1560; x_wconf 83' lang='lat' dir='ltr'><strong>daemonum,</strong></span> <span class='ocrx_word' id='word_1_421' title='bbox 1291 1528 1327 1554; x_wconf 87' lang='lat' dir='ltr'><strong>ita</strong></span> <span class='ocrx_word' id='word_1_422' title='bbox 1343 1536 1431 1563; x_wconf 90' lang='lat' dir='ltr'><strong>neque</strong></span> <span class='ocrx_word' id='word_1_423' title='bbox 1443 1536 1494 1556; x_wconf 86' lang='lat' dir='ltr'><strong>nos</strong></span> <span class='ocrx_word' id='word_1_424' title='bbox 1511 1533 1648 1558; x_wconf 89' lang='lat' dir='ltr'><strong>tormenta</strong></span> <span class='ocrx_word' id='word_1_425' title='bbox 1666 1535 1712 1558; x_wconf 89' lang='lat' dir='ltr'><strong>tua</strong></span> <span class='ocrx_word' id='word_1_426' title='bbox 1724 1539 1789 1560; x_wconf 82' lang='lat' dir='ltr'><strong>sen-</strong></span> 
     </span>
    </p>
   </div>
   <div class='ocr_carea' id='block_1_62' title="bbox 164 1570 951 1612">
    <p class='ocr_par' dir='ltr' id='par_1_62' title="bbox 164 1575 950 1612">
     <span class='ocr_line' id='line_1_62' title="bbox 164 1575 950 1612; baseline -0.004 -7"><span class='ocrx_word' id='word_1_427' title='bbox 164 1587 209 1605; x_wconf 86' lang='grc' dir='ltr'><strong>σου</strong></span> <span class='ocrx_word' id='word_1_428' title='bbox 228 1577 425 1612; x_wconf 75' lang='grc' dir='ltr'>αἰσθανόμεθα,</span> <span class='ocrx_word' id='word_1_429' title='bbox 441 1576 485 1603; x_wconf 76' lang='grc' dir='ltr'><strong>διὰ</strong></span> <span class='ocrx_word' id='word_1_430' title='bbox 499 1577 529 1603; x_wconf 80' lang='grc' dir='ltr'>τὸ</span> <span class='ocrx_word' id='word_1_431' title='bbox 545 1576 714 1610; x_wconf 73' lang='grc' dir='ltr'>πεφωτὶσθαι</span> <span class='ocrx_word' id='word_1_432' title='bbox 735 1576 813 1612; x_wconf 61' lang='grc' dir='ltr'>ἡμῶν</span> <span class='ocrx_word' id='word_1_433' title='bbox 830 1575 878 1610; x_wconf 84' lang='grc' dir='ltr'><strong>τὴν</strong></span> <span class='ocrx_word' id='word_1_434' title='bbox 893 1575 950 1602; x_wconf 73' lang='grc' dir='ltr'>διά-</span> 
     </span>
    </p>
   </div>
   <div class='ocr_carea' id='block_1_63' title="bbox 1003 1570 1789 1612">
    <p class='ocr_par' dir='ltr' id='par_1_63' title="bbox 1005 1570 1789 1606">
     <span class='ocr_line' id='line_1_63' title="bbox 1005 1570 1789 1606; baseline 0.011 -10"><span class='ocrx_word' id='word_1_435' title='bbox 1005 1570 1099 1602; x_wconf 87' lang='lat' dir='ltr'><strong>timus,</strong></span> <span class='ocrx_word' id='word_1_436' title='bbox 1118 1576 1262 1606; x_wconf 84' lang='lat' dir='ltr'><strong>propterea</strong></span> <span class='ocrx_word' id='word_1_437' title='bbox 1278 1572 1350 1606; x_wconf 88' lang='lat' dir='ltr'><strong>quod</strong></span> <span class='ocrx_word' id='word_1_438' title='bbox 1370 1580 1448 1600; x_wconf 91' lang='lat' dir='ltr'><strong>mens</strong></span> <span class='ocrx_word' id='word_1_439' title='bbox 1465 1579 1560 1601; x_wconf 90' lang='lat' dir='ltr'><strong>nostra</strong></span> <span class='ocrx_word' id='word_1_440' title='bbox 1578 1575 1615 1602; x_wconf 88' lang='lat' dir='ltr'><strong>sit</strong></span> <span class='ocrx_word' id='word_1_441' title='bbox 1634 1575 1789 1605; x_wconf 69' lang='lat' dir='ltr'><strong>illuminat:</strong></span> 
     </span>
    </p>
   </div>
   <div class='ocr_carea' id='block_1_64' title="bbox 163 1621 950 1658">
    <p class='ocr_par' dir='ltr' id='par_1_64' title="bbox 163 1621 950 1658">
     <span class='ocr_line' id='line_1_64' title="bbox 163 1621 950 1658; baseline -0.001 -7"><span class='ocrx_word' id='word_1_442' title='bbox 163 1633 236 1651; x_wconf 86' lang='grc' dir='ltr'>νοιαν</span> <span class='ocrx_word' id='word_1_443' title='bbox 254 1624 286 1650; x_wconf 73' lang='grc' dir='ltr'>ὲκ</span> <span class='ocrx_word' id='word_1_444' title='bbox 301 1623 350 1656; x_wconf 81' lang='grc' dir='ltr'>τῆς</span> <span class='ocrx_word' id='word_1_445' title='bbox 368 1623 487 1654; x_wconf 71' lang='grc' dir='ltr'>πίστεως</span> <span class='ocrx_word' id='word_1_446' title='bbox 505 1623 551 1649; x_wconf 72' lang='grc' dir='ltr'>καὶ</span> <span class='ocrx_word' id='word_1_447' title='bbox 564 1622 674 1656; x_wconf 76' lang='grc' dir='ltr'>ἀγάπης</span> <span class='ocrx_word' id='word_1_448' title='bbox 687 1621 805 1658; x_wconf 78' lang='grc' dir='ltr'>Χριστοῦ</span> <span class='ocrx_word' id='word_1_449' title='bbox 818 1621 865 1649; x_wconf 81' lang='grc' dir='ltr'>τοῦ</span> <span class='ocrx_word' id='word_1_450' title='bbox 882 1622 950 1650; x_wconf 81' lang='grc' dir='ltr'><strong>Θεοῦ</strong></span> 
     </span>
    </p>
   </div>
   <div class='ocr_carea' id='block_1_65' title="bbox 164 1668 950 1704">
    <p class='ocr_par' dir='ltr' id='par_1_65' title="bbox 164 1668 950 1704">
     <span class='ocr_line' id='line_1_65' title="bbox 164 1668 950 1704; baseline -0.003 -8"><span class='ocrx_word' id='word_1_451' title='bbox 164 1670 252 1704; x_wconf 72' lang='grc' dir='ltr'>ἡμῶν.</span> <span class='ocrx_word' id='word_1_452' title='bbox 272 1669 390 1696; x_wconf 77' lang='grc' dir='ltr'>Ἐπινόει</span> <span class='ocrx_word' id='word_1_453' title='bbox 413 1668 502 1695; x_wconf 70' lang='grc' dir='ltr'>τοίνυν</span> <span class='ocrx_word' id='word_1_454' title='bbox 521 1668 618 1704; x_wconf 78' lang='grc' dir='ltr'>ἐτέρας</span> <span class='ocrx_word' id='word_1_455' title='bbox 637 1668 759 1704; x_wconf 66' lang='grc' dir='ltr'>μηχανὰς</span> <span class='ocrx_word' id='word_1_456' title='bbox 784 1668 950 1704; x_wconf 85' lang='grc' dir='ltr'>βασανιστη-</span> 
     </span>
    </p>
   </div>
   <div class='ocr_carea' id='block_1_66' title="bbox 165 1714 950 1752">
    <p class='ocr_par' dir='ltr' id='par_1_66' title="bbox 165 1714 950 1752">
     <span class='ocr_line' id='line_1_66' title="bbox 165 1714 950 1752; baseline -0.001 -11"><span class='ocrx_word' id='word_1_457' title='bbox 165 1716 229 1752; x_wconf 89' lang='grc' dir='ltr'>ρίων</span> <span class='ocrx_word' id='word_1_458' title='bbox 258 1716 452 1749; x_wconf 70' lang='grc' dir='ltr'>καιιιοπρεπεῖς</span> <span class='ocrx_word' id='word_1_459' title='bbox 478 1715 539 1741; x_wconf 82' lang='grc' dir='ltr'>καθ’</span> <span class='ocrx_word' id='word_1_460' title='bbox 554 1714 650 1749; x_wconf 77' lang='grc' dir='ltr'>ἡμῶν·</span> <span class='ocrx_word' id='word_1_461' title='bbox 676 1714 740 1749; x_wconf 70' lang='grc' dir='ltr'><strong>διψᾷ</strong></span> <span class='ocrx_word' id='word_1_462' title='bbox 757 1715 810 1749; x_wconf 77' lang='grc' dir='ltr'><strong>γὰρ</strong></span> <span class='ocrx_word' id='word_1_463' title='bbox 833 1715 910 1749; x_wconf 76' lang='grc' dir='ltr'>ἡμῶν</span> <span class='ocrx_word' id='word_1_464' title='bbox 933 1716 950 1750; x_wconf 78' lang='grc' dir='ltr'><strong>η</strong></span> 
     </span>
    </p>
   </div>
   <div class='ocr_carea' id='block_1_67' title="bbox 163 1761 950 1796">
    <p class='ocr_par' dir='ltr' id='par_1_67' title="bbox 163 1761 950 1796">
     <span class='ocr_line' id='line_1_67' title="bbox 163 1761 950 1796; baseline 0 -8"><span class='ocrx_word' id='word_1_465' title='bbox 163 1762 266 1789; x_wconf 76' lang='grc' dir='ltr'>διάνοια</span> <span class='ocrx_word' id='word_1_466' title='bbox 277 1762 322 1788; x_wconf 72' lang='grc' dir='ltr'>καὶ</span> <span class='ocrx_word' id='word_1_467' title='bbox 333 1761 463 1796; x_wconf 76' lang='grc' dir='ltr'>ἐπιθυμεῖ</span> <span class='ocrx_word' id='word_1_468' title='bbox 473 1761 488 1796; x_wconf 83' lang='grc' dir='ltr'>ἡ</span> <span class='ocrx_word' id='word_1_469' title='bbox 503 1761 572 1787; x_wconf 71' lang='grc' dir='ltr'>κατὰ</span> <span class='ocrx_word' id='word_1_470' title='bbox 583 1761 699 1796; x_wconf 74' lang='grc' dir='ltr'>Χριστὸν</span> <span class='ocrx_word' id='word_1_471' title='bbox 711 1761 788 1796; x_wconf 82' lang='grc' dir='ltr'>ἡμῶν</span> <span class='ocrx_word' id='word_1_472' title='bbox 802 1761 895 1796; x_wconf 80' lang='grc' dir='ltr'><strong>ἀγάπη</strong></span> <span class='ocrx_word' id='word_1_473' title='bbox 906 1761 950 1788; x_wconf 70' lang='grc' dir='ltr'><strong>διὰ</strong></span> 
     </span>
    </p>
   </div>
   <div class='ocr_carea' id='block_1_68' title="bbox 163 1804 950 1841">
    <p class='ocr_par' dir='ltr' id='par_1_68' title="bbox 163 1804 950 1841">
     <span class='ocr_line' id='line_1_68' title="bbox 163 1804 950 1841; baseline -0.004 -8"><span class='ocrx_word' id='word_1_474' title='bbox 163 1807 210 1841; x_wconf 85' lang='grc' dir='ltr'>τῆς</span> <span class='ocrx_word' id='word_1_475' title='bbox 224 1807 276 1840; x_wconf 80' lang='grc' dir='ltr'>σῆς</span> <span class='ocrx_word' id='word_1_476' title='bbox 289 1806 351 1833; x_wconf 81' lang='grc' dir='ltr'>καθ’</span> <span class='ocrx_word' id='word_1_477' title='bbox 363 1805 627 1841; x_wconf 62' lang='grc' dir='ltr'>ήμῶνάποφάσεως,</span> <span class='ocrx_word' id='word_1_478' title='bbox 644 1805 783 1840; x_wconf 80' lang='grc' dir='ltr'>θεωρῆσαι</span> <span class='ocrx_word' id='word_1_479' title='bbox 797 1804 844 1831; x_wconf 80' lang='grc' dir='ltr'>τὸν</span> <span class='ocrx_word' id='word_1_480' title='bbox 861 1804 950 1837; x_wconf 80' lang='grc' dir='ltr'>ζῶντα</span> 
     </span>
    </p>
   </div>
   <div class='ocr_carea' id='block_1_69' title="bbox 163 1849 950 1887">
    <p class='ocr_par' dir='ltr' id='par_1_69' title="bbox 163 1849 950 1887">
     <span class='ocr_line' id='line_1_69' title="bbox 163 1849 950 1887; baseline -0.003 -8"><span class='ocrx_word' id='word_1_481' title='bbox 163 1853 227 1880; x_wconf 69' lang='grc' dir='ltr'>Θεὸν</span> <span class='ocrx_word' id='word_1_482' title='bbox 241 1854 288 1879; x_wconf 63' lang='grc' dir='ltr'>καὶ</span> <span class='ocrx_word' id='word_1_483' title='bbox 303 1852 482 1887; x_wconf 70' lang='grc' dir='ltr'>βασιλεύοντα</span> <span class='ocrx_word' id='word_1_484' title='bbox 499 1853 539 1881; x_wconf 82' lang='grc' dir='ltr'><strong>είς</strong></span> <span class='ocrx_word' id='word_1_485' title='bbox 554 1852 616 1882; x_wconf 76' lang='grc' dir='ltr'>τοὺς</span> <span class='ocrx_word' id='word_1_486' title='bbox 631 1850 744 1881; x_wconf 80' lang='grc' dir='ltr'>αἰῶνας.</span> <span class='ocrx_word' id='word_1_487' title='bbox 760 1849 853 1878; x_wconf 83' lang='grc' dir='ltr'>Ταῦτα</span> <span class='ocrx_word' id='word_1_488' title='bbox 869 1851 950 1877; x_wconf 81' lang='grc' dir='ltr'>ἀκού-</span> 
     </span>
    </p>
   </div>
   <div class='ocr_carea' id='block_1_70' title="bbox 164 1896 949 1934">
    <p class='ocr_par' dir='ltr' id='par_1_70' title="bbox 164 1896 949 1934">
     <span class='ocr_line' id='line_1_70' title="bbox 164 1896 949 1934; baseline -0.004 -8"><span class='ocrx_word' id='word_1_489' title='bbox 164 1908 211 1932; x_wconf 87' lang='grc' dir='ltr'><strong>σας</strong></span> <span class='ocrx_word' id='word_1_490' title='bbox 232 1900 247 1926; x_wconf 85' lang='grc' dir='ltr'><strong>ό</strong></span> <span class='ocrx_word' id='word_1_491' title='bbox 262 1899 392 1934; x_wconf 82' lang='grc' dir='ltr'>τύραννος</span> <span class='ocrx_word' id='word_1_492' title='bbox 407 1898 454 1925; x_wconf 86' lang='grc' dir='ltr'>καὶ</span> <span class='ocrx_word' id='word_1_493' title='bbox 470 1897 616 1932; x_wconf 72' lang='grc' dir='ltr'>θυμωθεὶς,</span> <span class='ocrx_word' id='word_1_494' title='bbox 639 1896 743 1924; x_wconf 77' lang='grc' dir='ltr'><strong>κελεύει</strong></span> <span class='ocrx_word' id='word_1_495' title='bbox 765 1898 855 1932; x_wconf 68' lang='grc' dir='ltr'>πυρὰν</span> <span class='ocrx_word' id='word_1_496' title='bbox 874 1906 909 1923; x_wconf 78' lang='grc' dir='ltr'>πα</span> <span class='ocrx_word' id='word_1_497' title='bbox 916 1906 949 1932; x_wconf 89' lang='grc' dir='ltr'>μ-</span> 
     </span>
    </p>
   </div>
   <div class='ocr_carea' id='block_1_71' title="bbox 165 1943 948 1981">
    <p class='ocr_par' dir='ltr' id='par_1_71' title="bbox 165 1943 948 1981">
     <span class='ocr_line' id='line_1_71' title="bbox 165 1943 948 1981; baseline -0.004 -8"><span class='ocrx_word' id='word_1_498' title='bbox 165 1946 266 1981; x_wconf 78' lang='grc' dir='ltr'><strong>μεγέθη</strong></span> <span class='ocrx_word' id='word_1_499' title='bbox 284 1945 411 1980; x_wconf 80' lang='grc' dir='ltr'>γενέσθαι</span> <span class='ocrx_word' id='word_1_500' title='bbox 429 1945 475 1972; x_wconf 74' lang='grc' dir='ltr'><strong>καὶ</strong></span> <span class='ocrx_word' id='word_1_501' title='bbox 488 1945 516 1972; x_wconf 75' lang='grc' dir='ltr'>ὲν</span> <span class='ocrx_word' id='word_1_502' title='bbox 529 1943 597 1980; x_wconf 76' lang='grc' dir='ltr'>αὐτῇ</span> <span class='ocrx_word' id='word_1_503' title='bbox 611 1943 706 1978; x_wconf 71' lang='grc' dir='ltr'>στῆναι</span> <span class='ocrx_word' id='word_1_504' title='bbox 716 1944 778 1975; x_wconf 81' lang='grc' dir='ltr'>τοὺς</span> <span class='ocrx_word' id='word_1_505' title='bbox 793 1944 948 1978; x_wconf 81' lang='grc' dir='ltr'>μάρτυρας·</span> 
     </span>
    </p>
   </div>
   <div class='ocr_carea' id='block_1_72' title="bbox 163 1988 949 2025">
    <p class='ocr_par' dir='ltr' id='par_1_72' title="bbox 163 1988 949 2025">
     <span class='ocr_line' id='line_1_72' title="bbox 163 1988 949 2025; baseline -0.004 -8"><span class='ocrx_word' id='word_1_506' title='bbox 163 1991 215 2018; x_wconf 84' lang='grc' dir='ltr'>τῶν</span> <span class='ocrx_word' id='word_1_507' title='bbox 247 1990 278 2016; x_wconf 82' lang='grc' dir='ltr'>δὲ</span> <span class='ocrx_word' id='word_1_508' title='bbox 304 1990 461 2025; x_wconf 75' lang='grc' dir='ltr'>δορυφόρων</span> <span class='ocrx_word' id='word_1_509' title='bbox 493 1989 697 2025; x_wconf 78' lang='grc' dir='ltr'>πληρωσάντων</span> <span class='ocrx_word' id='word_1_510' title='bbox 719 1988 802 2015; x_wconf 72' lang='grc' dir='ltr'>αὑτοῦ</span> <span class='ocrx_word' id='word_1_511' title='bbox 821 1989 871 2023; x_wconf 78' lang='grc' dir='ltr'>τὴν</span> <span class='ocrx_word' id='word_1_512' title='bbox 894 1989 949 2015; x_wconf 76' lang='grc' dir='ltr'><strong>ἀπ-</strong></span> 
     </span>
    </p>
   </div>
   <div class='ocr_carea' id='block_1_73' title="bbox 162 2035 949 2073">
    <p class='ocr_par' dir='ltr' id='par_1_73' title="bbox 162 2035 949 2073">
     <span class='ocr_line' id='line_1_73' title="bbox 162 2035 949 2073; baseline -0.005 -9"><span class='ocrx_word' id='word_1_513' title='bbox 162 2037 306 2073; x_wconf 83' lang='grc' dir='ltr'>άνθρωπον</span> <span class='ocrx_word' id='word_1_514' title='bbox 320 2036 456 2067; x_wconf 76' lang='grc' dir='ltr'>κέλευσιν,</span> <span class='ocrx_word' id='word_1_515' title='bbox 468 2035 599 2066; x_wconf 76' lang='grc' dir='ltr'>ἑκουσίως</span> <span class='ocrx_word' id='word_1_516' title='bbox 620 2036 644 2062; x_wconf 88' lang='grc' dir='ltr'><strong>οί</strong></span> <span class='ocrx_word' id='word_1_517' title='bbox 660 2036 732 2069; x_wconf 72' lang='grc' dir='ltr'>ἅγιοι</span> <span class='ocrx_word' id='word_1_518' title='bbox 751 2035 903 2070; x_wconf 77' lang='grc' dir='ltr'>ὲπήρχοντο</span> <span class='ocrx_word' id='word_1_519' title='bbox 917 2036 949 2070; x_wconf 86' lang='grc' dir='ltr'><strong>τῇ</strong></span> 
     </span>
    </p>
   </div>
   <div class='ocr_carea' id='block_1_74' title="bbox 161 2080 950 2119">
    <p class='ocr_par' dir='ltr' id='par_1_74' title="bbox 161 2080 950 2119">
     <span class='ocr_line' id='line_1_74' title="bbox 161 2080 950 2119; baseline -0.005 -9"><span class='ocrx_word' id='word_1_520' title='bbox 161 2083 295 2119; x_wconf 72' lang='grc' dir='ltr'>πνρκαῑᾷ,</span> <span class='ocrx_word' id='word_1_521' title='bbox 312 2082 349 2114; x_wconf 79' lang='grc' dir='ltr'>ὡς</span> <span class='ocrx_word' id='word_1_522' title='bbox 377 2082 453 2108; x_wconf 83' lang='grc' dir='ltr'>ὓδατι</span> <span class='ocrx_word' id='word_1_523' title='bbox 474 2081 512 2116; x_wconf 80' lang='grc' dir='ltr'><strong>τῷ</strong></span> <span class='ocrx_word' id='word_1_524' title='bbox 533 2083 600 2116; x_wconf 74' lang='grc' dir='ltr'>πυρὶ</span> <span class='ocrx_word' id='word_1_525' title='bbox 624 2081 800 2116; x_wconf 67' lang='grc' dir='ltr'>προτομι).εἴν</span> <span class='ocrx_word' id='word_1_526' title='bbox 824 2080 950 2115; x_wconf 77' lang='grc' dir='ltr'>ἀλλήλοις</span> 
     </span>
    </p>
   </div>
   <div class='ocr_carea' id='block_1_75' title="bbox 162 2127 950 2166">
    <p class='ocr_par' dir='ltr' id='par_1_75' title="bbox 162 2127 950 2166">
     <span class='ocr_line' id='line_1_75' title="bbox 162 2127 950 2166; baseline -0.005 -9"><span class='ocrx_word' id='word_1_527' title='bbox 162 2130 434 2166; x_wconf 76' lang='grc' dir='ltr'>παρακελευόμενοι·</span> <span class='ocrx_word' id='word_1_528' title='bbox 454 2129 501 2155; x_wconf 70' lang='grc' dir='ltr'>καὶ</span> <span class='ocrx_word' id='word_1_529' title='bbox 516 2128 595 2162; x_wconf 86' lang='grc' dir='ltr'>λόγον</span> <span class='ocrx_word' id='word_1_530' title='bbox 617 2128 712 2154; x_wconf 75' lang='grc' dir='ltr'>οὐδένα</span> <span class='ocrx_word' id='word_1_531' title='bbox 733 2128 781 2163; x_wconf 70' lang='grc' dir='ltr'>τῆς</span> <span class='ocrx_word' id='word_1_532' title='bbox 804 2127 879 2163; x_wconf 77' lang='grc' dir='ltr'>παρὰ</span> <span class='ocrx_word' id='word_1_533' title='bbox 895 2127 950 2154; x_wconf 86' lang='grc' dir='ltr'>τῶν</span> 
     </span>
    </p>
   </div>
   <div class='ocr_carea' id='block_1_76' title="bbox 161 2173 950 2212">
    <p class='ocr_par' dir='ltr' id='par_1_76' title="bbox 161 2173 950 2212">
     <span class='ocr_line' id='line_1_76' title="bbox 161 2173 950 2212; baseline -0.008 -8"><span class='ocrx_word' id='word_1_534' title='bbox 161 2177 308 2212; x_wconf 77' lang='grc' dir='ltr'>ἀνθράκων</span> <span class='ocrx_word' id='word_1_535' title='bbox 325 2175 481 2210; x_wconf 71' lang='grc' dir='ltr'>ποιούμενοι</span> <span class='ocrx_word' id='word_1_536' title='bbox 495 2173 628 2205; x_wconf 76' lang='grc' dir='ltr'>καύσεως,</span> <span class='ocrx_word' id='word_1_537' title='bbox 649 2174 816 2209; x_wconf 62' lang='grc' dir='ltr'>μεγαλοιρυεϊ</span> <span class='ocrx_word' id='word_1_538' title='bbox 830 2173 868 2208; x_wconf 83' lang='grc' dir='ltr'>τῷ</span> <span class='ocrx_word' id='word_1_539' title='bbox 885 2181 950 2208; x_wconf 83' lang='grc' dir='ltr'>φρο-</span> 
     </span>
    </p>
   </div>
   <div class='ocr_carea' id='block_1_77' title="bbox 162 2219 950 2258">
    <p class='ocr_par' dir='ltr' id='par_1_77' title="bbox 162 2219 950 2258">
     <span class='ocr_line' id='line_1_77' title="bbox 162 2219 950 2258; baseline -0.005 -9"><span class='ocrx_word' id='word_1_540' title='bbox 162 2224 266 2258; x_wconf 79' lang='grc' dir='ltr'>νήματι</span> <span class='ocrx_word' id='word_1_541' title='bbox 281 2222 350 2257; x_wconf 79' lang='grc' dir='ltr'>πρὸς</span> <span class='ocrx_word' id='word_1_542' title='bbox 367 2221 412 2248; x_wconf 73' lang='grc' dir='ltr'>τὸν</span> <span class='ocrx_word' id='word_1_543' title='bbox 428 2220 559 2256; x_wconf 86' lang='grc' dir='ltr'>τύραννον</span> <span class='ocrx_word' id='word_1_544' title='bbox 577 2220 713 2254; x_wconf 63' lang='grc' dir='ltr'>ἔφασκον</span> <span class='ocrx_word' id='word_1_545' title='bbox 738 2219 844 2254; x_wconf 79' lang='grc' dir='ltr'>Ἡμεῖς,</span> <span class='ocrx_word' id='word_1_546' title='bbox 862 2219 950 2252; x_wconf 83' lang='grc' dir='ltr'>Μαξι-</span> 
     </span>
    </p>
   </div>
   <div class='ocr_carea' id='block_1_78' title="bbox 1005 1617 1790 1659">
    <p class='ocr_par' dir='ltr' id='par_1_78' title="bbox 1005 1617 1790 1659">
     <span class='ocr_line' id='line_1_78' title="bbox 1005 1617 1790 1659; baseline 0.006 -16"><span class='ocrx_word' id='word_1_547' title='bbox 1005 1625 1019 1644; x_wconf 91' lang='lat' dir='ltr'><strong>a</strong></span> <span class='ocrx_word' id='word_1_548' title='bbox 1032 1617 1084 1644; x_wconf 78' lang='lat' dir='ltr'><strong>[ide</strong></span> <span class='ocrx_word' id='word_1_549' title='bbox 1096 1618 1267 1645; x_wconf 85' lang='lat' dir='ltr'><strong>ctcharitate</strong></span> <span class='ocrx_word' id='word_1_550' title='bbox 1278 1617 1380 1646; x_wconf 87' lang='lat' dir='ltr'><strong>Christi</strong></span> <span class='ocrx_word' id='word_1_551' title='bbox 1397 1619 1442 1647; x_wconf 84' lang='lat' dir='ltr'><strong>Dei</strong></span> <span class='ocrx_word' id='word_1_552' title='bbox 1454 1620 1550 1648; x_wconf 87' lang='lat' dir='ltr'><strong>nostri.</strong></span> <span class='ocrx_word' id='word_1_553' title='bbox 1563 1621 1693 1657; x_wconf 71' lang='lat' dir='ltr'><strong>Excogita</strong></span> <span class='ocrx_word' id='word_1_554' title='bbox 1713 1630 1790 1659; x_wconf 79' lang='lat' dir='ltr'><strong>ergo,</strong></span> 
     </span>
    </p>
   </div>
   <div class='ocr_carea' id='block_1_79' title="bbox 1004 1664 1790 1699">
    <p class='ocr_par' dir='ltr' id='par_1_79' title="bbox 1004 1664 1790 1699">
     <span class='ocr_line' id='line_1_79' title="bbox 1004 1664 1790 1699; baseline 0.008 -9"><span class='ocrx_word' id='word_1_555' title='bbox 1004 1671 1020 1689; x_wconf 91' lang='grc' dir='ltr'><strong>ο</strong></span> <span class='ocrx_word' id='word_1_556' title='bbox 1033 1667 1147 1699; x_wconf 82' lang='lat' dir='ltr'><strong>tyranne</strong></span> <span class='ocrx_word' id='word_1_557' title='bbox 1167 1669 1194 1691; x_wconf 92' lang='lat' dir='ltr'><strong>et</strong></span> <span class='ocrx_word' id='word_1_558' title='bbox 1212 1664 1306 1693; x_wconf 85' lang='lat' dir='ltr'><strong>insane</strong></span> <span class='ocrx_word' id='word_1_559' title='bbox 1317 1666 1403 1697; x_wconf 86' lang='lat' dir='ltr'><strong>canis,</strong></span> <span class='ocrx_word' id='word_1_560' title='bbox 1420 1666 1488 1694; x_wconf 88' lang='lat' dir='ltr'><strong>alias</strong></span> <span class='ocrx_word' id='word_1_561' title='bbox 1509 1666 1536 1694; x_wconf 92' lang='lat' dir='ltr'><strong>in</strong></span> <span class='ocrx_word' id='word_1_562' title='bbox 1552 1675 1601 1695; x_wconf 85' lang='lat' dir='ltr'><strong>nos</strong></span> <span class='ocrx_word' id='word_1_563' title='bbox 1625 1676 1711 1696; x_wconf 82' lang='lat' dir='ltr'><strong>novas</strong></span> <span class='ocrx_word' id='word_1_564' title='bbox 1731 1677 1790 1696; x_wconf 86' lang='lat' dir='ltr'><strong>ma-</strong></span> 
     </span>
    </p>
   </div>
   <div class='ocr_carea' id='block_1_80' title="bbox 1004 1709 1791 1747">
    <p class='ocr_par' dir='ltr' id='par_1_80' title="bbox 1004 1709 1791 1747">
     <span class='ocr_line' id='line_1_80' title="bbox 1004 1709 1791 1747; baseline 0.009 -11"><span class='ocrx_word' id='word_1_565' title='bbox 1004 1709 1100 1736; x_wconf 88' lang='lat' dir='ltr'><strong>chinas</strong></span> <span class='ocrx_word' id='word_1_566' title='bbox 1117 1713 1326 1738; x_wconf 85' lang='lat' dir='ltr'><strong>tormentorum.</strong></span> <span class='ocrx_word' id='word_1_567' title='bbox 1343 1711 1407 1739; x_wconf 86' lang='lat' dir='ltr'><strong>Sitit</strong></span> <span class='ocrx_word' id='word_1_568' title='bbox 1431 1712 1505 1740; x_wconf 92' lang='lat' dir='ltr'><strong>enim</strong></span> <span class='ocrx_word' id='word_1_569' title='bbox 1530 1721 1607 1741; x_wconf 87' lang='lat' dir='ltr'><strong>mens</strong></span> <span class='ocrx_word' id='word_1_570' title='bbox 1635 1719 1740 1747; x_wconf 82' lang='lat' dir='ltr'><strong>nostra,</strong></span> <span class='ocrx_word' id='word_1_571' title='bbox 1763 1720 1791 1743; x_wconf 90' lang='lat' dir='ltr'><strong>et</strong></span> 
     </span>
    </p>
   </div>
   <div class='ocr_carea' id='block_1_81' title="bbox 1005 1756 1788 1795">
    <p class='ocr_par' dir='ltr' id='par_1_81' title="bbox 1005 1756 1788 1795">
     <span class='ocr_line' id='line_1_81' title="bbox 1005 1756 1788 1795; baseline 0.008 -13"><span class='ocrx_word' id='word_1_572' title='bbox 1005 1756 1152 1789; x_wconf 84' lang='lat' dir='ltr'><strong>desiderat,</strong></span> <span class='ocrx_word' id='word_1_573' title='bbox 1184 1765 1244 1792; x_wconf 78' lang='lat' dir='ltr'><strong>quae</strong></span> <span class='ocrx_word' id='word_1_574' title='bbox 1257 1761 1342 1785; x_wconf 84' lang='lat' dir='ltr'><strong>estex</strong></span> <span class='ocrx_word' id='word_1_575' title='bbox 1359 1757 1480 1792; x_wconf 88' lang='lat' dir='ltr'><strong>Christo,</strong></span> <span class='ocrx_word' id='word_1_576' title='bbox 1502 1758 1632 1794; x_wconf 82' lang='lat' dir='ltr'><strong>charitas,</strong></span> <span class='ocrx_word' id='word_1_577' title='bbox 1650 1768 1698 1795; x_wconf 86' lang='lat' dir='ltr'><strong>per</strong></span> <span class='ocrx_word' id='word_1_578' title='bbox 1715 1765 1788 1788; x_wconf 86' lang='lat' dir='ltr'><strong>tuam</strong></span> 
     </span>
    </p>
   </div>
   <div class='ocr_carea' id='block_1_82' title="bbox 1005 1803 1791 1840">
    <p class='ocr_par' dir='ltr' id='par_1_82' title="bbox 1005 1803 1791 1840">
     <span class='ocr_line' id='line_1_82' title="bbox 1005 1803 1791 1840; baseline 0.006 -10"><span class='ocrx_word' id='word_1_579' title='bbox 1005 1803 1031 1830; x_wconf 87' lang='lat' dir='ltr'><strong>in</strong></span> <span class='ocrx_word' id='word_1_580' title='bbox 1057 1811 1106 1830; x_wconf 85' lang='lat' dir='ltr'><strong>nos</strong></span> <span class='ocrx_word' id='word_1_581' title='bbox 1123 1804 1300 1836; x_wconf 84' lang='lat' dir='ltr'><strong>sententiam,</strong></span> <span class='ocrx_word' id='word_1_582' title='bbox 1321 1805 1502 1840; x_wconf 88' lang='lat' dir='ltr'><strong>contemplari</strong></span> <span class='ocrx_word' id='word_1_583' title='bbox 1530 1806 1615 1834; x_wconf 86' lang='lat' dir='ltr'><strong>Deum</strong></span> <span class='ocrx_word' id='word_1_584' title='bbox 1642 1807 1735 1834; x_wconf 84' lang='lat' dir='ltr'><strong>vivum</strong></span> <span class='ocrx_word' id='word_1_585' title='bbox 1763 1813 1791 1835; x_wconf 90' lang='lat' dir='ltr'><strong>et</strong></span> 
     </span>
    </p>
   </div>
   <div class='ocr_carea' id='block_1_83' title="bbox 1005 1849 1791 1888">
    <p class='ocr_par' dir='ltr' id='par_1_83' title="bbox 1005 1849 1791 1888">
     <span class='ocr_line' id='line_1_83' title="bbox 1005 1849 1791 1888; baseline 0.008 -13"><span class='ocrx_word' id='word_1_586' title='bbox 1005 1853 1163 1883; x_wconf 70' lang='lat' dir='ltr'><strong>regnantem</strong></span> <span class='ocrx_word' id='word_1_587' title='bbox 1179 1849 1206 1876; x_wconf 91' lang='lat' dir='ltr'><strong>in</strong></span> <span class='ocrx_word' id='word_1_588' title='bbox 1222 1850 1330 1877; x_wconf 72' lang='lat' dir='ltr'><strong>saecula.</strong></span> <span class='ocrx_word' id='word_1_589' title='bbox 1348 1850 1410 1878; x_wconf 63' lang='lat' dir='ltr'><strong>llaec</strong></span> <span class='ocrx_word' id='word_1_590' title='bbox 1432 1859 1493 1878; x_wconf 92' lang='lat' dir='ltr'><strong>cum</strong></span> <span class='ocrx_word' id='word_1_591' title='bbox 1510 1851 1642 1880; x_wconf 90' lang='lat' dir='ltr'><strong>audiisset</strong></span> <span class='ocrx_word' id='word_1_592' title='bbox 1659 1857 1791 1888; x_wconf 81' lang='lat' dir='ltr'><strong>tyrannus</strong></span> 
     </span>
    </p>
   </div>
   <div class='ocr_carea' id='block_1_84' title="bbox 1004 1895 1791 1933">
    <p class='ocr_par' dir='ltr' id='par_1_84' title="bbox 1004 1895 1791 1933">
     <span class='ocr_line' id='line_1_84' title="bbox 1004 1895 1791 1933; baseline 0.008 -13"><span class='ocrx_word' id='word_1_593' title='bbox 1004 1899 1032 1920; x_wconf 90' lang='lat' dir='ltr'><strong>et</strong></span> <span class='ocrx_word' id='word_1_594' title='bbox 1049 1895 1126 1921; x_wconf 84' lang='lat' dir='ltr'><strong>valde</strong></span> <span class='ocrx_word' id='word_1_595' title='bbox 1140 1895 1237 1922; x_wconf 81' lang='lat' dir='ltr'><strong>fuisset</strong></span> <span class='ocrx_word' id='word_1_596' title='bbox 1261 1896 1357 1927; x_wconf 88' lang='lat' dir='ltr'><strong>iratus,</strong></span> <span class='ocrx_word' id='word_1_597' title='bbox 1369 1896 1447 1931; x_wconf 87' lang='lat' dir='ltr'><strong>jubet</strong></span> <span class='ocrx_word' id='word_1_598' title='bbox 1460 1897 1571 1924; x_wconf 89' lang='lat' dir='ltr'><strong>accendi</strong></span> <span class='ocrx_word' id='word_1_599' title='bbox 1590 1905 1685 1933; x_wconf 73' lang='lat' dir='ltr'><strong>rogum</strong></span> <span class='ocrx_word' id='word_1_600' title='bbox 1703 1900 1791 1926; x_wconf 79' lang='lat' dir='ltr'><strong>maxi-</strong></span> 
     </span>
    </p>
   </div>
   <div class='ocr_carea' id='block_1_85' title="bbox 1005 1940 1790 1978">
    <p class='ocr_par' dir='ltr' id='par_1_85' title="bbox 1005 1940 1790 1978">
     <span class='ocr_line' id='line_1_85' title="bbox 1005 1940 1790 1978; baseline 0.008 -12"><span class='ocrx_word' id='word_1_601' title='bbox 1005 1947 1079 1966; x_wconf 91' lang='lat' dir='ltr'><strong>mum</strong></span> <span class='ocrx_word' id='word_1_602' title='bbox 1095 1945 1122 1967; x_wconf 85' lang='lat' dir='ltr'><strong>et</strong></span> <span class='ocrx_word' id='word_1_603' title='bbox 1138 1940 1164 1967; x_wconf 89' lang='lat' dir='ltr'><strong>in</strong></span> <span class='ocrx_word' id='word_1_604' title='bbox 1187 1942 1313 1976; x_wconf 83' lang='lat' dir='ltr'><strong>cumjaci</strong></span> <span class='ocrx_word' id='word_1_605' title='bbox 1341 1947 1452 1969; x_wconf 77' lang='lat' dir='ltr'><strong>sanctos</strong></span> <span class='ocrx_word' id='word_1_606' title='bbox 1478 1948 1621 1978; x_wconf 86' lang='lat' dir='ltr'><strong>martyres.</strong></span> <span class='ocrx_word' id='word_1_607' title='bbox 1641 1943 1710 1971; x_wconf 92' lang='lat' dir='ltr'><strong>Cum</strong></span> <span class='ocrx_word' id='word_1_608' title='bbox 1737 1945 1790 1972; x_wconf 87' lang='lat' dir='ltr'><strong>im-</strong></span> 
     </span>
    </p>
   </div>
   <div class='ocr_carea' id='block_1_86' title="bbox 1004 1986 1790 2021">
    <p class='ocr_par' dir='ltr' id='par_1_86' title="bbox 1004 1986 1790 2021">
     <span class='ocr_line' id='line_1_86' title="bbox 1004 1986 1790 2021; baseline 0.006 -9"><span class='ocrx_word' id='word_1_609' title='bbox 1004 1986 1128 2021; x_wconf 87' lang='lat' dir='ltr'><strong>plessent</strong></span> <span class='ocrx_word' id='word_1_610' title='bbox 1154 1993 1220 2014; x_wconf 85' lang='lat' dir='ltr'><strong>vero</strong></span> <span class='ocrx_word' id='word_1_611' title='bbox 1237 1987 1369 2015; x_wconf 85' lang='lat' dir='ltr'><strong>satellites</strong></span> <span class='ocrx_word' id='word_1_612' title='bbox 1398 1988 1527 2015; x_wconf 87' lang='lat' dir='ltr'><strong>acerbum</strong></span> <span class='ocrx_word' id='word_1_613' title='bbox 1555 1993 1583 2016; x_wconf 90' lang='lat' dir='ltr'><strong>et</strong></span> <span class='ocrx_word' id='word_1_614' title='bbox 1610 1989 1790 2018; x_wconf 89' lang='lat' dir='ltr'><strong>inhumanum</strong></span> 
     </span>
    </p>
   </div>
   <div class='ocr_carea' id='block_1_87' title="bbox 1004 2033 1790 2069">
    <p class='ocr_par' dir='ltr' id='par_1_87' title="bbox 1004 2033 1790 2069">
     <span class='ocr_line' id='line_1_87' title="bbox 1004 2033 1790 2069; baseline 0.005 -10"><span class='ocrx_word' id='word_1_615' title='bbox 1004 2033 1064 2068; x_wconf 84' lang='lat' dir='ltr'><strong>ejus</strong></span> <span class='ocrx_word' id='word_1_616' title='bbox 1089 2034 1207 2069; x_wconf 75' lang='lat' dir='ltr'><strong>jussum.</strong></span> <span class='ocrx_word' id='word_1_617' title='bbox 1230 2034 1317 2061; x_wconf 87' lang='lat' dir='ltr'><strong>sancti</strong></span> <span class='ocrx_word' id='word_1_618' title='bbox 1344 2042 1392 2061; x_wconf 88' lang='lat' dir='ltr'><strong>sua</strong></span> <span class='ocrx_word' id='word_1_619' title='bbox 1426 2039 1523 2069; x_wconf 82' lang='lat' dir='ltr'><strong>sponte</strong></span> <span class='ocrx_word' id='word_1_620' title='bbox 1552 2039 1729 2064; x_wconf 86' lang='lat' dir='ltr'><strong>accesserunt</strong></span> <span class='ocrx_word' id='word_1_621' title='bbox 1755 2037 1790 2063; x_wconf 83' lang='lat' dir='ltr'><strong>ad</strong></span> 
     </span>
    </p>
   </div>
   <div class='ocr_carea' id='block_1_88' title="bbox 1005 2079 1791 2116">
    <p class='ocr_par' dir='ltr' id='par_1_88' title="bbox 1005 2079 1791 2116">
     <span class='ocr_line' id='line_1_88' title="bbox 1005 2079 1791 2116; baseline 0.003 -10"><span class='ocrx_word' id='word_1_622' title='bbox 1005 2087 1112 2114; x_wconf 78' lang='lat' dir='ltr'><strong>rogum,</strong></span> <span class='ocrx_word' id='word_1_623' title='bbox 1127 2087 1155 2107; x_wconf 88' lang='lat' dir='ltr'><strong>se</strong></span> <span class='ocrx_word' id='word_1_624' title='bbox 1177 2080 1293 2107; x_wconf 76' lang='lat' dir='ltr'><strong>invicem</strong></span> <span class='ocrx_word' id='word_1_625' title='bbox 1316 2079 1508 2113; x_wconf 81' lang='lat' dir='ltr'><strong>adhortantes,</strong></span> <span class='ocrx_word' id='word_1_626' title='bbox 1524 2081 1597 2109; x_wconf 75' lang='lat' dir='ltr'><strong>utad</strong></span> <span class='ocrx_word' id='word_1_627' title='bbox 1617 2081 1706 2116; x_wconf 76' lang='lat' dir='ltr'><strong>ignem</strong></span> <span class='ocrx_word' id='word_1_628' title='bbox 1732 2085 1791 2109; x_wconf 88' lang='lat' dir='ltr'><strong>tan-</strong></span> 
     </span>
    </p>
   </div>
   <div class='ocr_carea' id='block_1_89' title="bbox 1004 2125 1790 2162">
    <p class='ocr_par' dir='ltr' id='par_1_89' title="bbox 1004 2125 1790 2162">
     <span class='ocr_line' id='line_1_89' title="bbox 1004 2125 1790 2162; baseline 0.005 -10"><span class='ocrx_word' id='word_1_629' title='bbox 1004 2132 1085 2160; x_wconf 84' lang='lat' dir='ltr'><strong>quam</strong></span> <span class='ocrx_word' id='word_1_630' title='bbox 1098 2125 1131 2152; x_wconf 92' lang='lat' dir='ltr'><strong>ad</strong></span> <span class='ocrx_word' id='word_1_631' title='bbox 1149 2133 1247 2161; x_wconf 88' lang='lat' dir='ltr'><strong>aquam</strong></span> <span class='ocrx_word' id='word_1_632' title='bbox 1261 2126 1424 2154; x_wconf 86' lang='lat' dir='ltr'><strong>accederent</strong></span> <span class='ocrx_word' id='word_1_633' title='bbox 1439 2135 1446 2153; x_wconf 86' lang='lat'><strong>:</strong></span> <span class='ocrx_word' id='word_1_634' title='bbox 1459 2135 1547 2162; x_wconf 88' lang='lat' dir='ltr'><strong>neque</strong></span> <span class='ocrx_word' id='word_1_635' title='bbox 1561 2127 1643 2154; x_wconf 88' lang='lat' dir='ltr'><strong>ullam</strong></span> <span class='ocrx_word' id='word_1_636' title='bbox 1657 2128 1790 2156; x_wconf 79' lang='lat' dir='ltr'><strong>ducentes</strong></span> 
     </span>
    </p>
   </div>
   <div class='ocr_carea' id='block_1_90' title="bbox 1006 2170 1792 2209">
    <p class='ocr_par' dir='ltr' id='par_1_90' title="bbox 1006 2170 1792 2209">
     <span class='ocr_line' id='line_1_90' title="bbox 1006 2170 1792 2209; baseline 0.006 -12"><span class='ocrx_word' id='word_1_637' title='bbox 1006 2170 1141 2198; x_wconf 87' lang='lat' dir='ltr'><strong>rationem</strong></span> <span class='ocrx_word' id='word_1_638' title='bbox 1174 2171 1326 2199; x_wconf 85' lang='lat' dir='ltr'><strong>carbonum</strong></span> <span class='ocrx_word' id='word_1_639' title='bbox 1355 2172 1521 2205; x_wconf 81' lang='lat' dir='ltr'><strong>exustionis,</strong></span> <span class='ocrx_word' id='word_1_640' title='bbox 1540 2180 1638 2209; x_wconf 77' lang='lat' dir='ltr'><strong>magno</strong></span> <span class='ocrx_word' id='word_1_641' title='bbox 1669 2177 1698 2201; x_wconf 89' lang='lat' dir='ltr'><strong>et</strong></span> <span class='ocrx_word' id='word_1_642' title='bbox 1725 2182 1792 2202; x_wconf 91' lang='lat' dir='ltr'><strong>con-</strong></span> 
     </span>
    </p>
   </div>
   <div class='ocr_carea' id='block_1_91' title="bbox 1005 2217 1790 2254">
    <p class='ocr_par' dir='ltr' id='par_1_91' title="bbox 1005 2217 1790 2254">
     <span class='ocr_line' id='line_1_91' title="bbox 1005 2217 1790 2254; baseline 0.004 -10"><span class='ocrx_word' id='word_1_643' title='bbox 1005 2217 1086 2244; x_wconf 80' lang='lat' dir='ltr'><strong>stanti</strong></span> <span class='ocrx_word' id='word_1_644' title='bbox 1105 2217 1203 2252; x_wconf 87' lang='lat' dir='ltr'><strong>spiritu</strong></span> <span class='ocrx_word' id='word_1_645' title='bbox 1220 2217 1351 2246; x_wconf 74' lang='lat' dir='ltr'><strong>dixerunt</strong></span> <span class='ocrx_word' id='word_1_646' title='bbox 1370 2222 1485 2254; x_wconf 79' lang='lat' dir='ltr'><strong>tyranno</strong></span> <span class='ocrx_word' id='word_1_647' title='bbox 1503 2227 1509 2245; x_wconf 90' lang='lat'><strong>:</strong></span> <span class='ocrx_word' id='word_1_648' title='bbox 1526 2218 1590 2252; x_wconf 86' lang='lat' dir='ltr'><strong>Nos,</strong></span> <span class='ocrx_word' id='word_1_649' title='bbox 1602 2226 1618 2246; x_wconf 93' lang='grc' dir='ltr'><strong>ο</strong></span> <span class='ocrx_word' id='word_1_650' title='bbox 1631 2219 1790 2254; x_wconf 84' lang='lat' dir='ltr'><strong>imperator,</strong></span> 
     </span>
    </p>
   </div>
   <div class='ocr_carea' id='block_1_92' title="bbox 164 2260 951 2305">
    <p class='ocr_par' dir='ltr' id='par_1_92' title="bbox 164 2264 951 2305">
     <span class='ocr_line' id='line_1_92' title="bbox 164 2264 951 2305; baseline -0.008 -8"><span class='ocrx_word' id='word_1_651' title='bbox 164 2270 257 2305; x_wconf 81' lang='grc' dir='ltr'>μιανὲ,</span> <span class='ocrx_word' id='word_1_652' title='bbox 272 2268 323 2304; x_wconf 80' lang='grc' dir='ltr'>τὴν</span> <span class='ocrx_word' id='word_1_653' title='bbox 339 2267 474 2302; x_wconf 76' lang='grc' dir='ltr'>τύφλωσιν</span> <span class='ocrx_word' id='word_1_654' title='bbox 489 2267 537 2302; x_wconf 83' lang='grc' dir='ltr'>τῆς</span> <span class='ocrx_word' id='word_1_655' title='bbox 553 2267 602 2301; x_wconf 84' lang='grc' dir='ltr'>σῆς</span> <span class='ocrx_word' id='word_1_656' title='bbox 613 2265 791 2301; x_wconf 76' lang='grc' dir='ltr'>ἀναισθησίας</span> <span class='ocrx_word' id='word_1_657' title='bbox 808 2264 951 2300; x_wconf 77' lang='grc' dir='ltr'>λογιζόμε-</span> 
     </span>
    </p>
   </div>
   <div class='ocr_carea' id='block_1_93' title="bbox 1003 2260 1787 2305">
    <p class='ocr_par' dir='ltr' id='par_1_93' title="bbox 1003 2263 1787 2299">
     <span class='ocr_line' id='line_1_93' title="bbox 1003 2263 1787 2299; baseline 0.001 -9"><span class='ocrx_word' id='word_1_658' title='bbox 1003 2263 1208 2290; x_wconf 88' lang='lat' dir='ltr'><strong>considerantes</strong></span> <span class='ocrx_word' id='word_1_659' title='bbox 1228 2264 1377 2291; x_wconf 84' lang='lat' dir='ltr'><strong>caecitatem</strong></span> <span class='ocrx_word' id='word_1_660' title='bbox 1395 2269 1468 2291; x_wconf 87' lang='lat' dir='ltr'><strong>tuam</strong></span> <span class='ocrx_word' id='word_1_661' title='bbox 1479 2268 1506 2290; x_wconf 89' lang='lat' dir='ltr'><strong>ct</strong></span> <span class='ocrx_word' id='word_1_662' title='bbox 1517 2271 1614 2291; x_wconf 86' lang='lat' dir='ltr'><strong>sensus</strong></span> <span class='ocrx_word' id='word_1_663' title='bbox 1626 2269 1787 2299; x_wconf 74' lang='lat' dir='ltr'><strong>egestatem.</strong></span> 
     </span>
    </p>
   </div>
   <div class='ocr_carea' id='block_1_94' title="bbox 161 2311 951 2349">
    <p class='ocr_par' dir='ltr' id='par_1_94' title="bbox 161 2311 951 2349">
     <span class='ocr_line' id='line_1_94' title="bbox 161 2311 951 2349; baseline -0.005 -8"><span class='ocrx_word' id='word_1_664' title='bbox 161 2324 212 2347; x_wconf 88' lang='grc' dir='ltr'>νοι,</span> <span class='ocrx_word' id='word_1_665' title='bbox 230 2313 402 2349; x_wconf 79' lang='grc' dir='ltr'>οίκτείρομέν</span> <span class='ocrx_word' id='word_1_666' title='bbox 423 2322 452 2339; x_wconf 88' lang='grc' dir='ltr'><strong>σε</strong></span> <span class='ocrx_word' id='word_1_667' title='bbox 468 2313 518 2348; x_wconf 79' lang='grc' dir='ltr'>τῆς</span> <span class='ocrx_word' id='word_1_668' title='bbox 533 2312 638 2347; x_wconf 72' lang='grc' dir='ltr'>λιθίνης</span> <span class='ocrx_word' id='word_1_669' title='bbox 658 2311 774 2347; x_wconf 80' lang='grc' dir='ltr'>καρδίας</span> <span class='ocrx_word' id='word_1_670' title='bbox 789 2311 892 2343; x_wconf 78' lang='grc' dir='ltr'>ἕνεκεν,</span> <span class='ocrx_word' id='word_1_671' title='bbox 910 2311 951 2338; x_wconf 78' lang='grc' dir='ltr'>ὅτι</span> 
     </span>
    </p>
   </div>
   <div class='ocr_carea' id='block_1_95' title="bbox 161 2357 952 2396">
    <p class='ocr_par' dir='ltr' id='par_1_95' title="bbox 161 2357 952 2396">
     <span class='ocr_line' id='line_1_95' title="bbox 161 2357 952 2396; baseline -0.008 -8"><span class='ocrx_word' id='word_1_672' title='bbox 161 2361 304 2396; x_wconf 79' lang='grc' dir='ltr'><strong>ὑπηρέτης</strong></span> <span class='ocrx_word' id='word_1_673' title='bbox 332 2360 448 2395; x_wconf 77' lang='grc' dir='ltr'>γέγονας</span> <span class='ocrx_word' id='word_1_674' title='bbox 475 2359 526 2394; x_wconf 79' lang='grc' dir='ltr'>τῆς</span> <span class='ocrx_word' id='word_1_675' title='bbox 552 2358 606 2385; x_wconf 83' lang='grc' dir='ltr'><strong>τῶν</strong></span> <span class='ocrx_word' id='word_1_676' title='bbox 630 2357 794 2393; x_wconf 79' lang='grc' dir='ltr'>ἀκαθάρτων</span> <span class='ocrx_word' id='word_1_677' title='bbox 818 2357 952 2391; x_wconf 77' lang='grc' dir='ltr'>δαιμόνων</span> 
     </span>
    </p>
   </div>
   <div class='ocr_carea' id='block_1_96' title="bbox 162 2402 952 2442">
    <p class='ocr_par' dir='ltr' id='par_1_96' title="bbox 162 2402 952 2442">
     <span class='ocr_line' id='line_1_96' title="bbox 162 2402 952 2442; baseline -0.008 -8"><span class='ocrx_word' id='word_1_678' title='bbox 162 2408 279 2442; x_wconf 74' lang='grc' dir='ltr'>πλάνης,</span> <span class='ocrx_word' id='word_1_679' title='bbox 295 2407 332 2442; x_wconf 83' lang='grc' dir='ltr'>μὴ</span> <span class='ocrx_word' id='word_1_680' title='bbox 347 2407 495 2441; x_wconf 78' lang='grc' dir='ltr'>δυνάμενο;</span> <span class='ocrx_word' id='word_1_681' title='bbox 511 2405 646 2440; x_wconf 73' lang='grc' dir='ltr'>ἀνανῆψαι</span> <span class='ocrx_word' id='word_1_682' title='bbox 666 2404 733 2439; x_wconf 74' lang='grc' dir='ltr'>μηδὲ</span> <span class='ocrx_word' id='word_1_683' title='bbox 751 2404 899 2438; x_wconf 77' lang='grc' dir='ltr'>ἐπιγνῶναι</span> <span class='ocrx_word' id='word_1_684' title='bbox 915 2402 952 2433; x_wconf 83' lang='grc' dir='ltr'><strong>ὡς</strong></span> 
     </span>
    </p>
   </div>
   <div class='ocr_carea' id='block_1_97' title="bbox 162 2449 952 2489">
    <p class='ocr_par' dir='ltr' id='par_1_97' title="bbox 162 2449 952 2489">
     <span class='ocr_line' id='line_1_97' title="bbox 162 2449 952 2489; baseline -0.006 -9"><span class='ocrx_word' id='word_1_685' title='bbox 162 2455 254 2481; x_wconf 66' lang='grc' dir='ltr'>πᾶσαν</span> <span class='ocrx_word' id='word_1_686' title='bbox 267 2453 442 2489; x_wconf 79' lang='grc' dir='ltr'>ἀνθρωπίνην</span> <span class='ocrx_word' id='word_1_687' title='bbox 460 2451 649 2487; x_wconf 71' lang='grc' dir='ltr'>ὕπερὸέδηκεν</span> <span class='ocrx_word' id='word_1_688' title='bbox 666 2450 789 2487; x_wconf 75' lang='grc' dir='ltr'>ἀνδρείαν</span> <span class='ocrx_word' id='word_1_689' title='bbox 803 2450 819 2485; x_wconf 83' lang='grc' dir='ltr'>ἡ</span> <span class='ocrx_word' id='word_1_690' title='bbox 834 2449 952 2483; x_wconf 79' lang='grc' dir='ltr'>τοσαύτη</span> 
     </span>
    </p>
   </div>
   <div class='ocr_carea' id='block_1_98' title="bbox 162 2495 952 2535">
    <p class='ocr_par' dir='ltr' id='par_1_98' title="bbox 162 2495 952 2535">
     <span class='ocr_line' id='line_1_98' title="bbox 162 2495 952 2535; baseline -0.006 -9"><span class='ocrx_word' id='word_1_691' title='bbox 162 2501 211 2535; x_wconf 84' lang='grc' dir='ltr'>τῆς</span> <span class='ocrx_word' id='word_1_692' title='bbox 227 2499 376 2535; x_wconf 84' lang='grc' dir='ltr'>καρτερίας</span> <span class='ocrx_word' id='word_1_693' title='bbox 388 2499 521 2534; x_wconf 72' lang='grc' dir='ltr'>ὑπομονὴ.</span> <span class='ocrx_word' id='word_1_694' title='bbox 534 2499 582 2529; x_wconf 83' lang='grc' dir='ltr'>Τίς</span> <span class='ocrx_word' id='word_1_695' title='bbox 594 2498 648 2532; x_wconf 78' lang='grc' dir='ltr'><strong>γὰρ</strong></span> <span class='ocrx_word' id='word_1_696' title='bbox 664 2496 749 2532; x_wconf 80' lang='grc' dir='ltr'>χωρὶς</span> <span class='ocrx_word' id='word_1_697' title='bbox 762 2496 836 2528; x_wconf 79' lang='grc' dir='ltr'>Θείας</span> <span class='ocrx_word' id='word_1_698' title='bbox 850 2495 952 2529; x_wconf 55' lang='grc' dir='ltr'>ἀναψύ-</span> 
     </span>
    </p>
   </div>
   <div class='ocr_carea' id='block_1_99' title="bbox 164 2541 952 2578">
    <p class='ocr_par' dir='ltr' id='par_1_99' title="bbox 164 2541 952 2578">
     <span class='ocr_line' id='line_1_99' title="bbox 164 2541 952 2578; baseline -0.008 -6"><span class='ocrx_word' id='word_1_699' title='bbox 164 2545 230 2577; x_wconf 81' lang='grc' dir='ltr'>ξεως</span> <span class='ocrx_word' id='word_1_700' title='bbox 243 2545 372 2571; x_wconf 78' lang='grc' dir='ltr'>τοσοῦτον</span> <span class='ocrx_word' id='word_1_701' title='bbox 395 2545 466 2570; x_wconf 69' lang='grc' dir='ltr'>κατὰ</span> <span class='ocrx_word' id='word_1_702' title='bbox 483 2543 634 2578; x_wconf 77' lang='grc' dir='ltr'>παμφάγου</span> <span class='ocrx_word' id='word_1_703' title='bbox 651 2542 748 2576; x_wconf 69' lang='grc' dir='ltr'>φλογὸς</span> <span class='ocrx_word' id='word_1_704' title='bbox 770 2541 952 2575; x_wconf 78' lang='grc' dir='ltr'>ἀγωνίσοιτος</span> 
     </span>
    </p>
   </div>
   <div class='ocr_carea' id='block_1_100' title="bbox 165 2587 953 2625">
    <p class='ocr_par' dir='ltr' id='par_1_100' title="bbox 165 2587 953 2625">
     <span class='ocr_line' id='line_1_100' title="bbox 165 2587 953 2625; baseline -0.005 -8"><span class='ocrx_word' id='word_1_705' title='bbox 165 2592 195 2617; x_wconf 74' lang='lat' dir='ltr'><strong>0t</strong></span> <span class='ocrx_word' id='word_1_706' title='bbox 210 2591 238 2617; x_wconf 79' lang='grc' dir='ltr'>δὲ</span> <span class='ocrx_word' id='word_1_707' title='bbox 248 2590 289 2625; x_wconf 87' lang='grc' dir='ltr'><strong>τῷ</strong></span> <span class='ocrx_word' id='word_1_708' title='bbox 303 2589 440 2624; x_wconf 69' lang='grc' dir='ltr'>πνεύματι</span> <span class='ocrx_word' id='word_1_709' title='bbox 455 2589 559 2622; x_wconf 75' lang='grc' dir='ltr'>ζέοντες</span> <span class='ocrx_word' id='word_1_710' title='bbox 575 2589 620 2615; x_wconf 78' lang='grc' dir='ltr'>καὶ</span> <span class='ocrx_word' id='word_1_711' title='bbox 638 2588 683 2614; x_wconf 73' lang='grc' dir='ltr'><strong>τὸν</strong></span> <span class='ocrx_word' id='word_1_712' title='bbox 699 2588 764 2614; x_wconf 63' lang='grc' dir='ltr'>Θεὸν</span> <span class='ocrx_word' id='word_1_713' title='bbox 777 2587 953 2622; x_wconf 75' lang='grc' dir='ltr'>ἐνδυσάμενοι</span> 
     </span>
    </p>
   </div>
   <div class='ocr_carea' id='block_1_101' title="bbox 166 2631 952 2672">
    <p class='ocr_par' dir='ltr' id='par_1_101' title="bbox 166 2631 952 2672">
     <span class='ocr_line' id='line_1_101' title="bbox 166 2631 952 2672; baseline -0.006 -9"><span class='ocrx_word' id='word_1_714' title='bbox 166 2636 221 2672; x_wconf 79' lang='grc' dir='ltr'>πῦρ</span> <span class='ocrx_word' id='word_1_715' title='bbox 250 2635 450 2663; x_wconf 81' lang='grc' dir='ltr'>καταναλίσκον</span> <span class='ocrx_word' id='word_1_716' title='bbox 473 2635 535 2666; x_wconf 77' lang='grc' dir='ltr'>τοὺς</span> <span class='ocrx_word' id='word_1_717' title='bbox 560 2634 630 2661; x_wconf 82' lang='grc' dir='ltr'>κατὰ</span> <span class='ocrx_word' id='word_1_718' title='bbox 656 2634 685 2660; x_wconf 75' lang='grc' dir='ltr'><strong>σε</strong></span> <span class='ocrx_word' id='word_1_719' title='bbox 710 2633 847 2664; x_wconf 75' lang='grc' dir='ltr'>δυσσεϐεῖς</span> <span class='ocrx_word' id='word_1_720' title='bbox 862 2631 952 2664; x_wconf 70' lang='grc' dir='ltr'>ὄντας,</span> 
     </span>
    </p>
   </div>
   <div class='ocr_carea' id='block_1_102' title="bbox 165 2678 954 2717">
    <p class='ocr_par' dir='ltr' id='par_1_102' title="bbox 165 2678 954 2717">
     <span class='ocr_line' id='line_1_102' title="bbox 165 2678 954 2717; baseline -0.006 -9"><span class='ocrx_word' id='word_1_721' title='bbox 165 2682 289 2717; x_wconf 79' lang='grc' dir='ltr'>οὐδαμῶς</span> <span class='ocrx_word' id='word_1_722' title='bbox 309 2681 409 2716; x_wconf 72' lang='grc' dir='ltr'>βλάψαι</span> <span class='ocrx_word' id='word_1_723' title='bbox 422 2682 485 2712; x_wconf 83' lang='grc' dir='ltr'>τοὺς</span> <span class='ocrx_word' id='word_1_724' title='bbox 499 2680 622 2711; x_wconf 80' lang='grc' dir='ltr'>εὐσεϐεῖς</span> <span class='ocrx_word' id='word_1_725' title='bbox 636 2680 781 2715; x_wconf 81' lang='grc' dir='ltr'>δυνήσεται</span> <span class='ocrx_word' id='word_1_726' title='bbox 795 2686 802 2694; x_wconf 73' lang='grc'><strong><em>³</em></strong></span> <span class='ocrx_word' id='word_1_727' title='bbox 820 2678 885 2713; x_wconf 76' lang='grc' dir='ltr'>φλὸξ</span> <span class='ocrx_word' id='word_1_728' title='bbox 899 2680 954 2713; x_wconf 72' lang='grc' dir='ltr'><strong>γὰρ</strong></span> 
     </span>
    </p>
   </div>
   <div class='ocr_carea' id='block_1_103' title="bbox 166 2725 953 2763">
    <p class='ocr_par' dir='ltr' id='par_1_103' title="bbox 166 2725 953 2763">
     <span class='ocr_line' id='line_1_103' title="bbox 166 2725 953 2763; baseline -0.005 -9"><span class='ocrx_word' id='word_1_729' title='bbox 166 2728 216 2754; x_wconf 72' lang='grc' dir='ltr'><strong>ὑπὸ</strong></span> <span class='ocrx_word' id='word_1_730' title='bbox 241 2728 342 2762; x_wconf 78' lang='grc' dir='ltr'>φλογὸς</span> <span class='ocrx_word' id='word_1_731' title='bbox 360 2727 529 2763; x_wconf 77' lang='grc' dir='ltr'>προσκαίρου</span> <span class='ocrx_word' id='word_1_732' title='bbox 555 2734 584 2753; x_wconf 76' lang='grc' dir='ltr'><strong>τε</strong></span> <span class='ocrx_word' id='word_1_733' title='bbox 614 2727 662 2753; x_wconf 73' lang='grc' dir='ltr'>καὶ</span> <span class='ocrx_word' id='word_1_734' title='bbox 686 2725 809 2761; x_wconf 69' lang='grc' dir='ltr'>φθαρτῆς</span> <span class='ocrx_word' id='word_1_735' title='bbox 832 2725 882 2751; x_wconf 88' lang='grc' dir='ltr'><strong>οὐκ</strong></span> <span class='ocrx_word' id='word_1_736' title='bbox 898 2725 953 2759; x_wconf 80' lang='grc' dir='ltr'>ἔχει</span> 
     </span>
    </p>
   </div>
   <div class='ocr_carea' id='block_1_104' title="bbox 167 2770 953 2808">
    <p class='ocr_par' dir='ltr' id='par_1_104' title="bbox 167 2770 953 2808">
     <span class='ocr_line' id='line_1_104' title="bbox 167 2770 953 2808; baseline -0.003 -9"><span class='ocrx_word' id='word_1_737' title='bbox 167 2774 246 2807; x_wconf 67' lang='grc' dir='ltr'>φύσιν</span> <span class='ocrx_word' id='word_1_738' title='bbox 266 2773 525 2806; x_wconf 78' lang='grc' dir='ltr'>καταναλίσκεσθαι.</span> <span class='ocrx_word' id='word_1_739' title='bbox 540 2773 639 2808; x_wconf 68' lang='grc' dir='ltr'>Μάτην</span> <span class='ocrx_word' id='word_1_740' title='bbox 655 2770 700 2798; x_wconf 87' lang='grc' dir='ltr'>οὖν</span> <span class='ocrx_word' id='word_1_741' title='bbox 717 2771 837 2806; x_wconf 78' lang='grc' dir='ltr'>μοχθεῖς,</span> <span class='ocrx_word' id='word_1_742' title='bbox 856 2771 953 2805; x_wconf 78' lang='grc' dir='ltr'>ἀνόητε</span> 
     </span>
    </p>
   </div>
   <div class='ocr_carea' id='block_1_105' title="bbox 168 2817 954 2855">
    <p class='ocr_par' dir='ltr' id='par_1_105' title="bbox 168 2817 954 2855">
     <span class='ocr_line' id='line_1_105' title="bbox 168 2817 954 2855; baseline -0.005 -9"><span class='ocrx_word' id='word_1_743' title='bbox 168 2820 291 2855; x_wconf 80' lang='grc' dir='ltr'>τύραννε,</span> <span class='ocrx_word' id='word_1_744' title='bbox 320 2821 383 2851; x_wconf 72' lang='grc' dir='ltr'>τοὺς</span> <span class='ocrx_word' id='word_1_745' title='bbox 405 2819 620 2854; x_wconf 81' lang='grc' dir='ltr'>πεπυρωμένους</span> <span class='ocrx_word' id='word_1_746' title='bbox 649 2818 723 2854; x_wconf 68' lang='grc' dir='ltr'>ἡμᾶς</span> <span class='ocrx_word' id='word_1_747' title='bbox 740 2818 772 2852; x_wconf 82' lang='grc' dir='ltr'>τῇ</span> <span class='ocrx_word' id='word_1_748' title='bbox 793 2817 887 2853; x_wconf 82' lang='grc' dir='ltr'><strong>ἀγάπῃ</strong></span> <span class='ocrx_word' id='word_1_749' title='bbox 907 2817 954 2843; x_wconf 75' lang='grc' dir='ltr'>τοῦ</span> 
     </span>
    </p>
   </div>
   <div class='ocr_carea' id='block_1_106' title="bbox 169 2863 954 2900">
    <p class='ocr_par' dir='ltr' id='par_1_106' title="bbox 169 2863 954 2900">
     <span class='ocr_line' id='line_1_106' title="bbox 169 2863 954 2900; baseline -0.004 -9"><span class='ocrx_word' id='word_1_750' title='bbox 169 2863 285 2900; x_wconf 73' lang='grc' dir='ltr'>Χ-ριστοῦ</span> <span class='ocrx_word' id='word_1_751' title='bbox 309 2866 376 2900; x_wconf 77' lang='grc' dir='ltr'>πυρὶ</span> <span class='ocrx_word' id='word_1_752' title='bbox 400 2865 575 2900; x_wconf 78' lang='grc' dir='ltr'>δαπανῆσθαι</span> <span class='ocrx_word' id='word_1_753' title='bbox 602 2863 782 2900; x_wconf 77' lang='grc' dir='ltr'>φιλονεικῶν·</span> <span class='ocrx_word' id='word_1_754' title='bbox 813 2863 954 2898; x_wconf 60' lang='lat' dir='ltr'><strong>tit-spurce;</strong></span> 
     </span>
    </p>
   </div>
   <div class='ocr_carea' id='block_1_107' title="bbox 169 2910 722 2947">
    <p class='ocr_par' dir='ltr' id='par_1_107' title="bbox 169 2910 722 2947">
     <span class='ocr_line' id='line_1_107' title="bbox 169 2910 722 2947; baseline -0.004 -8"><span class='ocrx_word' id='word_1_755' title='bbox 169 2911 220 2946; x_wconf 68' lang='grc' dir='ltr'><strong>γὰρ</strong></span> <span class='ocrx_word' id='word_1_756' title='bbox 241 2912 321 2947; x_wconf 61' lang='grc' dir='ltr'>ἡμᾶς,</span> <span class='ocrx_word' id='word_1_757' title='bbox 334 2912 371 2944; x_wconf 85' lang='grc' dir='ltr'>ὡς</span> <span class='ocrx_word' id='word_1_758' title='bbox 386 2911 521 2947; x_wconf 79' lang='grc' dir='ltr'>πυροῦται</span> <span class='ocrx_word' id='word_1_759' title='bbox 535 2911 565 2937; x_wconf 60' lang='lat' dir='ltr'><strong>rt</strong></span> <span class='ocrx_word' id='word_1_760' title='bbox 579 2910 722 2946; x_wconf 77' lang='grc' dir='ltr'>ἀργύριον.</span> 
     </span>
    </p>
   </div>
   <div class='ocr_carea' id='block_1_108' title="bbox 1004 2309 1789 2343">
    <p class='ocr_par' dir='ltr' id='par_1_108' title="bbox 1004 2309 1789 2343">
     <span class='ocr_line' id='line_1_108' title="bbox 1004 2309 1789 2343; baseline 0.005 -9"><span class='ocrx_word' id='word_1_761' title='bbox 1004 2309 1103 2343; x_wconf 74' lang='lat' dir='ltr'><strong>lapidei</strong></span> <span class='ocrx_word' id='word_1_762' title='bbox 1121 2309 1159 2335; x_wconf 92' lang='lat' dir='ltr'><strong>tui</strong></span> <span class='ocrx_word' id='word_1_763' title='bbox 1177 2309 1270 2337; x_wconf 89' lang='lat' dir='ltr'><strong>cordis</strong></span> <span class='ocrx_word' id='word_1_764' title='bbox 1285 2310 1458 2342; x_wconf 85' lang='lat' dir='ltr'><strong>miseremur,</strong></span> <span class='ocrx_word' id='word_1_765' title='bbox 1474 2309 1547 2343; x_wconf 90' lang='lat' dir='ltr'><strong>quod</strong></span> <span class='ocrx_word' id='word_1_766' title='bbox 1561 2309 1647 2336; x_wconf 80' lang='lat' dir='ltr'><strong>fueris</strong></span> <span class='ocrx_word' id='word_1_767' title='bbox 1663 2309 1789 2338; x_wconf 84' lang='lat' dir='ltr'><strong>minister</strong></span> 
     </span>
    </p>
   </div>
   <div class='ocr_carea' id='block_1_109' title="bbox 1003 2346 1787 2388">
    <p class='ocr_par' dir='ltr' id='par_1_109' title="bbox 1003 2346 1787 2388">
     <span class='ocr_line' id='line_1_109' title="bbox 1003 2346 1787 2388; baseline 0.003 -8"><span class='ocrx_word' id='word_1_768' title='bbox 1003 2354 1104 2381; x_wconf 90' lang='lat' dir='ltr'><strong>erroris</strong></span> <span class='ocrx_word' id='word_1_769' title='bbox 1129 2355 1316 2388; x_wconf 87' lang='lat' dir='ltr'><strong>improbormn</strong></span> <span class='ocrx_word' id='word_1_770' title='bbox 1333 2359 1361 2382; x_wconf 94' lang='lat' dir='ltr'><strong>et</strong></span> <span class='ocrx_word' id='word_1_771' title='bbox 1387 2346 1787 2388; x_wconf 45' lang='lat' dir='ltr'><strong>imntuntlorunt&#39;dmmonum,</strong></span> 
     </span>
    </p>
   </div>
   <div class='ocr_carea' id='block_1_110' title="bbox 1004 2399 1788 2434">
    <p class='ocr_par' dir='ltr' id='par_1_110' title="bbox 1004 2399 1788 2434">
     <span class='ocr_line' id='line_1_110' title="bbox 1004 2399 1788 2434; baseline 0.003 -8"><span class='ocrx_word' id='word_1_772' title='bbox 1004 2407 1057 2426; x_wconf 91' lang='lat' dir='ltr'><strong>non</strong></span> <span class='ocrx_word' id='word_1_773' title='bbox 1073 2399 1164 2426; x_wconf 86' lang='lat' dir='ltr'><strong>valens</strong></span> <span class='ocrx_word' id='word_1_774' title='bbox 1182 2400 1355 2434; x_wconf 82' lang='lat' dir='ltr'><strong>resipiscere,</strong></span> <span class='ocrx_word' id='word_1_775' title='bbox 1372 2405 1420 2427; x_wconf 86' lang='lat' dir='ltr'><strong>aut</strong></span> <span class='ocrx_word' id='word_1_776' title='bbox 1438 2407 1604 2434; x_wconf 80' lang='lat' dir='ltr'><strong>cognoscere</strong></span> <span class='ocrx_word' id='word_1_777' title='bbox 1622 2400 1707 2428; x_wconf 87' lang='lat' dir='ltr'><strong>Deum</strong></span> <span class='ocrx_word' id='word_1_778' title='bbox 1725 2401 1788 2429; x_wconf 77' lang='lat' dir='ltr'><strong>ctrli</strong></span> 
     </span>
    </p>
   </div>
   <div class='ocr_carea' id='block_1_111' title="bbox 1003 2445 1789 2480">
    <p class='ocr_par' dir='ltr' id='par_1_111' title="bbox 1003 2445 1789 2480">
     <span class='ocr_line' id='line_1_111' title="bbox 1003 2445 1789 2480; baseline 0.004 -8"><span class='ocrx_word' id='word_1_779' title='bbox 1003 2450 1031 2472; x_wconf 88' lang='lat' dir='ltr'><strong>et</strong></span> <span class='ocrx_word' id='word_1_780' title='bbox 1044 2450 1133 2477; x_wconf 64' lang='lat' dir='ltr'><strong>terrae,</strong></span> <span class='ocrx_word' id='word_1_781' title='bbox 1152 2446 1198 2480; x_wconf 90' lang='lat' dir='ltr'><strong>qui</strong></span> <span class='ocrx_word' id='word_1_782' title='bbox 1218 2450 1320 2473; x_wconf 81' lang='lat' dir='ltr'><strong>tantam</strong></span> <span class='ocrx_word' id='word_1_783' title='bbox 1351 2446 1430 2473; x_wconf 87' lang='lat' dir='ltr'><strong>nobis</strong></span> <span class='ocrx_word' id='word_1_784' title='bbox 1446 2445 1638 2475; x_wconf 81' lang='lat' dir='ltr'><strong>fortitudinem</strong></span> <span class='ocrx_word' id='word_1_785' title='bbox 1667 2447 1745 2475; x_wconf 88' lang='lat' dir='ltr'><strong>dedit</strong></span> <span class='ocrx_word' id='word_1_786' title='bbox 1760 2452 1789 2475; x_wconf 91' lang='lat' dir='ltr'><strong>et</strong></span> 
     </span>
    </p>
   </div>
   <div class='ocr_carea' id='block_1_112' title="bbox 1005 2491 1790 2528">
    <p class='ocr_par' dir='ltr' id='par_1_112' title="bbox 1005 2491 1790 2528">
     <span class='ocr_line' id='line_1_112' title="bbox 1005 2491 1790 2528; baseline 0.003 -10"><span class='ocrx_word' id='word_1_787' title='bbox 1005 2491 1191 2519; x_wconf 86' lang='lat' dir='ltr'><strong>tolerantiam.</strong></span> <span class='ocrx_word' id='word_1_788' title='bbox 1209 2491 1275 2524; x_wconf 84' lang='lat' dir='ltr'><strong>Quis</strong></span> <span class='ocrx_word' id='word_1_789' title='bbox 1302 2491 1374 2519; x_wconf 87' lang='lat' dir='ltr'><strong>enim</strong></span> <span class='ocrx_word' id='word_1_790' title='bbox 1404 2492 1506 2527; x_wconf 80' lang='lat' dir='ltr'><strong>absque</strong></span> <span class='ocrx_word' id='word_1_791' title='bbox 1523 2493 1615 2520; x_wconf 88' lang='lat' dir='ltr'><strong>divina</strong></span> <span class='ocrx_word' id='word_1_792' title='bbox 1641 2492 1790 2528; x_wconf 78' lang='lat' dir='ltr'><strong>refrigera-</strong></span> 
     </span>
    </p>
   </div>
   <div class='ocr_carea' id='block_1_113' title="bbox 1004 2537 1790 2569">
    <p class='ocr_par' dir='ltr' id='par_1_113' title="bbox 1004 2537 1790 2569">
     <span class='ocr_line' id='line_1_113' title="bbox 1004 2537 1790 2569; baseline 0 -5"><span class='ocrx_word' id='word_1_793' title='bbox 1004 2537 1090 2569; x_wconf 83' lang='lat' dir='ltr'><strong>tione,</strong></span> <span class='ocrx_word' id='word_1_794' title='bbox 1103 2537 1235 2564; x_wconf 82' lang='lat' dir='ltr'><strong>adversus</strong></span> <span class='ocrx_word' id='word_1_795' title='bbox 1252 2538 1342 2564; x_wconf 86' lang='lat' dir='ltr'><strong>omnia</strong></span> <span class='ocrx_word' id='word_1_796' title='bbox 1359 2538 1522 2565; x_wconf 72' lang='lat' dir='ltr'><strong>exedentem</strong></span> <span class='ocrx_word' id='word_1_797' title='bbox 1545 2537 1681 2566; x_wconf 83' lang='lat' dir='ltr'><strong>ﬂammam</strong></span> <span class='ocrx_word' id='word_1_798' title='bbox 1693 2539 1790 2566; x_wconf 85' lang='lat' dir='ltr'><strong>decer-</strong></span> 
     </span>
    </p>
   </div>
   <div class='ocr_carea' id='block_1_114' title="bbox 1005 2582 1792 2618">
    <p class='ocr_par' dir='ltr' id='par_1_114' title="bbox 1005 2582 1792 2618">
     <span class='ocr_line' id='line_1_114' title="bbox 1005 2582 1792 2618; baseline 0.003 -9"><span class='ocrx_word' id='word_1_799' title='bbox 1005 2582 1129 2610; x_wconf 78' lang='lat' dir='ltr'><strong>taverit?</strong></span> <span class='ocrx_word' id='word_1_800' title='bbox 1153 2583 1205 2616; x_wconf 87' lang='lat' dir='ltr'><strong>Qui</strong></span> <span class='ocrx_word' id='word_1_801' title='bbox 1227 2588 1318 2610; x_wconf 85' lang='lat' dir='ltr'><strong>autem</strong></span> <span class='ocrx_word' id='word_1_802' title='bbox 1335 2583 1433 2618; x_wconf 85' lang='lat' dir='ltr'><strong>spiritu</strong></span> <span class='ocrx_word' id='word_1_803' title='bbox 1460 2584 1567 2611; x_wconf 77' lang='lat' dir='ltr'><strong>fervent</strong></span> <span class='ocrx_word' id='word_1_804' title='bbox 1598 2588 1625 2611; x_wconf 90' lang='lat' dir='ltr'><strong>et</strong></span> <span class='ocrx_word' id='word_1_805' title='bbox 1645 2584 1731 2611; x_wconf 84' lang='lat' dir='ltr'><strong>Deum</strong></span> <span class='ocrx_word' id='word_1_806' title='bbox 1749 2584 1792 2610; x_wconf 86' lang='lat' dir='ltr'><strong>in-</strong></span> 
     </span>
    </p>
   </div>
   <div class='ocr_carea' id='block_1_115' title="bbox 1004 2627 1791 2663">
    <p class='ocr_par' dir='ltr' id='par_1_115' title="bbox 1004 2627 1791 2663">
     <span class='ocr_line' id='line_1_115' title="bbox 1004 2627 1791 2663; baseline 0.001 -9"><span class='ocrx_word' id='word_1_807' title='bbox 1004 2627 1136 2660; x_wconf 86' lang='lat' dir='ltr'><strong>duerunt,</strong></span> <span class='ocrx_word' id='word_1_808' title='bbox 1156 2627 1226 2662; x_wconf 79' lang='lat' dir='ltr'><strong>ignis</strong></span> <span class='ocrx_word' id='word_1_809' title='bbox 1250 2635 1416 2656; x_wconf 88' lang='lat' dir='ltr'><strong>consumens</strong></span> <span class='ocrx_word' id='word_1_810' title='bbox 1433 2628 1506 2660; x_wconf 84' lang='lat' dir='ltr'><strong>illos,</strong></span> <span class='ocrx_word' id='word_1_811' title='bbox 1528 2629 1574 2663; x_wconf 93' lang='lat' dir='ltr'><strong>qui</strong></span> <span class='ocrx_word' id='word_1_812' title='bbox 1587 2629 1660 2656; x_wconf 69' lang='lat' dir='ltr'><strong>situt</strong></span> <span class='ocrx_word' id='word_1_813' title='bbox 1682 2633 1711 2656; x_wconf 92' lang='lat' dir='ltr'><strong>tu</strong></span> <span class='ocrx_word' id='word_1_814' title='bbox 1726 2633 1791 2655; x_wconf 92' lang='lat' dir='ltr'><strong>sunt</strong></span> 
     </span>
    </p>
   </div>
   <div class='ocr_carea' id='block_1_116' title="bbox 1005 2673 1790 2709">
    <p class='ocr_par' dir='ltr' id='par_1_116' title="bbox 1005 2673 1790 2709">
     <span class='ocr_line' id='line_1_116' title="bbox 1005 2673 1790 2709; baseline -0.001 -8"><span class='ocrx_word' id='word_1_815' title='bbox 1005 2673 1082 2708; x_wconf 88' lang='lat' dir='ltr'><strong>impii</strong></span> <span class='ocrx_word' id='word_1_816' title='bbox 1109 2681 1282 2708; x_wconf 86' lang='lat' dir='ltr'><strong>nequaquam</strong></span> <span class='ocrx_word' id='word_1_817' title='bbox 1307 2673 1368 2709; x_wconf 88' lang='lat' dir='ltr'><strong>pios</strong></span> <span class='ocrx_word' id='word_1_818' title='bbox 1396 2674 1496 2703; x_wconf 68' lang='lat' dir='ltr'><strong>laedere</strong></span> <span class='ocrx_word' id='word_1_819' title='bbox 1519 2675 1630 2709; x_wconf 86' lang='lat' dir='ltr'><strong>poterit.</strong></span> <span class='ocrx_word' id='word_1_820' title='bbox 1662 2673 1790 2701; x_wconf 58' lang='lat' dir='ltr'><strong>Flamma:</strong></span> 
     </span>
    </p>
   </div>
   <div class='ocr_carea' id='block_1_117' title="bbox 1005 2720 1791 2755">
    <p class='ocr_par' dir='ltr' id='par_1_117' title="bbox 1005 2720 1791 2755">
     <span class='ocr_line' id='line_1_117' title="bbox 1005 2720 1791 2755; baseline 0.003 -9"><span class='ocrx_word' id='word_1_821' title='bbox 1005 2720 1076 2747; x_wconf 88' lang='lat' dir='ltr'><strong>enim</strong></span> <span class='ocrx_word' id='word_1_822' title='bbox 1091 2727 1144 2747; x_wconf 92' lang='lat' dir='ltr'><strong>non</strong></span> <span class='ocrx_word' id='word_1_823' title='bbox 1161 2725 1203 2747; x_wconf 85' lang='lat' dir='ltr'><strong>est</strong></span> <span class='ocrx_word' id='word_1_824' title='bbox 1215 2728 1229 2747; x_wconf 74' lang='grc' dir='ltr'><strong>ει</strong></span> <span class='ocrx_word' id='word_1_825' title='bbox 1242 2725 1340 2747; x_wconf 87' lang='lat' dir='ltr'><strong>natura</strong></span> <span class='ocrx_word' id='word_1_826' title='bbox 1354 2720 1556 2755; x_wconf 78' lang='lat' dir='ltr'><strong>ingeneratum,</strong></span> <span class='ocrx_word' id='word_1_827' title='bbox 1568 2725 1599 2747; x_wconf 87' lang='lat' dir='ltr'><strong>ut</strong></span> <span class='ocrx_word' id='word_1_828' title='bbox 1611 2725 1791 2749; x_wconf 87' lang='lat' dir='ltr'><strong>consumatur</strong></span> 
     </span>
    </p>
   </div>
   <div class='ocr_carea' id='block_1_118' title="bbox 1005 2765 1791 2802">
    <p class='ocr_par' dir='ltr' id='par_1_118' title="bbox 1005 2765 1791 2802">
     <span class='ocr_line' id='line_1_118' title="bbox 1005 2765 1791 2802; baseline 0.001 -9"><span class='ocrx_word' id='word_1_829' title='bbox 1005 2774 1019 2793; x_wconf 91' lang='lat' dir='ltr'><strong>a</strong></span> <span class='ocrx_word' id='word_1_830' title='bbox 1037 2765 1156 2798; x_wconf 81' lang='lat' dir='ltr'><strong>ﬂamma,</strong></span> <span class='ocrx_word' id='word_1_831' title='bbox 1175 2773 1236 2801; x_wconf 65' lang='lat' dir='ltr'><strong>qua:</strong></span> <span class='ocrx_word' id='word_1_832' title='bbox 1255 2769 1297 2793; x_wconf 91' lang='lat' dir='ltr'><strong>est</strong></span> <span class='ocrx_word' id='word_1_833' title='bbox 1312 2765 1346 2793; x_wconf 88' lang='lat' dir='ltr'><strong>ad</strong></span> <span class='ocrx_word' id='word_1_834' title='bbox 1363 2770 1482 2801; x_wconf 82' lang='lat' dir='ltr'><strong>tempus,</strong></span> <span class='ocrx_word' id='word_1_835' title='bbox 1500 2770 1528 2792; x_wconf 90' lang='lat' dir='ltr'><strong>et</strong></span> <span class='ocrx_word' id='word_1_836' title='bbox 1544 2765 1571 2792; x_wconf 92' lang='lat' dir='ltr'><strong>in</strong></span> <span class='ocrx_word' id='word_1_837' title='bbox 1603 2774 1685 2802; x_wconf 88' lang='lat' dir='ltr'><strong>quam</strong></span> <span class='ocrx_word' id='word_1_838' title='bbox 1717 2765 1791 2794; x_wconf 89' lang='lat' dir='ltr'><strong>cadit</strong></span> 
     </span>
    </p>
   </div>
   <div class='ocr_carea' id='block_1_119' title="bbox 1005 2812 1790 2847">
    <p class='ocr_par' dir='ltr' id='par_1_119' title="bbox 1005 2812 1790 2847">
     <span class='ocr_line' id='line_1_119' title="bbox 1005 2812 1790 2847; baseline -0.001 -7"><span class='ocrx_word' id='word_1_839' title='bbox 1005 2814 1144 2840; x_wconf 85' lang='lat' dir='ltr'><strong>interitus.</strong></span> <span class='ocrx_word' id='word_1_840' title='bbox 1162 2812 1347 2846; x_wconf 87' lang='lat' dir='ltr'><strong>Quamobrem</strong></span> <span class='ocrx_word' id='word_1_841' title='bbox 1373 2812 1473 2839; x_wconf 78' lang='lat' dir='ltr'><strong>frustra</strong></span> <span class='ocrx_word' id='word_1_842' title='bbox 1509 2812 1630 2847; x_wconf 80' lang='lat' dir='ltr'><strong>laboras,</strong></span> <span class='ocrx_word' id='word_1_843' title='bbox 1647 2820 1663 2840; x_wconf 90' lang='grc' dir='ltr'><strong>ο</strong></span> <span class='ocrx_word' id='word_1_844' title='bbox 1691 2812 1790 2841; x_wconf 89' lang='lat' dir='ltr'><strong>stolide</strong></span> 
     </span>
    </p>
   </div>
   <div class='ocr_carea' id='block_1_120' title="bbox 1005 2857 1790 2895">
    <p class='ocr_par' dir='ltr' id='par_1_120' title="bbox 1005 2857 1790 2895">
     <span class='ocr_line' id='line_1_120' title="bbox 1005 2857 1790 2895; baseline 0 -9"><span class='ocrx_word' id='word_1_845' title='bbox 1005 2864 1129 2894; x_wconf 78' lang='lat' dir='ltr'><strong>tyranne,</strong></span> <span class='ocrx_word' id='word_1_846' title='bbox 1147 2859 1193 2895; x_wconf 89' lang='lat' dir='ltr'><strong>qui</strong></span> <span class='ocrx_word' id='word_1_847' title='bbox 1224 2866 1284 2889; x_wconf 86' lang='lat' dir='ltr'><strong>nos.</strong></span> <span class='ocrx_word' id='word_1_848' title='bbox 1303 2858 1349 2893; x_wconf 90' lang='lat' dir='ltr'><strong>qui</strong></span> <span class='ocrx_word' id='word_1_849' title='bbox 1371 2857 1473 2886; x_wconf 85' lang='lat' dir='ltr'><strong>Christi</strong></span> <span class='ocrx_word' id='word_1_850' title='bbox 1498 2859 1698 2895; x_wconf 75' lang='lat' dir='ltr'><strong>conflagramus</strong></span> <span class='ocrx_word' id='word_1_851' title='bbox 1725 2859 1790 2886; x_wconf 80' lang='lat' dir='ltr'><strong>cha-</strong></span> 
     </span>
    </p>
   </div>
   <div class='ocr_carea' id='block_1_121' title="bbox 1007 2904 1791 2942">
    <p class='ocr_par' dir='ltr' id='par_1_121' title="bbox 1007 2904 1791 2942">
     <span class='ocr_line' id='line_1_121' title="bbox 1007 2904 1791 2942; baseline -0.003 -9"><span class='ocrx_word' id='word_1_852' title='bbox 1007 2907 1098 2936; x_wconf 79' lang='lat' dir='ltr'><strong>ritate.</strong></span> <span class='ocrx_word' id='word_1_853' title='bbox 1116 2907 1177 2942; x_wconf 69' lang='lat' dir='ltr'><strong>igne</strong></span> <span class='ocrx_word' id='word_1_854' title='bbox 1193 2905 1337 2933; x_wconf 83' lang='lat' dir='ltr'><strong>contendis</strong></span> <span class='ocrx_word' id='word_1_855' title='bbox 1365 2911 1539 2935; x_wconf 64' lang='lat' dir='ltr'><strong>consumere.</strong></span> <span class='ocrx_word' id='word_1_856' title='bbox 1558 2905 1611 2935; x_wconf 81' lang='lat' dir='ltr'><strong>Nos</strong></span> <span class='ocrx_word' id='word_1_857' title='bbox 1625 2907 1698 2934; x_wconf 90' lang='lat' dir='ltr'><strong>enim</strong></span> <span class='ocrx_word' id='word_1_858' title='bbox 1719 2904 1791 2942; x_wconf 70' lang='lat' dir='ltr'><strong>ignis</strong></span> 
     </span>
    </p>
   </div>
   <div class='ocr_carea' id='block_1_122' title="bbox 1008 2951 1559 2986">
    <p class='ocr_par' dir='ltr' id='par_1_122' title="bbox 1008 2951 1559 2986">
     <span class='ocr_line' id='line_1_122' title="bbox 1008 2951 1559 2986; baseline 0.002 -6"><span class='ocrx_word' id='word_1_859' title='bbox 1008 2953 1170 2986; x_wconf 76' lang='lat' dir='ltr'><strong>candelecit,</strong></span> <span class='ocrx_word' id='word_1_860' title='bbox 1186 2953 1259 2980; x_wconf 86' lang='lat' dir='ltr'><strong>sicut</strong></span> <span class='ocrx_word' id='word_1_861' title='bbox 1270 2951 1387 2980; x_wconf 82' lang='lat' dir='ltr'><strong>candcﬁt</strong></span> <span class='ocrx_word' id='word_1_862' title='bbox 1405 2955 1559 2986; x_wconf 69' lang='lat' dir='ltr'><strong>argentum.</strong></span> 
     </span>
    </p>
   </div>
  </div>
