2024 3153
215 163 267 195 367

871 164 925 194 ΜΕ
931 164 1016 195 NSIS
1035 166 1185 198 JULlUS.

1788 166 1844 199 3&8

249 223 296 252 Xl.
308 223 376 250 Cum
388 230 485 250 omnes
497 226 589 251 autem
600 221 648 258 qui
661 220 812 249 audiebam
821 225 934 256 propter
946 220 994 248 han

1091 223 1142 250 IA'.
1160 223 1274 250 Πάντων
1294 219 1340 250 οὖν
1365 222 1412 250 ἐπὶ
1425 222 1483 255 τοῖς
1498 222 1631 254 τοιούτοις
1648 222 1844 258 θαυμαζόντων

213 269 297 297 verba
317 268 534 302 admirarentur,
550 273 693 304 tyrannus,
709 267 757 302 qui
785 266 820 294 ab
847 266 927 293 initio
940 271 1002 294 erat

213 324 261 344 vas
278 315 417 347 interitus,
440 314 627 351 perseveravit
643 314 713 341 velle
737 317 848 341 sanctos
874 313 1000 348 perdere,

212 367 241 390 ct
255 370 345 397 neque
371 368 519 397 persuasus
533 361 585 389 fuit
606 360 698 387 verbis
720 360 904 395 gloriosorum
925 367 1000 387 mar-

213 416 314 446 tyrum,
328 417 415 443 neque
427 408 511 435 rebus
532 408 599 443 ipsis
608 407 661 435 fuit
671 407 888 442 obstupefactus.
901 406 1002 439 Quam-

211 458 308 484 obrem
318 455 397 491 jubet
405 455 446 482 eis
456 461 551 482 rursus
562 454 631 489 palis
642 452 740 485 affixis,
751 452 849 480 ferreis
862 452 1002 488 unguibus

213 503 300 531 latera
316 502 426 529 fortiter
448 500 526 528 caedi.
546 499 615 527 Cum
632 507 698 535 ergo
714 499 802 527 sancti
818 504 847 527 et
872 499 1000 532 generosi

212 554 346 583 martyres
364 547 418 574 hoc
434 553 545 581 quoque
571 549 712 573 certamen
731 549 844 572 strenue
874 544 1000 572 decerta-

213 599 284 626 rent,
301 597 329 621 et
339 600 437 621 omnes
450 592 654 619 admirarentur
666 590 841 626 imperatoris
851 589 1000 618 amentiam

211 644 241 668 ct
272 639 404 670 furorem,
431 637 579 673 praeclarus
610 641 714 671 martyr
748 635 896 662 Mauricius
931 635 1001 662 dixit

213 691 332 722 tyranno
347 693 355 713 :
374 684 435 712 Non
464 683 552 711 sentis
569 687 643 710 tuam
660 682 879 710 imbecillitatem
891 685 925 715 ,et
948 681 1000 709 mi—

212 732 324 763 seriam.
339 738 356 758 ο
371 729 513 757 immunda
531 733 559 756 et
570 727 685 763 profane
702 732 827 763 tyranne,
843 726 916 762 quod
929 726 1001 754 Pho-

213 780 288 807 tinus
310 784 412 813 parvus
440 776 485 803 hic
505 775 668 802 adolescens
691 774 731 801 tui
757 773 866 808 imperii
885 772 1001 808 fregerit

212 823 374 853 audaciam?
390 822 465 850 Talia
483 821 558 849 enim
573 825 602 848 et
617 825 672 847 tam
690 819 777 847 multa
800 819 918 847 subiisse
943 823 999 846 tor-

212 873 316 902 menta,
341 872 383 896 est
415 867 456 894 tui
484 864 668 894 crudelissimi
702 863 811 898 imperii
836 862 997 890 contractio.

212 914 355 949 Quomodo
379 921 446 949 ergo
482 912 648 940 universam
684 915 808 938 nostram
834 910 999 945 phalangem

212 963 336 996 frangere
352 960 468 995 poteris,
484 957 532 993 qui
549 965 564 985 a
582 957 690 985 tantillo
722 955 897 983 adolescente
913 955 1000 983 fueris

213 1007 378 1042 superatus?
402 1005 518 1040 Propter
530 1003 589 1030 hanc
611 1002 694 1030 verba
706 1002 746 1029 ira
769 1001 894 1037 percitus
914 1001 1000 1028 scele-

211 1057 288 1081 ratus
306 1051 499 1084 Maximianus,
512 1054 541 1078 et
555 1049 718 1077 ardentibus
733 1055 798 1076 eum
813 1047 923 1075 intuens
933 1054 1000 1075 ocu-

209 1099 255 1132 lis,
272 1104 301 1126 et
316 1098 437 1126 stridens
453 1097 481 1124 in
494 1103 558 1124 eum
570 1095 714 1128 dentibus,
723 1098 751 1122 et
762 1093 860 1121 volens
870 1097 999 1121 sanctum

210 1149 238 1173 et
250 1144 360 1171 beatum
383 1142 487 1170 Christi
498 1147 648 1177 martyrem
662 1139 825 1168 Mauricium
845 1139 944 1167 acerbe
957 1138 999 1166 ul-

210 1190 287 1223 cisci,
303 1190 382 1226 jubet
394 1188 566 1224 spiculatori,
580 1191 611 1215 ut
624 1191 688 1214 ante
703 1186 800 1214 oculos
810 1185 897 1221 patris
910 1185 998 1213 tilium

210 1235 339 1263 conﬁciat
353 1239 382 1262 et
395 1233 513 1262 occidat.
530 1233 570 1260 Eo
588 1233 682 1267 itaque
705 1235 852 1267 praesente,
863 1235 892 1258 et
913 1231 998 1258 tilium

211 1279 371 1316 aspiciente,
384 1279 444 1316 ejus
461 1282 544 1314 caput
559 1277 678 1306 abscidit
695 1276 855 1312 spiculator.

245 1368 305 1396 Ill.
319 1367 386 1396 Cum
399 1374 465 1402 ergo
474 1367 528 1395 hoc
539 1364 784 1394 modo'heatissimi
795 1364 906 1392 Photini
916 1370 999 1400 caput

210 1413 398 1442 venerandum
416 1413 515 1440 fuisset
528 1415 712 1448 amputatum,
725 1411 805 1447 isque
831 1411 948 1446 pulchre
969 1415 998 1439 et

209 1461 327 1497 gloriose
349 1459 494 1495 migrasset
518 1458 553 1486 ad
582 1457 740 1490 Dominum,
755 1457 829 1485 dixit
848 1457 998 1492 praeclarus

208 1507 377 1535 Mauricius:
391 1505 519 1533 Nostrum
546 1504 716 1532 desiderium
737 1503 898 1539 implevisti,
919 1510 936 1530 ο
956 1507 997 1538 ty-

1054 269 1184 303 ρήμασιν,
1200 268 1297 300 σκεῦος
1310 268 1442 304 ὑπάρχων
1457 269 1508 303 τῆς
1526 268 1664 300 ἀπωλείας
1681 269 1695 295 ό
1711 268 1844 304 τύραννος

1052 313 1187 348 διέμεινεν
1198 314 1378 350 ἐνιστάμενος
1392 314 1441 341 τοῦ
1455 315 1589 342 ἀπολέσαι
1608 315 1672 346 τοὺς
1682 315 1787 349 άγίους,
1798 317 1844 343 καὶ

1052 357 1115 385 οὔτε
1128 360 1185 390 τοῖς
1204 359 1294 393 λόγοις
1318 359 1444 386 ἐπείθετο
1458 359 1514 385 τῶν
1534 359 1666 394 ἀοιδίμων
1680 360 1842 396 μαρτύρων,

1052 405 1115 433 οὔτε
1127 407 1185 438 τοῖς
1196 406 1357 442 πράγμασιν
1371 405 1552 440 ἐξεπλήττετο
1565 414 1572 420 ·
1588 406 1635 432 καὶ
1658 405 1764 433 κελεύει
1774 407 1842 434 ἀνα-

1053 451 1291 483 σκολωπισθέντας
1320 452 1385 483 τοὺς
1415 451 1511 485 ἁγίους
1540 451 1664 486 σιδηροῖς
1685 451 1775 484 δνυξιν
1793 451 1844 484 τὰς

1051 498 1172 532 πλευρὰς
1199 498 1290 524 αὐτῶν
1320 497 1437 529 εὐτόνως
1469 496 1596 530 ξέεσθαι.
1619 496 1681 523 Τῶν
1697 495 1743 524 οὖν
1756 498 1844 532 ἁγίων

1053 544 1201 580 μαρτύρων
1223 544 1271 570 καὶ
1300 543 1403 570 τούτων
1435 543 1553 578 ἰσχυρῶς
1585 541 1769 570 διαθλούντων
1795 544 1843 570 τδν

1051 590 1156 622 ἀγῶνα,
1170 590 1218 617 καὶ
1238 589 1348 616 πάντων
1366 588 1565 623 θαυμαζόντων
1579 588 1629 623 τὴν
1646 587 1693 614 τοῦ
1708 587 1843 623 βασιλέως

1051 636 1154 669 ἄνοιαν,
1168 636 1333 670 Μαυρεκιος,
1348 635 1362 661 ό
1375 634 1497 668 ἀοίδιμος
1518 633 1636 670 μάρτυς,
1655 634 1724 669 πρὸς
1738 633 1785 661 τδν
1795 633 1845 660 1:6-

1053 690 1147 717 ραννον
1161 681 1214 717 ἔφη
1225 690 1231 697 ·
1247 681 1305 707 Οὐκ
1318 680 1436 717 αἰσθάνῃ
1450 680 1499 715 τῆς
1516 680 1565 715 σῆς
1578 679 1732 713 ἀσθενείας,
1747 676 1770 707 ὦ
1782 680 1843 715 βδε-

1050 728 1191 764 λυρώτατε
1222 727 1350 763 τύραννε,
1375 728 1417 754 ὃτι
1443 727 1590 760 Φωτεινδς,
1614 726 1644 753 τὺ
1662 727 1750 762 βραχὺ
1763 727 1843 755 τοῦτο

1053 775 1209 809 μειράκιον,
1227 774 1378 800 κατέλυσεν
1389 773 1439 808 τὴν
1456 773 1613 808 βασιλείαν;
1630 773 1662 800 τὸ
1675 773 1729 809 γὰρ
1744 774 1843 801 τοσαύ-

1052 828 1103 851 τας
1119 820 1166 846 καὶ
1182 819 1351 854 τηλικαύτας
1361 819 1512 854 ὑποστῆναι
1529 819 1674 854 βασάνους,
1692 819 1843 852 κατάλυσις

1051 867 1101 901 τῆς
1114 865 1163 900 σῆς
1178 865 1325 900 ὠμότατης
1341 864 1480 900 βασιλείας
1495 865 1569 891 ἐστίν
1582 874 1589 880 ·
1602 866 1662 898 πῶς
1678 866 1770 893 τοίνυν
1787 865 1841 893 πᾶ-

1015 892 1036 920 B
1052 892 1102 937 σάν
1116 892 1369 946 superisa};
1388 910 1436 946 τὴν
1453 892 1594 945 φ-άλαγγα,
1608 892 1774 943 τοσαυτάκις

1052 956 1247 992 μειρακυλλίου
1264 956 1425 991 τηλικούτου
1438 956 1604 983 καταπεσών
1616 965 1623 989 ;
1637 957 1782 992 Θυμωθεὶς
1794 955 1842 985 οὖν

1050 1001 1097 1028 ἐπὶ
1111 1002 1167 1032 τοῖς
1188 1000 1323 1032 τοιούτοις
1344 1000 1519 1035 Μαξιμιανὸς
1537 1001 1551 1026 ό
1570 1001 1733 1037 παμμιαρδς
1751 1003 1844 1038 ῥήμα-

1051 1056 1104 1080 σιν,
1120 1046 1167 1073 καὶ
1185 1045 1308 1081 πυρίνοις
1325 1045 1407 1072 αὐτὸν
1419 1045 1660 1081 περιϐλεψάμενος
1676 1046 1840 1082 ὀφθαλμοῖς,

1049 1091 1150 1127 τρίζων
1165 1091 1225 1118 κατ’
1240 1091 1324 1118 αὑτοῦ
1336 1091 1400 1122 τοὺς
1416 1091 1528 1123 ὀδόντας
1552 1092 1599 1118 καὶ
1616 1091 1781 1127 βουλόμενος
1794 1093 1842 1128 δῆ-

1051 1135 1097 1162 θεν
1108 1135 1154 1162 τὸν
1181 1136 1383 1171 τρισμακάριον
1401 1136 1559 1171 Μαυρίκιον
1586 1137 1694 1173 πικρῶς
1711 1138 1842 1173 ἀνταμεί-

1049 1180 1164 1216 ψασθαι,
1182 1181 1290 1208 κελεύει
1315 1181 1355 1216 τῷ
1371 1182 1579 1217 σπεκουλάτωρι
1597 1183 1657 1209 κατ’
1684 1183 1841 1218 ὀφθαλμοὺς

1048 1227 1096 1254 τοῦ
1109 1229 1213 1263 πατρὸς
1229 1227 1451 1263 διαχειρίσασθαι
1463 1227 1508 1255 τὸν
1522 1229 1624 1261 παῖδα,
1641 1229 1689 1256 καὶ
1706 1230 1840 1266 παρόντος

1049 1273 1132 1300 αὐτοῦ
1161 1274 1210 1300 καὶ
1222 1272 1361 1309 θεωμένου
1384 1273 1431 1301 τὸν
1459 1274 1517 1301 υίδν
1534 1275 1584 1309 τὴν
1598 1274 1695 1302 τούτου
1711 1275 1834 1311 κεφαλὴν

1049 1318 1208 1354 ἀποτεμεῖν.

1084 1366 1135 1391 iB'.
1160 1364 1254 1400 Τούτῳ
1271 1364 1363 1392 τοίνυν
1386 1365 1425 1402 τῷ
1439 1365 1534 1402 τρόπῳ
1547 1366 1682 1394 Φωτεινοῦ
1698 1367 1746 1394 τοῦ
1761 1376 1838 1403 τρισ-

1050 1410 1188 1447 μακαρίου
1208 1410 1258 1446 τὴν
1275 1411 1399 1447 κεφαλὴν
1414 1412 1622 1448 άποτμηθέντος
1634 1413 1680 1440 καὶ
1691 1413 1739 1449 τὴν
1753 1414 1839 1449 καλὴν

1048 1457 1182 1493 ἔκδημίαν
1200 1457 1267 1493 πρὸς
1298 1457 1365 1485 Θεὸν
1394 1458 1612 1494 ἐκδημήσαντος,
1641 1460 1838 1495 Μαυρίκιος,ό

1048 1503 1180 1539 ἀοίδιμος,
1208 1503 1279 1539 ἔφη·
1312 1504 1492 1539 Ἐπλήρωσας
1510 1505 1590 1540 ἡμῶν
1613 1506 1662 1540 τὴν
1676 1506 1837 1541 ἐπιθυμίαν,

209 1557 346 1584 ranne,et
368 1551 402 1578 de
427 1555 526 1578 caetero
544 1549 652 1577 firmum
667 1553 696 1577 et
720 1549 847 1577 stabilem
862 1549 994 1577 habemus

1049 1549 1174 1585 τύραννε,
1191 1550 1238 1576 καὶ
1252 1550 1345 1577 λοιπὸν
1365 1550 1475 1585 βέϐαιον
1490 1551 1668 1587 ἐκτησάμεθα
1691 1552 1737 1579 τὸν
1753 1553 1837 1588 οὖρά-

208 1607 321 1627 cursunt
336 1598 487 1626 caelestem.
499 1596 567 1630 Quis
577 1596 650 1624 enim
664 1604 698 1624 ex
711 1600 807 1624 nostra
818 1595 997 1624 multitudine

208 1646 357 1676 sustinebit
381 1645 507 1680 superari
526 1653 540 1672 a
565 1644 684 1672 Photino
701 1644 805 1672 Christi
824 1644 922 1678 milite,
949 1644 996 1679 qui

208 1694 336 1728 migravit
351 1693 377 1719 in
387 1692 499 1724 ccelum,
516 1696 544 1718 et
557 1690 661 1726 pudore
672 1689 767 1718 affecit
794 1695 901 1726 patrem
917 1695 996 1718 tuum

209 1736 371 1765 diabolum?
395 1736 435 1763 Ad
456 1736 515 1763 haec
540 1736 638 1771 majori
658 1735 752 1763 studio
774 1739 802 1763 et
816 1736 996 1764 contentione

209 1788 409 1813 tormentorum
426 1783 454 1810 in
470 1790 520 1810 nos
546 1782 673 1818 excogita
688 1782 838 1814 cruciatus,
853 1787 880 1809 et
894 1782 963 1809 nihil
979 1790 995 1810 ιι

208 1835 235 1858 te
249 1830 476 1866 praetermittatur
494 1836 592 1856 eorum
617 1836 678 1863 quae
693 1827 814 1864 probant
827 1837 862 1856 an
887 1829 995 1856 ﬁrmam

207 1882 235 1904 et
262 1876 430 1903 immobilem
456 1875 538 1902 ﬁdem
570 1874 681 1902 Christo
703 1882 856 1902 servemus.
881 1874 995 1907 Quando

206 1928 298 1950 autem
319 1922 388 1949 vidit
414 1921 597 1949 Maximianus
616 1926 725 1949 sanctos
736 1920 844 1949 Christi
860 1926 995 1956 martyres

206 1975 334 2005 prompto
349 1973 378 1996 et
399 1968 483 1995 alacri
501 1967 594 1995 animo
623 1967 821 2002 perpetientcs,
840 1971 867 1994 et
891 1971 993 1994 rectam

205 2022 281 2042 suam
297 2014 376 2042 fidem
386 2022 441 2041 non
453 2014 786 2045 deserentes,couvocato
799 2020 849 2040 suo
870 2012 993 2040 belluino

204 2065 232 2088 et
246 2060 396 2087 inhumano
412 2063 520 2092 senatu,
534 2066 597 2086 cum
627 2058 667 2086 eis
692 2058 878 2091 consultabat,
895 2065 993 2092 quem-

204 2106 352 2133 admodum
381 2109 493 2132 sanctos
519 2108 655 2140 martyres
672 2109 761 2131 morte
781 2103 994 2131 afficeretacer-

204 2151 327 2183 bissima,
341 2158 389 2185 per
401 2158 471 2185 quos
482 2155 618 2177 terrorem
634 2148 747 2176 afferret
760 2149 937 2182 Christianis,
946 2149 993 2184 qui

203 2201 282 2224 erant
298 2196 325 2223 in
343 2200 401 2222 toto
416 2195 483 2222 orbe
500 2199 647 2226 terrarum,
664 2199 692 2221 et
715 2193 848 2227 eﬂiceret,
875 2200 906 2221 ut
926 2194 992 2221 delio

1048 1603 1104 1622 νιον
1118 1595 1217 1630 δρόμον
1228 1604 1234 1610 ·
1252 1595 1293 1627 τίς
1305 1596 1360 1631 γὰρ
1373 1596 1406 1622 ὲκ
1417 1596 1467 1631 τῆς
1479 1597 1617 1632 ἡμετέρας
1629 1597 1753 1630 ἀνέξεται
1768 1599 1838 1634 πλη-

1047 1641 1110 1673 θύος
1122 1639 1202 1677 ἦττον
1214 1642 1334 1677 φανῆναι
1351 1641 1398 1668 τοῦ
1418 1643 1538 1678 Χριστοῦ
1552 1643 1719 1678 στρατιώτου
1735 1644 1837 1670 Φωτει-

1046 1687 1104 1720 νοῦ,
1133 1687 1180 1714 τοῦ
1198 1688 1267 1723 πρὸς
1290 1688 1407 1723 οὖρανὺν
1427 1689 1634 1723 ἐκδημήσαντος
1665 1693 1713 1716 καὶ
1729 1690 1774 1716 τὸν
1791 1689 1837 1716 σὸν

1047 1734 1154 1768 πατέρα
1170 1733 1404 1769 καταισχύναντος
1420 1734 1562 1768 διὰϐολονς
1575 1735 1647 1771 Πρὸς
1659 1735 1744 1763 ταῦτα
1759 1736 1836 1771 φιλο-

1045 1780 1143 1815 τίμους
1172 1780 1226 1806 τῶν
1257 1779 1478 1815 βασανιστηρίων
1498 1781 1602 1821 ἐπινόει
1619 1781 1680 1808 καθ’
1693 1781 1770 1816 ἡμῶν
1788 1781 1837 1814 τὰς

1047 1826 1173 1858 κολάσεις
1188 1826 1236 1853 καὶ
1256 1827 1341 1862 μηδέν
1358 1835 1401 1854 σοι
1419 1828 1633 1863 παραλελείιρθω
1651 1828 1706 1856 τῶν
1720 1830 1836 1864 δοκιμα-

1047 1872 1148 1904 ζόντων
1165 1873 1239 1908 ἡμᾶς
1251 1873 1275 1900 εί
1290 1872 1404 1908 βεὸαίαν
1418 1874 1456 1909 τῷ
1478 1875 1592 1910 Χριστῷ
1617 1875 1664 1901 καὶ
1686 1875 1836 1902 ἀσάλευτιν

1045 1919 1096 1953 τὴν
1112 1919 1205 1946 πίστιν
1219 1919 1480 1955 παραιιςυλάττομεν.
1498 1921 1562 1947 Ὅτε
1574 1918 1621 1948 οὖν
1631 1919 1702 1947 εἶδεν
1717 1921 1730 1947 ό
1747 1921 1836 1953 Μαξί-

1048 1964 1144 2000 μιανὺς
1171 1965 1234 1996 τοὺς
1261 1966 1357 2000 ἁγίους
1371 1966 1419 1992 τοῦ
1435 1965 1556 2001 Χριστοῦ
1575 1966 1721 2001 μάρτυρας
1747 1966 1776 1992 ὲν
1789 1965 1835 2001 βε-

1046 2010 1115 2046 ϐαίῳ
1130 2011 1332 2047 καρτεροῦντας
1342 2012 1390 2038 καὶ
1405 2013 1454 2046 τῆς
1465 2012 1555 2039 αὐτῶν
1567 2012 1652 2048 ὀρθῆς
1663 2013 1693 2039 οὐ
1707 2012 1836 2047 μεθιστα-

1047 2057 1145 2092 μένους
1163 2057 1293 2089 πίστεως,
1322 2058 1564 2094 συγκαλεσάμενος
1580 2058 1664 2086 αὐτοῦ
1682 2058 1731 2093 τὴν
1749 2059 1836 2086 ἀπα-μ

1045 2105 1154 2140 θρωπον
1168 2105 1331 2142 σύγκλητον,
1344 2106 1503 2133 ἐϐουλεύετο
1516 2106 1576 2142 μετ’
1589 2107 1689 2138 αὐτῶν,
1703 2106 1761 2138 πῶς
1771 2107 1834 2139 τοὺς

1047 2152 1146 2187 ἁγίους
1161 2152 1270 2188 θανάτῳ
1287 2153 1446 2189 πικροτάτῳ
1459 2153 1588 2185 διάθοιτο,
1598 2153 1633 2180 δι’
1643 2151 1680 2180 ὧν
1699 2153 1762 2185 τοὺς
1781 2153 1834 2180 άνὰ

1046 2201 1136 2227 πᾶσαν
1154 2201 1203 2234 τὴν
1215 2200 1382 2236 οἰκουμένην
1393 2201 1576 2236 Χριστιανοὺς
1591 2200 1770 2237 ἑκφοὸήσειεν
1785 2202 1834 2229 καὶ

203 2246 296 2270 curent
309 2250 324 2269 a
341 2245 435 2268 sancta
458 2246 486 2268 et
501 2240 568 2267 nulli
586 2239 659 2267 afﬁni
687 2239 898 2274 reprehensioni
926 2240 990 2267 reli-

1047 2248 1093 2281 τῆς
1101 2233 1253 2281 ἀμωμήτου
1262 2233 1411 2282 θρησκείας
1420 2233 1575 2282 άποστῆσαι
1584 2233 1833 2282 παρασκευάσειεν.

201 2289 282 2324 gione
295 2287 528 2315 Christianorum.
543 2286 621 2313 Tunc
638 2293 700 2313 cum
715 2285 768 2321 ipsi
777 2285 862 2312 multa
876 2286 989 2313 consul-

203 2338 316 2366 tassent,
330 2337 358 2361 et
382 2332 452 2360 alius
467 2332 520 2359 alia
543 2331 677 2359 dixissent
693 2341 700 2360 ε
717 2332 828 2368 quidam
841 2338 875 2359 ex
889 2332 923 2359 iis
940 2332 987 2368 qui

201 2381 229 2407 in
240 2384 573 2410 senatumconvenerant,
589 2379 636 2413 qui
653 2384 713 2407 erat
727 2379 804 2407 radix
815 2380 985 2413 acerbitatis,

200 2431 228 2452 et
244 2426 351 2453 fructus
369 2425 509 2460 nequitiae,
526 2429 554 2451 et
568 2425 691 2460 cujusvis
706 2425 821 2454 alterius
836 2426 947 2455 malitia:
959 2431 988 2454 et

200 2470 340 2505 injustitia:
370 2470 454 2496 arbor
479 2469 658 2500 feracissima,
687 2470 829 2498 consuluit
858 2475 986 2506 tyranno,

200 2517 296 2544 dicens
311 2525 317 2542 :
335 2516 496 2550 imperator,
514 2515 559 2542 hic
577 2516 678 2543 mensis
693 2520 735 2543 est
753 2522 860 2552 tempus
874 2518 986 2545 maximi

199 2569 283 2591 a-stus
297 2563 368 2598 (erat
382 2562 455 2589 enim
471 2566 536 2589 tunc
550 2561 652 2590 mensis
664 2562 776 2598 Julius),
789 2563 859 2591 situs
869 2568 911 2591 est
920 2571 986 2591 vero

198 2616 274 2638 extra
290 2609 429 2638 civitatem
446 2615 542 2635 versus
557 2608 730 2636 occidentem
745 2609 818 2636 inter
840 2610 920 2641 duos,
937 2610 985 2644 qui

197 2660 311 2691 propter
334 2662 396 2681 eam
412 2653 456 2681 siti
468 2658 542 2686 sunt,
557 2654 657 2682 ﬂuvios
670 2659 698 2682 et
721 2655 821 2687 lacum,
835 2656 912 2683 locus
933 2663 984 2690 po-

197 2701 283 2729 situra
297 2700 409 2736 quidem
421 2700 530 2736 planus,
546 2699 609 2728 feno
623 2705 714 2727 autem
724 2701 822 2735 plenus
838 2705 865 2728 et
878 2700 984 2728 infinita

196 2747 249 2775 alia
264 2747 378 2774 materia
394 2767 400 2774 .
412 2754 505 2782 quem,
516 2747 563 2782 qui
580 2747 607 2774 in
618 2754 653 2774 eo
662 2746 724 2774 loco
736 2746 871 2779 habitant.
886 2752 983 2774 vocant

196 2792 311 2828 Rogam,
323 2797 468 2828 propterea
483 2793 556 2828 quod
569 2793 606 2821 sit
618 2799 762 2827 vesparum
771 2800 803 2820 ac
815 2792 983 2822 crabronum

197 2838 327 2866 acerbum
340 2839 538 2870 habitaculum.
558 2846 627 2874 quos
645 2837 761 2865 meridie
776 2846 811 2866 ne
824 2838 903 2867 facile
916 2841 980 2875 qni-

197 2885 261 2926 dgm
275 2889 363 2920 potest
373 2885 472 2921 aliquis
484 2885 601 2914 transire
612 2885 672 2913 sine
684 2884 818 2920 periculo.
833 2885 903 2915 Jube
918 2895 983 2923 ergo

1044 2289 1091 2324 Εἷς
1106 2291 1153 2319 οὖν
1169 2292 1224 2319 τῶν
1242 2292 1425 2320 συνελθόντων
1440 2295 1469 2321 ὲν
1482 2296 1513 2330 τῇ
1535 2296 1691 2331 συγκλήτῳ,
1709 2296 1772 2332 ῥίζα
1789 2298 1834 2321 π.-

1045 2338 1126 2373 κρίας
1151 2338 1284 2373 ὑπάρχων
1310 2338 1358 2365 καὶ
1384 2339 1519 2374 πονηρίας
1544 2341 1661 2375 καρπὸς.
1679 2340 1726 2367 καὶ
1740 2340 1833 2374 πάσης

1044 2384 1152 2415 ἀδικίας
1165 2383 1391 2420 πολυφορώτατον
1406 2385 1526 2420 δένδρον,
1542 2385 1717 2413 συνεϐούλευε
1731 2385 1770 2421 τῷ
1782 2393 1830 2412 τυ-

1045 2430 1134 2466 ράννῳ
1147 2430 1235 2464 λέγων
1246 2438 1252 2446 ⁸
1279 2430 1307 2457 ’0
1325 2431 1379 2466 μὴν
1391 2427 1471 2463 οὗτος
1484 2432 1627 2464 καύσωνός
1645 2433 1702 2458 ὲστι
1718 2432 1814 2467 καιρός
1823 2439 1830 2447 ·

1045 2476 1169 2510 πάνεμος
1184 2476 1240 2511 γὰρ
1254 2476 1308 2512 μὴν
1323 2477 1475 2512 τηνικαῦτα
1495 2477 1663 2511 καθέστηκεν
1673 2485 1680 2491 ⁸
1697 2477 1832 2512 παράκει-

1042 2529 1088 2547 ται
1111 2520 1139 2546 δὲ
1170 2520 1222 2553 ἔξω
1238 2523 1288 2557 τῆς
1307 2522 1413 2552 πόλεως
1442 2523 1513 2550 κατὰ
1540 2524 1571 2549 τὸ
1588 2524 1698 2550 δυτικδν
1723 2522 1829 2558 κλῆμα,

1045 2566 1147 2600 μεταξὺ
1168 2567 1220 2593 τῶν
1237 2568 1450 2603 προσκειμένων
1463 2569 1565 2604 ταύτην
1576 2569 1622 2596 δύο
1635 2569 1765 2605 ποταμῶν
1782 2570 1830 2596 καὶ

1042 2613 1094 2646 τῆς
1113 2611 1220 2647 λίμνης,
1252 2613 1334 2645 τόπος
1350 2614 1452 2649 δμαλος
1470 2614 1519 2650 μὲν
1532 2616 1565 2650 τῇ
1584 2615 1670 2647 θέσει,
1687 2616 1785 2651 χόρτου
1801 2615 1829 2641 δὲ

1044 2657 1092 2685 καὶ
1113 2657 1195 2693 λυτῆς
1213 2658 1279 2693 ὕλης
1306 2659 1422 2694 ἀπείρου
1440 2660 1547 2694 μεστὸς,
1563 2660 1593 2687 δν
1607 2661 1631 2687 oi
1646 2661 1766 2688 ἐντόπιοι
1782 2660 1830 2696 ρό-

1045 2712 1098 2738 γαν
1113 2705 1329 2740 ἐπονομάζουσιν
1345 2706 1389 2734 διὰ
1402 2706 1433 2733 τὸ
1447 2707 1562 2742 σφηκῶν
1586 2707 1633 2734 καὶ
1654 2708 1829 2743 χαλκομυῐῶν

1042 2751 1139 2786 πικρδν
1155 2750 1326 2786 καταγώγιον
1341 2753 1483 2788 ὑπάρχων,
1498 2753 1637 2780 κωνώπων
1653 2762 1682 2781 τε
1696 2754 1743 2781 καὶ
1754 2763 1830 2781 σκνι-

1041 2796 1100 2823 πῶν
1128 2797 1345 2833 πεπληρωμένον
1374 2799 1486 2834 χωρίον,
1509 2799 1555 2831 οὒς
1588 2800 1649 2827 οὐδὲ
1679 2801 1829 2838 παρελθεῖν

1038 2852 1100 2871 τινα
1124 2844 1275 2877 ἀκινδύνως
1299 2845 1328 2871 ἐν
1350 2846 1510 2882 μεσημσρία
1530 2847 1701 2883 καθέστηκεν
1717 2847 1826 2883 ῥᾴδιον·

1037 2890 1167 2917 κέλευσον
1181 2889 1226 2917 οὖν
1239 2890 1385 2926 χρισθῆναι
1405 2891 1467 2926 μέλι
1493 2893 1526 2920 τὰ
1541 2893 1654 2929 σώματα
1671 2893 1763 2921 αὐτῶν
1777 2898 1828 2925 καὶ
