2024 3153
157 170 214 202 360

645 167 730 197 VlTA
750 167 804 198 SS.
827 165 1015 196 MAURITII
1032 165 1081 196 ET
1097 166 1305 198 SOCIORUM.

1734 167 1786 199 370

155 230 184 254 ἐν
198 227 274 263 αύτῷ
289 226 473 262 δεσμευθῆναι
496 226 638 261 ζωῦςρίοις,
657 226 704 252 καὶ
716 226 744 251 ἐν
765 224 851 260 ταύτῃ
864 232 943 251 κατα-

1000 231 1096 251 eorum
1113 231 1229 259 corpora
1258 224 1321 260 ungi
1338 224 1428 256 melle,
1443 228 1471 251 et
1499 224 1525 252 in
1550 231 1584 252 eo
1601 224 1789 260 alligabuntur

153 274 285 309 λήψονται
295 273 404 300 πάντων
415 271 469 299 τῶν
479 271 671 307 προλαϐουσῶν
683 271 809 307 βασάνων
824 269 945 304 ἀλγεινό-

155 328 233 355 τερον
248 319 374 354 ὂλεθρον,
398 319 444 345 καὶ
461 317 612 352 γνώσονται
632 317 670 352 μὴ
695 316 865 352 βλασφημεῖν
882 316 946 346 τοὺς

154 366 282 398 αἰωνίους
297 366 378 401 ἡμῶν
399 365 489 397 θεοὺς,
511 365 558 392 καὶ
579 364 605 390 τί
619 363 649 390 τὸ
671 363 790 398 βαδίζειν
804 363 852 398 τὴν
869 363 945 389 ἐναν-

152 412 214 440 τίαν
229 414 287 444 τοῖς
301 411 456 447 βασιλεῦσιν
468 410 526 437 ὁδον
540 410 604 441 τοὺς
619 409 809 444 τολμήσαντας
824 407 943 442 ὤνησαν.

188 456 239 484 ll".
256 458 314 484 Kal.
340 457 439 491 ἧρεσιν
464 455 494 482 τὸ
509 454 586 490 ῥῆμα
606 453 684 489 καὶὴ
711 452 794 489 βουλὴ
822 451 891 487 αὕτη
906 451 945 487 τῷ

154 503 260 538 βασιλεί
273 502 322 528 καὶ
337 501 412 536 πάσῃ
423 501 456 536 τῇ
474 499 618 535 συγκλήτῳ
628 507 635 514 ·
657 498 706 525 καὶ
719 498 825 525 κελεύει
838 498 853 524 ὁ
865 497 944 532 βασι-

152 548 216 580 λεὺς
229 547 319 582 ταύτῃ
331 547 364 582 τῇ
381 545 503 581 τιμωρίᾳ
516 545 616 576 αὐτοὺς
635 543 838 579 παραδοθῆναι.
860 543 893 570 Οἱ
914 543 943 569 δὲ

153 594 200 629 τῆς
212 593 322 625 ἀδικίας
337 592 476 628 ὑπηρέται
487 591 538 626 τὴν
550 589 728 626 μεσημϐρίαν
747 590 944 624 σκοπήσαντες,

152 641 198 667 καὶ
212 639 311 675 καιρὸν
322 639 442 675 ἠρεμίας
457 638 684 672 ἐπιτηρήσαντες.
699 637 729 663 ἐν
742 633 764 670 ᾧ
778 636 862 670 πνοῆς
878 635 943 662 ἀνίη

154 695 211 722 μων
223 685 394 722 ἀμοιροῦντα
406 684 460 711 τῶν
475 683 604 718 ζωῦφίων
619 683 653 709 τὰ
668 681 758 717 πλήθη
779 681 943 716 τυγχάνουσι

152 733 208 764 τοῖς
222 731 450 767 παρεμπίπτουσι
468 729 577 765 σώμασι
595 729 706 764 βαθεῖαν
722 728 773 764 τὴν
787 727 885 764 τρῆσιν
895 727 944 754 καὶ

151 778 292 805 ἐπώδυνον
328 776 547 812 ἀπεργάζονταν
575 775 710 810 δήσαντες
736 773 848 801 ἀλύσισι
881 774 944 806 τοὺς

151 823 246 858 ἀγίους
261 822 421 858 κατήγαγον
435 822 476 853 εἰς
485 820 531 847 τὸν
545 820 628 846 τόπον
647 820 694 846 καὶ⁵
709 819 819 853 δίυγρον
833 818 944 851 ἐκλεξά-

152 879 228 904 μενοι
243 870 338 902 τῦπον,
366 868 473 902 ἁεννάῳ
499 867 576 902 πηγῇ
606 865 823 900 παρακείμενον,
854 865 885 897 ἐξ
909 862 944 901 ἦς

152 916 249 951 ἰλυώδη
271 915 395 950 τέλματα
411 914 517 948 πέφυκε
535 911 668 947 γίνεσθαι,
685 908 716 938 ὦ
734 911 782 938 καὶ
794 911 944 947 ἐπιχωριά-

151 961 207 993 ζειν
228 959 302 994 φιλεϊ
321 960 338 995 ἡ
363 959 419 985 τῶν
447 957 662 993 προρρηθέντων
682 956 810 991 ζωῡφίων
825 956 942 991 πληθὺς,

151 1008 259 1043 χρίουσι
276 1007 325 1040 μὲν
339 1007 396 1032 τῶν
420 1005 508 1038 ἁγίων
526 1005 588 1040 μέλι
603 1003 638 1031 τὰ
661 1005 741 1039 τίμια
756 1003 882 1039 σώματα,
900 1004 943 1030 δε-

151 1053 289 1089 σμοῦσιδέ
309 1051 405 1088 βιαίως
422 1051 512 1085 ξύλοις
534 1051 606 1077 κατά
616 1051 661 1078 τὸν
687 1050 768 1077 αὑτὸν
790 1051 880 1082 τόπον,
898 1051 942 1085 ῥί-

149 1099 250 1133 ψαντες
263 1098 311 1124 καὶ
329 1097 360 1123 τὸ
380 1096 472 1132 τίμιον
492 1095 572 1131 σῶμα
588 1095 736 1126 Φωτεινοῦ,
748 1095 796 1122 τοῦ
814 1096 940 1131 ἀοιδίμου

151 1145 302 1180 μάρτυρος,
315 1143 369 1179 πρδ
385 1142 534 1179 προσώπου
546 1142 594 1169 τοῦ
608 1141 692 1169 αὑτοῦ
708 1143 812 1178 πατρὸς
832 1143 941 1177 Μαυρι-

149 1190 209 1216 κὶου
229 1189 277 1216 τοῦ
291 1188 484 1224 πανευφήμου,
501 1186 614 1223 μείζονα
637 1187 774 1222 τιμωρίαν
798 1187 830 1214 ἐκ
845 1187 940 1214 τούτου

150 1235 302 1270 προσάγειν
317 1232 394 1269 αύτῷ
417 1232 598 1267 λογιζόμενοι.
623 1231 711 1259 Τοῦτο
725 1231 878 1267 πράξαντες
893 1233 942 1269 τὴν

149 1281 282 1315 ταχίστην
297 1279 486 1315 ἀνεχώρησαν,
497 1279 536 1314 μὴ
557 1279 688 1314 φέροντες
698 1278 748 1314 τὴν
760 1279 814 1305 τῶν
829 1279 942 1307 ίοϐόλων

151 1325 280 1360 ζωῡφίων
299 1325 466 1361 προσϐολήν.
480 1324 753 1360 Διακαρτερήσαντες
765 1323 812 1353 οὖν
826 1325 851 1352 ol
868 1325 942 1360 ἀγιοι

151 1373 258 1407 ἡμέρας
277 1379 307 1398 τε
331 1371 377 1398 καὶ
400 1370 502 1402 νύκτας
525 1370 603 1402 δίκα,
618 1371 652 1405 τῇ
677 1371 766 1406 πικρᾷ
786 1370 875 1407 ταύτῃ
894 1371 943 1398 καὶ

148 1417 307 1452 ἀνυποίστῳ
322 1416 443 1451 βασάνῳ,
458 1415 651 1447 ἀνατείναντες
672 1415 704 1442 τὸ
721 1415 800 1451 ὄμμα
815 1417 883 1452 πρὸς
895 1417 942 1443 τὸν

148 1463 226 1495 Θεὸν,
247 1462 366 1498 ηὔξαντο
389 1462 534 1496 λέγοντεςο
563 1462 651 1496 Κύριε
665 1481 672 1494 ,
699 1461 713 1488 ό
730 1461 797 1494 Θεὸς
823 1462 913 1498 ἡμῶν,
927 1463 942 1489 6

150 1509 249 1541 κτίσας
261 1510 335 1544 ἡμᾶς
351 1509 414 1536 κατ’
428 1508 521 1536 είκόνα
540 1507 591 1543 σὴν
606 1507 654 1534 καὶ
671 1506 814 1543 ὁμοίωσιν,
829 1509 877 1535 καὶ
896 1508 939 1535 ὀδ-

149 1557 256 1590 ηγὴσας
272 1555 346 1591 ἡμᾶς
374 1555 444 1591 πρὸς
454 1555 503 1593 τὴν
517 1554 664 1589 ἐπίγνωσιν
677 1554 726 1589 τῆς
747 1554 797 1589 σῆς
814 1553 942 1590 ἀληθείας
957 1574 980 1606 c

149 1603 196 1628 καὶ
209 1601 350 1637 θεότητος,
360 1601 408 1628 καὶ
426 1600 473 1628 τοῦ
489 1600 652 1636 μονογενοῦς
676 1609 723 1627 σου
742 1601 820 1634 Υίοῡ,
832 1601 880 1628 καὶ
895 1602 942 1628 τοῦ

149 1647 284 1682 παναγίου
294 1647 463 1682 Πνεύματος,
473 1647 516 1674 σοὶ
527 1646 809 1683 παρακατατιθέμεθα
819 1647 868 1679 τὰς
875 1648 944 1683 ἡμε-

150 1693 235 1728 τέρας
261 1692 352 1729 ψυχὰς
370 1694 418 1720 καὶ
445 1692 661 1729 παρακαλοῦμεν
689 1693 841 1726 κατατάξαι
858 1693 942 1726 αὐτὰς

151 1739 223 1774 μετά
240 1740 350 1765 πάντων
373 1739 429 1766 τῶν
453 1738 501 1766 ἀπ’
517 1738 616 1770 αίῶνος
641 1739 884 1774 εὐαριστησάντων
901 1748 942 1766 σοι

149 1785 247 1819 ἁγίων.
270 1785 324 1812 Καὶ
336 1785 553 1820 προσευξάμενοι
565 1784 729 1820 παρέδωκαν
743 1785 773 1811 ἐν
785 1785 882 1822 εἰρήνῃ
893 1786 942 1818 τὰς

150 1830 238 1866 ψυχὰς
251 1830 342 1858 αὐτῶν
358 1830 397 1865 τῷ
410 1830 480 1866 Θεῷ,
496 1830 543 1857 καὶ
554 1830 608 1857 τῶν
629 1830 770 1865 στεφάνων
786 1829 944 1866 ἠξιώθησαν

151 1877 198 1910 τῆς
213 1877 366 1912 ἀθλήσεως.
545 1888 550 1893 ·

151 1932 237 1958 mens,
249 1929 310 1952 ette
319 1924 398 1952 decet
415 1923 501 1959 gloria
512 1923 539 1950 in
551 1922 662 1950 secula.
689 1923 787 1950 Amen.
820 1923 884 1951 Ilaec
910 1932 973 1953 cum

151 1980 218 2005 mas,
234 1975 264 1999 et
277 1971 318 1998 sic
331 1970 434 2006 dignati
454 1969 566 1997 fuerunt
592 1971 705 1997 coronls
723 1969 932 1998 decertationis.

184 2020 234 2047 μ’.
256 2019 288 2045 '0
305 2018 333 2045 δέ
355 2017 517 2054 παμμιαρὸς
544 2017 673 2052 βασιλεὺς
701 2017 874 2052 Μαξιμιανδς
896 2019 944 2045 καὶ

153 2066 218 2101 μετά
227 2065 346 2092 θάνατον
360 2065 415 2095 τοῖς
425 2064 468 2090 ἀεὶ
476 2062 545 2095 ζῶσι
557 2062 731 2098 θυμούμενος
747 2063 865 2100 μάρτυσι
873 2064 944 2100 (Θεῷ

150 2112 202 2147 γὶρ
228 2110 315 2143 ζῶσιν
331 2110 354 2137 oi
373 2109 444 2136 κατὰ
460 2109 527 2136 Θεὸν
545 2107 754 2143 ἐκδημήσαντας
771 2109 823 2136 κᾶν
838 2109 944 2137 ἐνθένδε

151 2154 376 2192 ἀπαλλαγῶσιν),
400 2155 521 2186 ἀκούσας
543 2155 584 2181 ὅτι
599 2153 764 2190 παρέδωκαν
777 2155 826 2187 τὰς
841 2155 941 2192 ψυχὰς,

150 2203 257 2231 κελεύει
272 2204 329 2235 τοῖς
357 2202 517 2238 δορυφόροις
530 2200 580 2232 τὰς
601 2200 700 2236 τιμίων
714 2200 804 2229 αὐτῶν
820 2202 944 2238 κεφαλὰς

1001 270 1177 302 animalcnla,
1195 275 1224 298 ut
1239 269 1266 296 in
1294 269 1346 297 hoc
1361 270 1485 298 cruciatu
1503 270 1626 298 sentiant
1643 271 1787 298 interitum

1001 315 1154 351 graviorem
1167 315 1313 343 tormentis
1334 315 1474 348 omnibus,
1488 323 1549 350 qua:
1573 321 1785 351 praecesserunt,

1001 365 1030 388 et
1055 366 1232 396 cognoscant,
1257 369 1311 388 non
1335 368 1395 389 esse
1424 361 1581 389 maledictis
1612 362 1791 391 incessendos

1001 407 1120 434 invictos
1140 412 1250 435 nostros
1259 412 1287 434 et
1299 411 1419 435 αξιοι-ηοξ
1431 407 1509 435 deos.

1037 453 1107 481 XIII.
1124 453 1186 481 "me
1200 461 1267 489 ergo
1282 461 1346 481 cum
1374 453 1488 481 dixisset
1501 454 1638 488 pessimus
1660 459 1689 482 et
1702 455 1787 483 scele-

1000 500 1157 527 ratissimus
1172 500 1216 527 ille
1233 503 1356 533 senator,
1373 500 1434 535 ejus
1455 500 1600 528 consilium
1614 500 1718 536 placuit
1736 501 1785 528 im-

999 546 1118 582 peratori
1129 551 1157 574 et
1172 547 1303 574 universo
1316 546 1564 582 scnatui,etjnbet
1580 547 1729 582 imperator
1739 555 1782 574 eos

999 593 1067 620 tradi
1084 593 1149 620 huic
1159 593 1304 628 supplicio.
1320 592 1388 620 Cum
1403 592 1496 628 itaque
1517 593 1662 620 meridiem
1689 593 1772 620 obser

999 643 1111 666 vassent
1133 639 1252 666 ministri
1268 638 1434 674 iniquitatis,
1444 643 1474 666 et
1496 643 1604 674 tempus
1616 638 1779 674 quietum,it

1000 692 1067 720 quo,
1082 684 1147 712 ﬂatu
1159 688 1305 712 ventorum
1321 684 1443 712 carentia
1455 684 1595 717 animalia,
1610 684 1789 720 corporibus.

1000 738 1062 766 qua
1090 730 1228 763 incidunt,
1243 737 1354 766 gravem
1367 735 1395 758 et
1414 731 1558 758 molestam
1577 730 1700 758 efﬁciunt
1724 739 1789 766 per-

999 776 1176 809 forationem,
1188 776 1296 804 catenis
1306 776 1417 804 vinctos
1443 776 1620 804 deduxerunt
1635 781 1745 804 sanctos
1760 776 1788 804 in

1000 822 1077 857 prius
1087 821 1192 850 dictum
1203 822 1294 850 locum
1310 831 1317 849 :
1337 826 1438 850 etcum
1454 822 1588 850 obiissent
1600 822 1788 858 etclegissent

999 869 1090 896 locum
1112 868 1267 900 humidum,
1283 868 1366 896 situm
1379 875 1466 904 prope
1478 868 1581 896 fontem
1596 876 1746 904 perennem
1758 873 1788 895 et

998 914 1138 947 limosum,
1154 922 1188 942 ex
1207 922 1262 949 quo
1280 915 1373 942 enasci
1389 915 1481 943 solent
1509 915 1615 943 limosae
1629 915 1734 942 lacuna:
1759 919 1788 942 et

997 961 1153 996 voragines,
1172 960 1220 987 ubi
1234 960 1318 988 etiam
1333 961 1403 988 solet
1428 961 1529 996 degere
1547 961 1696 989 multitudo
1710 961 1788 997 ejus-

997 1004 1071 1031 modi
1088 1004 1329 1036 animalculorum.
1346 1005 1427 1033 melle
1443 1005 1556 1041 quidem
1589 1010 1697 1042 ungunt
1722 1014 1787 1034 san-

996 1056 1103 1078 ctorum
1118 1050 1274 1078 veneranda
1287 1059 1405 1086 corpora
1417 1060 1423 1079 :
1443 1052 1525 1086 lignis
1538 1057 1629 1079 autem
1642 1059 1691 1079 eos
1703 1053 1788 1079 vehe-

997 1092 1104 1124 menter
1133 1096 1247 1132 alligant
1262 1097 1288 1124 in
1309 1104 1342 1124 co
1355 1097 1574 1132 loco,jacientes
1592 1097 1676 1124 etiam
1700 1105 1785 1125 vene-

997 1143 1113 1171 randum
1124 1150 1225 1178 corpus
1242 1143 1336 1179 inclyti
1351 1143 1480 1179 martyris
1492 1143 1602 1171 Photini
1611 1147 1675 1172 ante
1687 1143 1785 1171 faciem

997 1189 1082 1225 patris
1098 1189 1140 1216 sui
1170 1189 1308 1217 benedicti
1325 1189 1456 1221 Manritii,
1475 1194 1635 1225 reputantes
1662 1197 1691 1217 se
1706 1197 1739 1217 ex
1751 1197 1786 1217 eo

995 1236 1022 1264 ei
1041 1236 1128 1272 majus
1149 1236 1282 1263 allaturos
1309 1236 1485 1271 supplicium.
1512 1235 1575 1263 Hice
1589 1243 1654 1271 ergo
1665 1243 1729 1264 cum
1747 1235 1786 1263 fe-

996 1282 1108 1315 cissent,
1124 1290 1205 1317 quam
1224 1283 1343 1317 primum
1360 1286 1545 1315 recesserunt,
1559 1287 1590 1310 ut
1609 1282 1654 1318 qui
1669 1289 1786 1309 venena-

996 1334 1086 1356 torum
1106 1329 1338 1356 animalculoruvn
1368 1328 1482 1356 minime
1510 1331 1616 1356 ferrent
1640 1328 1784 1364 impetum.

994 1373 1062 1401 Cum
1079 1374 1171 1408 itaque
1205 1374 1291 1400 sancti
1310 1373 1405 1401 decem
1422 1374 1482 1401 dies
1500 1379 1528 1402 et
1548 1379 1643 1402 noctes
1664 1374 1718 1402 hoc
1741 1373 1785 1401 in-

997 1419 1141 1446 tolerabile
1173 1423 1202 1446 ct
1226 1419 1358 1446 acerbum
1390 1420 1572 1455 pertulissent
1605 1419 1787 1455 supplicium.

997 1465 1113 1493 sublatis
1131 1465 1164 1492 ad
1187 1465 1274 1493 Deum
1300 1466 1399 1498 oculis,
1412 1466 1559 1494 Dominum
1581 1465 1684 1502 precati
1708 1471 1786 1498 sunt,

996 1510 1120 1538 dicentes
1135 1520 1141 1538 :
1157 1510 1272 1539 Domine
1293 1511 1367 1540 Dens
1380 1511 1542 1547 noster,qui
1566 1518 1616 1539 nos
1636 1511 1735 1539 creasti
1750 1511 1786 1539 ad

996 1556 1143 1592 imaginem
1155 1561 1184 1585 et
1205 1557 1417 1586 similitudinem
1435 1562 1521 1589 tuam.
1534 1562 1564 1586 et
1576 1557 1717 1586 deduxisti
1734 1564 1786 1585 nos

994 1602 1029 1630 ad
1041 1603 1209 1638 agnitionem
1231 1609 1285 1631 tua:
1296 1603 1421 1632 veritatis
1432 1609 1460 1632 et
1470 1603 1634 1636 divinitatis,
1643 1607 1672 1631 et
1684 1602 1786 1638 unige-

994 1649 1044 1677 niti
1059 1649 1099 1677 tui
1113 1650 1186 1683 Filii,
1198 1650 1402 1678 etsanctissimi
1415 1654 1444 1678 et
1455 1650 1556 1678 vivifici
1570 1650 1701 1685 Spiritus,
1713 1649 1785 1685 apud

994 1702 1021 1725 te
1045 1701 1154 1724 nostras
1178 1697 1284 1724 animas
1308 1696 1484 1732 deponimus,
1500 1700 1528 1724 et
1543 1703 1672 1731 rogamus
1695 1699 1726 1722 ut
1739 1702 1786 1722 eas

992 1742 1111 1770 colloces
1124 1751 1186 1770 cum
1200 1742 1330 1770 omnibus
1339 1742 1452 1775 sanctis,
1468 1742 1516 1778 qui
1530 1742 1579 1770 tibi
1592 1742 1758 1777 placuerunt
1769 1749 1786 1768 a

995 1789 1104 1817 saeculo.
1123 1789 1257 1822 Quoniam
1273 1794 1299 1816 te
1307 1789 1466 1821 dileximus,
1477 1793 1505 1816 et
1520 1794 1545 1816 te
1561 1788 1786 1817 desideravimus

995 1842 1030 1862 ex
1044 1839 1102 1862 toto
1116 1835 1210 1862 animo
1223 1840 1328 1866 nostro.
1338 1831 1428 1870 et'pro
1444 1838 1470 1862 te
1482 1835 1607 1869 nosipsos
1618 1834 1651 1861 ad
1668 1838 1787 1861 mortem

997 1880 1172 1908 tradidimus.
1189 1881 1230 1908 Tu
1239 1889 1269 1909 es
1284 1881 1358 1908 enim
1372 1881 1443 1908 Deus
1460 1881 1536 1909 solus
1548 1881 1684 1916 benignus
1694 1881 1786 1908 etcle-

994 1925 1140 1960 dixissent,
1162 1925 1219 1953 Deo
1241 1925 1416 1954 tradiderunt
1435 1925 1529 1953 beatas
1543 1930 1572 1952 et
1595 1925 1702 1954 divinas
1726 1927 1785 1954 ani-

1030 2017 1099 2046 XIV.
1123 2018 1280 2046 Sceleratus
1294 2021 1386 2044 autem
1403 2021 1430 2043 et
1455 2015 1619 2052 tyrannicus
1636 2015 1786 2050 imperator

993 2064 1184 2096 Maximianus,
1203 2064 1287 2090 etiam
1312 2068 1373 2098 post
1394 2061 1650 2089 mortemirasceus
1673 2068 1785 2095 semper

993 2109 1153 2138 viventibus
1179 2108 1347 2145 martyribus
1381 2108 1448 2144 (Deo
1461 2107 1536 2135 enim
1560 2107 1667 2139 vivunt,
1689 2106 1737 2141 qui
1751 2113 1783 2133 ex

996 2155 1053 2183 Deo
1072 2155 1254 2190 emigrarunt,
1283 2153 1392 2182 etiamsi
1411 2154 1477 2181 hinc
1501 2153 1693 2190 excesserint),
1721 2160 1783 2180 cum

996 2201 1147 2229 audivisset
1166 2209 1214 2229 eos
1231 2201 1357 2229 emisisse
1375 2201 1500 2234 animas,
1505 2200 1586 2236 jubet
1601 2199 1725 2227 abscindi
1738 2208 1786 2226 ve-

150 2251 278 2284 ἐκτεμεῖν
292 2249 340 2276 καὶ
356 2248 434 2284 ῥίψαι
447 2248 518 2274 κατά
532 2248 578 2275 τὸν
593 2248 674 2276 αὐτὸν
686 2248 780 2276 τόπον.
789 2249 821 2276 οι
835 2249 864 2277 δέ
875 2258 940 2277 κατ-

996 2246 1118 2274 ncranda
1128 2251 1155 2273 et
1167 2251 1264 2274 sancta
1280 2252 1376 2273 eorum
1393 2245 1497 2280 capita,
1509 2248 1537 2271 et
1548 2244 1603 2279 jaci
1618 2243 1645 2270 in
1655 2242 1784 2270 eumdem

151 2296 302 2331 αγαγὸντες
323 2295 378 2321 ἀπὸ
396 2294 451 2322 τῶν
465 2293 551 2326 ξύλων
562 2294 596 2321 τὰ
609 2294 702 2328 ἔνδοξα
717 2294 807 2322 αὐτῶν
815 2296 942 2330 λείψανα,

150 2343 198 2368 οὒκ
225 2342 383 2377 ἐνάρκησαν
409 2340 460 2372 τὰς
471 2339 642 2374 ’σεϐασμίους
671 2339 763 2367 αὐτῶν
791 2340 942 2374 ἀποτεμεῖν

151 2387 285 2423 κεραλὰς,
306 2386 375 2414 ἀλλὰ
397 2386 501 2417 ταύτας
521 2385 700 2420 ἐκκόψαντες,
725 2385 852 2420 πανταχῆ
870 2385 943 2412 κατά

151 2435 198 2470 τὴν
222 2433 291 2470 ὓλην
323 2431 433 2468 ἐκείνην
453 2431 659 2466 διεσκόρπισαν.
691 2430 769 2462 Τινὲς
797 2430 826 2456 δὲ
850 2430 943 2456 πιστοὶ

150 2482 270 2516 ἀδελφοὶ,
286 2480 385 2511 νυκτὸς
400 2478 469 2514 μετᾶ
486 2477 586 2505 πολλοῦ
609 2477 692 2512 φόϐου
709 2476 942 2513 παραγενόμενοι,

152 2527 296 2561 συνέλεξαν
308 2527 357 2558 τὰς
368 2525 462 2561 τιμίας
477 2524 567 2552 αὐτῶν
581 2523 702 2559 κεφαλὰς
714 2523 761 2550 καὶ
775 2522 810 2549 τά
821 2522 942 2557 πανάγια

151 2573 240 2600 αὐτῶν
255 2572 382 2608 σώματα,
401 2570 447 2598 καὶ
464 2569 534 2606 μετά
550 2569 634 2604 τιμῆς
648 2570 695 2595 καὶ
711 2567 826 2600 εὐωδίας
842 2567 942 2602 πολλῆς

151 2621 196 2646 καὶ
212 2618 375 2654 ψαλμῳδίας
387 2617 478 2644 ἐνθέου
497 2616 545 2643 καὶ
555 2615 637 2650 εὐχῆς
653 2614 779 2645 ἐκτενοῦς
792 2613 942 2649 ὀρύξαντες

151 2669 182 2701 τῇ
198 2666 233 2701 γῇ
248 2665 337 2692 ταῦτα
351 2663 497 2691 κατέθεντο
516 2664 545 2689 ἐν
564 2661 639 2697 αὑτῷ
654 2660 693 2695 τῷ
714 2660 790 2695 τόπῳ
814 2659 879 2686 ἔνθα
893 2661 941 2686 καὶ

152 2714 321 2748 ίξιίωνίσαντο
333 2712 358 2738 ot
375 2711 494 2745 γενναῖοι
512 2708 557 2735 τοῦ
579 2706 698 2742 Χριστοῦ
715 2705 892 2741 στρατιῶται,
912 2705 941 2735 ἐν

151 2755 173 2792 ᾧ
186 2759 231 2785 καὶ
245 2757 436 2791 ἐπιφαίνονται
449 2755 486 2787 ὡς
502 2753 646 2789 φωστῆρες
658 2753 687 2778 ἐν
698 2752 803 2787 κόσμῳ.
815 2751 938 2792 Εὐφραί-

153 2812 195 2830 νου
214 2804 317 2833 τοίνυν.
332 2801 481 2835 Ἀπάμεια,
500 2800 635 2834 στέφανον
650 2797 844 2831 ἀναδησαμένη
857 2805 939 2824 πνευ-

156 2849 279 2883 ματικὸν,
295 2847 472 2881 ἐκδιαφόρων
484 2844 566 2871 λίθων
577 2843 732 2877 πολυτίμων
748 2842 940 2876 συγκεὲμενον,

160 2895 200 2922 (αἱ
212 2895 276 2930 μίαν
300 2892 437 2929 ἁρμονίαν
460 2889 626 2926 θεοπρεποῦ,
644 2887 804 2922 ἐλλάμψεως
816 2887 939 2922 ἀπεργαη

994 2292 1095 2320 locum.
1112 2292 1226 2320 Pessimi
1240 2299 1306 2319 vero
1321 2290 1441 2319 ministri
1453 2289 1580 2318 scelerati
1595 2287 1781 2323 imperatoris,

993 2345 1056 2364 cum
1071 2344 1086 2364 e
1101 2337 1177 2372 ligno
1192 2336 1385 2372 deposuissent
1411 2334 1584 2363 venerandus
1596 2338 1624 2361 et
1650 2334 1784 2369 gloriosas

992 2389 1087 2409 eorum
1097 2381 1239 2416 reliquias,
1262 2388 1318 2408 non
1332 2380 1413 2407 veriti
1426 2385 1491 2407 sunt
1511 2384 1656 2414 amputare
1666 2378 1783 2406 colenda

993 2435 1088 2454 eorum
1099 2427 1200 2462 capita.
1216 2425 1284 2454 Cum
1297 2433 1329 2454 ea
1346 2430 1438 2453 autem
1455 2425 1654 2458 abscidissent,
1680 2425 1783 2458 ubique

994 2481 1042 2508 per
1054 2472 1129 2500 illam
1147 2472 1244 2500 silvam
1265 2472 1444 2507 proiecerunt
1463 2479 1496 2500 ac
1513 2471 1694 2506 dissiparunt.
1713 2471 1782 2505 Qui-

993 2518 1056 2545 dam
1075 2524 1141 2545 vero
1157 2517 1258 2545 fratres
1274 2516 1379 2550 ﬁdeles,
1391 2521 1473 2544 noctu
1490 2524 1552 2544 cum
1569 2524 1667 2551 magno
1682 2516 1783 2544 timore

993 2563 1168 2596 accedentes,
1192 2563 1367 2599 collegerunt
1383 2563 1539 2590 veneranda
1566 2570 1668 2590 eorum
1691 2563 1782 2597 capita

992 2615 1019 2638 et
1033 2609 1206 2637 sanctissima
1226 2613 1254 2636 et
1289 2609 1452 2636 honoranda
1480 2616 1578 2637 eorum
1606 2616 1733 2643 corpora.
1754 2612 1782 2635 et

993 2664 1055 2683 cum
1069 2663 1113 2688 eo,
1127 2663 1182 2690 quo
1198 2663 1247 2690 par
1273 2659 1325 2687 cst,
1355 2655 1471 2687 honore,
1495 2659 1524 2683 et
1548 2654 1634 2681 multo
1646 2662 1678 2681 ac
1704 2653 1781 2679 suavi

992 2702 1087 2734 odore,
1105 2701 1253 2736 divinaque
1271 2701 1433 2735 psalmodia,
1461 2704 1488 2727 et
1506 2699 1621 2726 intonsis
1641 2699 1780 2734 precibus.

992 2750 1020 2777 in
1035 2753 1108 2776 terra
1125 2747 1275 2780 fodientes,
1285 2747 1475 2782 deposuerunt
1486 2747 1545 2781 ipsa
1558 2746 1585 2772 in
1596 2752 1630 2772 eo
1648 2745 1720 2778 loco,
1732 2745 1780 2772 ubi

992 2794 1205 2822 decertaverunt
1225 2792 1349 2828 praeclari
1366 2797 1394 2820 et
1420 2792 1508 2820 fcrtes
1533 2790 1637 2819 Christi
1667 2790 1780 2820 milites.

993 2842 1021 2869 In
1032 2848 1087 2875 quo
1094 2841 1177 2868 ctiam
1187 2844 1322 2875 apparent
1331 2844 1460 2874 tanquam
1470 2838 1618 2865 luminaria
1629 2837 1656 2865 in
1664 2837 1778 2865 mundo.

994 2888 1117 2920 Quorum
1128 2893 1178 2914 nos
1199 2893 1309 2921 quoque
1324 2892 1420 2913 omnes
1430 2884 1577 2920 dignemur
1590 2892 1651 2913 esse
1661 2883 1781 2913 celebris
