2024 3153
168 150 223 182 373
255 155 262 162 "

692 152 777 183 VlTA
799 153 829 183 S.
851 151 1064 182 PRPOHETAE
1083 153 1276 186 DANIELIS.

1744 158 1797 190 3η

168 209 232 240 σὰκ,
250 207 299 235 καὶ
323 207 478 242 Ἀὁδεναγὼ
495 208 541 235 τὸν
559 208 669 245 Μισαὴλ
686 208 833 243 ὸνομάζεν
847 207 893 241 οὒς
910 209 955 244 δή·

1014 209 1137 237 nomimt
1161 210 1322 246 Abdenago.
1333 212 1407 246 Quos
1415 215 1526 250 quidem
1538 221 1568 243 et
1580 223 1627 244 rex
1639 215 1758 248 amabat,
1771 221 1798 244 et

169 263 219 281 που
234 255 283 281 καὶ
297 254 386 289 ἐφίλει
412 256 426 281 ό
448 254 577 290 βασιλεὺς
602 255 649 282 καὶ
670 255 730 282 λίαν
750 255 865 291 εὐμενὲς
890 255 959 290 πρὸς

168 301 269 332 αὐτοὺς
279 300 390 332 ἔσλεπε,
407 301 457 335 τῆς
476 301 618 336 ἀγχινοίας
633 301 844 337 ἀποδεχόμενος,
856 303 904 329 καὶ
919 302 960 328 ὅτι

171 346 208 381 μὴ
233 346 316 381 μόνον
341 347 451 381 εὐφυῶς
473 347 607 374 διέκειντο
639 350 704 383 περὶ
733 350 768 375 τά
796 348 958 384 μαθήματα,

168 392 237 419 ὁ).λά
251 393 299 419 καὶ
314 392 399 426 πολλή
415 401 458 425 τις
471 394 628 429 ἐπέπρεπεν
639 394 731 426 αὐτοῖς
747 394 855 426 σύνεσις
871 403 900 421 τε
914 395 961 422 καὶ

169 438 332 473 κοσμιότης.
347 438 420 465 Ἀλλ’
434 437 521 470 οὕτως
532 440 583 474 μὲν
602 440 672 475 πρὸς
687 441 750 472 τοὺς
768 441 894 476 παῖδαςό
911 441 960 471 βα-

170 493 274 516 σειενς.

205 530 244 558 Β¹.
258 531 359 566 Δανιὴλ
376 531 405 558 δὲ
425 533 439 559 ό
457 531 610 567 θαυμάσιος
632 533 682 559 οὐκ
703 532 851 567 ἔπαινίτης
879 533 960 569 μόνον

168 577 217 611 τῆς
234 578 336 612 ἀρετῆς
349 575 394 614 ἦν,
407 578 477 605 ἀλλὰ
500 579 547 605 καὶ
567 579 664 614 μετῄει
682 579 785 615 ταύτην
802 580 958 615 ἐπιμελῶς·

169 625 215 649 καὶ
230 623 277 650 διὰ
293 623 372 650 τοῦτο
396 624 622 659 σκληραγωγίαις
641 633 671 651 τε
686 625 804 658 ἐξεδίδου
819 625 849 652 τδ
865 625 957 661 σῶμα,

169 671 216 696 καὶ
231 670 287 696 ἀπὸ
301 669 351 704 τῆς
367 670 513 705 βασιλικῆς
528 671 668 706 τραπέζης
688 672 847 707 ἐδεσμάτων
861 673 892 699 οὐ
909 673 959 708 μό-

169 724 213 742 νον
231 714 315 747 αὐτὸς
333 717 483 751 παρῃτεῖτο
503 715 735 751 μεταλαμϐάνειν,
750 717 818 744 ἀλλὰ
839 719 888 745 καὶ
904 719 960 751 τοῖς

169 763 276 798 ἑτέροις
299 762 346 788 καὶ
364 762 522 796 συγγενέσι,
541 764 598 794 τοῖς
614 763 690 798 τρισὶ
704 764 777 798 λέγω
795 764 900 798 παισὶν,
913 764 960 791 οὖ-

167 819 207 837 τω
222 811 312 836 ποιεῖν
333 809 496 845 παρηγγύα.
519 810 605 844 Δόξαν
627 810 674 838 οὖν
693 811 872 847 ἀμφοτέροις,
891 812 958 840 καθ·

168 855 230 881 όλου
246 856 357 882 πάντων
371 855 426 882 τῶν
442 855 574 890 ἐμψύχων
589 856 739 890 ἀπέχεσθαι
755 858 803 884 καὶ
819 857 960 893 σπέρμασι

169 901 262 936 μόνοις
278 902 326 928 καὶ
342 901 471 936 λαχάνοις
488 902 631 935 σιτεῖσθαι,
645 903 840 938 προσελθόντες
861 905 960 940 ’Λσχά-

170 957 200 982 νη
219 947 258 982 τῷ
275 948 326 983 τὴν
338 948 500 982 ἐπιμέλειαν
521 949 612 976 αὐτῶν
628 950 861 987 ἐπιτετραμμένῳ
875 953 956 988 ἀρχιη

169 995 300 1029 ευνούχῳ,
316 995 351 1020 τὰ
375 994 425 1029 μὶν
440 995 516 1031 παρὰ
525 995 572 1022 τοῦ
589 995 723 1030 βασιλέως
738 998 830 1030 αὐτοῖς
845 999 958 1033 κομιζό-

170 1049 237 1075 μενα
249 1040 343 1075 ἠξίουν
358 1041 439 1068 αὑτὸν
452 1041 626 1076 λαμὸάνοντα
638 1043 808 1076 ἀναλίσκειν,
825 1045 958 1080 παρέχειν

168 1088 195 1114 δὲ
211 1088 270 1114 ἀντ’
287 1088 376 1114 αὐτῶν
387 1087 488 1123 δσπριά
499 1096 528 1114 τε
541 1088 588 1115 καὶ
604 1089 728 1123 φοίνικας
741 1091 780 1119 είς
796 1090 957 1126 διατροφὴν,

169 1136 215 1161 καὶ
227 1135 254 1161 εἴ
264 1144 290 1160 τι
304 1135 359 1161 τῶν
379 1134 493 1170 ἀψύχων
508 1135 602 1170 ιτερον
620 1136 698 1163 αὐτοὶ
714 1136 852 1170 βούλοιντο
863 1145 869 1152 ·
888 1138 957 1172 πρὸς

169 1181 222 1215 γὰρ
236 1179 286 1215 τὴν
304 1180 435 1215 τοιαύτην
454 1180 570 1211 δίαιταν,
587 1181 692 1215 ελεγον,
708 1183 737 1216 ἐξ
749 1184 838 1219 ἀρχῆς
850 1184 957 1211 κεκονί-

168 1227 241 1257 σθαι,
257 1227 307 1262 τῆς
320 1227 348 1253 δὲ
359 1227 456 1262 ἑτέρας
471 1226 664 1263 ὸλιγωρεῖν.”0
681 1228 709 1256 δὲ
730 1226 801 1256 εἶναι
821 1230 872 1264 μὲν
888 1231 958 1257 ἕτοι-

169 1282 218 1308 μος
233 1273 336 1307 ἔλεγεν,
352 1273 500 1308 ὑπηρετεῖν
515 1274 606 1301 αὐτῶν
617 1276 650 1310 τῇ
665 1275 785 1311 θελήσει,
803 1277 956 1312 ὑφορᾶσθαι

167 1321 193 1346 δὲ
217 1321 254 1356 μὴ
276 1320 421 1355 κατάδηλοι
441 1321 480 1357 τῷ
500 1321 607 1356 βασιλεῖ
627 1322 790 1357 γενηθέντες
806 1323 838 1350 ἐκ
852 1332 881 1350 τε
907 1324 957 1359 τῆς

168 1368 223 1394 τῶν
241 1368 376 1402 σωμάτων
396 1368 551 1403 ἰσχνότητος
581 1369 628 1395 καὶ
654 1369 704 1404 τῆς
725 1369 880 1404 ὠχρότητος
901 1370 957 1397 τῶν

169 1414 342 1448 προσώπωνι
365 1415 602 1449 συμμεταϐάλλειν
617 1415 672 1451 γὰρ
688 1416 782 1447 αὐτοῖς
796 1416 904 1452 ἀνάγκη
923 1417 957 1444 ei

170 1459 286 1495 σώματα
302 1461 350 1487 καὶ
364 1461 415 1492 τὰς
429 1461 512 1496 χρόας
529 1461 589 1496 ἅμα
602 1463 636 1497 τῇ
653 1461 754 1496 διαίτῃ,
769 1462 817 1489 καὶ
838 1463 957 1497 μάλιστα

169 1507 224 1533 τῶν
254 1507 344 1533 ἄλλων
370 1507 474 1533 παίδων
499 1507 702 1539 εὐπαθούντων,
724 1509 805 1535 αἴτιοι
831 1509 956 1536 κινδύνου

170 1551 218 1576 καὶ
235 1551 372 1585 τιμωρίας
386 1550 459 1586 αἰτῷ
480 1551 664 1580 καταστῶσιν.
678 1553 796 1588 Ἐχοντα
819 1551 866 1580 οὖν
891 1555 960 1590 πρὸς
973 1566 995 1594 ο

169 1595 248 1621 τοῦτο
265 1595 387 1627 εὐλαῦὠς
403 1596 448 1622 τὸν
471 1596 616 1632 Ἀσχάνην,
636 1597 778 1626 πείθουσιν
799 1600 823 1626 οἱ
839 1601 960 1634 γενναῖοι

171 1643 216 1668 tu!
239 1641 306 1667 δέκα
326 1642 433 1676 ἡμέρας
456 1642 542 1670 ταῦτα
566 1645 719 1680 παρασχεῖν
743 1646 835 1678 αὐτοῖς
860 1647 960 1682 πείρας

170 1689 263 1720 ἕνεκα,
290 1688 339 1714 καὶ
364 1687 401 1722 μὴ
425 1688 634 1724 μεταὸαλούσης
658 1691 708 1725 μὲν
728 1692 820 1724 αὐτοῖς
841 1693 891 1727 τῆς
905 1693 960 1720 τῶν

173 1734 309 1768 σωμάτων
324 1734 419 1766 ἕξεως,
437 1735 485 1761 ἐὰν
500 1737 557 1767 τοῖς
571 1737 665 1769 αὐτοῖς
677 1738 818 1773 ιπιμένειν
831 1738 868 1770 ὡς
883 1739 961 1766 οὐδὲν

173 1781 210 1806 ἔτι
227 1780 466 1815 βλαῆησομένους·
492 1782 518 1808 εἰ
537 1783 566 1808 δὲ
585 1783 754 1818 μειωθέντας
778 1785 828 1812 ῖδοι
843 1786 891 1812 καὶ
906 1785 961 1812 τῶν

174 1826 262 1854 ἄλλων
280 1827 452 1862 ἀειδέστερον
473 1828 596 1863 ἔχοντας,
614 1829 661 1856 ἐπὶ
682 1829 733 1864 τὴν
756 1831 893 1865 προτέραν
912 1831 962 1858 αὖο

173 1875 233 1904 τοὺς
248 1873 326 1907 άγειν
341 1874 448 1900 δίαιταν
462 1875 509 1900 καὶ
528 1874 600 1901 κατὰ
613 1875 648 1902 τὰ
663 1876 836 1911 κελευσμένα
860 1878 958 1904 ποιεῖν.

178 1920 221 1950 Ὦς
235 1920 264 1946 δὲ
282 1920 314 1946 οὺ
337 1920 419 1955 μόνον
446 1920 523 1947 οὐδὲν
543 1921 643 1953 αὐτοὺς
665 1921 762 1948 nam
788 1923 838 1958 τὴν
857 1923 961 1958 τροφὴν

175 1967 285 2001 ἐκείνην
300 1967 540 2002 προσφερομένης,
551 1967 619 1994 ἀλλὰ
631 1968 678 1995 καὶ
693 1967 748 1994 τῶν
761 1968 848 1995 ἄλλων
864 1969 962 2003 εὐτρα-

174 2011 299 2045 φέστεροι
316 2010 349 2037 τὰ
371 2010 486 2045 σώματα
509 2011 558 2038 καὶ
576 2011 654 2039 καλοὶ
677 2012 727 2047 τὴν
745 2013 807 2047 δψιν
828 2013 960 2047 ἐγίνοντο,

176 2055 220 2088 Ὠς
231 2057 295 2088 τοὺς
311 2057 430 2091 ὁρῶντας
442 2056 505 2088 τοὺς
523 2057 573 2092 μὲν
588 2057 652 2092 περὶ
661 2058 707 2084 τὸν
719 2059 820 2094 Δανιὴλ
835 2060 922 2087 δοκεῖν
935 2061 963 2088 ἐν

174 2102 292 2137 ἀφθονίᾳ
307 2103 354 2129 καὶ
371 2104 462 2138 τρνφῇ
478 2104 510 2138 τῇ
524 2103 600 2138 πάσῃ
619 2103 705 2138 βιοῦν,
718 2105 783 2137 τοὺς
803 2107 915 2141 ἑτέρους
932 2107 962 2134 δὲ

175 2147 226 2174 τῶν
237 2147 342 2175 παίδων
354 2147 524 2183 ἂνδεέστερον
536 2148 670 2175 σιτεῖσθαι
684 2149 733 2176 καὶ
741 2149 778 2184 μὴ
787 2151 856 2178 κατὰ
867 2151 962 2186 χρείαν

174 2194 324 2221 ἀπολαύειν
339 2194 395 2220 τῶν
410 2194 570 2229 διδομᾶνων.

1012 256 1130 292 benigne
1141 257 1290 286 admodum
1307 267 1356 289 eos
1383 263 1546 297 aspiciebat,
1563 271 1658 290 eorum
1683 262 1800 290 laudans

1013 303 1134 330 indolem
1148 313 1154 332 :
1172 309 1202 332 et
1216 305 1290 340 quod
1309 314 1364 334 non
1393 308 1481 335 solum
1498 308 1624 336 valebant
1640 309 1749 343 ingenio
1764 308 1800 338 ad

1012 348 1180 384 disciplinas.
1198 351 1246 378 sed
1264 352 1305 379 eis
1319 360 1430 388 quoque
1461 362 1590 390 magnum
1606 354 1741 382 afferebat
1752 362 1799 382 or-

1012 401 1171 424 namentum
1202 398 1314 426 solertia
1329 403 1358 426 et
1374 400 1517 428 modestia.
1544 400 1597 428 Sed
1614 401 1654 429 sic
1686 400 1799 436 quidem

1011 445 1072 469 erat
1084 450 1131 470 rex
1145 443 1260 472 aﬂectus
1275 445 1301 472 in
1316 453 1427 481 pueros.

1047 532 1080 560 ll.
1097 533 1212 561 Divinus
1230 538 1321 561 autem
1346 535 1440 562 Daniel
1461 543 1515 562 non
1544 535 1633 563 solum
1655 541 1716 564 erat
1739 536 1799 564 lau-

1011 579 1092 606 dator
1105 580 1222 611 virtutis,
1237 581 1284 608 sed
1303 589 1363 608 eam
1376 581 1459 609 etiam
1473 582 1619 617 diligenter
1641 582 1798 610 exercebat.

1012 625 1044 651 Et
1061 625 1122 652 ideo
1133 625 1280 660 asperitate
1291 626 1352 653 vitae
1367 635 1466 661 corpus
1475 627 1622 662 afﬂigebat,
1634 632 1661 655 et
1672 627 1798 655 ciborum

1011 678 1112 698 mensa:
1125 671 1206 706 regiae
1224 679 1277 698 non
1292 672 1380 699 solum
1399 673 1545 700 recusabat
1569 681 1630 701 esse
1649 674 1798 710 particeps,

1011 717 1058 744 sed
1087 718 1149 745 aliis
1173 719 1256 745 etiam
1286 719 1420 754 cognatis,
1440 720 1538 752 tribus,
1558 720 1682 755 inquam,
1705 722 1799 756 pueris

1011 763 1053 791 sic
1068 764 1155 791 suasit
1171 768 1201 790 ut
1224 764 1358 792 facerent.
1384 765 1453 792 Cum
1471 766 1596 800 utrisque
1613 774 1678 800 ergo
1709 767 1799 794 visum

1009 814 1092 841 esset,
1105 810 1139 836 ab
1148 810 1277 837 omnibus
1285 810 1426 838 abstinere
1437 812 1577 843 animatis,
1588 817 1616 839 et
1627 812 1698 839 vesci
1710 813 1801 840 solum

1011 855 1165 883 seminibus
1177 861 1204 883 et
1217 856 1352 889 oleribus,
1370 857 1535 885 accedentes
1561 857 1594 885 ad
1616 858 1800 886 Asehanctem

1014 902 1261 934 archieunucbum.
1278 903 1323 930 cui
1338 908 1397 930 erat
1414 904 1561 932 commissa
1578 912 1674 932 eorum
1702 913 1768 932 cura
1785 914 1801 933 a

1015 957 1089 984 rege,
1106 957 1169 976 eum
1187 954 1329 984 rogarunt.
1349 954 1378 976 ut
1393 958 1454 984 quae
1478 950 1513 977 ab
1531 951 1590 986 ipso
1606 959 1670 986 rege
1699 951 1733 978 ad
1753 959 1803 979 eos

1014 994 1188 1027 aﬂ‘errentnr,
1211 995 1269 1029 ipse
1296 996 1434 1031 accipiens
1455 1002 1652 1024 consumeret:
1685 1005 1734 1032 pro
1760 998 1803 1025 eis

1012 1046 1103 1068 autem
1116 1042 1249 1076 praeberet
1260 1042 1396 1075 legumina
1415 1047 1443 1070 et
1453 1042 1575 1078 dactylos
1585 1042 1618 1070 ad
1645 1043 1801 1070 nutrimen-

1013 1092 1083 1118 tum.
1099 1088 1162 1115 etsi
1188 1088 1254 1122 quid
1270 1087 1345 1115 aliud
1363 1089 1444 1116 vellet
1472 1097 1506 1116 ex
1534 1089 1670 1116 inanimis.
1692 1089 1721 1116 In
1748 1089 1800 1117 hac

1012 1133 1086 1160 enim
1114 1134 1176 1161 vitae
1196 1135 1301 1162 ratione
1329 1135 1458 1162 dicebant
1476 1142 1506 1162 se
1534 1142 1595 1162 esse
1618 1135 1749 1163 educatos
1764 1135 1801 1163 ab

1013 1179 1103 1213 initio,
1130 1180 1212 1208 aliam
1229 1188 1294 1208 vero
1312 1181 1464 1216 despicere.
1481 1181 1528 1209 ille
1541 1187 1632 1209 autem
1646 1181 1755 1210 dicebat
1770 1189 1801 1210 se

1009 1234 1071 1254 esse
1090 1227 1202 1262 quidem
1219 1233 1343 1262 paratum
1361 1228 1495 1256 inservire
1513 1237 1610 1256 eorum
1640 1229 1775 1257 voluntati
1790 1237 1799 1258 :

1013 1273 1061 1301 scd
1076 1273 1184 1306 timere,
1194 1282 1228 1302 ne
1247 1274 1274 1302 id
1289 1282 1336 1302 rex
1352 1275 1514 1303 rescisceret
1535 1283 1566 1303 ex
1583 1282 1730 1310 corporum
1739 1283 1801 1310 gra-

1014 1320 1119 1347 cilitate
1151 1325 1179 1347 et
1211 1320 1303 1348 vultus
1326 1321 1440 1356 pallore.
1455 1321 1573 1349 Necesse
1589 1322 1663 1349 enim
1684 1329 1755 1353 esse,
1769 1326 1800 1348 nt

1013 1366 1055 1393 eis
1069 1366 1151 1394 simul
1167 1370 1308 1394 mutentur
1324 1374 1440 1402 corpora
1458 1372 1486 1395 et
1498 1367 1605 1395 colores
1621 1375 1682 1395 cum
1694 1368 1804 1395 ratione

1014 1413 1164 1440 victus:et
1191 1413 1318 1444 maxime,
1340 1421 1374 1440 ne
1393 1421 1455 1440 cum
1471 1414 1516 1441 alii
1543 1414 1620 1449 pueri
1649 1414 1706 1442 sint
1721 1415 1800 1442 bona:

1015 1457 1197 1491 habitudinis,
1221 1459 1272 1493 ipsi
1289 1459 1380 1486 sintei
1390 1466 1471 1486 causa
1488 1460 1601 1494 periculi
1618 1464 1646 1488 et
1658 1460 1801 1495 supplicii.

1013 1503 1082 1532 Cum
1101 1504 1193 1539 itaque
1211 1505 1338 1532 cautione
1357 1505 1409 1532 hac
1425 1505 1451 1532 in
1468 1513 1496 1532 re
1513 1510 1637 1534 uteretur
1648 1506 1799 1539 Aschanes,

1012 1550 1038 1578 ei
1053 1550 1220 1585 persuadent
1236 1551 1312 1585 pueri
1329 1551 1365 1578 illi
1385 1552 1499 1587 egregii,
1515 1556 1544 1579 ut
1563 1552 1658 1580 decem
1673 1552 1731 1580 dies
1744 1553 1802 1580 hac

1013 1597 1068 1624 illis
1080 1596 1381 1631 praeberetexperiendi
1393 1605 1475 1624 causa
1491 1598 1566 1626 :etsi
1577 1605 1633 1625 non
1648 1603 1802 1626 mutaretur

1013 1644 1124 1679 quidem
1141 1643 1182 1671 eis
1201 1650 1348 1678 corporum
1370 1643 1488 1676 habitus.
1506 1644 1608 1672 sineret
1626 1645 1653 1672 in
1670 1646 1710 1672 eis
1736 1653 1800 1680 per-

1013 1698 1151 1719 severare.
1167 1689 1214 1718 Sin
1240 1695 1332 1717 autem
1348 1690 1448 1718 viderit
1462 1691 1626 1724 diminutas,
1653 1697 1680 1719 et
1695 1692 1755 1718 aliis
1771 1699 1801 1718 se

1013 1737 1148 1765 habentes
1161 1736 1294 1768 deterius,
1312 1744 1360 1764 eos
1378 1737 1411 1764 ad
1430 1736 1550 1772 priorem
1570 1737 1659 1765 victus
1685 1737 1800 1765 reducat

1013 1783 1159 1816 rationem,
1172 1787 1200 1810 et
1216 1783 1297 1810 faciat
1311 1787 1340 1809 ut
1352 1782 1403 1809 fuit
1418 1783 1443 1810 ei
1461 1782 1634 1817 imperatum.
1647 1782 1715 1810 Cum
1736 1791 1802 1810 vero

1012 1835 1046 1856 eo
1067 1828 1200 1855 alimento
1226 1831 1335 1855 utentes
1368 1827 1436 1855 nihil
1467 1827 1686 1860 oﬂ'endcrentur,
1706 1828 1752 1855 sed
1773 1832 1801 1855 et

1013 1881 1129 1908 carpora
1150 1882 1245 1902 eorum
1262 1874 1386 1901 melioris
1406 1878 1499 1901 essent
1517 1873 1696 1906 habitudinis,
1717 1882 1800 1909 quam

1013 1921 1141 1952 aliorum,
1164 1925 1193 1947 et
1219 1926 1331 1955 aspectu
1350 1921 1520 1956 pulchriora,
1539 1921 1611 1948 adeo
1634 1925 1664 1948 nt
1691 1921 1737 1956 qui
1754 1929 1803 1948 cos

1014 1967 1154 1997 videbant.
1176 1971 1304 2002 putarent
1322 1967 1461 1994 Danielem
1481 1967 1595 2002 quidem
1609 1972 1637 1994 et
1651 1972 1708 1994 tres
1733 1967 1803 1995 alios

1014 2014 1107 2042 vivere
1123 2014 1149 2041 in
1163 2014 1291 2041 omnibus
1306 2014 1423 2041 lautitiis
1439 2019 1468 2042 et
1481 2013 1590 2041 deliciis
1603 2022 1610 2041 :
1627 2013 1696 2040 alios
1708 2018 1799 2040 autem

1015 2067 1115 2096 pueros
1140 2060 1213 2088 vesci
1231 2061 1351 2095 parcius,
1368 2067 1418 2088 nec
1445 2060 1486 2088 eis
1501 2063 1648 2095 suppetere
1674 2067 1717 2092 ea,
1741 2067 1803 2095 qua

1014 2111 1079 2134 sunt
1095 2106 1129 2133 ad
1145 2113 1225 2133 usum
1237 2106 1404 2133 necessaria.

209 2241 246 2267 I".
267 2241 312 2274 Ἐξ
333 2241 440 2268 ἐκείνου
460 2242 529 2276 μετὰ
548 2241 641 2274 ἀδείας
660 2243 675 2268 ό
693 2243 829 2279 Ἀσχάνης
844 2243 894 2270 ὅσα
913 2245 961 2278 μὲν

1051 2243 1095 2271 ΙΙΙ.
1122 2243 1160 2270 Ex
1179 2243 1225 2270 illo
1248 2246 1382 2277 tempore,
1395 2249 1457 2269 cum
1481 2242 1647 2271 reverentia.
1665 2242 1804 2269 Ascbanes

175 2287 229 2313 ἀπὸ
248 2287 297 2313 τοῦ
310 2287 421 2313 δείπνου
432 2287 494 2314 καθ’
508 2287 615 2323 ἡμέραν
630 2288 754 2324 συνήθως
775 2289 884 2324 ἔπεμπε
898 2289 962 2316 τοὺ-

174 2341 231 2364 τοις
252 2333 267 2358 δ
283 2331 423 2366 βασιλεὺς,
435 2332 517 2363 me;
536 2332 700 2367 ἐλάμϐανεν,
718 2333 848 2368 ἐχορήγει
870 2333 898 2360 δὲ
916 2333 964 2360 αὐ-

175 2380 230 2410 τοῖς
243 2378 278 2404 τὰ
289 2377 480 2413 προειρημένα
489 2386 496 2393 ·
512 2379 537 2404 oi.
546 2378 575 2405 δὲ
589 2379 626 2410 ὡς
641 2379 688 2405 καὶ
700 2379 755 2405 τῶν
767 2378 861 2414 ψυχῶν
873 2379 964 2410 αὐτοῖς

176 2425 220 2451 διὰ
235 2425 315 2451 τοῦτο
339 2424 469 2459 καθαρῶν
490 2425 537 2451 καὶ
556 2424 625 2460 πρὸς
649 2425 699 2459 τὴν
721 2424 775 2451 τῶν
793 2424 965 2460 μαθημάτων

177 2469 310 2504 ἀνάληψιν
323 2469 483 2504 ἐπιτηδείων
497 2470 530 2496 ἐκ
541 2469 639 2497 τούτου
654 2470 856 2504 γεγενημένων,
873 2470 965 2497 πᾶσαν

178 2517 294 2552 ἑτοίμως
311 2515 446 2551 ἐξέμαθον
466 2516 517 2551 τὴν
537 2515 675 2549 παιδείαν,
693 2516 755 2552 ἥτις
779 2513 814 2552 ἦν
836 2516 913 2552 παρά
934 2524 964 2543 τε

177 2564 232 2594 τοῖς
252 2562 391 2597 Ἐὄραίοις
413 2563 460 2589 καὶ
478 2563 535 2594 τοῖς
553 2562 710 2595 Χαλδαίοις,
731 2562 848 2597 μάλιστα
864 2561 892 2589 δὲ
911 2563 964 2588 Δα-

180 2607 247 2642 νιὴλ,
263 2607 293 2636 ὃς
311 2607 404 2638 ἱκανὸς
415 2606 466 2642 ήδη
485 2606 551 2641 περὶ
562 2606 611 2641 τὴν
629 2606 770 2633 παίδευσιν
786 2605 906 2639 γεγονὼς
920 2605 966 2632 καὶ.

180 2656 242 2690 περὶ
250 2653 369 2690 κρίσεως
381 2653 494 2688 ὀνείρων
509 2653 684 2685 ἐσπουδάκει,
694 2652 742 2679 καὶ
754 2652 784 2678 τὸ
799 2652 875 2678 Θεῖον
891 2651 966 2686 αὑτῷ

182 2701 298 2736 φανερὸν
312 2700 433 2733 ἐγίνετο·
446 2700 491 2726 ὑπ’
506 2698 591 2726 αὐτοῦ
607 2708 638 2725 τε
651 2698 822 2734 τυπούμενος
842 2698 890 2732 τὴν
905 2698 966 2724 δια-

182 2754 262 2774 νοιαν.
279 2745 366 2772 πολλὰ
383 2745 437 2772 τῶν
455 2746 606 2781 μελλόντων
627 2744 750 2780 ἐναργῶς
768 2745 964 2780 προηγόρευεν.

182 2793 310 2828 Δεύτερον
327 2793 466 2828 παρῆλθεν
485 2793 544 2825 ἔτος
555 2794 604 2828 τῆς
619 2793 672 2820 τῶν
689 2791 884 2828 Ἰεροσολύμων
898 2791 967 2819 ἀλώ-

183 2847 258 2871 σεως,
275 2839 324 2866 καὶ
340 2840 354 2866 ὁ
369 2839 495 2873 βασιλεὺς
510 2839 747 2875 Ναϐουχοδονόσορ
761 2838 827 2873 δναρ
836 2839 887 2873 ὁρᾷ
902 2838 967 2864 θαυ-

183 2884 293 2919 μαστὸν,
306 2883 337 2914 οὗ
354 2886 403 2918 τὴν
417 2885 528 2912 ἔκϐασιν
545 2887 615 2912 κατὰ
631 2885 692 2917 τοὺς
708 2884 809 2916 ὕπνους
822 2885 902 2915 αὐτὸς
917 2883 967 2910 atii-

1013 2297 1184 2324 qumcunque
1201 2289 1313 2324 quidem
1325 2297 1340 2316 e
1357 2296 1405 2316 sua
1421 2296 1510 2320 omna,
1526 2293 1555 2314 ut
1569 2287 1684 2319 solebat,
1696 2287 1730 2314 ad
1739 2295 1803 2314 eum

1015 2335 1140 2362 mittebat
1150 2343 1196 2362 rex
1205 2335 1262 2370 ipse
1271 2334 1424 2369 accipiebat
1433 2342 1508 2366 :qua:
1517 2334 1644 2368 praedicta
1652 2337 1716 2360 sunt
1724 2341 1801 2364 vero.

1015 2381 1056 2408 eis
1065 2380 1271 2415 suppeditabat.
1284 2379 1323 2407 Illi
1334 2384 1438 2412 autem,
1458 2383 1553 2414 utpote
1563 2379 1636 2414 quod
1648 2379 1688 2406 eis
1704 2379 1804 2406 animae

1015 2431 1160 2462 propterea
1171 2429 1318 2453 evaserant
1327 2426 1437 2453 mundae
1448 2431 1477 2452 et
1490 2429 1559 2460 apta:
1566 2425 1600 2452 ad
1612 2424 1804 2460 suscipiendas

1016 2471 1187 2506 disciplinas,
1202 2479 1312 2499 omnem
1336 2471 1392 2499 cito
1418 2471 1541 2498 didicere
1568 2471 1802 2503 doctrinam,tam

1016 2526 1078 2553 quae
1106 2523 1167 2545 erat
1189 2517 1262 2553 apud
1287 2517 1428 2550 Hebmos,
1456 2525 1538 2552 quam
1558 2525 1617 2552 qua
1634 2517 1706 2552 apud
1722 2516 1803 2544 Chal-

1016 2564 1089 2591 daeos
1107 2571 1115 2590 :
1137 2563 1253 2590 maxime
1272 2571 1338 2590 vero
1359 2562 1466 2594 Daniel.
1493 2562 1539 2597 qui
1564 2569 1626 2589 cum
1643 2562 1700 2597 jam
1729 2565 1804 2588 esset

1017 2611 1084 2637 satis
1109 2609 1235 2636 doctrina
1255 2613 1411 2645 provectus.
1427 2608 1550 2636 studium
1573 2614 1684 2643 quoque
1700 2613 1804 2642 posue-

1018 2660 1060 2682 rat
1084 2655 1110 2682 in
1136 2655 1242 2690 judicio
1258 2654 1430 2682 somniorum
1445 2663 1451 2681 :
1465 2654 1547 2689 eique
1565 2653 1637 2681 Deus
1656 2651 1803 2679 manifeste

1017 2701 1185 2736 apparebat:
1203 2708 1218 2727 a
1234 2708 1290 2735 quo
1301 2707 1363 2727 cum
1381 2700 1441 2735 ejus
1455 2707 1534 2726 mens
1551 2698 1757 2730 informaretur,
1768 2705 1804 2724 ex

1017 2747 1118 2774 futuris
1131 2747 1215 2774 multa
1235 2745 1378 2773 evidenter
1399 2744 1535 2780 praedixit.
1553 2743 1697 2771 Secundus
1714 2750 1806 2770 annus

1019 2794 1198 2828 praeterierat,
1216 2800 1250 2818 ex
1271 2799 1326 2826 quo
1353 2795 1433 2826 capta
1463 2790 1573 2821 fuerant
1601 2788 1803 2824 Hierosolyma,

1018 2844 1045 2865 et
1058 2842 1105 2865 rex
1123 2837 1376 2865 Nabuchodonosor
1386 2835 1523 2862 somnium
1540 2834 1613 2862 videt
1631 2831 1803 2861 admirabile.

1019 2883 1098 2919 cujus
1113 2887 1242 2911 eventum
1255 2881 1283 2909 in
1292 2879 1397 2909 somnis
1417 2880 1476 2916 ipse
1492 2880 1565 2908 Deus
1584 2880 1608 2908 ei
1624 2879 1806 2915 signllicavnt,
