2024 3153
229 145 282 174 375

879 150 1022 180 MENSIS
1042 151 1192 184 IULIUS.

1800 153 1852 184 376

229 199 276 226 ille
287 204 378 227 autem
389 207 451 227 cum
461 202 627 229 surrexisset
638 211 654 230 e
664 205 760 237 cubili,
773 210 802 232 et
815 206 902 240 ipsius
913 207 1001 234 somni

1065 207 1104 242 τῷ
1123 208 1258 242 ἐδήλωσεν
1274 209 1288 235 ὁ
1303 209 1368 241 Θεός
1380 216 1388 225 ·
1407 211 1421 235 ὁ
1448 209 1476 236 δὲ
1502 210 1550 244 τῆς
1577 210 1671 244 κοίτης
1693 209 1851 240 διαναστὰς,

228 248 270 273 est
286 245 399 278 oblitus,
412 251 440 273 et
457 247 541 280 illius,
557 257 639 283 quam
657 258 672 276 a
698 251 754 278 Deo
782 251 891 284 habuit,
915 254 1011 288 conje~

228 295 323 319 (ξιιμ-ω.
341 291 476 321 Chaldmis
492 301 558 329 ergo
575 296 702 329 protinus
722 299 873 330 accersitis,
893 304 947 326 tam
963 299 1011 334 qui

226 340 306 363 erant
324 337 397 364 inter
415 345 509 373 magos
525 341 629 372 eximii,
647 349 728 376 quam
743 343 790 376 qui
809 343 889 377 periti
902 343 1011 372 divina-

226 381 321 414 tionis,
335 382 406 409 dixit
423 383 465 410 eis
478 391 508 410 se
524 384 624 412 vidisse
634 387 784 419 somnium,
798 392 826 415 et
843 389 908 423 quid
923 389 1011 425 signi-

227 426 351 453 licaverit
365 435 372 454 :
384 435 467 461 porro
479 430 625 463 accidisse,
639 435 774 460 uteorum
785 433 1009 468 oblivisceretur,

225 478 287 505 qua:
306 472 412 500 viderat
428 483 434 501 :
452 475 660 509 cljubebateos
675 478 766 506 dicere
778 481 916 514 quodnam
938 487 1011 509 esset

226 517 373 550 somnium,
392 525 420 546 ct
450 528 574 554 quaenam
590 528 663 550 esset
680 524 853 558 signiﬁcatio.
877 527 932 554 Illis
945 535 1010 554 vero

226 558 381 590 dicentibus
399 563 456 591 ﬁeri
482 573 537 592 non
556 575 635 601 posse
658 568 693 596 ab
718 569 887 603 hominibus,
902 577 932 599 ut
956 573 1008 599 nisi

225 607 283 642 ipse
309 611 482 644 exposuisset
518 613 662 646 visionem,
679 617 866 650 conjecturam
883 619 1010 645 enuntia-

226 660 287 681 rent
304 663 310 681 :
327 656 386 689 ipse
408 663 525 686 mortem
548 661 669 688 minatus
695 666 736 689 est
758 665 939 698 sapientibus,
956 666 1007 693 nisi

224 699 248 725 ei
263 705 291 727 et
309 702 441 729 visionem
460 711 620 733 revocarent
638 707 664 734 in
685 709 854 742 memoriam,
874 716 903 738 et
916 713 1010 747 conje-

224 750 330 774 cturam
356 748 438 776 simul
462 752 648 780 enuntiarent.
678 754 710 781 Et
735 757 827 783 statim
853 758 936 792 jussit
961 767 1009 787 eos

224 799 319 820 omnes
334 794 468 830 interimi,
481 805 543 825 cum
576 802 802 834 pronuntiassent
819 811 849 831 se
865 813 918 832 non
929 813 1009 840 posse

223 837 312 866 facere
324 840 363 871 id,
378 843 451 876 quod
466 843 534 878 jussi
548 846 665 874 fuerant.

1063 252 1146 279 αὑτοῦ
1165 261 1194 280 τε
1207 254 1255 280 τοῦ
1269 255 1410 289 ὀνείρατος
1425 255 1509 290 λήθην
1527 256 1589 290 ἔσχε
1602 256 1648 282 καὶ
1665 253 1699 291 ἧς
1713 255 1793 289 ἔτυχε
1805 254 1852 288 δή·

1064 306 1115 324 που
1126 299 1202 334 παρὰ
1215 300 1283 326 Θεοῦ
1298 302 1346 336 τῆς
1362 301 1543 336 συγκρίσεως.
1556 301 1625 332 Τοὺς
1638 300 1685 328 οὖν
1700 300 1852 331 Χαλδαίους

1062 346 1163 373 αὐτίκα
1176 346 1438 381 μεταμεμψάμενος,
1455 347 1511 373 ὅσοι
1523 355 1552 372 τε
1566 346 1621 373 τῶν
1636 346 1732 380 μάγων
1746 345 1852 380 ἐξαίρε-

1063 400 1103 418 τοι
1126 392 1172 418 καὶ
1186 392 1244 418 ὅσοι
1258 392 1307 427 τὴν
1325 392 1459 427 μαντικὴν
1474 392 1612 427 ἔμπειροι,
1628 392 1666 421 ὡς
1681 392 1723 427 εἴη
1740 399 1771 417 τε
1783 391 1851 425 ὁναρ

1062 437 1194 473 ἑωρακὼς
1210 439 1302 470 αὐτοῖς
1317 438 1409 472 ἔλεγεν
1423 439 1470 465 καὶ
1484 439 1515 465 τὺ
1528 438 1702 473 συμὸεὸηκὸς
1719 437 1784 472 περὶ
1799 438 1850 472 τὴν

1062 483 1148 519 λήθην
1163 483 1200 515 ὡς
1215 482 1286 510 εἶδεν
1301 483 1489 518 ἀπήγγελλεν·
1512 483 1621 510 ἐκέλευέ
1643 491 1673 509 τε
1692 482 1781 516 λέγειν
1804 482 1853 508 αὺ-

1061 533 1134 564 τοὺς,
1154 532 1168 558 ὅ
1178 540 1204 558 τι
1220 541 1250 559 τε
1264 531 1298 568 ἦν
1313 534 1344 560 τὸ
1358 533 1424 568 ὄναρ
1438 533 1486 560 καὶ
1496 533 1538 564 τίς
1556 534 1572 568 ὴ
1596 532 1712 568 δήλωσις
1723 539 1732 547 ⁸
1747 531 1802 558 τῶν
1823 531 1851 558 δὲ

1062 578 1193 606 ἀδύνατον
1214 577 1285 606 εἶναι
1309 580 1444 614 λεγόντων
1459 579 1625 614 ἀνθρώποις,
1647 579 1671 605 εί
1695 578 1732 614 μὴ
1747 579 1781 606 τὰ
1799 579 1852 613 τῆς

1061 625 1184 660 ὁράσεως
1195 626 1287 658 αὐτοῖς
1294 626 1410 658 ἔκθοιτο,
1424 626 1475 661 τὴν
1489 626 1635 661 σύγκρισιν
1649 625 1834 658 ἀπαγγέλλειν
1843 633 1850 639 ·

1062 671 1143 702 αὐτὸς
1156 671 1270 698 θάνατον
1283 672 1391 707 ὴπείλει
1402 672 1459 703 τοῖς
1473 671 1537 706 περὶ
1551 671 1637 698 ταῦτα
1652 672 1753 705 σοφοῖς,
1772 672 1796 697 εί
1813 672 1852 706 μὴ

1062 717 1109 743 καὶ
1121 717 1170 752 τὴν
1179 716 1335 752 ἀνάμνησιν
1351 717 1426 753 αὐτῷ
1441 717 1487 744 τοῦ
1498 718 1640 752 ὁράματος
1654 717 1703 743 καὶ
1718 717 1768 752 τὴν
1784 717 1850 751 σύγ-

1061 770 1151 798 κρισιν
1158 762 1226 797 ὁμοῦ
1238 763 1425 797 διαγγείλωσι,
1444 764 1492 790 καὶ
1505 763 1586 795 εὐθὺς
1602 763 1769 797 προσέταττε
1781 764 1852 790 πάν-

1061 817 1110 839 τας
1121 808 1221 839 αὐτοὺς
1232 808 1409 844 ἀναιρεθῆναι
1422 808 1491 844 πρὸς
1507 809 1537 835 τὸ
1551 808 1695 835 κελευσθὲν
1711 808 1850 840 ἀδυνάτως

1061 853 1105 889 ἔχε
1111 863 1136 880 ιν
1151 854 1409 890 ἀπαγορεύσαντας.

258 884 302 912 ιν.
318 885 387 914 Cum
405 888 457 917 hoc
473 890 652 920 intellexisset
669 894 773 927 Daniel,
788 896 902 931 jussisse
915 905 1003 933 regem

1076 884 1133 928 ΠΝ.
1151 884 1237 926 Τοῦτο
1246 884 1343 935 μαθὼν
1355 884 1467 936 Δανιὴλ,
1482 901 1524 928 ὅτι
1538 901 1701 937 προστάξειε
1717 900 1821 932 πάντας
1834 901 1849 926 ό

223 938 320 959 omnes
336 934 425 961 occidi
436 936 588 970 sapientes,
601 939 673 966 inter
689 940 739 967 hos
753 947 843 969 autem
858 950 887 969 se
899 952 1008 979 quoque

223 984 285 1002 cum
295 981 418 1013 cognatis
431 982 558 1010 venirein
569 985 732 1018 periculum,
745 988 852 1015 accedit
862 989 894 1015 ad
908 990 1006 1017 Ariocll

220 1030 356 1057 ,uuumcx
384 1027 456 1061 regis
472 1029 647 1063 satellitibus,
673 1036 701 1058 et
728 1037 814 1067 rogat,
839 1036 906 1061 utei
934 1035 1008 1063 dicat

223 1075 344 1102 causam,
358 1076 472 1106 propter
486 1082 568 1108 quam
585 1084 631 1103 rex
658 1081 711 1104 tam
729 1078 853 1112 improbe
878 1081 1007 1116 jussisset

222 1114 310 1141 occidi
328 1123 424 1145 omnes
451 1120 589 1154 sapientes
613 1122 756 1151 Chaldaeos
771 1131 799 1152 ct
817 1114 920 1161 magos.
938 1128 1006 1154 Cum

221 1167 287 1187 vero
304 1161 338 1188 de
355 1164 461 1192 somnio
480 1173 512 1192 ex
528 1173 561 1194 eo
581 1167 774 1202 intellexisset,
788 1176 816 1198 et
836 1173 909 1206 quod
936 1174 1006 1208 jussi

220 1213 234 1231 a
252 1214 315 1242 rege
327 1208 379 1236 hoc
390 1210 414 1237 ei
431 1211 581 1247 declarare,
592 1215 638 1248 qui
651 1216 741 1243 fuerat
753 1217 868 1253 oblitus,
879 1219 1007 1248 dixerunt

221 1259 250 1278 se
276 1261 331 1280 non
349 1263 430 1290 posse
447 1265 454 1284 :
471 1262 498 1285 et
520 1264 664 1294 propterea
689 1270 736 1289 rex
766 1263 806 1290 ira
835 1269 943 1299 motus,
958 1273 1006 1294 eos

221 1301 309 1324 morte
325 1299 488 1328 damnavit:
520 1304 625 1338 rogavit
644 1304 753 1338 Arioch,
773 1312 802 1334 ut
827 1307 944 1336 intraret
971 1309 1005 1336 ad

221 1350 324 1377 regem,
341 1350 368 1372 et
395 1351 501 1380 peteret
518 1349 605 1384 magis
632 1359 714 1378 unam
732 1357 849 1385 noctem,
865 1359 893 1381 et
920 1355 946 1382 in
973 1363 1005 1383 ea

221 1387 291 1415 hanc
318 1389 443 1418 diﬂ‘erret
460 1393 710 1429 interemplionem.
745 1398 859 1426 Dicebat
884 1401 958 1428 enim
975 1409 1005 1429 se

219 1442 330 1468 sperare
354 1437 413 1465 {ore
428 1444 457 1466 ut
471 1447 533 1467 cum
547 1441 574 1468 in
586 1450 617 1469 ea
631 1443 718 1471 Deum
734 1450 850 1478 orasset,
865 1447 1004 1476 somnium

218 1486 407 1528 cognosceret.
420 1483 454 1512 Et
471 1485 516 1513 ille
525 1487 637 1521 quidem
654 1489 712 1517 haec
723 1492 779 1526 regi
791 1500 872 1527 quam
885 1494 1003 1528 primum

220 1527 399 1556 renuntiavit.
427 1530 475 1558 llle
497 1537 589 1560 autem
617 1536 732 1570 cupiens
762 1538 846 1571 scire,
876 1527 1001 1574 quzenam

216 1576 291 1598 esset
306 1574 385 1607 visio,
401 1581 428 1602 et
441 1585 565 1611 quamam
583 1586 657 1608 esset
669 1582 728 1616 ejus
739 1583 914 1619 signiﬁcatio,
925 1587 1005 1622 jubet

217 1618 347 1646 sustineri
369 1628 510 1656 magorum
524 1624 774 1662 interemptionem,
796 1630 884 1660 donec
909 1635 1004 1667 sciret,

219 1663 350 1697 quidnam
364 1667 487 1696 dicturus
511 1677 584 1700 esset
611 1674 717 1708 Daniel,
737 1681 765 1703 et
781 1685 904 1712 quaenam
931 1685 1005 1708 esset

217 1710 278 1744 ejus
304 1711 401 1741 virtus.
420 1714 470 1743 llic
489 1724 554 1752 ergo
569 1719 666 1747 beatus
683 1729 745 1748 cum
763 1710 819 1751 tota
843 1730 924 1753 nocte
940 1734 1003 1754 cum

218 1758 341 1791 cognatis
352 1759 385 1786 ad
405 1768 434 1788 se
450 1764 620 1799 secessisset,
638 1771 694 1795 tota
721 1774 801 1797 nocte
818 1770 874 1799 Deo
900 1774 1004 1808 suppli-

217 1804 300 1853 cavit,
317 1810 347 1832 ut
358 1814 450 1843 magos
463 1817 587 1839 servaret
598 1817 625 1840 et
651 1814 804 1849 Chaldaeos,
820 1825 882 1846 cum
902 1804 1004 1854 quibus

218 1847 276 1882 ipse
290 1858 399 1887 quoque
419 1854 501 1883 simul
515 1863 575 1885 erat
591 1860 742 1894 periturus,
767 1847 802 1890 et'
816 1847 949 1893 liberaret
967 1867 1003 1894 ab

217 1893 256 1922 ira
290 1898 371 1932 regis,
401 1902 550 1935 aperiendo
561 1905 586 1931 ei
612 1906 757 1940 visionem.
774 1909 853 1944 cujus
875 1918 922 1939 rex
943 1917 1003 1940 erat

216 1942 329 1971 oblitus.
348 1945 418 1974 Deus
438 1953 530 1976 autem
543 1951 624 1979 simul
644 1958 671 1980 et
688 1955 818 1984 misertus
830 1964 927 1985 eorum
953 1960 1000 1994 qui

214 1994 294 2016 erant
309 1990 336 2017 in
354 1993 486 2026 periculo,
501 2001 528 2023 et
544 1997 640 2026 volens
659 2007 739 2028 suum
753 2002 917 2037 prophetam
938 1990 1002 2032 red-

215 2033 281 2062 dere
298 2035 460 2072 gloriosum,
478 2041 503 2068 ei
531 2043 666 2077 signiﬁcat
691 2048 840 2080 somnium,
861 2053 890 2076 et
912 2051 1002 2084 aperit

214 2080 400 2115 conjecturam
419 2093 425 2110 :
446 2090 473 2112 et
489 2093 550 2113 cum
567 2090 693 2122 protinus
712 2091 807 2120 Daniel
824 2093 883 2121 haec
896 2094 1001 2129 Alaria’:

214 2126 361 2154 etceteris
383 2130 547 2164 aperuisset,
561 2140 618 2166 eos,
635 2136 681 2169 qui
696 2137 759 2163 vitae
783 2145 860 2172 spem
887 2126 1000 2175 abjece-

214 2176 286 2203 rant,
298 2176 326 2199 et
341 2173 369 2200 in
388 2180 505 2203 mortem
523 2185 599 2206 suam
627 2180 779 2210 deﬁxerant
793 2173 998 2220 cogitationem,

1061 945 1189 980 βασιλεὺς
1204 946 1352 973 ἀποθανεῖν
1371 947 1435 979 τοὺς
1454 947 1564 981 σοφοὺς,
1584 948 1612 973 ὲν
1625 947 1731 978 τούτοις
1749 947 1778 974 δὲ
1801 947 1849 974 καὶ

1059 992 1140 1018 αὐτὸν
1161 992 1232 1026 μετὰ
1257 992 1311 1019 τῶν
1341 993 1480 1027 συγγενῶν
1508 993 1687 1025 κινδυνεύειν,
1705 993 1848 1027 πρόσεισιν

1066 1037 1165 1073 Ἀριὼχ
1180 1038 1220 1073 τῷ
1237 1039 1285 1065 τοῦ
1303 1038 1437 1073 βασιλέως
1459 1039 1674 1074 σωματοφύλακι
1693 1039 1741 1065 καὶ
1762 1038 1848 1065 δεῖται

1059 1084 1124 1120 παρ’
1138 1084 1220 1111 αὑτοῦ
1237 1085 1287 1119 τὴν
1304 1085 1395 1111 αἰτίαν
1414 1085 1520 1119 μαθεῖν,
1539 1084 1572 1110 δι’
1586 1085 1619 1120 ῆν
1637 1084 1709 1111 οὕτω
1725 1085 1819 1116 κακῶς
1834 1087 1848 1111 ό

1060 1129 1188 1164 βασιλεὺς
1203 1131 1308 1161 πάντας
1320 1130 1363 1165 εἴη
1396 1129 1528 1162 κελεύσας
1539 1130 1715 1166 ἀναιρεθῆναι
1728 1130 1790 1161 τοὺς
1803 1139 1848 1157 σο-

1059 1174 1126 1209 φούς
1142 1184 1172 1201 τε
1190 1176 1238 1202 καὶ
1252 1175 1403 1206 Χαλδαίους
1421 1175 1468 1202 καὶ
1485 1176 1592 1210 μάγους
1603 1183 1610 1190 '
1628 1176 1675 1202 καὶ
1697 1175 1791 1210 μαθὼν
1811 1176 1848 1202 τὰ

1059 1221 1124 1256 περὶ
1144 1221 1190 1248 τοῦ
1209 1221 1335 1248 ἐνυπνίου
1363 1221 1411 1248 καὶ
1434 1222 1475 1248 ὃτι
1506 1221 1700 1253 κελευσθέντες
1723 1221 1776 1248 ὑπὸ
1798 1222 1847 1248 τοῦ

1059 1267 1190 1301 βασιλέως
1206 1267 1278 1293 τοῦτ’
1290 1267 1365 1302 αὐτῷ
1377 1267 1473 1302 δηλοῦν
1487 1267 1702 1303 ἐπιλελησμένον
1715 1267 1753 1302 μὴ
1764 1267 1844 1295 adva-

1059 1312 1123 1340 σθαι
1134 1311 1228 1340 ε’ίπον⁸
1243 1313 1291 1339 καὶ
1304 1313 1348 1340 διὰ
1359 1312 1447 1339 ταῦτα
1462 1314 1531 1348 προς
1548 1314 1633 1349 ὀργὴν
1648 1313 1780 1348 κινηθεὶς,
1795 1313 1844 1340 06.-

1057 1368 1137 1387 νατον
1153 1359 1243 1388 αὐτῶν
1258 1361 1430 1395 κατακρίνοι,
1441 1361 1518 1394 ἡξῖου
1531 1360 1577 1387 τὸν
1597 1360 1698 1395 Ἀριὼχ
1711 1360 1847 1386 εἰσελθόν-

1056 1414 1091 1433 τα
1105 1406 1174 1441 πρὸς
1188 1405 1234 1432 τὸν
1248 1406 1362 1441 βασιλέα
1377 1406 1440 1441 μίαν
1449 1406 1612 1441 αἰτήσασθαι
1622 1407 1708 1433 νύκτα
1717 1407 1773 1438 τοῖς
1790 1407 1846 1441 μά·

1057 1461 1116 1487 γοις
1131 1452 1274 1488 καὶταύτῃ
1285 1452 1335 1487 τὴν
1347 1453 1487 1488 ἀναίρεσιν
1498 1453 1621 1487 ἐπισχεῖν
1629 1461 1636 1468 ·
1651 1453 1772 1483 ἐλπίζειν
1789 1455 1844 1488 γὰρ

1055 1498 1100 1525 διὰ
1113 1498 1228 1533 ταύτην,
1241 1498 1355 1532 ἔφασκε,
1371 1498 1477 1533 δεηθεὶς
1492 1498 1539 1525 τοῦ
1550 1498 1629 1530 Θεοῦ,
1645 1498 1797 1532 γνώσεσθαι
1813 1501 1844 1525 τὸ

1058 1543 1198 1576 ἐνύπνιον·
1213 1544 1258 1570 καὶ
1275 1544 1290 1570 ό
1310 1544 1360 1578 μὲν
1382 1544 1452 1570 κατὰ
1472 1545 1554 1579 τάχος
1575 1544 1733 1579 ἀπήγγελλε
1756 1544 1844 1571 ταῦτα

1058 1589 1097 1625 τῷ
1111 1589 1233 1624 βασιλεῖ’
1248 1591 1262 1616 ό
1280 1590 1308 1616 δὲ
1324 1589 1421 1624 μαθεῖν
1437 1591 1489 1625 ἄρα
1502 1591 1673 1625 γλιχόμενος,
1691 1590 1732 1623 τίς
1752 1592 1768 1626 ὴ
1782 1591 1844 1625 ὅψις

1057 1637 1105 1663 καὶ
1117 1636 1159 1668 τίς
1174 1636 1276 1672 ταύτης
1296 1637 1313 1672 ἡ
1333 1636 1488 1671 σύγκρισις,
1509 1637 1615 1664 κελεύει
1638 1638 1689 1672 τὴν
1704 1638 1844 1674 ἀναίρεσιν

1056 1681 1110 1709 τῶν
1140 1682 1236 1717 μάγων
1261 1683 1451 1718 ἐπισχεθῆναι,
1469 1683 1520 1714 ἕως
1539 1683 1605 1718 γνῷ,
1626 1684 1698 1715 τίνες
1723 1685 1746 1710 oi
1768 1684 1843 1717 λόγοι

1056 1727 1102 1754 τοῦ
1115 1728 1224 1763 Δανιὴλ,
1237 1729 1283 1755 καὶ
1298 1728 1340 1760 τίς
1354 1728 1388 1755 ἂν
1403 1730 1420 1764 ἠ
1437 1730 1503 1764 παρ’
1518 1730 1665 1765 αὐτοῖςεῖη
1673 1730 1798 1764 δύναμις.
1813 1730 1844 1757 ’0

1057 1774 1191 1808 μακάριος
1209 1772 1286 1806 οὗτος
1305 1775 1395 1801 τοίνυν
1414 1776 1482 1806 μετὰ
1499 1775 1553 1802 τῶν
1572 1776 1712 1810 συγγενῶν
1733 1777 1841 1811 ὑποχω-

1055 1820 1142 1855 ρήσας
1158 1820 1228 1855 πρὸς
1242 1820 1348 1852 ἑαυτὸν,
1365 1821 1400 1847 δι’
1414 1821 1479 1855 ὅλης
1497 1822 1601 1848 ἱκετευε
1621 1823 1671 1857 τῆς
1684 1822 1782 1853 νυκτὸς
1795 1823 1842 1849 τὸν

1054 1865 1133 1897 Θεὸν,
1151 1865 1236 1891 σῶσαι
1251 1866 1299 1892 καὶ
1317 1866 1380 1897 τοὺς
1402 1865 1507 1900 μάγους
1529 1866 1576 1892 καὶ
1600 1867 1663 1897 τοὺς
1679 1866 1840 1898 Χαλδαίους,

1053 1908 1094 1943 οἷς
1113 1912 1145 1947 δὴ
1160 1912 1208 1938 καὶ
1222 1911 1303 1944 αὐτὸς
1319 1911 1411 1947 μέλλει
1424 1912 1633 1944 συναπολέσθαι,
1643 1911 1690 1939 καὶ
1707 1911 1840 1946 ῥύσασθαι

1052 1958 1102 1992 τῆς
1119 1957 1166 1984 τοῦ
1178 1957 1311 1993 βασιλέως
1321 1957 1407 1992 ὀργῆς
1420 1957 1610 1992 ἐμφανίσαντα
1625 1957 1675 1992 τὴν
1689 1957 1751 1991 δψιν
1766 1956 1841 1992 αὐτῷ

1053 2004 1101 2030 καὶ
1116 2004 1267 2038 ποιήσαντα
1280 2003 1373 2038 δήλην,
1390 2001 1424 2040 ἧς
1445 2004 1460 2029 ὁ
1481 2003 1608 2038 βασιλεὺς
1632 2003 1808 2038 ἐπιλέληστο·
1825 2005 1841 2029 ὁ

1053 2050 1081 2077 δὲ
1098 2049 1164 2081 Θεὸς
1182 2049 1242 2084 ἅμα
1258 2049 1322 2081 τούς
1337 2058 1367 2076 τε
1383 2049 1589 2080 κινδυνεύοντας
1602 2050 1717 2084 ἐλεήσας
1732 2049 1780 2076 καὶ
1794 2048 1840 2076 τὸν

1053 2096 1136 2123 αὑτοῦ
1152 2096 1297 2132 προφήτην
1313 2095 1424 2128 δοξάσαι
1439 2095 1611 2130 βουλόμενος,
1623 2096 1654 2122 τό
1665 2104 1694 2122 τε
1705 2096 1773 2131 δναρ
1786 2096 1839 2122 αὺ-

1053 2141 1090 2176 τῷ
1101 2142 1230 2175 γνωρίζει
1241 2143 1288 2168 καὶ
1302 2141 1337 2168 τὰ
1349 2141 1400 2176 τῆς
1418 2142 1588 2176 συγκρίσεως
1600 2141 1666 2177 δῆλα
1678 2142 1837 2177 napis-mor

1052 2188 1098 2214 καὶ
1110 2187 1208 2223 Δανιὴλ
1222 2187 1303 2219 εὐθὺς
1322 2188 1408 2214 ταῦτα
1422 2189 1479 2219 τοῖς
1494 2187 1559 2222 περὶ
1580 2187 1708 2223 Ἀζαρίαν
1724 2187 1839 2215 ἐκκαλύ-

214 2217 342 2247 immutat
364 2225 392 2249 et
411 2221 501 2251 reddit
531 2224 649 2253 lxx-liores
663 2231 690 2254 et
721 2228 814 2257 animo
830 2217 998 2261 alacriores.

1056 2233 1118 2268 φας,
1134 2217 1198 2264 τοὺς
1215 2233 1265 2268 μὲν
1278 2217 1475 2266 ἀπεγνωκότας
1494 2217 1544 2268 ήδη
1566 2217 1623 2260 τοῦ-
1635 2217 1684 2268 έῇν
1705 2234 1752 2259 καὶ
1769 2233 1838 2267 πρὸς

248 2356 279 2384 ν.
292 2356 361 2384 Cum
375 2357 430 2385 Deo
448 2364 540 2387 autem
562 2368 624 2388 cum
641 2362 683 2390 eis
700 2363 800 2399 egisset
823 2365 935 2400 gratias,
951 2368 998 2402 qui

212 2403 341 2430 misertus
356 2404 447 2432 fuerat
461 2413 557 2434 eorum
573 2409 672 2440 multis,
684 2415 713 2437 et
727 2416 800 2438 esset
811 2412 880 2444 dies,
892 2414 1000 2441 accedit

211 2449 245 2476 ad
258 2449 372 2484 Arioch,
385 2456 412 2478 et
425 2459 509 2488 rogat,
529 2459 558 2481 ut
572 2463 635 2482 eum
653 2456 735 2484 ducat
750 2459 783 2484 ad
801 2466 903 2493 regem.
925 2460 999 2488 Dixit

210 2495 296 2528 enim,
309 2503 338 2524 se
351 2497 376 2524 ei
390 2498 459 2525 velle
474 2501 612 2528 somnium
628 2503 794 2537 signiﬁcare,
811 2506 884 2539 quod
902 2507 928 2534 ei
952 2514 998 2534 ac-

210 2543 278 2570 cidit
290 2548 320 2570 ut
343 2550 426 2573 nocte
449 2546 554 2574 videret
578 2550 726 2583 praeterita.
756 2551 898 2586 Ingressus
919 2562 995 2586 vero,

209 2591 330 2624 primum
347 2599 377 2619 se
394 2595 545 2626 excusavit,
563 2595 660 2623 nolens
675 2597 736 2624 aliis
752 2597 890 2627 Chaldaeis
909 2601 995 2627 videri

209 2637 362 2671 sapientior
377 2647 384 2666 :
401 2643 429 2666 et
450 2640 524 2674 quod
541 2647 603 2667 cum
620 2642 712 2670 nullus
736 2643 846 2671 illorum
862 2645 997 2679 potuisset

209 2684 334 2716 invenire
346 2686 495 2718 somnium,
507 2687 564 2721 ipse
577 2687 603 2714 id
618 2692 690 2716 esset
704 2689 839 2716 dicturus.
851 2691 910 2718 Non
922 2691 996 2718 enim

208 2737 257 2764 per
271 2732 480 2765 experientiam,
493 2741 580 2768 neque
596 2735 669 2768 quod
686 2736 722 2762 sit
736 2736 890 2763 subtilioris
912 2741 940 2763 et
952 2745 994 2765 so-

208 2775 330 2802 lertioris
357 2777 471 2813 ingenii,
491 2779 542 2805 hoc
565 2779 666 2806 accidit
682 2789 688 2807 :
704 2781 751 2807 sed
779 2782 877 2814 nostri,
895 2782 993 2817 inquit,

207 2819 338 2850 misertus
348 2823 430 2857 Deus,
443 2826 489 2860 qui
503 2833 665 2853 veneramus
679 2827 706 2853 in
721 2827 818 2854 mortis
830 2829 992 2862 periculum,

208 2867 275 2898 mihi
295 2876 344 2903 pro
364 2878 425 2900 mea
451 2871 542 2900 anima
556 2877 706 2908 eteorum,
722 2874 846 2909 quisunt
869 2876 992 2910 ejusdem

1054 2279 1084 2305 τὸ
1099 2278 1227 2306 τεθνάναι
1243 2278 1292 2314 τὴν
1308 2278 1429 2305 διάνοιαν
1449 2278 1565 2313 ἔχοντες,
1584 2279 1624 2310 εἰς
1640 2278 1671 2305 τὸ
1688 2278 1837 2313 εὐθυμότε-

1055 2333 1101 2360 ρον
1117 2324 1292 2360 μεταϐάλλει.

1087 2372 1125 2400 Ε’.
1145 2373 1354 2407 Εὑχαριστήσας
1377 2371 1406 2398 δὲ
1431 2372 1471 2407 τῷ
1492 2371 1551 2406 Θεῷ
1578 2371 1636 2407 μετ’
1650 2371 1740 2398 αὐτῶν
1763 2370 1838 2397 ἔλεον

1051 2418 1159 2444 λαϐόντι
1169 2418 1217 2452 τῆς
1229 2418 1337 2452 ἡλικίας
1352 2417 1452 2449 αὐτῶν,
1464 2416 1612 2452 γενομένης
1622 2417 1730 2452 ἡμέρας
1746 2425 1836 2450 παρα-

1051 2464 1156 2497 γίνεται
1185 2464 1253 2498 πρὸς
1275 2464 1321 2490 τὸν
1342 2463 1443 2499 Ἀριὼχ
1472 2464 1520 2490 καὶ
1548 2463 1625 2497 ἄγειν
1652 2462 1732 2489 αὐτὸν
1759 2462 1837 2497 ἠξίου

1052 2511 1118 2546 πρὸς
1138 2511 1250 2546 βασιλέα
1261 2519 1267 2526 ·
1283 2510 1403 2545 δηλῶσαι
1419 2510 1473 2544 γὰρ
1490 2510 1564 2544 αὐτῷ
1586 2508 1730 2544 βούλεσθαι
1746 2510 1777 2536 τὸ
1792 2511 1836 2535 ἐν-

1051 2556 1145 2582 ύπνιον
1169 2555 1233 2590 εφη,
1255 2555 1325 2590 ὅπερ
1351 2555 1416 2582 ἰδεῖν
1444 2555 1494 2589 τῆς
1520 2555 1709 2590 παρελθούσης
1738 2555 1836 2586 νυκτὸς

1049 2601 1136 2636 τούτῳ
1152 2601 1335 2637 συμβέϐηκεν.
1349 2601 1484 2628 Εἰσελθὼν
1497 2601 1524 2627 δὲ
1544 2602 1693 2636 παρῃτεῖτο
1709 2600 1743 2627 τὰ
1756 2600 1834 2635 πρῶ-

1049 2657 1092 2679 τα,
1111 2647 1148 2682 μὴ
1166 2647 1319 2682 σοφώτερον
1334 2647 1416 2674 αὑτὸν
1432 2647 1506 2679 δόξαι
1522 2647 1576 2673 τῶν
1592 2647 1680 2673 ἄλλων
1691 2647 1834 2673 Χαλδαίων

1051 2694 1221 2729 βουλόμενος,
1239 2695 1286 2720 καὶ
1301 2695 1342 2720 ὃτι
1359 2693 1472 2728 μηδενὸς
1487 2694 1599 2720 ἐκείνων
1611 2693 1641 2719 τὸ
1656 2694 1722 2728 ὖναρ
1741 2694 1834 2727 εὑρεῖν

1048 2741 1216 2774 δυνηθέντος,
1233 2741 1313 2772 αὐτὸς
1327 2740 1392 2766 αὐτὸ
1409 2740 1500 2774 μέλλοι
1520 2741 1626 2774 λέγειν·
1646 2741 1675 2766 οὺ
1692 2740 1745 2775 γὰρ
1771 2740 1833 2766 κατ’

1048 2788 1206 2823 ἐμπειρίαν,
1223 2786 1277 2813 οὐδ’
1291 2787 1332 2812 ὅτι
1346 2786 1394 2821 τὴν
1414 2787 1534 2813 διάνοιαν
1557 2787 1646 2813 αὐτῶν
1670 2786 1771 2820 μᾶλλον
1785 2786 1833 2813 ἑκ-

1048 2833 1210 2867 πεπόνηται,
1240 2831 1319 2859 τοῦτο
1345 2832 1459 2866 γίνεται,
1485 2833 1543 2859 ἀλλ’
1560 2833 1683 2868 ἐλεήσας,
1712 2833 1789 2867 φησὶ,
1819 2834 1834 2858 ό

1048 2877 1113 2909 Θεδς
1132 2877 1333 2910 κινδυνεύοντας
1349 2878 1506 2913 ἀποθανεῖν,
1524 2878 1645 2914 δεηθέντι
1658 2878 1721 2915 περί
1736 2887 1763 2904 τε
1782 2879 1832 2913 τῆς
