2024 3153
127 127 175 159 3‘77

635 134 724 165 VITA
747 134 778 164 S.
801 134 1012 182 ΡΒΟΡῌΕἸἈΕ
1034 135 1229 166 DANIELIS.

1707 136 1761 167 878

127 185 193 220 ἐμῆς
212 185 305 220 ψυχῆς
332 184 380 212 καὶ
405 187 461 214 τῶν
487 187 634 223 ὁμοεθνῶν,
657 190 705 215 καὶ
727 189 758 215 τδ
779 189 847 224 δναρ
871 189 918 216 καὶ

971 190 1069 224 gentis,
1087 189 1221 225 precanti,
1240 193 1268 217 et
1281 190 1419 218 somnium
1434 189 1542 226 aperuit
1558 195 1586 218 et
1600 192 1660 227 ejus
1674 199 1761 226 expo-

126 233 172 267 ιιὴν
198 232 344 267 σύγκρισιν
376 232 459 259 αὑτοῦ
502 235 623 268 φανερὰν
664 235 810 269 ἱποίησενι
868 235 918 270 οὐχ

126 276 204 309 ἧττον
219 278 273 313 γὰρ
287 279 337 312 τῆς
351 278 395 313 ἐφ’
411 279 477 314 ἡμῖν
492 279 582 314 λύπης
596 280 613 316 ἢ
631 280 696 316 περὶ
711 281 760 315 τῆς
777 281 826 316 σῆς
839 281 919 316 δόξης

127 324 294 359 ἐφρόντιζον,
311 322 334 352 ὦ
351 324 472 360 βασιλεῦ,
489 325 591 357 ἀδίκως
606 325 692 358 οὕτως
704 325 806 362 ἄνδρας
817 327 918 359 καλούς

128 378 155 396 τε
171 370 219 396 καὶ
237 369 358 403 ἀγαθοὺς
373 371 523 398 ἀποθανεῖν
543 372 749 406 ἐπιτρέψαντος,
771 372 800 405 ἐξ
817 369 855 399 ὧν
870 373 918 400 οὐ·

128 417 170 444 δὲν
193 418 245 452 μιν
265 418 440 452 ἀνθρωπίνης
458 420 554 454 σοφίας
574 420 704 455 ἱχόμενον
719 420 834 456 ᾔτησας,
858 421 872 448 ὃ
889 421 918 448 δὲ

126 462 157 498 ἦν
175 464 260 498 ἔργον
274 464 356 499 μόνου
373 464 442 490 Θεοῦ
458 464 613 500 ἐπεζήτεις.
631 466 674 492 Σοὶ
688 467 789 497 τοίνυν,
804 463 826 493 ὦ
842 467 918 502 βασι-

126 510 182 542 λεῦ,
204 511 378 545 φροντίζοντι
409 511 474 546 περὶ
499 511 547 538 τοῦ
570 512 613 543 τίς
639 511 716 546 ἄρξει
740 512 788 539 τοῦ
813 514 916 548 κόσμου

126 555 226 586 παντὸς
255 557 323 590 μετὰ
346 556 392 588 σὲ,
416 556 579 591 βουλόμενος
604 557 723 592 δηλῶσαι
747 558 823 590 Θεὸς,
851 559 917 595 δναρ

127 602 299 628 ὕποδεικνύει
315 602 454 629 τοιοῦτον·
465 603 578 636 Ἐδοξας
594 604 660 639 ὀρᾷν
670 604 816 639 ἀνδριάντα
833 606 918 640 μέγαν

128 647 245 679 ἑστῶτα,
262 644 293 674 οὗ
306 647 356 681 τὴν
375 648 425 682 μὲν
438 648 564 683 κεφαλὴν
586 649 742 676 συνέϐαινεν
764 648 833 677 εἶναι
850 658 917 685 χρυ-

128 693 185 728 σὴν,
205 695 271 725 τοὺς
291 693 319 720 δὲ
336 693 430 728 ὤμους
449 695 495 720 καὶ
516 695 577 726 τοὺς
602 694 749 730 βραχίονας
769 696 917 731 ἀργυροῦς,

126 739 178 765 ἀπὸ
193 738 297 773 χαλκοῦ
310 739 339 766 δὲ
351 739 401 774 τὴν
413 740 534 774 γαστέρα
545 741 593 766 καὶ
604 741 667 772 τοὺς
677 742 766 776 μηροῦ
774 751 793 773 ·,
809 743 917 777 κνήμας

127 785 170 812 καὶ
194 785 279 816 πόδας
304 786 450 821 σιδηροῦς·
471 786 567 812 ἔπειτα
589 786 665 813 λίθον
694 786 764 819 εἶδες
784 788 812 821 ἐξ
838 788 917 822 ὅρους

127 831 323 867 ἀπορραγέντα
338 833 470 866 ἐμπεσεῖν
489 840 518 858 τε
543 832 583 867 τῷ
600 833 739 868 ἀνδριάντι
761 835 808 860 καὶ
822 834 917 860 τοῦτον

128 876 316 903 καταϐαλόντα
330 877 476 912 συντρῖψαι
496 878 542 905 καὶ
560 878 643 913 μηδὲν
659 879 741 906 αὑτοῦ
758 879 841 914 μέρος
857 880 918 906 όλό-

127 921 227 956 κληρον
241 921 364 956 ἀφεῖναι,
379 922 425 948 τὸν
446 922 474 949 δὲ
493 924 594 958 χρυσὸν
608 924 654 950 καὶ
669 924 714 950 τὸν
726 925 847 959 ἄργυρον
869 925 917 951 καὶ

127 968 169 994 τὶν
184 967 288 1002 χαλκὸν
305 968 353 994 καὶ
371 967 416 994 τὸν
429 968 540 1003 σίδηρον
554 969 718 1005 λεπτότερον
730 971 857 1004 γενέσθαι
872 972 919 998 καὶ

128 1014 228 1045 κόνεως
240 1022 248 1028 ·
264 1013 312 1040 καὶ
328 1013 373 1040 τὸν
395 1014 445 1048 μὲν
467 1015 571 1049 ἀνέμου
598 1015 767 1048 πνεύσαντος
785 1017 825 1047 είς
848 1017 918 1051 ἀέρα

127 1058 321 1094 διασπαρῆναι,
336 1059 383 1085 τὸν
395 1060 424 1085 δὲ
434 1060 507 1086 λίθον
522 1060 640 1095 αὐξῆσαι
657 1061 784 1088 τοσοῦτον
797 1062 835 1093 ὡς
849 1062 916 1089 ἅπα-

128 1112 176 1129 σαν
191 1104 284 1130 δοκεῖν
295 1105 345 1139 τὴν
357 1104 409 1138 γῆν
428 1105 474 1132 ὑπ’
487 1105 570 1131 αὑτοῦ
587 1106 796 1142 πεπληρῶσθαι.
813 1108 849 1134 Τὸ
869 1108 919 1143 μὲν

127 1150 203 1185 ιναρ,
220 1150 291 1184 ὅπερ
304 1151 385 1182 αὐτὸς
401 1148 481 1183 εἶδες,
498 1151 598 1178 τοιόνδε
610 1159 617 1167 ·
633 1153 649 1187 ή
665 1153 809 1188 σύγκρισις
826 1153 854 1180 δὲ
870 1154 920 1180 αὺ-

127 1196 172 1222 τοῦ
186 1196 285 1222 τοῦτον
298 1197 355 1231 ἔχει
371 1197 416 1223 τὸν
432 1197 530 1233 τρόπον
541 1206 548 1213 ·
563 1199 579 1234 ή
595 1198 644 1233 μὲν
658 1199 748 1234 χρυσῆ
766 1200 872 1235 κεφαλὴ
889 1200 918 1227 σέ

128 1251 154 1268 τε
171 1243 268 1278 ἐδήλου
285 1244 333 1270 καὶ
349 1244 413 1275 τοὺς
434 1244 487 1279 πρὸ
501 1245 548 1271 σοῦ
573 1245 702 1280 βασιλέας
733 1246 920 1279 Βαὸυλωνίους

128 1289 153 1314 al
168 1289 217 1316 δύο
232 1289 262 1315 δὲ
275 1290 367 1324 χεῖρες
383 1290 429 1316 καὶ
439 1291 463 1316 οἰ
473 1287 543 1326 ὦμοι
555 1291 608 1317 ὑπὸ
622 1291 668 1318 δύο
682 1292 920 1327 καταλυθήσεσθαι

128 1335 262 1369 βασιλέων
288 1336 338 1371 τὴν
362 1337 513 1372 ἠγεμονίαν
536 1337 625 1373 ὑμῶν,
650 1338 758 1373 Πέρσας
781 1337 852 1366 εἶναι
871 1340 920 1366 καὶ

128 1382 236 1416 Μήδους
252 1382 365 1413 τούτους
393 1383 480 1418 φημί·
504 1383 554 1418 τὴν
584 1383 613 1410 δὲ
636 1383 749 1411 ἐκείνων
764 1384 857 1420 ἕτερός
879 1393 920 1417 τις

127 1428 179 1454 ἀπὸ
204 1428 256 1461 τῆς
278 1428 382 1459 δύσεως
415 1428 575 1464 καθαιρήσει
591 1429 693 1465 χαλκὸν
716 1431 918 1466 ἠμφιεσμένος.

133 1474 310 1510 Ἀλέξανδρος
335 1472 414 1507 οὗτος
435 1476 448 1502 δ
473 1475 627 1503 Μακεδών·
652 1476 700 1503 καὶ
724 1476 827 1511 ταύτην
851 1477 918 1514 ἄλλη

970 235 1109 263 sitionem.
1129 235 1189 262 Non
1214 235 1348 262 minorem
1362 235 1436 263 enim
1447 236 1533 264 nostri
1549 237 1664 270 doloris,
1677 244 1760 272 quam

971 286 1024 310 tua:
1036 282 1129 317 gloriae
1152 289 1247 309 curam
1267 281 1408 316 gerebam,
1425 289 1442 309 ο
1454 290 1512 315 rex,
1527 283 1574 317 qui
1599 283 1673 310 viros
1703 288 1758 310 tam

971 328 1060 355 honos
1075 333 1104 355 et
1119 332 1173 355 tam
1194 329 1334 360 honestos,
1352 328 1446 362 inique
1462 328 1531 355 mori
1546 329 1678 364 jusseras,
1695 337 1761 357 cum

971 374 1038 401 nihil
1056 373 1194 409 petiisses,
1210 373 1284 409 quod
1305 379 1379 401 esset
1394 374 1521 402 humana!
1536 375 1696 408 sapientiae:
1713 375 1761 403 sed

971 421 1023 448 hoc
1046 420 1081 448 ab
1097 421 1139 448 eis
1157 420 1306 456 exegisses.
1322 419 1396 454 quod
1417 425 1477 447 erat
1498 420 1583 447 solius
1613 420 1660 447 Dei
1679 428 1760 454 opus.

969 467 1138 503 Tibiergo,o
1153 475 1210 499 rex,
1224 466 1365 501 cogitanti,
1382 466 1443 501 quis
1459 470 1520 500 post
1534 470 1560 493 te
1576 465 1762 493 essetmnndo

970 514 1168 548 imperaturus,
1186 512 1280 539 volens
1295 511 1367 538 Deus
1385 510 1550 545 signiﬁcare,
1571 511 1624 538 tale
1641 511 1763 538 ostendit

969 559 1118 587 somnium.
1134 558 1218 586 Visus
1240 565 1270 584 es
1292 556 1342 584 tibi
1374 557 1467 584 videre
1491 563 1617 591 magnam
1642 560 1761 582 statuam

969 610 1102 636 stantem,
1115 604 1194 639 cuius
1207 607 1290 638 caput
1303 602 1415 637 quidem
1425 602 1541 636 contigit
1553 609 1614 628 esse
1627 609 1760 628 aureum:

970 651 1101 678 humeros
1114 655 1206 677 autem
1221 655 1249 676 et
1262 649 1387 680 brachia.
1401 653 1531 683 argentea
1547 657 1554 675 :
1573 655 1605 675 ex
1618 655 1672 674 aere
1682 655 1760 678 vero,

970 701 1094 724 ventrem
1107 700 1135 723 et
1149 695 1265 727 femora,
1276 695 1356 722 tibias
1367 699 1395 721 et
1413 695 1497 728 pedes
1525 693 1641 721 ferreos.
1657 692 1762 720 Deinde

969 743 1087 778 lapidem
1101 741 1193 768 vidisti
1207 741 1356 775 abruptum
1373 749 1387 767 a
1401 746 1506 773 monte,
1527 740 1649 767 incidere
1664 740 1690 766 in
1703 744 1761 766 sta-

971 793 1045 816 tuam
1065 798 1072 816 :
1092 792 1121 816 et
1145 795 1206 815 eam
1229 787 1465 822 comprehendere
1495 794 1527 813 ae
1559 790 1713 817 conterere,
1733 790 1762 813 et

971 834 1073 862 nullam
1089 835 1150 868 ejus
1173 838 1280 868 partem
1303 834 1458 867 relinquere
1486 832 1620 866 integram
1635 840 1642 858 :
1660 839 1759 858 aurum

971 885 1062 908 autem
1091 884 1119 907 et
1147 883 1290 915 argentum
1307 883 1334 906 et
1353 885 1390 905 aes
1413 883 1441 906 et
1461 877 1566 905 ferrum
1589 877 1632 904 vel
1646 877 1760 911 pulvere

972 926 1031 953 fieri
1046 926 1176 954 subtilius
1198 935 1204 952 :
1223 929 1252 952 et
1269 929 1387 953 statuam
1412 923 1525 959 quidem
1542 927 1625 950 vento
1640 923 1761 957 spirante

971 973 1124 1007 dispersam
1151 972 1236 999 fuisse
1264 971 1291 998 in
1313 978 1426 998 aerem:
1455 970 1574 1004 lapidem
1599 977 1664 996 vero
1691 970 1761 996 adeo

971 1019 1101 1050 crevisse,
1116 1023 1145 1044 nt
1161 1017 1303 1045 videretur
1319 1016 1446 1043 universa
1463 1020 1536 1042 terra
1565 1014 1598 1041 ab
1617 1022 1651 1042 eo
1675 1014 1760 1041 fuisse

972 1066 1085 1100 repleta.
1100 1065 1188 1099 Atque
1201 1071 1339 1090 somnium
1355 1063 1478 1097 quidem,
1493 1061 1566 1097 quod
1583 1062 1640 1096 ipse
1654 1061 1760 1093 vidisti,

971 1111 1023 1138 fuit
1035 1111 1099 1138 tale.
1109 1110 1175 1146 Ejus
1184 1114 1275 1137 autem
1288 1110 1446 1144 conjectura
1456 1109 1509 1135 hoc
1521 1108 1601 1135 modo
1617 1116 1646 1135 se
1658 1107 1759 1134 habet:

971 1159 1092 1184 Aureum
1114 1156 1225 1191 quidem
1246 1159 1339 1190 caput,
1356 1160 1381 1182 te
1397 1154 1578 1190 signiﬁcabat,
1593 1158 1620 1180 et
1633 1154 1678 1188 qui
1697 1157 1762 1180 ante

972 1207 998 1229 te
1014 1202 1138 1233 fuerunt,
1153 1209 1232 1236 reges
1257 1201 1433 1236 Babylonios.
1447 1201 1512 1227 Duae
1538 1207 1604 1227 vero
1621 1206 1718 1226 manus
1733 1203 1762 1225 et

971 1248 1090 1280 humeri,
1100 1256 1115 1275 a
1123 1247 1231 1274 duobus
1240 1247 1351 1282 regibus
1358 1246 1562 1274 dissolvendum
1570 1253 1630 1273 esse
1639 1250 1762 1272 vestrum

971 1294 1166 1330 principatum,
1183 1301 1198 1320 a
1219 1293 1320 1325 Persis,
1340 1293 1462 1327 inquam,
1478 1297 1506 1319 et
1521 1291 1616 1318 Medis.
1644 1291 1761 1318 Illorum

971 1344 1062 1367 autem
1079 1339 1266 1374 principatum
1280 1338 1406 1366 destruet
1425 1338 1536 1372 quidam
1553 1338 1624 1364 alius
1639 1345 1672 1364 ex
1686 1336 1761 1363 occi-

971 1386 1064 1417 dente,
1075 1392 1128 1412 σει-ο
1142 1385 1265 1412 indutus.
1281 1384 1306 1411 ls
1316 1390 1358 1411 est
1370 1383 1524 1411 Alexander
1533 1383 1645 1410 Macedo
1657 1387 1685 1410 et
1697 1390 1761 1410 eum

971 1431 1052 1459 faciet
1067 1431 1137 1458 alius
1150 1438 1269 1462 cessare,
1283 1430 1389 1457 viribus
1402 1430 1476 1457 ferro
1489 1430 1597 1457 similis.
1613 1429 1764 1464 Superabit

971 1483 1063 1506 autem
1080 1477 1193 1506 omnino
1209 1483 1322 1512 propter
1338 1477 1404 1504 ferri
1419 1480 1547 1504 naturam
1562 1485 1570 1510 ς
1587 1481 1629 1503 est
1645 1476 1719 1502 enim
1739 1475 1763 1502 is

129 1521 240 1552 παύσει.
258 1522 309 1557 τὴν
329 1522 408 1555 ἰσχὺν
421 1522 502 1557 ὁμοία
524 1522 564 1558 τῷ
580 1523 701 1558 σιδήρῳ·
723 1523 771 1550 καὶ
788 1524 918 1560 κρατήσει

974 1524 1072 1552 fortior
1087 1531 1166 1556 auro,
1183 1528 1297 1558 argento
1313 1527 1340 1550 et
1355 1531 1408 1550 aere
1425 1532 1431 1549 :
1447 1527 1488 1549 est
1503 1530 1568 1549 varo
1585 1521 1612 1548 id
1631 1521 1762 1556 potentis-

129 1568 175 1602 μὲν
192 1569 234 1599 εἰς
253 1568 327 1594 ἃπαν
345 1567 389 1595 διὰ
401 1568 450 1604 τὴν
464 1567 511 1595 τοῦ
531 1569 641 1604 σιδήρου
657 1568 740 1604 φύσιν
751 1576 758 1584 ο
775 1567 845 1596 εἶναι
861 1569 916 1605 γὰρ

971 1570 1072 1598 simum
1093 1569 1280 1597 Romanorum
1307 1569 1465 1603 imperium.
1481 1567 1650 1603 Significavit
1669 1572 1762 1594 autem

128 1613 211 1648 αὐτὴν
223 1613 409 1649 στερροτέραν
425 1614 476 1649 τῆς
491 1613 539 1640 τοῦ
558 1614 660 1649 χρυσοῦ
673 1614 719 1641 καὶ
734 1613 782 1640 τοῦ
796 1614 918 1649 ἀργύρου

973 1617 999 1644 ei
1011 1618 1094 1644 etiam
1113 1616 1147 1643 de
1170 1615 1273 1650 lapide,
1289 1615 1404 1642 dicens:
1418 1614 1500 1649 Lapis
1524 1614 1571 1649 qui
1586 1614 1638 1641 fuit
1659 1613 1764 1640 scissus

127 1660 173 1685 καὶ
187 1660 236 1686 τοῦ
249 1659 368 1694 χαλκοῦ·
380 1661 396 1693 ἡ
411 1659 466 1686 τῶν
485 1659 629 1694 Ῥωμαίων
646 1659 716 1695 αὕτη
734 1659 918 1694 μεγαλοδύνα-

973 1662 1032 1690 sine
1058 1662 1195 1694 manibus,
1209 1667 1252 1690 est
1270 1661 1407 1689 Christus.
1428 1661 1498 1688 lllud
1513 1668 1591 1689 vero.
1621 1659 1686 1687 Sine
1704 1666 1764 1685 ma-

128 1714 176 1741 μος
195 1705 332 1740 βασιλεία.
351 1704 485 1742 Ἐδήλωσε
499 1706 529 1733 δὲ
545 1705 620 1742 αὐτῷ
633 1706 680 1733 καὶ
695 1707 761 1741 περὶ
777 1706 825 1734 τοῦ
843 1707 917 1734 λίθου

972 1708 1066 1741 nibus,
1079 1707 1205 1743 praedixit
1219 1715 1282 1735 eum
1297 1708 1357 1735 sine
1376 1707 1452 1734 coitu
1471 1714 1532 1734 esse
1548 1705 1717 1733 nasciturum
1729 1711 1763 1730 ex

127 1751 214 1785 λέγων
225 1761 232 1767 ·
247 1752 290 1778 ὅτι
307 1752 337 1778 ’0
354 1751 427 1784 λίθος
449 1751 463 1778 ὁ
476 1751 593 1786 τμηθεὶς
607 1751 673 1779 ἄνευ
689 1752 803 1788 χειρῶν,
820 1753 833 1779 δ
848 1753 918 1788 Χρι-

973 1759 1053 1782 utero
1065 1762 1080 1782 a
1094 1755 1156 1782 labe
1171 1754 1272 1782 alieno.

129 1800 189 1830 στός
204 1800 283 1826 ἐστι·
316 1799 347 1825 τὺ
384 1799 414 1826 δὲ
435 1799 536 1835 χειρῶν
554 1799 619 1826 ἄνευ
644 1800 675 1827 τὸ
699 1799 784 1836 χωρὶς
811 1800 956 1833 συνουσίας
976 1802 1008 1828 ἐκ
1032 1803 1083 1837 τῆς
1103 1801 1221 1838 ἀμώμου
1244 1801 1376 1836 τεχθῆναι
1398 1800 1517 1834 γαστρὸς
1539 1797 1620 1824 αὐτὸν
1640 1795 1762 1832 προεφή-

127 1854 234 1873 τευσεν.

162 1893 208 1925 q'.
231 1892 262 1918 '0
274 1891 304 1918 δὲ
316 1891 444 1926 βασιλεὺς
451 1891 688 1928 Ναδουχοδονόσορ
697 1893 824 1929 ἀκηκοὼς
834 1894 918 1921 ταῦτα

1007 1893 1051 1921 \‘l.
1067 1891 1324 1920 Nabuchodonosor
1339 1897 1433 1919 autem
1447 1898 1509 1918 cum
1523 1890 1582 1916 haec
1601 1888 1764 1920 audivisset,

128 1938 173 1964 καὶ.
188 1937 263 1964 τοῦτ’
275 1937 343 1964 αὐτὸ
357 1934 428 1964 εἶναι
443 1938 474 1964 τὸ
487 1937 570 1972 φανὲν
584 1937 651 1972 δναρ
666 1939 767 1970 συνεὶς,
781 1938 918 1973 ἐξεπλάγη

972 1940 1062 1968 ethoc
1077 1947 1137 1967 esse
1150 1939 1224 1975 quod
1235 1939 1260 1967 ei
1273 1942 1449 1974 apparuerat,
1461 1936 1599 1964 somnium
1613 1934 1764 1962 intellexis-

129 1985 171 2010 τὸν
181 1983 286 2018 Δανιὴλ
297 1983 345 2010 τοῦ
360 1983 505 2018 μεγαλείου
519 1984 571 2018 τῆς
584 1984 703 2018 φύσεως,
718 1985 765 2010 καὶ
779 1986 918 2020 παραχρῆ-

971 1991 1023 2020 set,
1048 1987 1155 2021 stupuit
1182 1985 1302 2013 Danielis
1331 1984 1434 2020 ingenii
1469 1981 1709 2018 magnitudinem:
1735 1984 1764 2007 et

130 2039 167 2066 μα
184 2031 275 2066 μικρὰ
286 2030 378 2057 πάντα
391 2030 439 2056 καὶ
457 2029 598 2065 βασιλείαν
611 2030 698 2065 αὑτήν
713 2030 760 2057 καὶ
775 2030 858 2065 ὄγκον
871 2031 921 2066 τῆς

127 2077 213 2112 ἀρχῆς
226 2076 353 2111 θέμενος,
366 2075 413 2102 τοῦ
426 2075 523 2111 θρόνου
540 2084 570 2102 τε
591 2075 766 2108 ἐξανίσταται
791 2076 838 2103 καὶ
862 2077 919 2103 ico-

126 2123 199 2153 θέοις
215 2123 323 2148 ἐκεῖνον
337 2121 421 2156 ιτίμα
431 2122 542 2156 τιμαῖςο
556 2120 597 2147 ἔτι
612 2121 640 2147 δὲ
658 2121 705 2149 καὶ
721 2121 770 2156 τήν
783 2129 922 2157 προσηγο-

127 2170 187 2204 ρίαν
201 2167 289 2195 αὑτοῦ
315 2167 363 2194 τοῦ
381 2167 446 2194 ἰδίου
467 2167 537 2194 Θεοῦ
559 2167 683 2203 θέμενος,
707 2167 816 2202 ἀπάσης
838 2167 919 2194 αὑτὸν

970 2033 1098 2069 protinus
1111 2039 1195 2066 parva
1207 2031 1312 2063 omnia,
1324 2035 1352 2057 et
1372 2030 1461 2064 ipsum
1476 2035 1600 2063 regnum,
1614 2029 1643 2053 et
1655 2024 1763 2059 imperil

973 2078 1190 2115 magnitudinem
1201 2085 1263 2105 esse
1279 2077 1395 2108 ducens,
1411 2074 1527 2110 surgite
1542 2073 1652 2105 throno,
1670 2071 1764 2098 etDeo

974 2125 1088 2162 paribus
1106 2124 1182 2152 illum
1200 2123 1283 2151 allicit
1300 2121 1465 2150 honoribus.
1499 2120 1636 2159 Praeterea
1656 2125 1722 2145 vero
1737 2117 1763 2144 ei

973 2179 1084 2206 quoque
1105 2170 1147 2198 sui
1163 2169 1207 2197 dei
1229 2169 1356 2204 imposita
1371 2166 1566 2203 appellatione,
1585 2171 1648 2192 eum
1677 2163 1763 2190 totius

124 2216 277 2250 ἐπίτροπον
289 2214 339 2249 τῆς
355 2212 497 2249 βασιλείας
513 2213 642 2249 ἐποίησιν
652 2220 659 2228 ·
675 2213 706 2240 οὐ
724 2213 778 2248 μὴν
793 2213 861 2240 ἀλλὰ
872 2214 918 2241 καὶ

974 2218 1050 2253 regni
1058 2225 1119 2245 esse
1131 2216 1224 2244 ell‘ecit
1237 2220 1405 2243 curatorem.
1415 2213 1486 2247 Quin
1500 2213 1585 2240 etiam
1596 2212 1655 2246 ejus
1663 2217 1764 2244 cogna-

123 2264 187 2295 τοὺς
205 2262 353 2296 συγγενεῖς
372 2259 447 2296 αὐτῷ
469 2260 517 2287 καὶ
544 2261 595 2295 τήν
617 2261 718 2296 ἀρετὴν
737 2260 920 2295 ὁμοτρόπους,

126 2310 186 2340 τοὺς
215 2309 285 2344 περὶ
312 2307 444 2342 Ἀζαρίαν
468 2307 550 2342 φημὶ,
579 2306 713 2342 ἄρχοντας
743 2306 921 2333 ἀναδείκνυσι

124 2355 302 2387 Βαϐυλῶνος,
314 2353 362 2385 οὓς
381 2354 440 2389 μετ’
456 2354 547 2388 ὀλίγον
562 2353 616 2380 ὑπὸ
635 2353 734 2387 φθόνου
755 2352 803 2379 καὶ
817 2351 922 2387 βασκα-

123 2402 184 2432 νίας
200 2402 244 2431 εἰς
262 2400 387 2426 κίνδυνον
400 2400 533 2433 ἐμπεσεῖν
548 2397 700 2433 συνέϐη,τῷ
715 2395 822 2432 βασιλεῖ
837 2404 922 2431 προσ-

123 2446 301 2481 κρούσαντας
321 2444 350 2478 ἐξ
367 2444 458 2475 αίτίας
474 2443 604 2478 τοιαύτης
619 2451 626 2459 ·
646 2445 660 2470 ὁ
675 2442 846 2474 Βαῦυλώνιος
872 2442 920 2477 βα-

124 2494 219 2526 σιλεὺς
234 2494 342 2524 ἐκεῖνος
355 2493 417 2524 ταῖς
430 2493 502 2520 κατά
511 2493 558 2519 τὸν
571 2492 629 2528 βίον
644 2491 785 2527 εὐθηνίαις
797 2493 838 2523 είς
852 2491 920 2517 ἀπό-

121 2550 200 2568 νοιαν
216 2539 362 2575 ἐπαρθεὶς,
375 2539 416 2565 ἔτι
434 2538 462 2565 δὲ
479 2539 527 2566 καὶ
541 2539 579 2574 τῷ
592 2538 726 2574 ἀμυθήτῳ
745 2538 852 2571 πλούτῳ
874 2537 921 2568 καὶ

123 2587 162 2622 τῷ
175 2587 277 2622 πλήθει
289 2586 344 2613 τῶν
363 2586 557 2619 ὑποταγέντων
574 2585 659 2611 ἐθνῶν
676 2585 722 2610 ἐπὶ
738 2584 810 2618 μέγα
825 2592 855 2610 τε
870 2592 920 2617 φυ-

126 2632 221 2666 σηθεὶς
247 2632 298 2658 καὶ
324 2629 425 2666 μικροῦ
449 2630 496 2657 καὶ
517 2630 583 2662 Θεὸς
608 2628 679 2657 εῖναι
703 2630 746 2656 διὰ
763 2629 919 2664 κουφότητα

125 2677 305 2712 φαντασθεὶς,
325 2678 469 2713 μονονουχὶ
484 2677 531 2704 καὶ
547 2677 624 2709 θεοὺς
640 2676 770 2703 πλάττειν
794 2676 919 2711 αὐθήμε-

127 2732 174 2758 ρον
199 2724 270 2759 ᾣετο
289 2722 338 2750 καὶ
365 2723 399 2749 τὲι
425 2724 515 2750 οἰκεῖα
541 2723 596 2749 τῶν
620 2722 702 2749 αὐτοῦ
728 2722 831 2758 χειρῶν
850 2722 919 2757 ἔργα

127 2769 203 2802 θεοὺς
217 2769 361 2802 ἀποδεῖξαι
373 2768 428 2796 δεῖν
440 2768 570 2796 ἔσπευδεν
580 2777 587 2783 ·
599 2769 726 2795 ἐντεῦθεν
739 2769 785 2795 καὶ
800 2768 919 2804 χρυσοῦν

128 2817 275 2852 ἀνδριάντα
293 2815 520 2847 κατασκευάσας,
538 2815 634 2850 πηχῶν
651 2817 682 2842 τὸ
705 2815 756 2850 μὲν
773 2815 839 2850 ὕψος
857 2814 918 2850 ἑξή-

129 2868 219 2895 κοντα,
234 2862 265 2888 τὺ
285 2860 391 2893 πλάτος
409 2860 437 2887 δὲ
452 2860 490 2894 ἒξ,
511 2860 608 2896 ἔστησε
625 2861 718 2889 τοῦτον
734 2862 762 2888 ὲν
779 2861 854 2897 μέσῳ
869 2860 916 2888 τοῦ

975 2267 1027 2294 los.
1037 2263 1083 2297 qui
1095 2266 1174 2289 erant
1191 2261 1216 2289 ei
1232 2262 1333 2289 virtute
1345 2267 1436 2296 pares,
1449 2258 1587 2288 Alariam,
1597 2257 1720 2290 inquam,
1733 2259 1761 2282 et

973 2314 1099 2339 caeteros,
1120 2312 1195 2335 creat
1219 2307 1359 2342 principes
1388 2303 1557 2340 Babylonis:
1581 2309 1652 2337 quos
1676 2301 1760 2336 paulo

972 2359 1036 2390 post
1045 2353 1160 2388 contigit
1168 2358 1281 2388 propter
1289 2351 1418 2379 invidiam
1428 2351 1550 2378 incidere
1559 2351 1587 2377 in
1596 2348 1760 2384 periculurn,

973 2407 1036 2428 cum
1053 2407 1142 2433 regem
1157 2398 1337 2425 oll‘endissent
1353 2397 1404 2423 hac
1419 2396 1453 2423 de
1465 2403 1546 2423 causa
1564 2404 1569 2421 :
1587 2402 1635 2422 rex
1650 2394 1694 2421 ille
1710 2393 1760 2420 Ba-

973 2445 1091 2481 bylonis,
1107 2444 1180 2471 felici
1197 2452 1287 2471 rerum
1308 2450 1449 2475 successu,
1462 2447 1490 2469 et
1506 2441 1620 2468 infinitis
1644 2439 1760 2472 divitiis,

972 2495 1000 2518 et
1016 2489 1191 2517 multitudine
1209 2496 1302 2516 earum
1326 2489 1410 2524 quas'
1427 2487 1607 2522 subjunxerat
1625 2486 1760 2521 gentium,

973 2537 1000 2563 in
1012 2536 1169 2571 superbiam
1186 2535 1275 2562 elatus
1290 2538 1318 2562 et
1331 2534 1409 2561 valde
1437 2533 1558 2564 inﬂatus,
1573 2539 1600 2560 et
1614 2539 1760 2567 propemo-

971 2582 1037 2609 dum
1053 2587 1165 2616 propter
1176 2581 1314 2608 levitatem
1328 2588 1356 2608 se
1370 2580 1450 2608 deum
1463 2587 1524 2607 esse
1538 2578 1644 2606 visione
1658 2584 1760 2612 appre-

971 2627 1313 2662 hendens,propemodum
1328 2635 1356 2655 se
1369 2627 1411 2654 vel
1422 2627 1488 2653 deos
1503 2634 1536 2653 eo
1551 2625 1609 2659 ipso
1622 2625 1665 2651 die
1681 2627 1759 2658 puta-

971 2675 1017 2702 bat
1029 2682 1108 2709 posse
1127 2674 1239 2708 ﬁtigere,
1254 2678 1282 2701 et
1305 2681 1416 2700 suarum
1438 2679 1568 2699 manuum
1585 2677 1668 2705 opera
1691 2669 1759 2695 deos

971 2721 1155 2749 contendebat
1171 2720 1289 2748 efﬁcere.
1310 2719 1380 2747 llinc
1397 2719 1497 2746 factum
1513 2723 1565 2749 est,
1583 2722 1612 2744 ut
1625 2724 1687 2744 eum
1706 2723 1758 2742 au-

971 2775 1044 2795 ream
1078 2767 1278 2794 construxisset
1315 2769 1444 2797 statuam,
1474 2763 1614 2799 scxaginta
1644 2761 1757 2797 quidem

971 2813 1128 2842 cubitorum
1156 2813 1312 2845 altitudine,
1330 2820 1378 2839 sex
1407 2816 1498 2839 autem
1518 2810 1672 2843 latitudine,
1697 2817 1758 2838 eam

969 2860 1095 2889 statuerit
1113 2860 1141 2888 in
1155 2858 1246 2888 medio
1269 2867 1365 2895 campo
1393 2857 1551 2894 Babylonis,
1578 2857 1625 2892 qui
1642 2860 1757 2885 vocatur
