2024 3153
271 166 326 197 359

928 167 1071 198 MENSIS
1091 169 1243 200 IULIUS.

1844 169 1898 200 360

267 227 297 250 et
305 221 439 249 sacriﬁcia
452 222 620 250 aelibamina
630 222 783 253 abolentes.
796 223 858 251 aliis
866 223 959 252 fuistis
972 225 1057 252 duces

1110 228 1252 262 ἡμετέρων
1275 226 1508 262 παντοκρατόρων
1523 226 1593 254 θεῶν
1612 227 1832 263 τυραννήσαντες
1850 228 1899 254 καὶ

268 267 302 295 ad
317 268 463 296 barathum
489 269 630 302 interitus,
646 269 669 296 si
695 277 759 296 vera
774 273 840 296 sunt
857 277 918 304 quae
929 269 963 297 de
979 270 1059 298 vobis

268 313 302 341 ad
318 319 428 341 nostras
439 321 521 341 aures
536 319 735 350 pervenerunt.

306 449 350 476 ιν.
368 448 440 475 Dixit
455 453 567 477 sanctus
579 450 729 478 Mauricius
752 459 759 477 :
780 451 942 486 Imperator,
966 458 1026 486 qua!
1044 458 1059 477 a

269 495 350 522 nobis
362 500 510 522 exercetur
535 497 656 531 tyrannis
686 498 819 524 adversus
833 497 911 527 deos.
927 498 973 532 qui
995 501 1060 524 sunt

269 540 347 567 nullo
360 548 443 567 sensu
458 541 576 575 praediti,
591 542 672 569 nobis
698 543 815 570 validam
831 543 950 578 acquirit
972 543 1059 570 victo-

269 586 337 612 riam
359 594 373 612 a
397 594 463 614 vero
486 588 552 619 Deo,
575 593 603 615 et
621 596 753 615 coronam
782 590 885 624 gloriaz.
903 589 963 616 Non
984 590 1058 616 cnim

269 639 450 666 aspernamur
460 638 486 661 et
502 634 579 660 nihili
597 634 712 661 facimus
736 635 830 666 Deum,
846 636 893 670 qui
908 643 958 663 nos
970 635 1058 669 ﬁnxit,

269 683 301 704 ut
316 680 400 706 stulta
429 685 471 706 est
488 685 532 706 tua
552 681 682 707 traditio:
704 682 751 708 sed
776 682 962 717 gloriﬁcamus
982 690 1057 715 eum,

270 725 317 759 qui
333 730 376 752 est
391 726 466 753 solus
480 735 562 754 verus
575 728 713 763 Dcus.qui
726 728 901 756 fecitcmlum
917 734 945 756 et
958 735 1058 756 terram

269 775 299 798 et
311 779 397 803 mare,
414 777 441 799 et
456 773 547 800 omnia
568 774 615 808 qui
627 774 654 800 in
670 775 711 801 eis
719 779 794 802 sunt.
808 775 951 810 Improbos
966 781 1058 802 autem

270 822 297 844 et
314 818 472 846 immundos
492 820 631 847 dmmoues
657 825 683 847 et
698 821 744 856 qui
774 821 923 849 hoxnnibus
940 822 1060 850 aﬂ'eruut

270 863 396 895 exitium,
409 872 471 898 qua;
481 871 546 891 sunt
557 866 638 892 surda
652 871 680 893 et
690 874 760 894 caeca
776 867 936 900 simulacra,
947 872 974 894 ct
983 867 1058 894 nullo

270 911 492 945 scnsrprwdila,
503 920 558 938 non
577 913 782 940 convenitdeos
793 921 928 945 vocare,o
941 913 1058 949 iuipcra—
1074 906 1096 936 Β

273 961 326 983 t0r.
340 957 413 984 Dixit
430 957 579 992 imperator
590 958 793 986 Maximianus:
807 959 876 986 Cum
893 961 1025 986 honorem
1044 967 1059 986 a

271 1003 326 1030 diis
340 1003 377 1030 sis
394 1009 570 1037 consecutus,
583 1009 611 1031 et
629 1005 734 1032 militia:
755 1006 873 1040 primum
893 1006 984 1034 locum
999 1014 1060 1033 sor-

273 1051 349 1081 titus,
363 1057 379 1077 0
392 1049 516 1079 Maurici.
533 1052 574 1078 eis
587 1051 729 1086 pulchram
743 1051 830 1079 refers
841 1053 969 1087 gratiam.
988 1053 1061 1082 Dixit

271 1101 384 1123 sanctus
408 1096 559 1124 Mauricius
591 1106 598 1125 :
616 1098 762 1133 Nunquam
786 1099 920 1126 honorem
939 1100 1031 1134 accepi
1045 1107 1060 1126 ιι

269 1143 323 1170 diis
336 1143 446 1175 vestris.
471 1152 562 1179 neque
579 1145 642 1171 volo
670 1152 718 1172 eos
736 1145 884 1173 honorare.
906 1145 973 1178 Quis
986 1146 1060 1172 enim

270 1197 391 1224 unquam
406 1198 439 1218 ex
456 1190 627 1224 hominibus,
639 1191 686 1226 qui
702 1192 750 1219 Dei
767 1191 851 1219 habet
864 1192 1059 1226 cognitionem,

270 1236 434 1264 sustinuerit
454 1236 591 1264 honorare
608 1238 738 1265 materias
767 1237 845 1265 nullo
861 1246 942 1265 sensu
961 1239 1061 1274 praedi-

271 1284 332 1310 tas?
350 1283 403 1310 Sed
422 1283 523 1318 quibus
546 1291 599 1311 non
616 1288 657 1311 est
684 1292 772 1317 mens,
787 1293 847 1320 quae
862 1285 945 1312 rectis
960 1286 1061 1320 guber-

271 1335 353 1357 natur
380 1330 546 1362 rationibus,
572 1335 717 1366 propterea
736 1332 809 1369 quod
825 1332 960 1367 jumentis
982 1340 1059 1360 com-

271 1377 358 1412 parati
370 1377 425 1404 sint
444 1377 649 1412 insipientibus,
668 1382 696 1404 ct
717 1378 823 1406 similes
838 1379 903 1406 facti
918 1379 974 1406 sint
986 1379 1026 1406 eis
1040 1380 1060 1411 ’,

272 1423 290 1449 ii
303 1423 409 1458 lapides
421 1427 449 1450 et
463 1423 535 1457 ligna
550 1425 576 1450 in
590 1423 657 1450 deos
682 1424 817 1456 referunt,
833 1429 1010 1460 mentemque
1020 1425 1061 1453 eis

272 1469 408 1500 tribuunt,
431 1473 459 1496 et
475 1469 611 1496 honorant
629 1474 759 1505 tanquam
787 1471 864 1499 deos.
883 1471 956 1498 Dixit
974 1472 1061 1506 impe-

270 1519 346 1543 rator
365 1515 547 1543 Maximianus
565 1524 572 1542 :
588 1515 724 1548 Quoniam
751 1517 854 1552 primas
871 1522 964 1553 partes
987 1518 1060 1544 obti-

268 1562 354 1589 nuisti
386 1562 414 1589 in
447 1561 593 1590 ordinibus
630 1567 731 1589 nostra:
757 1563 1018 1594 administrationis,
1044 1571 1061 1590 ο

269 1608 394 1640 Maurici,
411 1608 438 1635 id
461 1609 509 1636 tibi
532 1616 659 1644 magnam
682 1609 801 1643 prtebuit
822 1609 1016 1637 conﬁdentiam
1033 1615 1061 1637 et

270 1653 363 1681 effecit
372 1654 547 1682 audaciorem
558 1663 565 1682 :
576 1655 646 1682 adeo
657 1659 688 1681 ut
701 1654 844 1689 splendide
856 1659 884 1682 et.
897 1656 964 1682 citra
977 1657 1059 1683 ullam

271 1701 510 1729 conturbationem
522 1701 691 1736 respondeas
701 1706 802 1728 nostrm
810 1701 961 1729 serenitati.
969 1702 1060 1730 Jubet-

270 1755 335 1783 que,
347 1755 380 1775 eo
395 1753 530 1783 separato,
549 1749 671 1782 reliquos
681 1749 855 1782 interrogari,
871 1754 899 1775 et
912 1749 1008 1776 blande
1020 1749 1060 1776 eis

269 1794 340 1821 dicit
361 1793 512 1828 imperator
528 1803 534 1820 ε
552 1793 619 1827 Quis
634 1792 713 1821 vobis
728 1798 830 1821 tantam
844 1794 908 1821 fecit
923 1795 1061 1830 iujuriam,

269 1847 286 1867 θ
302 1842 410 1872 fratres,
429 1845 459 1867 ut
473 1840 628 1867 deﬁceretis
644 1848 658 1867 a
673 1840 727 1867 diis
744 1840 933 1868 servatoribus
956 1849 963 1867 ι
985 1849 1064 1868 acce-

269 1887 373 1914 dereiis
383 1892 473 1914 autem
484 1887 572 1914 errori
584 1887 727 1914 hominum
737 1887 783 1922 qui
796 1888 912 1915 adorant
923 1888 1062 1916 hominem

269 1935 429 1963 cruciﬁxum
449 1940 576 1969 tanquam
590 1942 673 1961 unum
694 1934 881 1961 homicidam?
903 1934 962 1961 Non
983 1935 1058 1962 enim

269 1983 310 2011 sic
325 1991 373 2010 vos
386 1982 549 2014 crudiimus,
564 1988 653 2016 neque
667 1981 693 2008 in
709 1981 754 2008 tali
765 1981 889 2008 doctrina
901 1981 1056 2010 eduximus.

304 2031 335 2058 V.
352 2029 430 2056 Tunc
445 2036 508 2056 vere
525 2028 596 2055 beati
613 2028 777 2056 Theodorus
789 2033 817 2055 et
831 2028 984 2063 Philippus,
999 2033 1060 2056 tan-

268 2083 350 2112 quam
376 2083 408 2102 ex
423 2082 473 2102 OI'C
503 2079 662 2101 sanctorum
690 2074 865 2109 septuaginta
895 2080 1058 2110 martyrum,

269 2123 399 2153 dixcruut
427 2121 607 2154 imperatori:
637 2120 702 2153 Nos,
731 2129 747 2147 0
765 2126 880 2156 tyranne
909 2121 1060 2157 imperator

269 2167 446 2197 Mmimiane.
461 2170 567 2192 tantum
583 2165 716 2192 absumus
732 2166 766 2193 ab
780 2173 888 2198 errore,
905 2170 936 2192 ut
953 2171 978 2194 te
989 2174 1060 2201 quo-

269 2221 323 2248 que
337 2218 464 2248 optemus
478 2212 590 2239 liberari
605 2212 638 2239 ab
662 2219 768 2245 errore,
784 2221 799 2240 a
814 2220 868 2247 quo
883 2220 934 2239 nos
950 2220 1060 2248 quoque

269 2260 372 2287 fuimus
395 2259 514 2291 liberati,
533 2267 618 2286 unum
636 2263 664 2286 et
676 2260 764 2287 solum
788 2259 935 2287 adorantes
963 2268 1059 2287 verum

270 2307 367 2340 Deum,
385 2307 491 2334 Patrem
522 2305 749 2340 omnipotentem.
765 2311 793 2334 et
809 2306 980 2343 unigenitum
1001 2308 1060 2342 ejus

270 2354 367 2381 Filium
396 2353 490 2381 Jesum
521 2352 661 2380 Christum
690 2353 836 2381 Dominum
857 2359 994 2386 nostrum,
1011 2354 1059 2389 qui

268 2405 311 2428 est
325 2401 372 2427 Dei
394 2400 482 2428 virtus
498 2405 524 2427 et
550 2399 598 2426 Dei
612 2399 747 2434 sapientia
760 2401 770 2416 ¹
785 2409 790 2427 :
811 2406 838 2428 et
853 2401 1057 2428 sanctissimum

268 2446 328 2480 ejus
347 2446 492 2481 Spiritum,
505 2446 551 2481 qui
569 2447 649 2473 nobis
670 2446 815 2481 inspiravit
828 2447 1013 2481 cognitionem
1030 2451 1058 2474 ct

270 2492 490 2526 intelligentiam,
518 2497 546 2519 ut
568 2493 726 2520 conﬁtearis
742 2493 853 2528 quidem
884 2493 1058 2526 Trinitatem,

270 2545 332 2572 qua
349 2542 389 2564 est
404 2537 528 2573 ejusdem
544 2539 671 2566 essentia:
686 2547 693 2565 :
710 2538 880 2566 abomineris
898 2543 989 2566 autem
1006 2538 1059 2565 im-

237 2610 240 2614 ,
271 2585 400 2611 mundam
413 2589 487 2611 tuam
496 2584 655 2619 religionem
672 2594 678 2611 :
695 2584 802 2611 ethanc
818 2584 927 2619 quidem
936 2585 1059 2620 alvjicias,

270 2638 332 2666 qua!
359 2635 401 2658 est
431 2630 464 2657 ad
483 2634 601 2664 tempus.
621 2630 746 2657 militiam
762 2640 767 2657 :
786 2631 843 2658 Deo
857 2639 921 2658 vero
947 2631 1059 2664 milites,

271 2677 316 2712 qui
332 2681 376 2704 est
405 2676 462 2703 Rex
478 2676 659 2705 exercituum.
679 2676 750 2703 Dixit
774 2676 956 2703 Maximianus
972 2677 1058 2711 impc-

272 2729 346 2750 rator
362 2731 369 2749 :
387 2722 484 2754 Video,
499 2729 515 2748 o
542 2721 679 2756 Philippe.
708 2725 733 2747 te
748 2724 917 2748 senectutem
944 2720 1056 2755 quidem

271 2768 374 2797 habere
402 2767 582 2796 reverendam
598 2776 604 2793 :
622 2767 803 2802 intelligentia
829 2769 920 2792 autem
940 2767 1056 2794 multum

272 2814 370 2843 cedere
379 2814 537 2849 juvenibus.
555 2813 677 2848 Coniuge
690 2820 754 2849 ergo
771 2812 804 2840 ad
822 2811 899 2844 deos,
916 2817 946 2838 et
959 2813 997 2840 sis
1010 2813 1055 2840 bo-

312 2895 318 2908 '
338 2892 410 2921 Psal.
428 2901 525 2921 uxm.
565 2894 575 2909 ’
595 2892 602 2919 i
619 2893 681 2921 Cor.
699 2901 717 2920 ι.

1110 275 1160 306 τὰς
1185 274 1386 309 νενομισμένας
1410 274 1503 305 αὐτοῖς
1519 273 1603 309 τιμάς
1623 282 1652 300 τε
1673 274 1722 301 καὶ
1736 274 1832 306 θυσίας
1850 276 1900 301 καὶ

1112 320 1230 351 σπονδὰς
1259 320 1452 354 ἀθετήσαντες,
1479 320 1572 355 ὁδηγοὶ
1599 321 1667 354 πρὸς
1683 320 1821 355 βάραθρον
1845 321 1899 347 ἀπ-

1110 367 1208 398 ωλείας
1223 367 1327 402 ἑτέροις
1341 367 1472 401 γεγόνατε
1483 374 1490 381 θ
1504 367 1578 401 ἥπερ
1590 367 1705 402 ἀληθείᾳ
1717 365 1849 401 κυροῦται
1866 366 1899 392 τὰ

1111 413 1151 444 εἰς
1166 413 1304 448 ἡμετέρας
1317 413 1402 443 ἀκοὰς
1420 412 1482 439 καθ’
1494 413 1571 447 ὑμῶν
1586 413 1751 447 ἀφικόμενα.

1148 462 1184 486 Δ”.
1202 459 1358 494 Μαυρίκιος
1382 456 1478 485 εἶπεν·
1508 459 1539 485 'H
1565 458 1631 494 παρ’
1656 459 1736 493 ἡμῶν
1767 457 1900 492 τυρχννία

1111 505 1182 532 κατά
1200 506 1254 531 τῶν
1282 505 1455 539 ἀναισθήτων
1481 514 1528 532 σου
1557 504 1637 536 θεῶν,
1671 504 1793 539 βασιλεῦ,
1818 503 1899 538 νίκηι

1069 578 1071 580 ,
1109 553 1178 587 ἡμῖν
1195 552 1311 585 ἰσχυρὰν
1335 552 1411 586 παρά
1432 551 1479 578 τοῦ
1499 551 1628 585 ἀληθινοῦ
1646 551 1715 577 Θεοῦ
1735 551 1782 577 καὶ
1798 551 1900 584 στέφα-

1111 607 1156 624 νον
1173 598 1251 633 δόξης
1267 597 1442 632 περιτίθησιν
1453 606 1459 612 ·
1478 597 1508 624 οὺ
1527 599 1581 632 γὰρ
1596 597 1747 630 ἀθετοῦμεν
1767 597 1813 623 τὸν
1829 596 1900 622 πλάο

1111 665 1120 672 .
1159 661 1166 670 .
1208 661 1216 669 .
1257 663 1264 670 .
1305 662 1313 670 .
1353 662 1361 670 .
1401 663 1408 670 .
1446 651 1481 670 τα
1504 644 1578 678 ἡμᾶς
1593 643 1659 668 Θεὸν
1675 643 1745 669 κατὰ
1766 641 1814 676 τὴν
1834 642 1898 668 ἀνο-

1112 712 1119 719 .
1159 711 1167 719 .
1206 713 1212 720 .
1253 711 1260 718 .
1300 711 1308 719 .
1346 690 1607 727 παράδωσινοάλλὰ
1631 690 1660 716 δο
1697 709 1705 717 .
1745 709 1752 717 .
1791 708 1800 716 .
1839 708 1848 717 .
1888 708 1895 716 .

1112 737 1314 773 (ξὶάζομεντδν
1328 737 1408 772 μό.ον
1422 737 1549 772 ἀληθινὸν
1564 736 1631 763 Θεὸν
1653 756 1660 763 .
1700 756 1708 764 .
1746 755 1753 762 .
1793 754 1801 762 .
1840 756 1848 763 .
1889 754 1897 762 .

1111 786 1178 820 (τὸν)
1195 785 1348 819 ποιήσαντα
1364 783 1411 810 τὸν
1426 783 1541 818 οὐρανὸν
1552 784 1599 809 καὶ
1612 782 1661 817 τὴν

1112 831 1185 866 (γῆν)
1205 832 1253 857 καὶ
1269 831 1318 865 τὴν
1333 830 1485 861 Θάλασσαν,
1503 829 1552 855 καὶ
1573 830 1663 855 πάντα
1687 828 1721 855 τὰ
1741 828 1769 854 ἑν
1793 828 1897 857 αὐτοῖς.

1111 876 1180 907 Τοὺς
1195 876 1223 902 δὲ
1239 875 1372 910 δαίμονας
1393 875 1457 906 τοὺς
1477 875 1531 901 τῶν
1547 873 1702 909 ἀνθρώπων
1717 873 1899 907 φθοροποιοὺς

1111 922 1141 948 οὗ
1158 922 1258 956 πρέπει
1275 930 1316 947 σοι
1332 922 1424 948 καλεῖν
1439 920 1528 951 θεοὺς.
1543 917 1565 946 ὧ
1581 919 1701 954 βασιλεῦ.
1728 917 1898 952 Μαξιμιανδς

1112 965 1207 995 εἶπεν·
1230 967 1352 1002 Ἐπειδὴ,
1374 968 1424 1001 τῆς
1453 966 1507 993 τῶν
1530 966 1599 992 θεῶν
1621 964 1780 995 ἀπολαύσας
1803 963 1898 997 τιμῆς,

1111 1014 1165 1043 τῶν
1190 1013 1334 1050 πρωτείων
1356 1014 1406 1047 τῆς
1429 1012 1573 1048 στρατείας
1598 1010 1728 1045 ἡξιώθης,
1749 1009 1898 1043 Μανρίκιε,

1112 1059 1198 1094 καλὴν
1230 1059 1324 1090 αὐτοῖς
1349 1058 1483 1088 ἀποδίδως
1511 1057 1560 1091 τὴν
1589 1056 1718 1091 ἀμοιεήν.
1745 1054 1901 1089 Μαυρίκιος

1112 1103 1208 1132 εἶπεν·
1234 1105 1301 1131 Οὐδὲ
1326 1104 1410 1139 τιμὴν
1433 1103 1568 1138 ἐδεξὶμην
1588 1102 1663 1139 παρὰ
1683 1101 1737 1127 τῶν
1757 1100 1900 1135 ὑμετέρων

1113 1151 1194 1182 θεῶν,
1221 1151 1281 1178 οὐδὲ
1308 1151 1390 1185 τιμᾷν
1414 1149 1513 1180 αὐτοὺς
1535 1148 1684 1183 βούλομαι·
1705 1146 1747 1178 τίς
1772 1146 1826 1179 γὰρ
1854 1146 1902 1171 ἀν-

1113 1199 1230 1234 θρώπων
1259 1197 1324 1224 ποτὶ
1343 1197 1443 1231 γνῶσιν
1466 1195 1536 1232 ἔχων
1559 1194 1628 1221 Θεοῦ
1648 1194 1698 1225 τὰς
1719 1192 1902 1227 ἀναισθήτους

1112 1245 1197 1282 τιμᾷν
1213 1243 1355 1276 ἀνέξοιτο;
1376 1242 1433 1268 ἀλλ’
1449 1239 1489 1273 οἷς
1511 1242 1560 1276 οὐχ
1577 1240 1696 1275 ὑπάρχει
1723 1238 1794 1270 νοῦς,
1826 1238 1903 1271 λογι-

1116 1292 1196 1326 σμοῖς
1212 1290 1303 1325 ὀρθοῖς
1319 1287 1528 1323 κυὸερνὼμενος
1548 1287 1593 1314 διὰ
1613 1287 1643 1313 τὸ
1665 1283 1903 1321 παρασυμδληθῆ-

1112 1344 1158 1364 ναι
1172 1338 1229 1367 τοῖς
1252 1337 1365 1370 κτήνεσι
1384 1336 1441 1365 τοῖς
1462 1335 1585 1368 ἀνοήτοις
1604 1334 1650 1359 καὶ
1666 1331 1833 1366 ὁμοιωθῆναι
1854 1330 1902 1358 αὖ·

1113 1385 1187 1414 τοῖς·
1203 1380 1277 1409 οῦτοι
1298 1381 1470 1408 θεοποιοῦσιν
1489 1381 1545 1411 τοῖς
1562 1380 1647 1411 λίθοις
1672 1379 1719 1406 καὶ
1735 1379 1791 1410 τοῖς
1811 1377 1902 1409 ξύλοις

1112 1429 1280 1464 ἀπονέμουσι
1302 1427 1416 1463 γνώμην
1442 1427 1489 1453 καὶ
1510 1425 1626 1461 τιμῶσιν
1648 1425 1685 1457 ὡς
1712 1424 1800 1455 θεούς.
1818 1423 1903 1456 Μαξι-

1115 1476 1209 1511 μιανὺς
1239 1476 1252 1502 ὁ
1281 1474 1409 1510 βασιλεὺς
1434 1471 1527 1500 εἶπεν·
1556 1473 1588 1499 'H
1607 1472 1661 1499 τῶν
1682 1472 1828 1508 πρωτείων
1852 1469 1901 1496 τοῦ

1114 1521 1247 1556 ὑμετέρου
1262 1521 1402 1555 τάγματος
1422 1520 1565 1554 διοίκησις,
1580 1518 1727 1554 Μαυρίκιε,
1745 1517 1847 1551 πολλήν
1859 1524 1903 1542 σοι

1114 1567 1273 1602 παρρησίαν
1297 1567 1432 1601 παρέσχε,
1455 1567 1502 1592 καὶ
1523 1565 1690 1601 θρασύτερον
1711 1564 1904 1599 ἀπειργάσατο

1114 1615 1153 1645 εἱς
1171 1614 1199 1639 τὺ
1213 1613 1348 1648 λαμπρῶς
1361 1614 1409 1639 καὶ
1424 1611 1645 1647 ἀκαταπλήκτως
1658 1610 1729 1648 πρὸς
1742 1610 1792 1645 τὴν
1802 1609 1904 1645 ἡμετέ-

1115 1668 1167 1694 ραν
1187 1658 1385 1693 ἀποκρίνεσθαι
1407 1658 1591 1693 γαληνότητα,
1609 1658 1655 1683 καὶ
1679 1656 1796 1688 κελεὺει,
1816 1664 1903 1691 χωρι-

1115 1705 1225 1736 σθέντος
1247 1704 1343 1734 αὐτοῦ,
1362 1705 1425 1735 τοὺς
1447 1704 1558 1735 λοιποὺς
1579 1702 1743 1738 ἐρωτᾶσθαι.
1764 1702 1818 1728 Καί
1836 1710 1903 1737 φησι

1115 1753 1187 1788 πρδς¹
1199 1752 1299 1782 αὐτοὺς
1314 1752 1327 1778 ὸ
1343 1751 1471 1788 βασιλεύς
1484 1759 1490 1765 “
1509 1750 1558 1781 Τίς
1572 1749 1701 1776 τοσοῦτον
1719 1749 1790 1783 ὑμᾶς
1805 1748 1903 1782 ἠδίκη-

1113 1807 1170 1830 σεν,
1186 1798 1307 1832 ἀδελφοὶ,
1324 1797 1361 1829 ὡς
1380 1798 1411 1824 ὲκ
1430 1796 1485 1823 τῶν
1499 1796 1632 1831 σωτήρων
1656 1796 1808 1831 ἀποστῆναι
1820 1793 1900 1825 θεῶν,

1112 1843 1300 1880 προστεθῆναι
1314 1843 1342 1869 δὲ
1361 1843 1575 1879 παρασκευάσας
1591 1843 1624 1877 τῇ
1642 1841 1732 1876 πλάνῃ
1747 1840 1800 1866 τῶν
1817 1848 1903 1874 προσ-

1112 1890 1268 1916 κυνούντων
1288 1889 1433 1924 ἄνθρωπον
1450 1887 1642 1923 σταυρωθέντα
1656 1887 1693 1918 ὡς
1713 1887 1762 1913 ἕνα
1781 1886 1835 1912 τῶν
1854 1894 1904 1919 φο-

1112 1936 1197 1969 νέων;
1211 1936 1247 1962 Οὐ
1261 1936 1315 1970 γὰρ
1334 1935 1420 1966 οὕτως
1434 1935 1506 1969 ὑμᾶς
1521 1933 1722 1968 ὲπαιδεύσαμεν
1742 1933 1802 1960 οὐδὲ
1813 1941 1870 1959 toto
1877 1931 1903 1958 ὑ·

1111 1991 1173 2014 ταις
1189 1982 1377 2013 διδασκαλίαις
1392 1981 1560 2017 ἐθρέψαμεν.

1147 2030 1187 2056 Ε’.
1203 2030 1271 2055 Τότε
1291 2029 1430 2063 θεόδωρος
1445 2028 1491 2054 καὶ
1504 2027 1639 2058 Φίλιππος
1663 2026 1700 2056 ὠς
1719 2027 1750 2052 ὲκ
1768 2025 1903 2060 στόματος

1110 2077 1164 2103 τῶν
1180 2076 1268 2110 ἁγίων
1290 2075 1479 2110 ἑϐδομήκοντα
1506 2074 1654 2108 μαρτύρων
1673 2070 1766 2099 εἶπον·
1794 2071 1901 2106 Ἡμεῖς,

1111 2119 1133 2148 ὦ
1155 2122 1271 2156 τύραννε
1293 2120 1461 2155 Μαξιμιανὲ,
1475 2119 1604 2146 τοσοῦτον
1621 2118 1725 2153 πλάνης
1748 2118 1901 2152 ἀπέχομεν,

1111 2168 1149 2200 ὡς
1168 2168 1216 2194 καὶ
1233 2169 1263 2194 σὲ
1276 2168 1323 2202 τῆς
1336 2167 1446 2202 ἀπάτης
1458 2167 1642 2200 οἰκτείρομεν,
1662 2162 1696 2200 ἧς
1710 2165 1903 2204 ἠλευθερώθη-

1114 2223 1165 2249 μεν
1193 2214 1238 2241 τὸν
1267 2213 1315 2240 ἕνα
1341 2214 1389 2240 καὶ
1420 2213 1501 2247 μόνον
1525 2212 1654 2246 ἀληθινὸν
1684 2211 1902 2247 προσκυνοῦντες

1700 802 1707 808 ι
1747 801 1753 808 ι
1793 801 1801 808 θ
1840 799 1847 806 ι
1888 798 1897 806 ι

1077 2254 1098 2280 Ῑ)
1113 2261 1190 2293 Θεὸν,
1207 2259 1316 2295 Πατέρα
1330 2259 1552 2294 παντοκράτορα,
1567 2259 1614 2285 καὶ
1635 2259 1681 2285 τὸν
1698 2257 1833 2292 μονογενῆ
1852 2257 1901 2284 αῦ-

1112 2307 1159 2333 τοῦ
1181 2306 1244 2334 Υἱὺν
1266 2306 1370 2341 Ἰησοῦν
1392 2305 1510 2341 Χριστὸν
1530 2306 1575 2330 τὶν
1593 2305 1696 2339 Κύριον
1714 2304 1803 2339 ἡμῶν,
1823 2304 1901 2334 Θεῆν,

1111 2354 1228 2389 δύναμιν
1242 2353 1288 2380 καὶ¹
1300 2353 1367 2379 Θεοῦ
1385 2353 1482 2388 σοφίαν
1497 2352 1667 2386 ὑπάρχοντα,
1684 2351 1731 2377 καὶ
1743 2350 1773 2377 τὸ
1789 2350 1902 2386 Πνεῦμα

1113 2398 1196 2426 αὐτοῦ
1210 2398 1241 2428 τδ
1255 2399 1391 2432 πανάγιον
1416 2397 1446 2423 τὸ
1468 2396 1626 2431 ὲμπνεῦσαν
1644 2397 1711 2431 ἡμῖν
1727 2395 1829 2429 γνῶσιν
1853 2397 1902 2422 καὶ

1114 2444 1224 2470 σύνεσιν
1236 2451 1243 2459 ’
1256 2444 1398 2478 ὁμολογεῖν
1415 2443 1463 2477 μὲν
1479 2442 1581 2476 mea:
1592 2441 1746 2476 ὀμοούσιον,
1763 2441 1902 2475 βδελύττε-

1112 2491 1174 2518 σθαι
1186 2491 1213 2517 δὲ
1225 2490 1276 2525 τὴν
1292 2489 1448 2524 ἀκάθαρτόν
1472 2497 1517 2514 σου
1532 2488 1683 2523 θρησκείαν
1697 2496 1704 2502 ·
1718 2487 1764 2513 καὶ
1786 2487 1837 2523 τὴν
1853 2487 1903 2523 μὲν

1111 2537 1282 2571 πρόσκαιρον
1298 2535 1400 2570 ταύτην
1428 2533 1631 2561 ἀποῦάλλεσθαι
1646 2533 1808 2569 θρησκείαν,
1821 2541 1903 2568 στρα-

1111 2582 1238 2609 τεύεσθαι
1263 2581 1292 2611 δὲ
1319 2581 1359 2617 τῷ
1384 2581 1444 2616 Θεῴ
1470 2580 1510 2615 τῷ
1539 2579 1647 2615 βασιλεῖ
1670 2579 1724 2606 τῶν
1747 2579 1902 2616 δυνάμεων.

1110 2629 1282 2663 Μαξιμιανὸς
1306 2629 1319 2654 ὁ
1337 2627 1466 2663 βασιλεὺς
1489 2625 1585 2653 εἶπεν·
1605 2626 1701 2652 Βλέπω
1715 2634 1755 2658 σε,
1770 2626 1902 2656 Φίλιππε,

1113 2676 1203 2710 γῆρας
1222 2674 1272 2708 μὲν
1292 2674 1433 2708 αίδέσιμον
1451 2673 1557 2708 ἔχοντα.
1581 2673 1689 2699 σύνεσιν
1710 2671 1738 2699 δὲ
1761 2671 1829 2701 πολὺ
1848 2671 1903 2698 τῶν

1114 2721 1182 2747 νέων
1196 2720 1359 2754 λειπόμενον
1369 2727 1376 2734 '
1389 2717 1576 2754 αὖτομόλησον
1597 2717 1645 2745 οὖν
1669 2719 1738 2752 πρὸς
1751 2717 1812 2749 τοὺς
1824 2718 1903 2748 θεοὺς

1113 2766 1161 2793 καὶ
1176 2765 1256 2801 γενοῦ
1274 2765 1426 2800 σύμϐουλος
1441 2765 1542 2799 ἀγαθὸς
1563 2766 1619 2796 τοῖς
1632 2765 1736 2799 λοιποῖς
1754 2772 1800 2793 σου
1818 2772 1904 2798 στρα-

1112 2813 1224 2844 τιὼτκις
1239 2813 1288 2849 τῆς
1305 2814 1344 2844 εἰς
1357 2813 1420 2843 τοὺς
1437 2812 1513 2844 θεοὺς
1532 2814 1755 2848 προσκυνήσεως,
1773 2811 1848 2841 ὅπως
1871 2810 1904 2836 ἂν
