2024 3153
146 166 196 198 36l

628 164 717 195 VITA
740 164 792 194 SS.
814 161 999 194 MAURITII
1021 161 1068 190 ET
1089 160 1297 192 SOClOitUM.

1719 166 1752 195 ﬂii
1758 165 1772 195 Ξ

147 223 236 259 τιμῶν
254 222 389 258 μειζόνων
412 221 531 255 ἀξιωοῇς
559 221 625 256 παρ’
639 220 732 256 ἡμῶν.
756 220 786 247 ’0
807 219 834 246 δὲ
858 219 935 252 ἅγιος

988 223 1041 243 nus
1057 217 1232 244 consiliarius
1248 219 1360 253 reliquis
1374 220 1427 247 luis
1441 220 1573 248 militibus
1590 222 1624 248 de
1635 222 1689 250 diis
1705 224 1771 250 ado-

146 270 282 300 Qlitnmc
296 267 375 294 εἶπεν
386 275 394 283 ·
419 267 491 300 Ὲγὼ
505 267 658 302 σύμϐουλος
678 265 797 302 πονηρὸς
812 266 843 292 οὐ
855 266 934 300 γενή‹

147 324 232 350 caput
249 317 308 346 τοῖς
336 313 575 348 αὑτοπροαιρέτως
589 312 762 348 ὁδηγηθεῖσιν
779 313 820 344 εἰς
833 312 878 338 τὸν
889 312 938 345 φό-

147 362 193 388 εον
212 361 261 387 τοῦ
274 360 403 396 ἀληθινοῦ
422 359 502 391 Θεοῦ,
519 359 614 393 ἐπειδὴ
628 359 803 394 γέγραπται·
825 367 834 384 ι
854 358 936 390 Οὐαὶ,

146 409 179 435 δι’
194 405 225 436 οὗ
237 408 268 434 τὸ
283 408 369 434 κακὸν
399 406 528 441 ἔρχεταιί
550 415 560 432 t
576 405 746 440 Μαξιμιανδς
776 402 852 431 εἶπεν
864 412 872 420 ·
901 404 938 430 T6

148 454 325 489 μακράθυμον
334 453 384 488 τῆς
392 453 531 488 ἡμετέρας
549 451 723 484 ἀνεξικακίας
736 450 938 486 τολμηρότερόν

146 509 174 526 σε
193 499 356 534 πεποίηκεν,
389 499 519 525 Φίλιππε.
545 498 590 533 Μὴ
615 496 662 524 οὖν
693 497 854 532 ἐπιμείνητε
879 498 937 526 τοῖς

148 546 252 576 αὐτοῖς,
278 546 322 570 ἵνα
353 544 392 580 μὴ
413 544 526 575 δικαίως
540 543 589 579 τὴν
604 544 683 579 δίκην
698 543 758 571 καθ’
775 542 853 577 ὑμῶν
869 551 939 578 παρ-

146 592 287 626 ωτρύνητε
304 591 351 618 καὶ
366 591 482 625 γένησθε
497 591 596 625 δεῖγμα
616 591 665 624 τῆς
680 590 818 625 ἡμετέρας
836 590 940 623 ἀγανα-

145 639 254 673 κτήσεω
262 647 280 671 ”,
288 636 642 672 τολμῶντεςιόνομάζειντὺν
650 635 715 670 παρ’
721 636 735 662 ὑ
739 636 797 670 μῶν
805 635 941 662 θεοποιοῦ-

145 692 226 717 μενον
250 683 404 718 άνθρωπον.
421 682 631 718 ’Δποκριθέντες
647 682 675 708 δὲ
703 682 727 708 οἱ
741 682 813 715 ἅγιοι
825 682 942 717 ἐϐδομή-

144 737 225 755 κοντα
253 727 330 755 εἷπον
355 728 395 763 τῷ
423 728 566 763 τυράννῳ·
601 727 631 754 'H
667 727 806 760 κενόδοξος
838 728 939 763 ἀπειλὴ

143 775 191 810 τῆς
234 775 296 807 σῆς.
333 773 455 810 βασιλεῦ,
487 773 630 809 βδελυρίας
656 774 772 809 δύναμιν
800 772 831 806 ἐξ
856 773 940 808 ὕψους

143 822 209 855 ἡμῖν
235 821 393 856 χαρίζεται·
420 822 452 848 οὐ
485 820 540 856 γάρ
564 821 664 847 ὶνοικεῖ
696 820 778 855 φόϐος
801 819 940 855 βασάνων,

143 867 182 898 είς
202 867 324 895 διάνοιαν
348 867 468 902 βεϐαίων
489 867 545 894 τῶν
563 866 736 901 ἀγαπώντων
750 866 795 893 τὸν
810 866 925 902 Κύριον.

180 1002 227 1034 φ.
264 1001 331 1028 Τότε
356 1002 371 1028 ὸ
411 1002 538 1037 βασιλεὺς
581 1001 750 1038 Μαξιμιανὸς
796 1002 938 1030 ἐκέλευσεν

145 1047 331 1082 ἀφαιρεθῆναι
367 1047 422 1075 τῶν
452 1048 539 1082 ἁγίων
576 1048 763 1083 ἑδδομήκοντα
786 1049 816 1075 τὺ
844 1049 938 1084 σχῆμα

143 1093 192 1126 τῆς
215 1093 361 1128 στρατείας
407 1094 456 1120 καὶ
483 1093 603 1128 κοπῆναι
631 1092 722 1120 αὐτῶν
760 1093 810 1125 τὰς
848 1093 938 1126 ζώνας

146 1139 195 1165 καὶ
235 1138 412 1174 παραστῆναι
435 1138 512 1174 αὒτῷ
533 1139 602 1174 μετὰ
616 1138 717 1172 πολλῆς
737 1139 861 1174 ἀτιμίας.
883 1139 938 1165 Καὶ

145 1184 234 1211 ταῦτα
258 1185 312 1212 τῶν
337 1185 519 1212 ὑπασπιστῶν
549 1185 618 1220 μετὰ
646 1185 745 1212 πολλοῦ
766 1185 814 1212 τοῦ
838 1186 937 1221 τάχους

145 1229 388 1264 διαπραξαμένων,
403 1230 455 1266 ιφη
476 1230 544 1266 πρὸς
560 1231 660 1262 αὐτοὺς
678 1231 693 1256 ό
705 1230 836 1266 τύραννος
848 1252 856 1264 ,
873 1231 936 1263 Ἴδε,

145 1277 203 1308 οἵας
217 1278 332 1311 ἀτιμίας
348 1276 459 1312 ἐτύχετε
472 1277 517 1304 διὰ
528 1277 579 1313 τὴν
596 1277 739 1304 ἀπείθειαν
755 1278 842 1310 ὑμῶν.
861 1277 892 1304 0i
908 1277 936 1304 δὲ

146 1321 219 1355 ἆγιοι
231 1320 309 1348 εἶπεν
327 1322 394 1357 πρὸς
407 1322 452 1348 τὸν
469 1322 602 1357 τύραννον
614 1331 621 1337 ·
640 1322 671 1348 El
686 1322 734 1348 καὶ
746 1322 790 1355 σὺ,
804 1322 841 1353 ὡς
858 1323 935 1356 νομί-

146 1370 213 1401 ζεις,
229 1369 358 1402 ἑξέδυσας
373 1370 458 1404 ἡμᾶς,
476 1370 541 1397 ἀλλ’
552 1369 626 1396 εστιν
640 1370 654 1396 ὁ
670 1370 736 1401 Θεὸς
753 1369 832 1404 ἡμῶν
847 1371 876 1396 ὲν
893 1371 937 1397 οὑ-

147 1417 251 1450 ρανοῖς,
285 1413 306 1450 ᾧ
331 1415 513 1452 λατρεύομεν,
544 1417 644 1442 ὲνδύων
665 1417 739 1451 ἡμᾶς
766 1416 863 1451 στολὴν
888 1417 937 1451 τῆς

147 1463 256 1489 αἰωνίου
280 1461 370 1496 δόξης,
390 1463 423 1498 ῆν
445 1462 526 1494 αὐτὸς
548 1462 610 1489 οὐδὲ
629 1461 739 1489 ἀκούειν
762 1462 936 1497 καθέστηκας

146 1508 219 1541 ἄξιος
237 1509 282 1535 διὰ
298 1509 344 1535 τὸν
358 1510 480 1536 Σατανᾶν
490 1509 535 1535 τὸν
551 1509 658 1544 πατέρα
676 1517 734 1541 σου,
746 1509 792 1535 τὸν
804 1508 936 1536 λαλοῦντα

146 1555 174 1579 ὲν
188 1555 241 1581 σοί.
258 1555 325 1581 Τότε
339 1555 476 1590 θυμωθεὶς
493 1556 507 1582 ὁ
524 1555 655 1591 τὸραννος
671 1554 765 1582 εἶπεν-
778 1554 813 1583 Ὠ
830 1556 935 1592 μιαρώ-

990 261 1095 293 randis,
1111 267 1142 289 ut
1155 263 1257 298 majora
1268 264 1339 291 dona
1356 270 1384 293 et
1402 265 1520 294 honores
1536 275 1551 294 a
1564 268 1646 296 nobis
1675 277 1775 297 consc-

989 309 1093 343 quaris.
1111 309 1185 336 Dixit
1200 315 1312 337 sanctus
1327 311 1470 346 Philippum
1483 322 1490 340 :
1504 313 1604 340 Notum
1622 315 1672 342 tibi
1696 316 1742 346 sit,
1757 324 1774 343 ο

990 355 1149 389 imperator,
1166 363 1209 383 me
1225 364 1281 383 non
1314 357 1437 384 futurum
1465 359 1567 385 malutn
1587 361 1774 389 consiliarium

990 400 1025 428 iis
1038 401 1085 435 qui
1100 408 1150 428 sua
1164 406 1262 435 sponte
1289 402 1400 430 deducti
1418 409 1482 430 sunt
1508 405 1542 431 ad
1561 405 1687 434 timorem
1717 409 1775 435 veri

991 446 1050 474 Dei.
1068 446 1206 482 Scriptum
1215 453 1258 475 est
1270 448 1343 476 enim
1355 449 1365 464 ³
1377 449 1451 477 :tVaa
1464 450 1500 480 ei.
1517 458 1566 485 per
1581 459 1661 486 quem
1675 454 1775 481 malum

990 494 1074 520 venit.
1092 503 1102 520 ι
1125 494 1355 529 Dixitimperator
1368 495 1546 525 Maximianus
1562 505 1570 526 :
1588 497 1698 526 Lenitas
1726 508 1777 527 no-

991 545 1054 567 stra:
1067 540 1205 575 patientiae
1222 547 1248 568 te
1264 542 1437 570 audaciorem
1455 543 1556 576 ellecit,
1586 552 1603 572 0
1641 545 1775 582 Philippe.

991 585 1079 613 Nolite
1099 593 1164 621 ergo
1181 587 1208 614 in
1221 587 1264 614 his
1274 588 1410 620 insistere,
1423 597 1458 617 ne
1478 590 1566 624 justas
1580 599 1674 626 poenas
1687 594 1714 620 in
1729 602 1776 622 vos

992 629 1107 659 irritctis
1121 636 1150 659 et
1165 632 1288 660 evadatis
1295 635 1450 669 exemplum
1461 641 1562 664 nostra:
1572 637 1775 673 indignationis.

992 677 1124 706 audentes
1139 679 1283 707 nominare
1300 680 1452 713 hominem,
1471 683 1545 717 quia
1572 685 1650 712 vobis
1668 690 1709 712 est
1733 695 1777 714 re-

991 724 1062 751 latus
1076 724 1103 751 in
1114 724 1191 752 deos.
1211 725 1420 761 Respondentes
1430 735 1496 755 vero
1508 730 1595 757 sancti
1606 733 1776 767 septuaginta

992 775 1136 805 martyres,
1152 771 1282 799 dixerunt
1308 777 1424 808 tyranno
1446 774 1623 810 imperatori:
1649 778 1731 806 Vana!
1749 785 1778 807 et

991 817 1087 846 inanes
1128 819 1251 851 minam
1276 820 1437 856 imperator,
1471 827 1525 851 tuas
1554 824 1776 859 abominationis,

991 864 1120 892 virtutem
1146 865 1226 893 nobis
1259 874 1292 894 ex
1307 868 1363 895 alto
1378 869 1543 904 largiuntur.
1559 871 1619 899 Non
1642 873 1716 900 enim
1733 874 1776 902 in-

949 910 968 937 B
983 910 1108 946 greditur
1118 915 1166 939 aut
1185 911 1323 940 inhabitat
1339 919 1429 942 metus
1445 919 1645 945 tormentorum
1661 918 1688 946 in
1706 920 1775 947 bona

990 960 1080 985 mente
1097 960 1124 984 et
1140 957 1231 985 stabili
1249 965 1346 986 eorum
1361 960 1409 994 qui
1425 960 1543 996 diligunt
1565 963 1722 991 Dominum.

1028 1002 1072 1030 Vl.
1095 1002 1174 1031 Tunc
1189 1004 1372 1033 Maximianus
1402 1006 1553 1042 imperator
1579 1010 1658 1037 valde
1679 1011 1775 1045 iratus,

986 1049 1069 1085 jussit
1082 1051 1183 1078 auferri
1208 1060 1223 1079 a
1239 1053 1343 1080 sanctis
1360 1055 1534 1090 septuaginta
1550 1056 1684 1086 militibus
1699 1059 1778 1087 habi-

990 1099 1047 1122 tum
1070 1097 1185 1129 tnilitize,
1207 1103 1235 1125 et
1257 1099 1298 1126 eis
1314 1099 1438 1127 abseindi
1461 1109 1554 1134 zonas,
1570 1107 1599 1130 et
1612 1103 1713 1132 deinde
1734 1106 1775 1133 sic

989 1149 1037 1169 eos
1048 1143 1081 1170 ad
1095 1143 1182 1178 ipsum
1209 1145 1309 1172 adduci
1329 1153 1391 1173 cum
1408 1154 1505 1181 magna
1515 1148 1675 1183 ignominia.
1692 1150 1775 1178 Cum-

989 1196 1044 1223 que
1071 1188 1129 1217 ha-e
1158 1198 1254 1226 magna
1281 1191 1421 1220 celeritate
1444 1193 1602 1222 eﬂ'ecissent
1633 1197 1774 1230 satellites,

988 1234 1056 1262 dixit
1067 1236 1108 1263 eis
1120 1240 1251 1272 tyrannus
1269 1246 1277 1266 :
1291 1238 1396 1271 Videte,
1408 1247 1423 1267 a
1439 1241 1513 1274 quali
1530 1241 1615 1276 gloria
1631 1248 1659 1270 et
1669 1243 1774 1272 honore

987 1280 1139 1313 excidistis,
1165 1286 1193 1309 et
1225 1285 1305 1318 quale
1340 1284 1419 1312 vobis
1446 1286 1578 1321 obtigerit
1606 1288 1728 1317 dedecus
1747 1297 1774 1318 et

988 1328 1158 1362 contemptio
1175 1334 1288 1364 propter
1304 1335 1422 1358 vestram
1439 1331 1664 1363 inobedientiam.
1680 1335 1772 1364 Sancti

988 1373 1117 1401 dixerunt
1144 1379 1260 1409 tyranno
1277 1385 1283 1402 :
1302 1376 1413 1404 Etiamsi
1431 1382 1470 1410 tu,
1491 1383 1519 1405 ut
1547 1380 1698 1415 existimas,
1722 1391 1773 1411 nos

987 1418 1087 1446 cxuisti
1102 1418 1197 1447 habitu
1224 1421 1339 1454 militiae,
1357 1426 1385 1449 et
1400 1423 1542 1451 abscidisti
1559 1433 1642 1454 zonas
1653 1433 1773 1460 nostras.

987 1467 1029 1490 est
1043 1464 1116 1492 Deus
1144 1469 1238 1493 noster
1258 1467 1286 1493 in
1307 1467 1393 1499 caelis.
1405 1476 1486 1503 quem
1505 1470 1631 1505 colimus,
1649 1473 1696 1508 qu'i
1723 1483 1774 1502 nos

988 1510 1079 1538 induit
1090 1512 1215 1540 vestibus
1236 1517 1264 1540 et
1277 1514 1357 1541 zonis
1373 1515 1540 1550 incorrupta:
1555 1522 1582 1544 et
1594 1523 1704 1548 αξιοι-ητις
1714 1521 1774 1556 ejus

986 1555 1091 1590 glorias,
1108 1565 1189 1592 quam
1207 1559 1265 1594 ipse
1278 1567 1333 1586 non
1352 1568 1380 1587 es
1393 1561 1491 1596 dignus
1507 1563 1600 1592 videre
1612 1569 1659 1592 aut
1677 1555 1772 1595 audire

146 1609 221 1628 τατοι
249 1601 297 1628 καὶ
319 1602 369 1636 τῆς
393 1601 448 1628 τῶν
467 1602 537 1629 θεῶν
561 1602 704 1636 εὐμενείας
719 1602 834 1635 ἀνάξιοι,
854 1603 934 1638 ὑμετς

987 1606 1100 1635 propter
1117 1602 1245 1629 Satanam
1260 1608 1367 1638 patrem
1395 1609 1481 1638 tuum,
1500 1607 1545 1642 qui
1559 1608 1585 1635 in
1603 1613 1629 1636 te
1649 1609 1773 1646 loquitur

146 1647 278 1681 γεγόνατε
299 1648 346 1682 τῆς
365 1648 470 1675 ἑαυτῶν
493 1649 607 1684 ἀτιμίας
628 1649 764 1684 πρόφασις
778 1657 784 1664 ·
803 1649 832 1681 ἐξ
857 1649 935 1684 ἡμῶν

145 1695 199 1728 γάρ
216 1694 390 1730 τιμηθέντες,
407 1695 528 1726 καὶτοὺς
544 1694 621 1726 θεοὺς
637 1695 808 1730 ἑνυὸρίσατε,
825 1695 935 1728 καὶτῆς

147 1741 287 1775 ἡμετέρας
305 1741 396 1776 φιλίας
415 1741 650 1776 κατεφρονήσατε.
680 1741 888 1776 Ἀποκριθέντες
910 1741 935 1767 οι

146 1788 218 1820 ᾶγιοι
235 1785 312 1813 εἷπον
324 1787 362 1822 τῷ
374 1787 500 1823 τυράννῳ
510 1796 516 1802 ·
539 1788 572 1814 Ἦ
586 1787 716 1823 στρατεία
728 1796 785 1821 σου,
796 1788 834 1820 ὡς
853 1787 935 1822 μηδὲν

144 1834 257 1868 ἔχουσα,
277 1834 457 1869 παρέρχεται,
476 1834 523 1860 καὶ
552 1834 568 1870 ἡ
598 1833 724 1870 παροῦσα
748 1833 814 1868 τιμὴ
838 1833 935 1868 ἀτιμία

147 1880 187 1906 σοί
213 1881 299 1912 ἐστιν,
322 1880 417 1915 ἐπειδὴ
441 1880 489 1907 τοῦ
512 1881 658 1912 δεδωκότος
683 1888 724 1907 σοι
741 1881 791 1916 τὴν
809 1879 934 1912 ἐξουσίαν

146 1926 281 1952 ἐπελάθου
309 1926 388 1958 θεοῦ,
407 1927 441 1953 τὰ
467 1926 496 1953 δὲ
522 1927 614 1962 ἄψυχα
633 1927 741 1959 εἴδωλα,
755 1927 789 1953 τά
809 1926 846 1961 μὴ
864 1925 935 1960 ὠφε-

143 1971 243 1999 λοῦντα
275 1971 319 1999 διὰ
350 1972 380 1998 τὸ
411 1972 449 2008 μὴ
489 1973 635 2006 γινώσκειν
660 1973 707 2000 τὸν
718 1972 840 2007 τιμῶντα
865 1971 935 1999 αὐτὰ

144 2019 190 2044 καὶ
210 2017 371 2053 ὑϐρίζοντα,
383 2018 505 2053 ἀνοήτως
516 2019 658 2050 θεοποιεῖς.
669 2019 699 2045 Ὀ
705 2018 837 2053 τύραννος
846 2015 934 2044 εἶπεν·

143 2065 192 2092 Διά
223 2064 275 2100 τὴν
305 2065 510 2098 φιλανθρωπίαν
540 2066 590 2100 τῆς
619 2065 756 2101 ἡμετέρας
796 2064 935 2098 βασιλείας

144 2112 304 2147 φειδόμενος
331 2112 408 2147 ὑμῶν
436 2113 483 2140 καὶ
509 2112 671 2147 βουλόμενος
705 2111 935 2147 περιποιήσασθαι

143 2159 192 2194 τὴν
225 2159 299 2194 ζωὴν
314 2160 403 2194 ὑμῶν,
427 2159 467 2186 ἔτι
482 2160 614 2195 ἀνέχομαι
631 2159 719 2194 ὑμῶν.
740 2159 793 2185 Καὶ
809 2157 934 2185 ἐκέλευσε

144 2207 216 2241 τρεῖς
233 2206 340 2241 ἡμέρας
358 2206 522 2242 ἀποτεθῆναι
540 2206 637 2232 atomi):
659 2207 687 2232 ὲν
701 2206 734 2240 τῇ
755 2205 872 2240 φρουρᾷ,
891 2205 934 2230 ἶνα

143 2254 173 2280 τὸ
188 2253 332 2288 συμφέρον
358 2252 569 2287 βουλεύσωνται.
579 2267 581 2269 ι

987 1651 1013 1674 et
1033 1653 1174 1682 operatur.
1206 1648 1283 1677 Tunc
1311 1651 1388 1678 valde
1413 1651 1500 1680 iratus
1533 1658 1674 1689 tyrannus,
1703 1657 1773 1684 dixit

987 1693 1088 1721 sanctis
1103 1702 1109 1722 :
1125 1693 1147 1721 Ο
1171 1696 1332 1723 exsecrandi
1348 1701 1375 1724 et
1389 1697 1493 1733 indigni
1515 1699 1629 1728 deorum
1657 1702 1773 1731 benevo-

987 1738 1081 1771 lentia,
1098 1747 1147 1767 vos
1161 1745 1279 1768 vestram
1297 1742 1474 1777 ignominiam
1499 1746 1577 1773 vobis
1593 1748 1772 1778 conciliastis;

987 1785 1007 1812 Λ
1027 1785 1106 1812 nobis
1121 1786 1195 1813 enim
1220 1787 1325 1816 honore
1339 1789 1441 1823 aﬂ‘ccti,
1467 1793 1599 1820 maximos
1622 1793 1689 1822 deos
1705 1796 1773 1824 alie-

988 1830 1065 1858 cistis
1080 1833 1258 1866 contumelia,
1273 1838 1301 1862 ct
1317 1839 1439 1863 nostram
1455 1839 1663 1873 contempsistis
1675 1842 1774 1870 amici-

988 1877 1066 1904 tiam.
1098 1879 1134 1905 Dc
1159 1885 1260 1907 caetero
1293 1881 1410 1916 accipite
1437 1884 1633 1914 convenienter
1674 1889 1774 1917 vestris

987 1923 1075 1952 iactis.
1084 1925 1292 1960 Rcspondcntes
1300 1932 1389 1954 autem
1395 1929 1495 1961 sancti,
1503 1929 1632 1958 dixerunt
1642 1936 1772 1967 tyranno:

988 1969 1148 2004 Imperator,
1187 1970 1245 1998 h:ec
1271 1972 1368 1999 militia
1395 1977 1451 2005 tua,
1480 1978 1511 2001 ut
1537 1983 1597 2010 qua:
1632 1977 1702 2005 nihil
1725 1980 1772 2011 sit,

987 2016 1121 2052 praeterit.
1146 2022 1173 2044 et
1189 2017 1236 2052 qui
1263 2018 1340 2046 adest
1366 2019 1464 2053 honor,
1483 2026 1525 2049 est
1552 2022 1600 2049 tibi
1625 2023 1772 2053 dedecus:

987 2063 1117 2098 quoniam
1132 2063 1236 2091 oblitus
1254 2071 1285 2091 es
1299 2064 1356 2098 Dei,
1372 2065 1419 2100 qui
1439 2066 1509 2095 hanc
1529 2068 1578 2096 tihi
1592 2069 1669 2097 dedit
1694 2077 1774 2106 pole-

987 2112 1096 2136 statem.
1110 2109 1184 2137 Vana
1213 2117 1278 2137 vero
1296 2114 1324 2137 et
1340 2110 1459 2140 inanima
1492 2113 1649 2148 simulacra,
1672 2124 1731 2151 quae
1748 2122 1774 2145 te

987 2155 1055 2183 nihil
1066 2156 1173 2191 juvant,
1191 2156 1264 2191 quod
1280 2164 1311 2184 ea
1325 2164 1380 2184 non
1393 2165 1559 2193 cognoscant
1576 2168 1638 2188 eum
1655 2163 1701 2198 qui
1712 2163 1770 2198 ipsa

988 2201 1091 2229 honore
1119 2201 1201 2229 allicit
1217 2206 1265 2230 aut
1283 2204 1458 2238 contumelia,
1483 2205 1510 2232 in
1528 2206 1594 2234 deos
1616 2208 1724 2241 stolide,
1743 2214 1774 2237 ut

986 2248 1032 2283 qui
1059 2248 1139 2282 plane
1154 2256 1233 2276 sensu
1262 2256 1366 2282 careas,
1394 2251 1490 2278 refers.
1518 2251 1590 2279 Dixit
1616 2257 1771 2288 tyrannus:

145 2302 262 2337 Propter
278 2299 364 2328 nostri
387 2299 494 2335 imperii
512 2299 685 2327 clementiam
713 2299 790 2326 vobis
806 2305 931 2334 parcens,
950 2295 1089 2346 ctvolcnls"
1106 2294 1189 2321 vitam
1212 2295 1290 2346 vobis
1298 2302 1358 2322 esse
1382 2295 1496 2346 salvam,
1511 2296 1601 2324 adhuc
1614 2306 1660 2326 vos
1669 2300 1771 2335 patior,

143 2349 279 2386 jnssitque
293 2355 342 2375 eos
368 2351 424 2374 tres
440 2346 499 2374 dies
509 2345 610 2373 includi
631 2345 657 2373 in
671 2352 791 2376 carcere,
808 2349 838 2371 ut
850 2346 978 2376 caperent
994 2340 1139 2398 co‘ns'iliu‘tp
1153 2339 1292 2398 quoii-eis“
1485 2388 1578 2398 LM.”
1636 2395 1640 2398 l
1665 2393 1671 2398 ι

178 2397 214 2424 Ζ’.
232 2396 296 2422 Τῶν
311 2395 340 2421 δὲ
359 2394 539 2421 ὑπασπιστῶν
564 2393 770 2428 πληρωσάντων
786 2391 833 2418 τοῦ
856 2391 933 2425 βασι-

1022 2386 1078 2414 Vll.
1106 2386 1174 2413 Cum
1203 2391 1293 2413 autem
1323 2386 1456 2414 satellites
1485 2388 1643 2424 implessent
1662 2393 1770 2427 jussnm

146 2444 213 2475 λέως
232 2443 264 2469 τδ
280 2441 447 2477 πρόσταγμα
468 2440 516 2467 καὶ
537 2441 576 2472 είς
598 2439 722 2475 φυλακὴν
742 2439 841 2470 αὐτοὺς
865 2437 934 2473 μετὰ

146 2489 242 2516 κλοιῶν
256 2487 473 2522 καθειρξάντων,
486 2485 561 2513 εἶπον
576 2487 645 2521 πρὸς
659 2486 790 2521 ἀλλήλους
809 2485 834 2512 οι
850 2484 933 2518 ἅγιοι·

152 2535 359 2570 Έτοιμάοωμεν
385 2533 521 2565 ἅπαντας,
551 2532 672 2567 ὰδελφοῖ,
687 2531 860 2568 ὁμοθυμαδὸν
885 2531 934 2561 τὰς

146 2581 233 2617 ψυχὰς
249 2579 330 2615 ἡμῶν
341 2580 381 2612 είς
396 2578 563 2615 προσευχὴν,
585 2579 633 2606 καὶ
646 2579 789 2614 διηθῶμιν
802 2577 850 2604 τοῦ
864 2575 934 2604 Θεοῦ

147 2627 224 2662 ἡμῶν
240 2626 359 2657 ἐκτενῶς
375 2624 468 2652 δοῦναι
481 2625 547 2660 ἡμῖν
562 2624 659 2659 σοφίαν
673 2633 703 2650 τε
716 2624 764 2651 καὶ
778 2623 879 2657 γνῶσιν
889 2622 934 2649 δά

146 2673 192 2700 τοῦ
216 2673 295 2707 ἁγίου
324 2671 408 2698 αὐτοῦ
433 2671 601 2706 Πνεῦματος,
616 2671 664 2697 καὶ
690 2670 819 2706 ἐμϐαλεῖν
839 2670 879 2701 είς
903 2669 933 2695 τὸ

149 2719 233 2754 στόμα
248 2717 328 2753 ἡμῶν
341 2716 368 2743 τί
380 2716 615 2752 ἀπολογήσασθαι,
628 2717 702 2748 ὅπως
716 2715 844 2751 θαυμάσῃ
858 2715 872 2741 6
886 2714 932 2741 τύ-

149 2771 241 2800 ραννος
258 2763 308 2799 τὴν
328 2763 458 2798 ἀλήθειαν
473 2763 525 2797 τῆς
547 2762 663 2794 πίστεως
681 2762 771 2797 ἡμῶν.
789 2762 844 2788 Καὶ
867 2770 933 2787 στα-

148 2812 237 2844 θέντες
260 2811 301 2842 sl;
326 2811 483 2845 προσευχὴν
501 2811 525 2836 oi
542 2810 615 2843 ἃγιοι
640 2809 824 2844 ἑϐδομήκοντα
843 2808 879 2840 ὡς
901 2808 933 2834 ὲκ

150 2859 210 2893 μιᾶς
238 2856 328 2892 ψυχῆς
352 2854 442 2883 εἷπον·
461 2856 490 2881 ’0
510 2857 576 2888 Θεὶις
599 2857 613 2882 6
638 2855 848 2890 παντοκράτωρ,
865 2851 895 2881 οὗ
916 2855 931 2889 ἠ

183 2908 192 2922 ³
209 2907 304 2934 Matth.
326 2913 403 2933 xvm.

347 2955 483 2985 l‘s‘rROL-
510 2951 569 2980 Gtt.
593 2951 684 2986 CXV,

985 2432 1172 2467 imperatoris,
1189 2436 1217 2459 et
1233 2439 1281 2460 eos
1310 2433 1337 2459 in
1355 2434 1480 2461 custodia
1505 2435 1683 2466 inclusissent
1706 2447 1770 2467 cunt

983 2480 1141 2513 collaribus,
1169 2480 1256 2508 sancti
1273 2481 1403 2508 dixerunt
1419 2481 1490 2509 inter
1506 2490 1536 2510 se
1552 2493 1557 2510 :
1580 2484 1688 2513 Fratres
1702 2487 1770 2514 cha-

983 2527 1094 2560 rissinti,
1112 2534 1240 2561 paremus
1263 2534 1359 2554 omnes
1376 2533 1484 2556 nostras
1497 2529 1601 2557 animas
1615 2530 1648 2558 ad
1665 2533 1769 2560 oratio-

984 2581 1056 2606 nem,
1072 2578 1099 2601 et
1124 2574 1230 2601 inlense
1259 2581 1370 2602 oremus
1393 2575 1539 2611 benignum
1558 2580 1585 2604 et
1605 2577 1770 2606 clementem

984 2620 1069 2647 Deum
1083 2623 1220 2652 nostrutn,
1239 2624 1268 2646 ut
1292 2619 1339 2647 det
1354 2621 1435 2648 nobis
1449 2621 1610 2656 sapientiam
1627 2627 1655 2649 et
1673 2624 1768 2658 cogni-

985 2666 1087 2694 tionem
1101 2673 1151 2701 per
1163 2670 1288 2693 sanctum
1303 2665 1446 2701 Spiritum,
1459 2672 1486 2694 et
1503 2667 1604 2703 injiciat
1621 2667 1647 2695 in
1675 2676 1705 2696 os
1719 2677 1769 2698 no.

984 2718 1083 2744 stt-um,
1099 2712 1163 2747 quid
1178 2713 1393 2746 respondeamus
1413 2713 1572 2747 imperatori
1587 2723 1594 2740 :
1607 2719 1637 2741 ut
1653 2714 1772 2743 adntlre‘

986 2765 1030 2788 tur
1044 2759 1101 2795 ipse
1120 2766 1230 2794 quoque
1252 2763 1383 2794 tyrannus
1399 2759 1541 2786 veritatem
1571 2764 1671 2788 nostra:
1694 2760 1771 2790 fidei.

986 2807 1019 2833 Et
1034 2813 1063 2834 se
1080 2805 1114 2833 ad
1142 2805 1309 2840 precandum
1338 2805 1512 2834 conferentes
1539 2806 1627 2834 sancti
1659 2813 1769 2843 septua-

985 2853 1058 2888 ginta
1077 2852 1178 2880 Christi
1197 2858 1331 2887 martyres
1355 2852 1485 2880 dixerunt
1518 2857 1646 2888 tanquam
1663 2862 1695 2882 ex
1716 2863 1772 2884 uno

1579 2948 1615 2979 12
