2024 3153
231 177 290 208 363

883 173 1023 204 MENSIS
1044 174 1194 205 IULIUS.

1805 175 1857 206 τίω

235 242 286 263 ore
297 237 326 262 et
338 241 390 260 una
407 231 497 260 anima
514 240 520 258 ε
534 230 650 258 Domine
665 230 731 258 Jesn
744 229 866 259 Christe.
883 229 956 256 Deus
966 236 1021 255 om-

1074 229 1186 261 ἐξουσία
1213 228 1324 261 αἰώνιος
1341 230 1388 256 καὶ
1404 231 1420 265 ἡ
1440 230 1563 265 βασιλεία
1580 231 1610 257 οὐ
1630 230 1854 267 διαφθαρήσεται,

235 280 375 314 nipotens,
405 277 484 313 cujus
498 280 620 312 potestas
647 278 759 306 aeterna,
785 278 812 301 et
833 281 946 308 regnum
963 281 1018 299 non

223 323 370 356 .interibit,
385 322 463 349 mitte
480 321 513 348 ad
526 328 577 347 nos
603 319 806 347 sanctissimum
826 322 904 345 tuum
934 317 1020 351 Spiri-

235 376 305 402 tum,
323 374 352 398 ct
368 376 418 396 nos
432 375 481 403 per
497 375 559 394 eum
578 365 668 398 erudi,
696 369 725 392 ut
737 365 764 391 in
779 365 838 399 ipso
851 363 1020 391 exsultemus

233 423 263 446 et
285 418 410 444 lzetemur
420 414 441 448 ⁸,
472 418 501 441 et
517 413 660 441 vincamus
688 411 791 438 erroris
818 409 965 444 nequitias,
993 412 1021 436 et

234 463 400 491 extollamur
413 461 441 488 in
453 468 518 488 vera
532 463 578 486 tua
590 458 646 485 ﬁde
661 465 710 492 per
731 461 857 484 sanetum
875 455 1018 490 Spiritum.

222 510 283 546 -qui
296 508 420 544 loquitur
435 507 463 533 in
488 505 578 535 nobis,
595 503 791 532 convenienter
807 507 859 529 tua"
875 509 947 529 verae
961 505 988 528 et
1004 509 1019 528 a

236 554 379 584 mendacio
393 553 487 581 alienae
505 549 690 587 promissioni,
700 554 727 577 et
743 556 792 584 pro
802 556 818 575 a
838 548 918 575 nobis
930 547 1020 574 ablata

228 601 375 629 mundana
389 599 531 635 dignitate,
542 596 693 624 elliciamur
714 595 817 622 milites
831 594 857 621 in
868 598 962 621 sancta
974 598 1019 621 tua

234 648 357 679 civitate,
378 651 406 673 et
417 644 585 672 ascribamur
611 643 638 669 in
655 648 800 669 numerum
825 641 928 668 civium
956 647 1019 666 cum

236 693 366 720 omnibus
392 690 447 718 tuis
473 688 585 721 sanctis,
613 687 659 722 qui
674 687 722 714 tibi
739 695 754 714 a
771 687 872 714 smeulo
898 690 973 714 recte
989 686 1020 713 in

237 737 291 764 ﬁde
313 736 487 770 placuerunt.
505 732 640 765 Quoniam
659 737 687 758 tu
718 739 749 758 es
763 732 839 758 solus
852 731 934 760 Deus.
949 736 976 758 et
992 735 1020 758 te

237 783 317 810 decet
329 781 412 816 gloria
426 785 454 807 et
470 779 591 814 potentia
604 778 631 805 in
644 777 752 805 saecula.
768 777 865 804 Amen.

272 829 341 857 Vill.
361 826 514 861 Completis
526 830 618 853 autem
636 825 724 852 tribus
740 823 849 856 diebus,
871 822 1022 858 praesidens

238 882 336 903 rursus
348 871 576 904 Maximianus,in
591 870 719 898 eumdem
735 870 825 897 locum
844 874 930 904 portae
943 869 1022 895 Ama-

239 922 303 949 :izae
321 927 418 947 rursus
433 922 615 945 concurrente
643 916 773 943 universa
790 915 911 946 civitate,
927 921 1023 940 accer-

239 968 286 995 siit
313 970 434 994 sanetos.
463 963 556 991 Sancti
583 969 650 989 vero
679 966 815 996 martyres
845 964 1023 988 accesserunt

240 1013 320 1041 tracti
332 1020 347 1039 a
358 1011 502 1042 ministris,
515 1014 542 1036 et
552 1011 689 1036 steterunt
698 1012 761 1035 ante
770 1006 896 1041 impium.
909 1005 1024 1039 iniquus

238 1064 331 1087 autem
347 1058 493 1091 imperator
507 1055 596 1082 minas
608 1057 766 1088 temperans
782 1052 939 1084 clementia,
953 1051 1024 1078 dixit

238 1105 280 1132 eis
296 1113 303 1130 :
319 1104 341 1130 0
356 1102 419 1135 viri,
434 1100 533 1128 discite
558 1099 667 1126 tandem
693 1097 759 1133 quid
773 1097 852 1125 vobis
874 1097 1023 1132 expediat:

239 1156 267 1179 et
282 1148 455 1180 accedentes,
471 1146 524 1173 diis
542 1144 706 1176 sacriﬁcate,
718 1147 746 1171 et
757 1143 840 1170 vitam
857 1142 984 1176 accipite,
994 1145 1024 1168 et

240 1205 296 1225 non
314 1199 429 1223 mortem
445 1192 585 1220 acerbam.
603 1191 737 1218 Dixerunt
763 1189 850 1217 sancti
866 1193 1001 1224 martyres
1015 1195 1022 1215 :

242 1245 279 1272 De
309 1243 361 1270 hoc
386 1241 488 1268 bonum
505 1238 652 1266 consilium
682 1236 816 1271 cepimus,
832 1243 848 1262 ο
864 1235 1022 1270 imperator.

239 1290 312 1318 Audi
342 1292 455 1319 attente,
478 1290 553 1313 etne
569 1291 619 1311 nos
645 1283 764 1317 amplius
789 1290 881 1317 cogas,
897 1285 945 1308 aut
968 1280 1023 1308 vim

239 1335 321 1363 nobis
337 1334 419 1362 ullam
436 1332 536 1360 aﬂ'eras
551 1340 556 1358 :
571 1329 723 1358 Statuimus
736 1328 810 1355 enim
834 1327 898 1354 odio
922 1327 1024 1354 habere

241 1383 312 1410 banc
334 1381 428 1412 vitam,
459 1381 576 1413 quaeest
600 1376 633 1402 ad
660 1379 778 1408 tempus,
813 1373 928 1409 diligere
957 1380 1023 1400 vero

242 1431 358 1455 mortem
391 1423 559 1459 propositam
588 1425 700 1456 propter
715 1419 817 1447 Christi
843 1418 1023 1446 desiderium.

239 1473 292 1500 Per
305 1472 393 1506 ipsum
410 1469 484 1496 enim
503 1468 586 1495 vitali]
601 1471 730 1493 aeternam
752 1471 896 1500 speramus
912 1463 1025 1491 lucrifa-

240 1526 315 1545 cere.
332 1517 369 1544 De
382 1520 482 1544 caetero
493 1520 560 1548 ergo
580 1512 622 1539 tae
638 1512 758 1539 breviter
774 1511 802 1537 in
819 1518 870 1538 nos
881 1509 955 1544 quod
970 1509 1022 1536 vis.

1072 273 1265 306 ἐξαπόστειλον
1279 275 1346 310 ἡμῖν
1359 274 1389 301 τὸ
1405 275 1518 311 Πνεῦμά
1537 284 1584 302 σου
1602 276 1632 303 τὸ
1648 277 1792 310 πανάγιον,
1815 277 1858 303 ἵνα

1071 321 1100 348 ἐν
1116 320 1190 356 αὐτῷ
1205 321 1435 357 ἀγαλλιασώμεθα
1449 323 1496 349 καὶ
1509 323 1719 358 εὐφρανθῶμεν,
1727 324 1774 350 καὶ
1786 324 1858 358 νική-

1075 376 1167 403 σωμεν
1192 367 1242 399 τὰς
1258 369 1389 404 πονηρίας
1408 371 1457 404 τῆς
1475 369 1590 404 πλάνης,
1605 371 1651 396 καὶ
1664 370 1816 405 ὑψωθῶμεν
1830 371 1859 396 ὲν

1071 415 1105 449 τῇ
1118 413 1232 449 ἀληθινῇ
1250 422 1297 440 σου
1315 414 1403 441 πίστει
1423 414 1468 441 διὰ
1483 414 1530 442 τοῦ
1547 416 1625 449 ἁγίου
1640 416 1798 450 Πνεὺματος
1811 415 1860 442 τοῦ

1072 460 1221 492 λαλοῦντος
1236 461 1266 487 ὲν
1282 462 1362 496 ἡμῖν,
1374 462 1445 488 κατά
1464 461 1513 498 τὴν
1526 462 1658 498 ἀληθινήν
1674 471 1720 488 σου
1740 464 1858 496 ἐπαγγε-

1072 507 1143 539 λίαν,
1153 508 1201 534 καὶ
1214 508 1275 535 ἀντὶ
1288 507 1337 543 τῆς
1354 507 1545 543 ἀναιρεθείσης
1557 509 1692 543 κοσμικῆς
1703 508 1784 542 ἀξίας
1794 508 1860 543 παρ’

1072 553 1152 589 ἡμῶν
1171 552 1315 588 γενώμεθα
1338 555 1505 589 στρατιῶται
1522 556 1551 581 ὲν
1568 554 1644 581 πόλει
1663 555 1729 590 ἁγίᾳ
1747 563 1805 586 σου,
1830 555 1859 581 ἐν

1071 597 1090 637 ᾖ
1104 599 1310 627 συνελεύσονταί
1323 609 1363 627 σοι
1375 601 1476 632 πάντες
1487 601 1511 627 oi
1528 601 1707 636 συναγόμενοι
1720 603 1753 636 τῇ
1767 601 1860 627 πίστει

1072 646 1119 673 τοῦ
1139 647 1259 680 Χριστοῦ
1281 656 1340 680 σου,
1359 647 1417 682 μεθ’
1436 645 1467 675 οὗ
1483 657 1525 674 σοι
1542 649 1582 684 τῷ
1598 649 1698 682 Πατὲρι
1721 649 1823 683 πρέπει
1843 650 1860 684 ἡ

1071 692 1135 725 δόξα
1150 693 1197 719 καὶ
1209 692 1239 719 τὸ
1253 693 1355 728 κράτος
1373 694 1421 719 σὺν
1435 693 1473 728 τῷ
1488 694 1559 730 ἁγίῳ
1572 695 1618 721 καὶ
1634 694 1760 730 ζωοποιῷ
1774 694 1861 721 Πνεύ-

1075 746 1141 773 ματι
1157 739 1198 770 είς
1213 739 1276 770 τοὺς
1288 738 1399 771 αἰῶνας.
1421 739 1518 776 ’Δμήν.

1108 828 1150 855 H'.
1165 828 1219 854 Kal
1232 828 1301 862 μετὰ
1322 829 1371 864 τὴν
1394 830 1589 865 συμπλήρωσιν
1606 831 1661 858 τῶν
1683 831 1767 866 τριῶν
1792 832 1862 867 ἠμε-

1075 872 1131 907 ρῶν
1142 873 1311 908 προκαθίσας
1327 873 1408 900 πάλιν
1422 875 1436 900 ὁ
1451 875 1622 909 Μαξιμιανὸς
1640 876 1712 903 κατὰ
1722 877 1767 903 τὸν
1778 877 1861 903 αὑτὸν

1073 920 1155 946 τόπον
1169 919 1374 955 τῆςἋμαξικῆς
1387 921 1484 956 πύλης,
1495 922 1701 958 συνδραμούσης
1713 923 1760 948 καὶ
1770 923 1860 957 πάσης

1073 964 1125 1000 τῆς
1144 965 1260 997 πόλεως,
1286 966 1480 1000 μετεπέμψατο
1497 967 1562 997 τοὺς
1576 967 1679 1001 ἁγίους.
1699 969 1729 994 οι
1747 968 1774 993 δὲ
1790 976 1862 1003 παρ-

1074 1011 1207 1045 εγένοντο,
1220 1011 1360 1046 ἑλκόμενοι
1376 1012 1427 1038 ὑπὸ
1441 1012 1496 1038 τῶν
1505 1012 1664 1047 ὑπηρετῶν,
1681 1015 1726 1040 καὶ
1743 1013 1861 1048 ἔστησαν

1075 1056 1233 1091 ἔμπροσθεν
1253 1056 1302 1083 τοῦ
1325 1057 1485 1088 δυσσεϐοῦς.
1507 1057 1536 1085 '0
1555 1057 1583 1084 δὲ
1604 1058 1796 1095 φιλανθρωπίᾳ
1812 1059 1863 1094 τὴν

1075 1102 1190 1138 ἀπειλὴν
1207 1103 1337 1138 κεράσας,
1353 1103 1404 1139 ἔφη
1427 1104 1496 1140 πρὸς
1512 1105 1627 1136 αὐτούς·
1648 1105 1707 1131 Κᾶν
1729 1106 1778 1140 ὀψέ
1796 1114 1862 1132 ποτε

1074 1149 1105 1175 τὺ
1123 1149 1262 1184 συμφέρον
1274 1149 1340 1184 ὑμῖν
1357 1150 1467 1185 μάθετε,
1483 1147 1505 1177 ὧ
1517 1151 1623 1186 ἄνδρες,
1640 1151 1688 1178 καὶ
1701 1152 1864 1186 προσελθόν-

1075 1204 1120 1226 τες
1134 1195 1234 1222 θύσατε
1256 1198 1310 1226 τοῖς
1330 1196 1411 1229 θεοῖς,
1427 1197 1474 1223 καὶ
1492 1198 1644 1232 κομίσασθε
1660 1200 1709 1234 τὴν
1726 1198 1799 1233 ζωὴν
1813 1199 1862 1226 καὶ

1077 1241 1114 1277 μὴ
1129 1242 1175 1267 τὸν
1193 1242 1293 1276 πικρὸν
1309 1242 1434 1270 θάνατον.
1453 1244 1483 1270 Ol
1501 1244 1574 1277 ἅγιοι
1596 1242 1689 1270 εἷπονυ
1709 1245 1794 1271 Τοῦτο
1813 1254 1862 1271 κα-

1075 1286 1129 1317 λῶς
1142 1286 1375 1320 ἐϐουλευσάμεθα,
1389 1287 1507 1321 βασιλεῦ,
1520 1288 1569 1322 τὴν
1581 1289 1746 1323 πρόσκαιρον
1759 1289 1860 1323 ταύτην

1076 1331 1148 1366 ζωὴν
1160 1332 1284 1366 μισῆσαι,
1296 1333 1438 1366 ἀγαπῆσαι
1452 1333 1480 1359 δὲ
1495 1333 1540 1359 τὸν
1556 1335 1736 1369 προκείμενον
1747 1335 1862 1361 θάνατον

1075 1377 1118 1404 διὰ
1134 1378 1180 1403 τὸν
1191 1378 1230 1409 είς
1242 1378 1359 1413 Χριστὸν
1373 1378 1470 1405 moon
1483 1379 1629 1415 ἐλπίζομεν
1653 1382 1707 1416 γὰρ
1730 1381 1764 1407 δι’
1778 1381 1862 1407 αὑτοῦ

1075 1423 1205 1458 κερδᾶναι
1230 1423 1280 1459 τὴν
1305 1423 1378 1460 ζωὴν
1403 1426 1452 1459 τὴν
1472 1425 1590 1452 αίώνιον.
1611 1427 1713 1452 Λοιπὸν
1727 1426 1774 1453 οὖν
1791 1427 1862 1453 ποίει

1077 1469 1218 1504 συντόμως
1234 1471 1248 1497 ὃ
1263 1471 1371 1505 βούλειο
1389 1472 1468 1506 ἡμεῖς
1489 1472 1543 1507 γὰρ
1566 1472 1616 1499 οὐκ
1637 1471 1791 1508 ἀρνούμεθα
1816 1474 1863 1499 τὸν

1076 1515 1142 1542 Θεὸν
1157 1517 1246 1550 ἡμῶν,
1272 1517 1332 1543 οὐδὲ
1351 1517 1412 1548 τοὺς
1425 1517 1554 1552 δαίμονάς
1574 1525 1621 1543 σου
1638 1518 1862 1553 προσκυνοῦμενο

238 1564 295 1592 Nos
326 1563 399 1589 enim
428 1567 483 1587 non
511 1558 643 1593 negamus
671 1558 756 1584 Deum
779 1561 914 1588 nostrum,
932 1563 1021 1590 neque

1076 1562 1105 1587 ὲν
1118 1561 1172 1596 γὰρ
1186 1563 1219 1597 τῇ
1235 1563 1397 1597 κατακρίσει
1416 1563 1462 1589 τοῦ
1478 1565 1646 1598 προσκαίρου
1664 1565 1760 1591 τούτου
1779 1565 1863 1592 eam-

236 1610 378 1637 daemones
394 1612 455 1634 tuos
484 1611 605 1638 unquam
625 1602 813 1629 adorabimus.
826 1601 894 1629 Nam
913 1601 940 1628 in
957 1608 1024 1628 con-

232 1653 415 1683 ldemnatione
428 1651 510 1686 hujus
526 1649 703 1683 mortis,qua:
717 1652 759 1675 est
774 1647 807 1674 ad
823 1652 943 1682 tempus,
956 1647 1026 1674 libe-

234 1705 334 1726 ramur
346 1696 380 1723 ab
397 1700 499 1722 mterna
525 1693 763 1720 condenmatione.
779 1692 841 1719 Haec
857 1700 920 1720 cum
941 1692 1024 1719 dixis-

239 1749 301 1774 sent
320 1741 414 1771 sancti
442 1745 585 1775 martyres,
604 1738 700 1766 ridens
714 1743 845 1774 tyrannus
874 1738 900 1765 in
934 1738 1024 1765 medio

232 1798 335 1820 eorum
347 1787 548 1815 adolescentem
562 1785 631 1812 dixit
643 1785 668 1812 ei
683 1793 690 1812 :
703 1785 762 1817 Dic,
773 1784 1024 1818 adolescens,quod

240 1843 282 1866 cst
303 1836 351 1864 tibi
377 1842 488 1866 nomen,
505 1838 534 1861 et
563 1833 639 1868 cujas
655 1839 686 1859 es
700 1831 819 1866 genere?
835 1831 908 1857 Dixit
932 1831 1024 1858 adole-

239 1892 320 1912 scens
335 1892 341 1910 :
357 1881 489 1910 Nominor
503 1879 616 1914 quidem
635 1878 780 1910 Photinus,
793 1885 809 1905 a
823 1885 887 1904 vera
902 1877 963 1904 luce
978 1884 1023 1904 ac-

238 1935 319 1966 cepto
343 1929 464 1956 nomine.
481 1927 546 1954 Sum
562 1930 653 1953 autem
684 1925 762 1952 miles
775 1923 889 1957 Christi,
906 1925 953 1958 qui
973 1931 1024 1958 pu—

238 1979 305 2004 dore
321 1975 412 2003 atl‘ecit
427 1978 530 2009 patrem
550 1978 626 2000 tuum
645 1971 785 1998 Satanam.
803 1971 836 1998 Et
850 1979 910 1998 sum
921 1977 1022 2005 genere

238 2024 348 2059 quidem
365 2021 504 2049 Romanus
520 2028 527 2046 :
546 2019 619 2046 [ilius
634 2026 700 2045 vero
714 2022 744 2045 et
760 2018 880 2044 carnalis
900 2021 927 2044 et
938 2017 1022 2051 spiri-

239 2070 300 2097 talis
313 2067 436 2095 illauricii
459 2065 616 2093 clarissimi.
632 2064 672 2091 Ex
695 2071 729 2091 eo
743 2063 817 2092 enim
842 2068 930 2095 ortus,
945 2067 972 2091 et
988 2064 1023 2090 ab

237 2123 271 2142 eo
295 2118 405 2148 accepta
434 2112 480 2138 Dei
496 2110 665 2145 cognitione,
689 2110 717 2137 in
745 2109 848 2136 Christi
881 2109 934 2137 ﬂde
960 2117 1021 2136 sum

235 2161 383 2189 educatus.
416 2165 497 2192 quem
517 2161 545 2183 tu
563 2163 676 2190 negans,
691 2163 708 2182 ο
735 2155 895 2189 imperator,
912 2163 1023 2190 compa—

232 2212 315 2235 aratus
330 2213 360 2233 es
373 2203 507 2240 iumentis
533 2201 738 2236 insipientibus,
760 2205 788 2228 et
819 2201 917 2229 similis
934 2202 1022 2230 factus

231 2261 268 2280 «cs
284 2253 347 2280 illis.

274 2299 320 2327 ΣΧ.
341 2297 414 2326 Dixit
439 2302 600 2332 tyrannus:
627 2295 733 2324 Stultus
750 2303 779 2323 es
808 2295 977 2328 adolescens,
993 2300 1021 2322 et

231 2349 301 2372 sunt
313 2349 358 2370 tua
376 2342 457 2370 verba
469 2345 550 2369 atate
563 2339 657 2377 digna.
671 2341 769 2377 Atjam
786 2341 873 2373 disce,
889 2341 964 2376 quod
977 2347 1020 2369 cst

233 2392 287 2419 tibi
311 2389 547 2417 conducibilezct
568 2387 714 2420 accedens,
743 2387 866 2416 sacriﬁca
902 2389 1021 2416 maximo

233 2436 306 2469 Jovi,
332 2441 360 2464 et
386 2443 467 2471 parce
489 2441 541 2462 tua:
567 2435 714 2470 iuventuti.
741 2433 816 2462 Dixit
836 2435 1019 2463 adolescens:

234 2483 384 2516 Propterea
400 2480 472 2515 quod
493 2488 545 2507 non
559 2480 645 2512 facio,
666 2480 741 2514 quod
757 2480 809 2512 vis,
831 2487 922 2514 neque
933 2481 1020 2507 sacri-

236 2529 288 2565 ﬁco
302 2527 466 2560 simulacris,
483 2526 553 2554 dicis
567 2534 611 2554 me
637 2527 750 2554 stultum
766 2533 838 2553 esse.
855 2525 922 2553 Nam
946 2526 1021 2561 quod

235 2574 332 2602 attinet
345 2573 456 2608 quidem
474 2572 508 2600 ad
523 2573 604 2600 tidem
622 2572 731 2599 Domini
755 2572 807 2598 mei
826 2571 890 2598 Jesu
906 2571 1020 2605 Christi,

235 2621 314 2649 Valde
334 2620 421 2656 sapio.
439 2619 518 2646 Tunc
531 2619 601 2646 dixit
623 2623 755 2654 tyrannus
777 2625 872 2645 rursus
894 2618 1016 2646 sanctis:

233 2665 384 2700 Quousque
403 2664 640 2699 importunitatem
664 2668 782 2691 vestram
806 2664 985 2698 sustinemus,
1001 2672 1018 2693 ο

233 2712 339 2744 miseri,
362 2716 390 2739 et
410 2715 548 2738 tormenta
562 2708 716 2737 ditl'erimus
734 2717 767 2737 ex
787 2709 957 2745 benignitate
975 2711 1018 2738 in-

233 2757 437 2793 comparabili?
457 2755 615 2784 Sacriﬁcate
637 2763 702 2791 ergo
721 2756 787 2788 diis,
802 2763 836 2783 ne
864 2757 892 2783 in
911 2764 959 2785 vos
975 2766 1018 2786 ar-

234 2802 472 2837 mctisjustitiam.
485 2801 618 2828 Dixerunt
629 2803 717 2830 sancti
729 2808 863 2838 martyres
877 2807 991 2838 tyranno
1009 2814 1016 2832 :

268 2892 279 2907 ⁸
291 2890 388 2919 Matth.
404 2900 430 2919 ι.

1075 1614 1133 1639 του,
1149 1607 1199 1642 τῆς
1210 1608 1320 1634 αἰωνίου
1336 1608 1526 1643 κατακρίσεως
1541 1608 1767 1644 ἐλευθερούμεθα.
1791 1611 1864 1636 ’[αῶ-

1075 1660 1110 1678 τα
1126 1653 1259 1679 είπόντων
1277 1653 1332 1680 τῶν
1363 1654 1462 1688 ἁγίων,
1484 1654 1626 1689 θεωρήσας
1644 1656 1658 1682 ὁ
1681 1656 1813 1690 τύραννος
1833 1658 1862 1683 ὲν

1077 1699 1153 1734 μέσῳ
1164 1699 1253 1725 αὐτῶν
1264 1702 1383 1732 νεανίαν,
1402 1701 1453 1735 ἔφη
1466 1701 1534 1735 πρὸς
1547 1702 1642 1728 αὐτόν’
1660 1702 1692 1727 Τί
1704 1711 1751 1729 σου
1763 1704 1862 1737 1011i-

1076 1755 1115 1773 νει
1132 1747 1162 1773 τὸ
1175 1747 1271 1782 ὄνομα,
1284 1747 1332 1774 καὶ
1345 1747 1428 1774 πόθεν
1441 1747 1575 1783 ὑπάρχεις
1589 1749 1628 1784 τῷ
1646 1749 1718 1783 γένει
1730 1759 1738 1782 ;
1752 1750 1788 1775 Τὸ
1803 1757 1863 1784 μει-

1077 1793 1171 1827 ράκιον
1196 1793 1248 1828 ἔφη
1258 1801 1265 1809 ⁸
1280 1794 1411 1825 Φωτεινὺς
1426 1794 1595 1829 ὀνομάζομαι
1611 1795 1687 1830 παρὰ
1705 1795 1751 1822 τοῦ
1765 1795 1862 1831 ἀληθι-

1075 1838 1121 1864 νοῦ
1143 1839 1231 1873 φωτὸς
1259 1838 1309 1874 τὴν
1332 1839 1428 1874 κλῆσιν
1452 1840 1608 1876 δεξάμενος,
1627 1842 1673 1868 καὶ
1691 1842 1862 1876 στριτιὼτης

1074 1885 1134 1918 εἰμὶ
1147 1884 1278 1920 Χριστοῦ,
1293 1884 1340 1912 τοῦ
1361 1886 1592 1922 καταισχύναντος
1605 1887 1650 1914 τὸν
1667 1888 1798 1920 Σατανᾶν,
1814 1888 1862 1915 τὸν

1075 1929 1180 1964 πατέρα
1195 1938 1242 1956 σου
1255 1939 1261 1946 ·
1283 1931 1420 1966 Ῥωμαῖος
1437 1932 1465 1958 δὲ
1479 1933 1595 1968 ὑπάρχω
1608 1933 1638 1959 το
1652 1934 1741 1968 γένος,
1756 1935 1864 1969 Μαυρι-

1074 1977 1136 2003 κίου
1160 1976 1208 2003 τοῦ
1237 1977 1409 2010 ἑνδοξότατου
1436 1980 1578 2014 τυγχάνων
1597 1980 1654 2010 υἱὸς
1675 1981 1808 2014 σαρκικός
1831 1988 1863 2006 τε

1074 2025 1121 2051 καὶ
1140 2021 1341 2060 πνευματικόξ·
1361 2025 1391 2058 ἐξ
1407 2026 1489 2053 αὑτοῦ
1511 2027 1565 2061 γὰρ
1588 2026 1728 2061 προελθὼν
1748 2028 1795 2053 καὶ
1810 2027 1862 2062 τὴν

1073 2071 1174 2106 γνῶσιν
1187 2072 1253 2108 παρ’
1264 2072 1347 2099 αὐτοῦ
1362 2072 1481 2107 εἰληφὼς
1497 2072 1544 2100 τοῦ
1557 2073 1636 2105 Θεοῦ,
1651 2074 1691 2105 είς
1703 2075 1753 2108 τὴν
1768 2075 1862 2100 πίστι)

1073 2117 1231 2153 ἁνετράφην
1251 2118 1298 2144 τοῦ
1316 2118 1447 2154 Χριστοῦ,
1459 2118 1489 2145 ὃν
1505 2120 1536 2145 σὺ
1553 2119 1768 2155 ἁπαρνοὺμενος,
1779 2120 1862 2155 βασι-

1072 2162 1130 2196 λεῦ,
1157 2163 1401 2199 παρασυνεϐλήθης
1428 2165 1484 2196 τοῖς
1513 2165 1624 2200 κτήνεσι
1646 2166 1702 2197 τοῖς
1724 2167 1860 2201 ἀνοήτοις,

1073 2210 1121 2235 καὶ
1135 2209 1280 2244 ὡμοιώθης
1294 2210 1398 2242 αὐτοῖς.

1110 2299 1149 2326 6'.
1165 2299 1196 2327 '0
1205 2299 1334 2335 τύραννος
1345 2299 1436 2327 εἶπεν·
1457 2302 1636 2337 ’Δνοητεύεις,
1648 2302 1803 2338 μειράκιον,
1814 2304 1862 2331 καὶ

1074 2347 1124 2380 τῆς
1140 2346 1248 2382 ἡλικίας
1258 2347 1321 2380 ἄξια
1333 2348 1461 2381 τυγχάνει
1473 2349 1506 2375 τὰ
1518 2350 1629 2384 ῥήματά
1644 2358 1699 2376 σου.
1715 2348 1860 2384 Διδάχοητι

1075 2391 1121 2418 οὖν
1136 2392 1166 2418 τὸ
1178 2393 1329 2428 συμφέρον,
1347 2395 1393 2420 καὶ
1411 2393 1572 2428 προσελθὼν
1585 2394 1665 2422 θῦσον
1684 2395 1723 2430 τῷ
1737 2397 1861 2431 μεγίστῳ

1071 2437 1125 2473 θεῷ
1140 2439 1193 2471 Διῒ,
1208 2441 1255 2465 καὶ
1278 2440 1369 2473 φεῖσαί
1386 2449 1433 2467 σου
1449 2441 1500 2475 τῆς
1513 2442 1649 2476 νεότητος.
1662 2441 1699 2468 Τὸ
1715 2443 1861 2477 μειράκιον

1070 2483 1122 2518 εφη
1132 2491 1141 2499 ο
1159 2484 1203 2511 Ἐν
1211 2484 1250 2520 τῷ
1260 2485 1298 2520 μὴ
1313 2487 1401 2513 ποιεῖν
1413 2486 1442 2513 τὸ
1452 2486 1557 2522 θέλημά
1566 2496 1613 2514 σου
1622 2487 1712 2521 λέγεις
1722 2496 1769 2523 μοι
1779 2488 1860 2523 ἀνοη-

1070 2529 1183 2563 ταίνειν,
1200 2531 1262 2557 ἐπεὶ
1281 2531 1328 2558 καὶ
1350 2533 1421 2559 πάνυ
1437 2533 1530 2568 φρονῶ
1548 2534 1614 2569 περὶ
1627 2534 1675 2569 τὴν
1698 2535 1789 2561 πίστιν
1810 2535 1858 2561 τοῦ

1070 2575 1174 2611 Κυρίου
1196 2585 1246 2611 μου
1263 2577 1350 2612 Ἰησοῦ
1371 2579 1501 2614 Χριστοῦ.
1515 2580 1582 2607 Τότε
1597 2578 1674 2608 εἴπεν
1693 2582 1707 2608 ὁ
1729 2580 1859 2615 τύραννος

1072 2621 1141 2656 πρὸς
1160 2622 1223 2653 τοὺς
1245 2622 1340 2657 ἁγίους
1361 2625 1458 2652 πάλιν·
1473 2626 1545 2658 Ἕως
1569 2626 1634 2653 πότε
1654 2627 1703 2662 τῆς
1720 2627 1859 2662 ὑμετέρας

1073 2669 1234 2704 σκαιότητος
1251 2670 1404 2706 ἀνεχόμεθα
1426 2672 1473 2699 καὶ
1493 2674 1552 2705 ταῖς
1567 2672 1693 2708 βασάνοις
1713 2673 1813 2709 ἀνοχὴν
1829 2673 1859 2706 ἐξ

1073 2714 1239 2750 ἀσυγκρίτου
1263 2716 1469 2752 φιλανθρωπίας
1491 2719 1668 2755 παρέχομενς
1695 2719 1796 2747 θύσατε
1811 2718 1858 2747 οὖν

1073 2760 1127 2792 τοῖς
1142 2760 1224 2794 θεοῖς,
1243 2762 1286 2789 ενα
1298 2763 1336 2798 μὴ
1352 2764 1402 2798 τὴν
1415 2764 1494 2801 δίκην
1508 2765 1569 2792 καθ’
1585 2766 1662 2802 ὑμῶν
1676 2766 1856 2802 ἕξωπλίσητι.

1073 2807 1104 2832 οι
1120 2806 1192 2842 ἅγιοι
1209 2806 1285 2837 εἷπον
1301 2809 1339 2845 τῷ
1356 2810 1479 2846 τυράννῳ
1492 2820 1499 2828 -
1523 2811 1586 2840 Ἐὰν
1601 2812 1666 2849 ιχῃς
1680 2813 1793 2848 γνῶσιν,
1806 2814 1857 2840 ὑπ-
