2024 3153
164 183 216 215 363

657 188 745 218 VITA
766 189 818 219 SS.
837 187 1020 218 MAURITll
1038 188 1085 218 ΕΤ
1103 189 1308 219 SOCIORUM.

1737 191 1788 223 365

163 239 246 274 ουργι
269 239 325 266 τῶν
348 241 513 276 ἀκαθάρτων
527 242 672 277 δαιμόνων,
688 242 855 279 μεμάθηκας
877 244 950 279 παρά

1006 243 1126 271 Sceleste.
1139 250 1166 272 et
1183 245 1345 272 administer
1363 246 1565 274 immundorum
1579 247 1745 279 dtcmonum,
1766 249 1788 276 si

164 287 299 314 Φωτεινοῦ
323 288 373 323 τὴν
387 288 525 324 ἡμετέραν
540 289 631 324 ίσχύνο
649 290 673 316 εί
697 289 751 326 γὰρ
768 291 870 323 ἐκεῖνος
893 291 952 323 νέος

165 334 296 369 ὑπάρχων
311 335 362 370 τὴν
374 335 483 370 ἡλικίαν
498 335 666 370 κατῄσχυνέν
680 344 726 363 σου
743 337 792 372 τὴν
806 337 892 372 ἀσεϐῆ
904 337 952 363 καὶ

162 379 328 415 ἀναίσθητον
347 380 462 416 γνώμην
486 380 530 407 διὰ
553 381 603 416 τῆς
622 381 788 417 εἰλικρινοῦς
803 381 886 409 αὑτοῦ
909 382 953 408 πί-

165 434 250 457 στεως
275 426 322 453 καὶ
341 427 390 461 τῆς
405 428 445 458 είς
460 427 579 462 Χριστὸν
598 427 737 461 γνώσεως,
753 429 828 463 πόσῳ
852 428 952 464 μᾶλλον

162 473 243 507 ἡμεῖς
257 472 431 507 αἱρησόμεθα
447 473 536 504 πάσας
551 473 684 508 βασάνους
704 474 865 509 ὑποστῆναι,
878 475 953 506 ὅπως

162 517 393 553 καταισχύνωμεν
405 518 450 544 τόν
476 519 582 554 πατέρα
605 527 662 551 σου,
682 520 727 546 τὸν
745 519 882 554 διάδολον,
906 520 953 547 καὶ

163 564 397 599 εὐαρεστήσωμεν
418 564 458 599 τῷ
479 565 591 600 Χριστῷ
604 574 611 598 ;
626 566 693 593 Τότε
714 565 853 600 θυμωθεὶς
868 567 883 592 ό
905 567 953 593 τύ-

163 620 260 646 ραννος
276 611 422 638 ἐκέλευσεν
433 611 585 639 τύπτεσθαι
604 613 667 645 τοὺς
686 613 779 647 άγίους
795 613 953 650 βουνεῦροις

162 657 248 691 ὠμοῖς
263 665 270 672 ”
288 657 335 683 καὶ
351 657 468 692 ἤρξαντο
491 658 514 684 oi
540 659 676 694 ὑπηρέται
702 659 816 686 τύπτειν
841 660 951 692 αὐτοὺς.

162 702 214 733 ἕως
227 698 259 728 οὗ
273 701 422 738 διέρῤαξαν
443 702 493 733 τὰς
512 703 616 738 σάρκας
632 703 733 737 αὐτῶν,
748 704 853 731 καὶτοῦ
870 705 952 740 αἵμα-

162 756 205 779 τος
219 747 314 774 αὐτῶν
331 747 456 782 σφοδρῶς
473 749 637 783 φερομένου,
651 749 676 775 οί
694 749 767 783 amo:
785 751 826 782 εἰς
843 750 889 777 τὸν
903 751 951 776 οὗ-

164 795 244 830 ρανδν
270 794 473 829 ἀναϐλέψαντες
503 795 587 821 ἐϐόων
610 795 728 831 Χριστὸν
743 796 789 822 τὸν
809 796 876 823 Θεὸν
897 798 952 823 ἱκε-

161 840 285 872 τεύοντες
303 841 443 875 ἑνισχύσαι
459 841 557 872 αὐτοὺς
572 841 619 867 καὶ
635 841 691 868 τῶν
708 842 796 869 πόνων
808 842 950 876 ἐπικουφῖ-

163 894 225 912 σαι·
247 885 276 918 ὃς
292 885 449 918 ἐπακούσας
463 887 513 920 sic
526 886 616 913 αὐτῶν
633 886 758 919 ὲκτενοῦς
782 887 949 923 προσευχῆς,

162 932 264 967 ἑπὲσ-τη
286 932 379 964 αὐτοῖς
400 932 438 966 τῷ
460 932 568 967 ἀοράτῳ
591 932 676 958 αὐτοῦ
698 933 812 968 δυνάμει
836 932 950 959 καὶτῶν

162 979 251 1005 πόνων
278 978 332 1005 τῶν
357 978 483 1014 βασάνων
504 978 603 1009 αὐτοὺς
625 979 808 1013 ἐπεκούφισεν
834 979 880 1005 καὶ
902 978 951 1011 τὰς

162 1023 278 1058 καρδίας
309 1023 400 1050 αὐτῶν
434 1024 463 1049 ὲν
495 1024 528 1058 τῇ
563 1023 631 1057 πρδς
659 1024 740 1050 αὑτὸν
770 1024 951 1060 ὲπεστήριξεν

161 1069 267 1105 ἀγάπῃ.

196 1115 225 1143 ιν.
251 1117 455 1151 Ἀτονησάντων
475 1117 503 1143 δὲ
520 1117 701 1153 βασανιστῶν,
721 1114 798 1145 εἶπεν
815 1117 830 1144 ό
851 1117 951 1154 τύρανο

160 1172 204 1194 νος
220 1164 276 1195 τοῖς
293 1164 396 1198 ἁγίοις·
415 1164 535 1197 Ἐγνωτε
552 1164 608 1197 οὖν,
621 1161 644 1192 ὦ
659 1165 802 1199 τολμηταὶ,
835 1165 871 1196 ὡς
903 1165 951 1201 ρᾁ

159 1211 214 1237 διόν
229 1219 275 1245 μοι
287 1210 440 1244 καθέστηκε
452 1211 500 1245 τὴν
514 1210 587 1246 ζωὴν
600 1210 677 1246 ὑμῶν
688 1210 837 1238 ἀπολέσαι·
851 1210 951 1237 θύσατε

160 1256 205 1283 οὖν
221 1257 279 1287 τοῖς
295 1255 377 1288 θεοῖς,
394 1255 437 1282 ἵνα
453 1256 489 1291 μὴ
506 1258 676 1292 πικροτέρων
696 1257 848 1292 πειρωθῆτε
866 1257 950 1291 βασά-

161 1311 224 1329 νων.
247 1301 454 1336 Ἀποκριθέντες
477 1302 505 1328 δὲ
526 1303 551 1328 οἱ
572 1302 643 1336 ἅγιοι
659 1303 697 1338 τῷ
714 1303 835 1338 τυράννῳ
858 1300 949 1328 εἷπον·

161 1349 248 1375 Τυῦτο
262 1347 392 1382 γίνωσκε,
410 1348 578 1375 ἀσεϐέστατε
594 1351 641 1375 καὶ
653 1348 776 1383 ἀλλότριε
794 1348 840 1375 τοῦ
855 1348 950 1383 ἀληθι-

161 1393 206 1420 νοῦ
219 1393 300 1429 ἡμῶν
315 1393 394 1427 Θεοῦ,
406 1395 459 1426 ὅτι,
471 1394 565 1430 ὥσπερ
580 1395 612 1421 σὺ
627 1395 677 1421 οὐκ
693 1394 808 1430 αἰσθάνῃ
822 1394 870 1428 τῆς
883 1395 951 1428 ἀγά-

161 1451 214 1478 πης
230 1442 278 1469 τοῦ
296 1441 414 1478 Χριστοῦ
441 1443 487 1469 καὶ
508 1442 556 1477 τῆς
583 1442 776 1477 λαμπρότητος
792 1441 886 1475 αὑτοῦ,
906 1442 951 1469 διὰ

160 1488 205 1515 τὸν
221 1487 458 1522 περικαλύπτοντα
475 1488 524 1523 τὴν
539 1487 657 1514 διάνοιάν
670 1496 716 1514 σου
733 1488 763 1514 ἐκ
782 1489 831 1522 τῆς
847 1487 950 1522 πλάνης

160 1534 214 1562 τῶν
228 1533 364 1568 δαιμόνων
381 1533 487 1564 σκότον,
500 1533 585 1565 οὕτως
597 1533 656 1559 οὐδὲ
671 1533 750 1568 ἡμεῖς
760 1533 813 1559 τῶν
826 1533 951 1567 βασάνων

1005 290 1070 325 quid
1084 291 1186 326 ingenii
1206 291 1309 318 habeas
1331 296 1378 318 aut
1400 292 1532 326 scientiae,
1551 293 1670 322 didicisti
1686 302 1700 322 a
1717 295 1790 323 Plio-

1005 338 1062 364 tino
1075 341 1196 364 nostram
1213 337 1293 365 ﬁdem
1315 342 1343 366 et
1354 338 1427 366 vires
1453 344 1572 367 nostras.
1595 341 1623 368 Si
1643 341 1716 369 enim
1732 342 1788 374 ille,

1003 390 1065 410 cum
1078 383 1113 410 sit
1127 388 1208 411 aetate
1222 383 1343 419 juvenis.
1359 384 1465 419 pudore
1483 385 1576 412 aﬂ‘eeit
1590 386 1700 422 impiam
1714 392 1789 415 tuam

1004 433 1123 456 mentem
1146 433 1175 456 et
1192 430 1268 457 nullo
1290 438 1371 458 sensu
1400 430 1554 465 praeditam,
1579 439 1628 466 per
1652 433 1789 461 sinceram

1004 481 1080 500 suam
1102 474 1182 501 fidem
1203 479 1232 502 et
1254 475 1357 502 Christi
1373 475 1568 510 cognitionem,
1584 481 1688 511 quanto
1703 480 1790 514 magis

1003 527 1056 546 nos
1081 520 1282 548 eontendemus
1309 525 1446 548 tormenta
1471 521 1563 548 omnia
1586 523 1734 556 sustinere,
1760 529 1790 552 ut

1004 565 1108 600 pudore
1137 565 1288 594 aﬂtciamus
1301 572 1406 602 patrem
1421 571 1498 594 tuum
1516 567 1666 600 diabolum,
1681 573 1709 596 et
1730 570 1788 605 pla-

1004 618 1115 639 ceamus
1122 611 1233 639 Christo
1246 616 1340 640 nostro
1347 617 1374 640 et
1387 614 1460 641 Deo?
1470 613 1547 641 Tune
1559 613 1645 642 iratus
1656 617 1790 651 tyrannus

1001 657 1084 692 jussit
1106 663 1218 685 sanctos
1239 658 1378 686 verberati
1402 659 1497 687 crudis
1519 659 1602 687 boum
1631 663 1742 688 nervis:
1760 665 1788 689 et

1003 708 1147 738 ccepcrunt
1156 704 1274 732 ministri
1286 712 1334 732 cos
1358 705 1473 737 czedere,
1487 706 1575 735 donec
1585 715 1682 735 carnes
1693 716 1789 736 eorum

1003 748 1233 783 discerpserunt:
1269 754 1374 778 etcum
1407 751 1486 779 valde
1513 757 1656 780 emanaret
1693 761 1789 781 eorum

1003 795 1125 828 sanguis,
1145 796 1233 823 sancti
1250 803 1360 824 sursum
1381 798 1547 832 aspicientes
1565 799 1592 826 in
1609 799 1720 832 malum,
1732 800 1791 827 cla-

1004 839 1115 866 mabant
1130 839 1241 867 Christo
1266 841 1464 876 supplicantes,
1483 843 1563 870 uteis
1576 844 1650 872 vires
1676 844 1791 873 adderet

1003 885 1148 912 etlct'aret
1166 892 1264 912 eorum
1292 887 1412 914 labores.
1440 888 1490 921 Qui
1509 897 1571 916 cum
1595 890 1729 918 audiisset
1746 891 1790 918 in—

1004 934 1109 957 tensam
1132 938 1228 958 eorum
1248 933 1446 967 precationem,
1463 934 1496 961 ad
1523 942 1570 962 eos
1595 937 1712 964 accessit
1741 944 1791 971 po-

1003 979 1102 1004 testate
1115 985 1176 1012 qua:
1195 985 1248 1004 non
1272 979 1349 1006 cadit
1365 980 1416 1006 sub
1438 985 1591 1014 aspectum.
1609 986 1638 1009 et
1660 983 1790 1010 allevavit

1002 1021 1112 1050 labores
1131 1027 1343 1057 tormentorum,
1359 1029 1387 1052 et
1412 1027 1583 1054 confirmavit
1597 1028 1680 1056 corda
1692 1036 1790 1056 eorum

1004 1068 1030 1093 in
1044 1068 1178 1096 charitate
1191 1069 1217 1095 in
1237 1069 1338 1104 ipsum.

1038 1113 1071 1140 Χ.
1088 1114 1156 1141 Cum
1184 1114 1285 1142 defessi
1307 1120 1398 1143 autem
1411 1120 1503 1144 essent
1515 1121 1644 1151 tortores,
1657 1123 1790 1155 tyrannus

1002 1157 1071 1185 dixit
1095 1159 1197 1187 sanctis
1215 1168 1221 1186 :
1242 1161 1426 1195 Cognovistis,
1439 1169 1456 1188 ο
1473 1162 1592 1190 audaces
1616 1164 1741 1192 homines
1762 1169 1790 1193 et

1003 1205 1152 1237 temerarii,
1165 1213 1247 1241 quam
1260 1206 1295 1234 sit
1308 1207 1374 1234 mihi
1387 1207 1466 1236 facile
1477 1209 1561 1236 vitam
1585 1215 1704 1238 vestram
1727 1219 1791 1247 per-

1002 1251 1087 1279 dere?
1101 1253 1137 1278 De
1152 1257 1252 1280 caetero
1267 1262 1332 1288 ergo
1349 1254 1404 1282 diis
1416 1256 1578 1287 sacrificate,
1595 1264 1630 1284 ne
1647 1258 1789 1286 acerbiora

1003 1303 1139 1326 tormenta
1174 1301 1310 1327 sentiatis.
1342 1301 1436 1329 Sancti
1475 1310 1541 1330 vero
1579 1305 1788 1340 respondentes,

1002 1345 1130 1372 dixerunt
1140 1351 1255 1381 tyranno
1266 1347 1425 1382 imperatori
1438 1357 1445 1375 :
1459 1348 1514 1376 Hoc
1524 1357 1669 1384 cognosce,
1678 1359 1695 1378 ο
1707 1351 1789 1387 impie

1001 1396 1029 1418 et
1044 1392 1133 1420 aliene
1153 1400 1168 1420 a
1188 1400 1253 1420 vero
1275 1393 1330 1420 Deo
1358 1399 1463 1426 nostro,
1485 1395 1559 1430 quod
1587 1397 1725 1430 quomodo
1758 1401 1787 1425 tu

1001 1437 1103 1466 Christi
1119 1439 1282 1466 charitatcm
1299 1447 1352 1467 non
1371 1441 1457 1468 sentis
1470 1447 1497 1468 et
1519 1442 1579 1477 ejus
1601 1443 1788 1477 splendorem.

1002 1489 1116 1518 propter
1133 1484 1262 1511 tenebras
1278 1493 1338 1520 qua:
1362 1490 1480 1513 mentem
1498 1491 1574 1514 tuam
1597 1489 1727 1523 operiunt
1754 1497 1789 1518 ex

1002 1537 1095 1558 errore
1106 1530 1274 1563 daemonum,
1290 1531 1327 1558 ita
1342 1539 1430 1567 neque
1443 1540 1494 1560 nos
1510 1537 1647 1562 tormenta
1665 1539 1711 1563 tua
1723 1543 1788 1564 sen-

160 1589 206 1608 σου
226 1579 424 1615 αἰσθανόμεθα,
440 1579 484 1606 διὰ
498 1579 528 1606 τὺ
544 1579 712 1614 πεφωτὶσθαι
734 1579 813 1614 ἡμῶν
828 1578 877 1613 τὴν
892 1578 948 1605 διά-

1004 1573 1098 1606 timus,
1117 1579 1261 1610 propterea
1277 1575 1349 1610 quod
1369 1584 1447 1604 mens
1464 1583 1559 1606 nostra
1578 1579 1615 1607 sit
1633 1579 1788 1609 illuminata

159 1635 235 1653 νοιαν
252 1627 284 1652 ἐκ
300 1625 348 1659 τῆς
368 1625 486 1656 πίστεως
503 1625 550 1651 καὶ
563 1625 673 1659 ἀγάπης
686 1624 804 1660 Χριστοῦ
817 1624 864 1652 τοῦ
880 1625 948 1653 Θεοῦ

160 1672 250 1707 ἡμῶν.
270 1671 388 1698 Ἐπινόει
412 1670 501 1698 τοίνυν
521 1671 617 1706 ἐτέρας
636 1671 758 1706 μηχανὰς
783 1671 949 1707 βασανιστη-

161 1718 227 1753 ρίων
256 1719 451 1751 καινοπρεπεῐς
477 1717 538 1744 καθ’
553 1716 649 1751 ἡμῶν·
675 1717 738 1752 διψᾷ
756 1717 808 1752 γὰρ
832 1717 909 1752 ἡμῶν
932 1719 949 1754 ή

159 1765 264 1791 διάνοια
275 1764 321 1790 καὶ
332 1763 461 1798 ἐπιθυμεῖ
472 1764 488 1798 ἡ
501 1763 571 1790 κατὰ
582 1763 698 1798 Χριστὸν
710 1763 786 1799 ἡμῶν
800 1763 894 1800 ἀγάπη
905 1764 949 1790 δια

159 1810 209 1843 τῆς
223 1810 274 1843 σῆς
288 1808 349 1836 καθ’
362 1808 626 1843 ήμῶνὰποφάσεως,
643 1807 782 1842 θεωρῆσαι
796 1807 843 1834 τὸν
859 1807 949 1840 ζῶντα

160 1856 226 1882 Θεὸν
238 1856 287 1882 καὶ
302 1854 481 1890 βασιλεύοντα
498 1855 538 1884 είς
552 1854 614 1884 τοὺς
630 1853 743 1884 αἰῶνας.
758 1853 852 1881 Ταῦτα
867 1853 949 1880 ἀκού-

161 1910 209 1934 σας
231 1902 245 1928 ὁ
259 1901 390 1936 τύραννος
406 1900 452 1927 καὶ
469 1900 615 1935 θυμωθεὶς,
637 1899 741 1927 κελεύει
764 1901 853 1935 πυρὰν
872 1909 948 1936 παμ-

163 1949 264 1984 μεγέθη
283 1947 410 1982 γενὲσθαι
427 1948 473 1974 καὶ
487 1947 515 1974 ὲν
528 1947 596 1982 αὖτῇ
609 1946 704 1981 στῆναι
714 1947 776 1978 τοὺς
791 1947 947 1982 μάρτυραςο

161 1993 213 2020 τῶν
245 1992 277 2019 δὲ
302 1992 460 2027 δορυφόρων
492 1992 695 2027 πληρωτάντων
717 1991 800 2018 αὑτοῦ
820 1992 869 2026 τὴν
893 1992 947 2018 ἀπ-

161 2039 304 2074 άνθρωπον
319 2038 454 2069 κέλευσιν,
466 2038 598 2069 ἑκουσίως
618 2039 642 2065 oi
658 2038 730 2072 ἅγιοι
749 2038 901 2074 ὲπήρχοντο
916 2039 948 2073 τῇ

161 2086 293 2121 πυρκαῖᾷ,
310 2084 348 2116 ὡς
375 2084 451 2111 ’ὑδατι
472 2084 510 2119 τῷ
531 2085 598 2119 πυρὶ
623 2084 798 2119 προσομιλεῖν
823 2084 948 2119 ἀλλήλοις

161 2132 433 2168 παρακελευόμενοι·
453 2131 499 2158 καὶ
514 2131 593 2165 λόγον
615 2131 710 2158 οὐδένα
731 2131 779 2166 τῆς
802 2130 877 2166 παρὰ
894 2131 948 2158 τῶν

161 2179 306 2214 ἀνθράκων
323 2177 479 2212 ποιούμενοι
493 2177 627 2208 καύσεως,
647 2177 814 2212 μεγαλοιρυεῖ
829 2176 867 2211 τῷ
884 2185 949 2212 φρο-

162 2226 264 2260 νήματι
279 2224 349 2259 πρδς
365 2223 409 2250 τὸν
426 2223 557 2258 τύραννον
575 2223 711 2257 ἔφασκον·
736 2222 842 2258 Ἡμεῖς,
861 2223 948 2255 Meﬁt-

1004 1628 1018 1647 a
1031 1620 1083 1648 ﬁde
1095 1621 1266 1649 etcharitate
1277 1621 1380 1650 Christi
1396 1623 1441 1651 Dei
1453 1625 1550 1652 nostri.
1562 1625 1692 1662 Excogita
1712 1634 1789 1663 ergo,

1003 1674 1019 1693 ο
1031 1671 1146 1703 tyranne
1166 1672 1193 1695 et
1211 1668 1304 1696 insane
1316 1670 1402 1701 canis.
1419 1670 1487 1698 alias
1508 1670 1535 1698 in
1551 1679 1600 1699 nos
1624 1680 1710 1700 novas
1731 1681 1789 1701 ma-

1003 1713 1099 1740 chinas
1115 1717 1325 1742 tormentorum.
1342 1715 1406 1743 Sitit
1430 1716 1504 1743 enim
1529 1725 1606 1745 mens
1633 1724 1739 1751 nostra,
1761 1725 1790 1748 et

1003 1759 1151 1793 desiderat,
1183 1769 1243 1796 quae
1255 1765 1341 1788 estex
1357 1761 1479 1796 Christo,
1501 1762 1631 1798 charitas,
1649 1773 1698 1799 per
1714 1769 1787 1793 luam

1004 1807 1030 1833 in
1055 1814 1105 1834 nos
1122 1808 1298 1839 sententiam.
1320 1809 1501 1844 contemplari
1528 1810 1614 1838 Deum
1641 1811 1734 1839 vivum
1762 1818 1790 1840 et

1004 1857 1162 1886 regnantem
1178 1853 1204 1880 in
1221 1854 1329 1881 szecula.
1347 1854 1408 1882 llaec
1431 1863 1492 1882 cum
1509 1856 1642 1884 audiisset
1658 1862 1790 1893 tyrannus

1003 1903 1030 1924 et
1048 1898 1125 1925 valde
1139 1898 1236 1926 fuisset
1259 1899 1355 1931 iratus,
1368 1901 1445 1935 jubet
1458 1901 1570 1928 accendi
1589 1910 1684 1937 rogum
1701 1904 1790 1931 maxi-

1004 1951 1077 1970 mum
1093 1944 1162 1971 etin
1186 1945 1312 1980 eumjaci
1339 1951 1450 1973 sanctos
1477 1952 1620 1983 martyres.
1641 1948 1709 1976 Cum
1735 1949 1789 1976 im-

1003 1990 1126 2024 plessent
1152 1997 1218 2018 vero
1236 1991 1368 2019 satellites
1396 1992 1526 2019 acerbum
1554 1997 1581 2020 et
1609 1993 1789 2022 inhumanum

1003 2037 1062 2072 ejus
1088 2037 1205 2072 jussum,
1228 2038 1315 2065 sancti
1342 2046 1391 2065 sua
1424 2043 1522 2073 sponte
1550 2044 1727 2068 accesserunt
1754 2042 1788 2068 ad

1003 2091 1110 2118 rogum,
1125 2091 1153 2111 se
1175 2083 1291 2111 invicem
1314 2083 1506 2116 adhortantes,
1522 2089 1552 2113 ut
1563 2085 1595 2112 ad
1616 2085 1704 2121 ignem
1730 2090 1790 2114 tan-

1003 2137 1084 2164 quam
1096 2129 1128 2156 ad
1147 2137 1245 2165 aquam
1259 2129 1423 2158 accederent
1438 2139 1444 2157 :
1457 2138 1545 2166 neque
1560 2131 1642 2158 ullam
1656 2132 1788 2160 (lucentes

1004 2174 1138 2202 rationem
1172 2175 1323 2202 carbonum
1353 2176 1519 2209 exustionis,
1538 2185 1637 2213 magno
1668 2181 1696 2206 et
1723 2186 1790 2206 con-

1003 2221 1084 2248 stanti
1103 2221 1202 2256 spiritu
1218 2221 1348 2249 dixerunt
1367 2226 1484 2258 tyranno
1501 2231 1508 2249 :
1524 2222 1588 2256 Nos,
1600 2231 1616 2250 o
1629 2223 1788 2258 imperator,

165 2272 255 2307 μιανὲ,
270 2271 320 2306 την
336 2270 473 2305 τΰφλωσιν
487 2270 535 2305 τῆς
551 2270 600 2304 σῆς
611 2268 790 2304 ἀναισθησίας
806 2268 950 2303 λογιζόμε-

1002 2267 1206 2294 considerantes
1227 2268 1375 2295 caecitatem
1393 2273 1465 2295 tuam
1477 2272 1504 2294 et
1515 2275 1613 2295 sensus
1625 2274 1786 2304 egestatem.

161 2326 210 2350 νοι,
228 2316 400 2351 οίκτείρομέν
421 2324 450 2342 σε
466 2315 517 2350 τῆς
531 2315 636 2350 λιθίνης
656 2315 772 2350 καρδίας
787 2315 890 2346 ἕνεκεν,
908 2314 949 2340 ὅτι

162 2363 302 2398 ὑπηρέτης
330 2363 446 2397 γέγονας
473 2362 524 2397 τῆς
551 2361 604 2388 τῶν
628 2361 792 2396 ἀκαθάρτων
816 2359 950 2394 δαιμόνων

162 2410 276 2444 πλάνης,
293 2409 330 2444 μὴ
345 2409 493 2444 δυνάμενο;
508 2408 643 2443 ἀνανῆψαι
663 2407 730 2442 μηδὲ
749 2406 896 2441 ἐπιγνῶναι
912 2405 950 2436 ὡς

162 2457 252 2482 πᾶσαν
265 2455 440 2491 ἀνθρωπίνην
458 2453 646 2489 ὑπερϐἑὸηκεν
663 2453 787 2489 ἀνδρείαν
801 2453 816 2488 ἡ
831 2451 949 2486 τοσαύτη

161 2502 208 2537 τῆς
223 2501 374 2537 καρτερίας
386 2501 518 2536 ὑπομονὴ.
532 2501 580 2532 Τίς
592 2501 646 2535 γὰρ
661 2499 746 2535 χωρὶς
760 2499 834 2531 θείας
847 2498 950 2533 ἀναψύ-

162 2547 227 2579 ξεως
241 2547 370 2573 τοσοῦτον
392 2546 463 2573 κατὰ
481 2546 631 2580 παμφάγου
648 2544 745 2579 φλογὸς
767 2544 950 2578 ἀγωνίσοιτος

163 2593 192 2619 Οί
207 2593 235 2619 δὲ
245 2592 286 2628 τῷ
300 2591 437 2626 πνεύματι
452 2590 557 2624 ζέοντες
573 2591 618 2617 καὶ
635 2591 681 2617 τὸν
696 2591 762 2617 Θεὸν
774 2590 950 2625 ἐνδυσάμενοι

164 2638 218 2674 πῦρ
248 2638 447 2665 καταναλίσκον
470 2637 532 2668 τοὺς
557 2637 628 2664 κατά
653 2636 683 2662 σὲ
708 2635 845 2667 δυσσεϐεῖς
860 2634 950 2667 ὄντας,

161 2684 286 2719 οὐδαμῶς
307 2683 407 2718 βλάψαι
420 2684 482 2715 τοὺς
496 2683 620 2714 εὐσεϐεῖς
634 2682 778 2718 δυνήσεται
792 2689 799 2697 ι
817 2681 883 2716 φλὸξ
896 2683 951 2716 γὰρ

163 2730 212 2756 ὑπό
237 2730 339 2764 φλογὸς
357 2729 527 2765 προσκαίρου
552 2737 581 2756 τε
611 2729 659 2755 καὶ
683 2728 806 2764 φθαρτῆς
829 2728 880 2754 οὐκ
895 2727 950 2762 ἔχει

163 2777 243 2810 φύσιν
262 2775 523 2808 καταναλίσκεσθαι.
537 2775 635 2810 Μάτην
652 2773 698 2801 οὖν
714 2774 835 2809 μοχθεῖς,
853 2775 951 2809 ἀνόητε

163 2822 288 2858 τύραννε,
317 2823 380 2853 τοὺς
403 2821 617 2857 πεπυρωμένους
646 2821 720 2856 ἡμᾶς
737 2822 769 2856 τῇ
790 2821 885 2856 ἀγάπῃ
904 2820 951 2846 τοῦ

163 2866 282 2903 Χριστοῦ
306 2869 373 2902 πυρὶ
397 2867 571 2902 δαπανῆσθαι
599 2867 779 2902 φιλονεικῶν·
810 2867 951 2902 ἐκύρωσεν

163 2914 216 2949 γὰρ
237 2914 319 2949 ἡμᾶς,
332 2914 368 2946 ὡς
383 2913 517 2949 πυροῦται
531 2913 561 2940 τὸ
577 2913 719 2948 ἀργύριον.

1002 2312 1101 2346 Ιιῳὶόεὶ
1119 2312 1157 2339 tui
1175 2313 1268 2340 cordis
1283 2313 1456 2346 miseremur,
1472 2313 1545 2347 quod
1559 2313 1645 2341 fueris
1661 2314 1786 2342 minister

1001 2357 1102 2384 erroris
1127 2358 1314 2392 improborum
1331 2363 1359 2386 et
1384 2358 1588 2385 immundorum
1602 2351 1785 2392 .dmmonum.

1002 2411 1056 2430 non
1071 2403 1163 2430 valens
1179 2404 1352 2438 resipiscere,
1369 2409 1417 2431 aut
1436 2412 1602 2439 cognoscere
1620 2404 1705 2433 Deum
1723 2406 1786 2434 coeli

1001 2454 1029 2476 et
1042 2453 1131 2481 teme.
1149 2450 1196 2484 qui
1215 2454 1318 2477 tantam
1348 2450 1428 2478 nobis
1443 2450 1636 2479 fortitudinem
1665 2451 1743 2480 dedit
1758 2457 1787 2480 et

1003 2495 1188 2523 tolerantiam.
1207 2495 1273 2528 Quis
1299 2495 1371 2523 enim
1401 2497 1504 2531 absque
1520 2497 1613 2524 divina
1639 2497 1788 2533 refrigera-

1003 2541 1087 2572 tione,
1101 2540 1233 2568 adversus
1249 2541 1340 2569 omnia
1357 2542 1519 2569 exedentem
1542 2541 1679 2570 flammant
1692 2543 1788 2571 decer-

1003 2586 1127 2613 tavcrit?
1150 2587 1202 2619 Qui
1224 2592 1316 2614 autem
1332 2587 1430 2622 spiritu
1457 2588 1563 2616 fervent
1596 2593 1623 2615 et
1643 2588 1729 2616 Deum
1747 2589 1790 2615 iu-

1001 2631 1134 2664 duerunt,
1154 2631 1224 2666 ignis
1247 2638 1414 2659 consumens
1430 2632 1504 2664 illos,
1525 2633 1572 2667 qui
1584 2633 1657 2660 situt
1680 2638 1708 2660 tu
1724 2638 1788 2660 sunt

1003 2676 1079 2712 impii
1107 2684 1279 2712 nequaquam
1304 2678 1365 2713 pios
1393 2677 1494 2706 laedere
1516 2679 1627 2713 poterit.
1660 2678 1788 2706 Flamma‘,

1001 2723 1074 2751 enim
1088 2730 1142 2750 non
1159 2728 1201 2750 est
1213 2731 1227 2751 a
1240 2729 1337 2751 natura
1351 2724 1553 2759 ingeneratum,
1566 2729 1596 2752 ut
1608 2729 1788 2753 consumatur

1002 2777 1016 2797 a
1035 2769 1154 2802 flamma,
1172 2776 1233 2805 qua:
1252 2774 1294 2797 est
1309 2770 1343 2797 ad
1361 2774 1479 2805 tempus,
1497 2774 1525 2796 et
1540 2770 1568 2797 in
1601 2779 1683 2806 quam
1714 2770 1788 2798 cadit

1002 2817 1141 2844 interitus.
1159 2816 1344 2850 Quamobrem
1370 2816 1470 2844 frustra
1505 2816 1626 2852 laboras,
1643 2825 1660 2845 ο
1689 2817 1787 2846 stolide

1003 2867 1126 2898 tyranne,
1144 2864 1190 2898 qui
1221 2869 1281 2893 nos.
1300 2862 1345 2897 qui
1368 2862 1470 2890 Christi
1495 2863 1695 2899 conflagramus
1723 2863 1787 2890 cha-

1004 2911 1095 2940 ritate,
1113 2910 1174 2945 igne
1190 2909 1334 2936 contendis
1362 2916 1535 2939 corsumere.
1555 2910 1608 2939 Nos
1622 2911 1695 2938 enim
1716 2909 1788 2947 ignis

1005 2956 1167 2989 candefccit,
1183 2955 1255 2984 sicut
1267 2956 1383 2984 candcﬁt
1402 2959 1556 2990 argentum.
