2024 3153
221 163 273 195 367

878 163 960 195 ΜΕΝ
964 164 1022 195 SIS
1041 166 1191 198 JULlUS.

1795 166 1850 199 308

255 223 302 252 XI.
314 223 382 250 Cum
394 230 491 250 omnes
502 227 595 251 autem
607 221 654 258 qui
667 220 818 249 audiebant
827 225 940 256 propter
952 221 1000 248 hmt

1097 223 1148 250 IA’.
1166 223 1280 250 Πάντων
1299 219 1346 250 οὖν
1371 222 1417 250 ἐπὶ
1431 222 1489 254 τοῖς
1504 222 1637 254 τοιούτοις
1654 221 1850 258 θαυμαζόντων

219 269 303 297 verba
323 268 539 302 admirarentur,
556 273 699 304 tyrannus,
716 267 764 302 qui
792 266 826 293 ab
853 266 933 293 initio
947 271 1009 294 eral

219 324 267 344 vas
283 316 423 347 interitus,
446 314 633 351 perseveravit
649 314 719 342 velle
744 317 854 341 sanctos
880 313 1006 348 perdere,

218 367 247 390 et
261 370 352 397 neque
378 369 525 396 persuasus
539 361 591 389 fuit
612 360 705 388 verbis
726 360 910 395 gloriosorum
931 367 1007 387 mar-

219 416 320 446 tyrum,
333 417 422 443 neque
433 408 517 436 rebus
538 408 605 443 ipsis
614 407 667 435 fuit
677 407 894 442 obstupefactus.
907 406 1008 439 Quam-

218 459 314 484 obrem
324 455 403 491 jubet
411 456 452 482 eis
462 462 557 482 rursus
568 454 637 489 palis
648 452 746 485 affixis,
757 452 856 481 ferreis
868 452 1008 488 unguibus

219 503 307 531 latera
322 502 432 529 fortiter
455 500 533 529 caadi.
553 499 621 527 Cum
638 507 705 535 ergo
720 499 809 527 sancti
825 504 853 527 et
878 498 1006 532 generosi

219 554 353 583 martyres
371 547 424 574 hoc
440 553 551 581 quoque
577 549 718 573 certamen
737 549 850 572 strenue
880 544 1006 572 decerta-

218 599 291 627 rent,
308 598 336 622 et
346 600 443 621 omnes
457 592 660 619 admirarentur
672 590 848 626 imperatoris
857 589 1006 618 amentiam

218 644 247 668 et
278 639 410 670 furorem,
437 637 585 673 praeclarus
616 640 720 671 martyr
755 635 903 662 Mauricius
937 634 1007 662 dixit

219 691 338 722 tyranno
353 693 361 713 :
381 685 442 712 Non
470 683 558 711 sentis
575 686 649 710 tuam
667 681 885 709 imbecillitatem
898 685 931 715 ,et
954 681 1006 708 mi-

218 732 330 763 seriam,
345 739 362 758 o
377 729 519 757 immunda
537 733 565 756 et
577 727 691 763 profane
708 732 833 763 tyranne,
848 726 923 762 quod
935 726 1007 754 Pho-

219 780 295 807 tinus
316 784 419 813 parvus
447 776 491 803 hic
511 775 673 802 adolescens
698 774 737 801 tui
763 773 872 808 imperii
892 772 1007 808 fregerit

218 823 380 853 audaciam?
396 823 471 850 Talia
489 821 564 849 enim
579 825 608 848 et
623 824 678 847 tam
696 819 783 847 multa
807 819 925 847 subiisse
949 824 1006 846 tor-

218 874 322 902 menta,
347 873 389 896 est
422 867 462 895 tui
490 864 674 894 crudelissimi
708 863 817 898 imperii
842 863 1004 891 confractio.

218 914 361 950 Quomodo
385 921 452 949 ergo
489 913 654 940 ‘universam
690 916 814 939 nostram
840 910 1005 945 phalangem

218 963 342 997 frangere
358 960 474 995 poteris,
490 958 538 993 qui
555 965 570 985 a
589 957 696 985 tantillo
728 956 903 984 adolescente
919 955 1006 983 fueris

219 1007 385 1043 superatus?
408 1006 524 1040 Propter
536 1003 595 1031 haec
617 1002 753 1030 verbaira
775 1001 900 1037 percitus
920 1001 1007 1028 sceleo

218 1058 295 1081 ratus
312 1051 505 1084 Maximianus,
518 1055 547 1078 et
562 1049 724 1077 ardentibus
739 1056 803 1076 eum
819 1048 929 1075 intuens
939 1054 1006 1074 oeu-

215 1099 261 1132 lis.
279 1104 307 1127 et
323 1098 444 1126 stridens
459 1097 487 1124 in
500 1103 564 1124 eum
577 1095 720 1127 dentibus,
729 1099 757 1122 et
768 1093 866 1121 volens
877 1097 1005 1121 sanctum

216 1149 245 1173 et
256 1145 367 1172 beatum
389 1142 492 1170 Christi
504 1146 654 1177 martyrem
668 1140 831 1168 Mauricium
851 1139 950 1167 acerbe
963 1138 1005 1166 ul-

216 1191 294 1223 cisci,
308 1190 389 1226 jubet
400 1188 572 1225 spiculatori,
587 1191 618 1215 ut
630 1191 695 1215 ante
709 1186 806 1214 oculos
816 1186 903 1221 patris
916 1185 1004 1213 tilium

216 1235 345 1265 conﬁciat
360 1239 388 1262 et
401 1233 520 1262 occidat.
536 1233 576 1261 Eo
594 1233 688 1267 itaque
712 1235 858 1267 praesente,
869 1235 898 1258 et
919 1231 1004 1258 tilium

217 1280 378 1316 aspiciente,
390 1279 451 1316 ejus
467 1283 550 1314 caput
565 1277 685 1306 abscidit
701 1276 861 1313 spiculator.

251 1368 312 1396 XII.
325 1367 393 1396 Cum
406 1374 472 1402 ergo
480 1367 534 1395 hoc
546 1364 790 1394 modobeatissimi
801 1364 913 1392 Photini
922 1370 1005 1400 caput

216 1413 405 1442 venerandum
423 1413 522 1441 fuisset
535 1415 719 1447 amputatum,
732 1411 812 1447 isque
837 1411 954 1446 pulchre
975 1415 1004 1439 et

215 1461 333 1497 gloriose
355 1459 501 1496 migrasset
525 1458 559 1486 ad
589 1458 747 1490 Dominum,
766 1457 836 1485 dixit
855 1457 1004 1492 praeclarus

215 1505 526 1535 Mauricius:Nostrum
553 1504 723 1532 desiderium
744 1503 905 1539 implevisti,
925 1510 943 1530 ο
963 1508 1003 1538 ty-

1061 269 1191 303 ρήμασιν,
1206 268 1303 300 σκεῦος
1317 268 1448 304 ὑπάρχων
1463 269 1514 303 τῆς
1532 268 1670 300 ἀπωλείας
1687 269 1701 295 6
1717 268 1851 304 τύραννος

1058 314 1193 348 διέμεινεν
1205 314 1384 350 ἐνιστάμενος
1398 314 1447 341 τοῦ
1461 315 1595 341 ἀπολέσαι
1614 315 1678 346 τοὺς
1688 315 1794 349 ἁγίους,
1805 317 1850 343 καὶ

1058 357 1121 385 οὕτε
1134 360 1191 390 τοῖς
1210 359 1300 393 λόγοις
1324 359 1450 386 ἐπείθετο
1464 358 1520 385 τῶν
1540 358 1672 393 ἀοιδίμων
1686 359 1848 396 μαρτύρων,

1058 405 1122 432 οὔτε
1133 408 1191 438 τοῖς
1202 406 1363 442 πράγμασιν
1376 405 1558 440 ἐξεπλήττετο
1571 413 1578 420 ·
1594 406 1642 431 καὶ
1664 406 1770 433 κελεύει
1781 407 1848 433 άνα-

1059 451 1297 483 σκολωπισθέντας
1326 451 1391 482 τοὺς
1421 451 1517 485 ἁγίους
1546 450 1670 486 σιδηροῖς
1691 450 1781 484 όνυειν
1800 451 1850 484 τὰς

1058 497 1178 532 πλευρὰς
1205 497 1296 524 αὐτῶν
1325 497 1443 528 εὐτόνως
1475 496 1602 530 ξέεσθαι.
1625 496 1687 523 Τῶν
1703 495 1750 524 οὖν
1762 498 1850 532 ἁγίων

1059 544 1207 579 μαρτύρων
1229 543 1277 570 καὶ
1306 542 1410 569 τούτων
1441 542 1560 578 ίσχυρῶς
1592 541 1775 570 διαθλούντων
1802 543 1849 570 τὸν

1057 589 1162 622 ἀγῶνα,
1176 590 1224 616 καὶ¹
1244 589 1354 616 πάντων
1372 588 1571 623 θαυμαζόντων
1585 588 1635 622 τὴν
1652 587 1700 614 τοῦ
1714 587 1850 623 βασιλέως

1057 635 1160 668 ἄνοιαν,
1174 636 1339 670 Μαυρίκιος,
1355 635 1368 661 6
1381 634 1504 668 ἀοίδιμος
1524 634 1642 669 μάρτυς,
1662 633 1730 669 πρὸς
1745 633 1791 661 τὸν
1801 633 1851 660 τύ·

1059 690 1154 717 ραννον
1167 681 1219 717 εφη
1231 689 1238 697 ·
1253 680 1312 707 Οὐκ
1324 680 1442 717 αἰσθάνῃ
1456 680 1506 715 τῆς
1522 680 1572 715 σῆς
1584 679 1738 713 ἀσθενείας,
1753 676 1776 707 ὦ
1788 680 1850 715 βδο-

1057 728 1197 763 λυρώτατε
1228 727 1356 764 τύραννε,
1382 728 1423 754 ὅτι
1449 727 1596 760 Φωτεινδς,
1620 726 1650 752 τὺ
1668 727 1756 762 βραχὺ
1768 727 1849 754 τοῦτο

1059 775 1215 809 μειράκιον,
1233 774 1385 800 κατέλυσεν
1395 773 1445 809 τὴν
1462 772 1620 808 βασιλείαν;
1637 773 1668 799 τὸ
1682 773 1736 809 γὰρ
1750 774 1850 801 τοσαύ-

1058 828 1109 851 τας
1125 820 1173 846 καὶ⁹
1189 819 1357 854 τηλικαύτας
1367 819 1518 855 ὑποστῆναι
1535 818 1680 854 βασάνους,
1698 819 1850 852 κατάλυσις

1057 867 1107 901 τῆς
1120 865 1169 900 σῆς
1185 864 1331 900 ὠμότατης
1347 864 1486 900 βασιλείας
1501 865 1576 892 ἐστίν
1588 873 1595 880 ·
1609 866 1668 898 πῶς
1684 866 1776 893 τοίνυν
1793 865 1848 893 na-

1058 919 1108 937 σαν
1122 912 1138 946 ἡ
1143 911 1202 946 μῶν
1218 910 1375 946 διαρῤήξεις
1394 910 1443 946 τὴν
1460 909 1600 944 φάλαγγα,
1614 911 1780 943 τοσαυτάκις
1795 911 1849 938 ὑπὸ

1058 956 1253 992 μειρακυλλίου
1270 955 1431 991 τηλικούτου
1444 955 1611 983 καταπεσών
1622 965 1629 989 ;
1644 957 1788 992 Θυμωθεὶς
1800 955 1848 985 οὗν

1057 1001 1103 1028 ἐπὶ
1117 1002 1174 1032 τοῖς
1194 1000 1329 1032 τοιούτοις
1351 999 1525 1035 Μαξιμιανὺς
1544 1001 1557 1026 6
1576 1001 1739 1037 παμμιαρδς
1757 1003 1850 1038 ρήμαυ

1057 1055 1109 1080 σιν,
1126 1046 1174 1073 καὶ
1191 1046 1315 1081 πυρίνοις
1331 1045 1413 1073 αὑτὸν
1426 1045 1667 1081 περιϐλεψάμενος
1682 1046 1846 1082 ὀφθαλμοῖς,

1056 1091 1156 1127 τρίζων
1171 1091 1231 1118 κατ’
1246 1091 1330 1118 αὐτοῦ
1342 1091 1407 1122 τοὺς
1422 1091 1534 1123 ὀδόντας
1559 1092 1606 1118 καὶ
1623 1091 1787 1127 βουλόμενος
1801 1093 1848 1128 δῆ-

1057 1135 1103 1162 θεν
1114 1136 1160 1162 τδν
1188 1136 1389 1171 τρισμακάριον
1407 1136 1565 1171 Μαυρίκιον
1592 1137 1701 1172 πικρῶς
1717 1138 1848 1172 ἀνταμεί-

1056 1181 1171 1216 quae“,
1188 1181 1296 1208 κελεύει
1322 1180 1361 1216 τῷ
1378 1182 1585 1217 σπεκουλάτωρι
1603 1182 1664 1209 κατ’
1690 1182 1848 1218 ὀφθαλμοὺς

1055 1227 1102 1254 τοῦ
1115 1229 1220 1263 πατρδς
1235 1227 1457 1263 διαχειρίσασθαι
1469 1227 1515 1255 τὸν
1528 1228 1630 1261 παῖδα,
1647 1229 1696 1256 καὶ
1712 1229 1846 1265 παρόντος

1055 1273 1138 1300 αὑτοῦ
1168 1273 1216 1300 καὶ
1229 1272 1367 1309 θεωμένου
1391 1273 1437 1301 τὸν
1466 1274 1524 1301 υἱὸν
1540 1275 1590 1309 τὴν
1604 1274 1701 1302 τούτου
1717 1275 1840 1311 κεφαλὴν

1055 1318 1215 1354 ἀποτεμεῖν.

1091 1365 1141 1392 1Β’.
1167 1364 1260 1400 Τούτῳ
1278 1364 1369 1392 τοίνυν
1393 1365 1432 1401 τῷ
1446 1365 1540 1402 τρόπῳ
1554 1366 1688 1394 Φωτεινοῦ
1705 1367 1752 1393 τοῦ
1767 1376 1844 1403 τρισ-

1056 1410 1195 1446 μακαρίου
1215 1410 1264 1446 τὴν
1282 1411 1406 1447 κεφαλὴν
1421 1412 1629 1448 ἀποτμηθέντος
1639 1413 1686 1439 καὶ
1697 1412 1745 1449 τὴν
1759 1413 1846 1449 καλὴν

1055 1457 1189 1493 ίκδημίαν
1206 1457 1274 1493 πρὸς
1305 1458 1372 1485 Θεὸν
1400 1458 1618 1494 ἐκδημήσαντος,
1648 1459 1812 1495 Μαυρίκιος,
1829 1460 1845 1486 ὁ

1054 1503 1187 1538 ἀοίδιμος,
1214 1503 1285 1539 ἔφη’
1319 1503 1498 1539 Ἐπλήρωσας
1516 1504 1596 1540 ἡμῶν
1619 1505 1669 1541 τὴν
1682 1505 1844 1541 ἐπιθυμίαν,

215 1560 313 1584 ranne,
324 1557 353 1579 et
374 1551 408 1579 de
433 1555 533 1578 caetero
550 1549 658 1577 ﬁrmum
674 1553 702 1577 et
726 1549 854 1577 stabilem
869 1549 1000 1577 habemus

1055 1549 1180 1585 τύραννε,
1198 1550 1244 1576 καὶ
1258 1550 1351 1576 λοιπὸν
1372 1550 1481 1585 βέϐαιον
1496 1551 1674 1587 ἐκτησάμεθα
1698 1552 1743 1579 τδν
1759 1553 1844 1588 οὐρά-

214 1607 327 1627 cursum
342 1598 493 1626 cmlcstem.
505 1596 573 1630 Quis
583 1596 656 1624 enim
670 1604 705 1624 ex
717 1600 813 1624 nostra
825 1595 1003 1623 multitudine

215 1647 364 1676 sustinebit
388 1645 513 1680 superari
532 1653 547 1672 a
571 1645 690 1672 Pbotino
707 1644 812 1672 Christi
830 1644 928 1677 milite,
955 1644 1002 1679 qui

215 1694 342 1729 migravit
358 1693 384 1720 in
394 1693 505 1724 coelum,
522 1696 551 1718 et
563 1690 668 1726 pudore
679 1689 774 1718 affecit
800 1695 907 1726 patrem
923 1695 1002 1718 tuum

215 1737 377 1766 diabolum?
401 1736 442 1764 Ad
463 1736 521 1764 haec
547 1735 645 1771 majori
665 1735 759 1764 studio
781 1739 809 1763 et
822 1736 1003 1764 contentione

216 1789 416 1813 tormentorum
432 1783 460 1810 in
476 1790 527 1810 nos
553 1782 680 1818 excogita
695 1782 845 1814 cruciatus,
859 1787 887 1810 et
901 1782 970 1810 nihil
985 1790 1001 1810 ιι

215 1836 241 1859 te
256 1830 483 1866 pratermittatur
500 1836 598 1856 eorum
624 1837 686 1863 qua:
700 1828 820 1864 probant
833 1837 869 1856 an
894 1829 1001 1856 firmam

213 1882 241 1904 et
269 1876 436 1903 immobilem
462 1875 544 1903 fidem
577 1874 687 1902 Christo
709 1882 862 1902 servemus.
887 1874 1002 1907 Quando

213 1928 304 1950 autem
325 1922 394 1950 vidit
421 1922 604 1949 Maximianus
622 1927 732 1949 sanctos
743 1921 850 1949 Christi
866 1927 1002 1957 martyres

212 1975 341 2005 prompto
356 1973 384 1996 et
405 1968 489 1996 alacri
507 1968 600 1995 animo
630 1967 828 2003 perpetientcs,
846 1971 874 1994 et
897 1972 1000 1994 rectam

212 2023 288 2043 suam
304 2015 383 2042 fidem
392 2022 447 2042 non
459 2014 631 2045 deserentes,
641 2017 793 2041 convocato
806 2021 856 2040 suo
877 2013 1000 2040 belluino

211 2066 239 2088 et
253 2060 402 2088 inhumano
419 2063 527 2092 senatu,
540 2067 603 2087 cum
633 2059 674 2086 eis
698 2058 885 2090 consultabat,
902 2065 999 2093 quem-

211 2106 358 2134 admodum
388 2109 499 2132 sanctos
525 2109 662 2140 martyres
679 2109 767 2132 morte
788 2104 910 2132 afficeret
921 2111 1001 2131 acer-

210 2152 333 2183 bissima.
348 2158 396 2186 per
408 2158 478 2186 quos
489 2155 624 2177 terrorem
640 2149 753 2177 afferret
766 2149 1000 2184 Cbristianis,qui

209 2201 289 2225 erant
305 2196 332 2223 in
350 2200 408 2223 toto
423 2195 490 2222 orbe
506 2199 654 2226 terrarum,
671 2199 698 2222 et
722 2193 854 2227 ediceret,
882 2200 912 2221 ut
932 2194 999 2221 defi—

1055 1603 1110 1622 νιον
1124 1592 1224 1631 δρόμον
1234 1603 1240 1610 ⁴
1259 1595 1300 1627 τίς
1311 1595 1366 1630 γὰρ
1380 1596 1413 1622 ἐκ
1424 1596 1474 1631 τῆς
1486 1596 1623 1631 ἡμετέρας
1635 1597 1759 1630 ἀνέξεται
1774 1598 1845 1634 πλη-

1054 1641 1116 1673 θύος
1128 1639 1209 1678 ἦττον
1221 1642 1340 1677 φανῆναι
1358 1641 1404 1668 τοῦ
1425 1642 1544 1678 Χριστοῦ
1558 1643 1725 1678 στρατιώτου
1742 1644 1844 1670 Φωτει-

1053 1687 1110 1720 νοῦ,
1140 1688 1186 1714 τοῦ
1205 1688 1273 1723 πρὸς
1297 1688 1414 1723 οὐρανὸν
1433 1688 1640 1723 ἐκδημήσαντος
1671 1692 1719 1716 καὶ
1735 1690 1780 1716 τὸν
1797 1689 1843 1716 σὺ]

1053 1733 1160 1769 πατέρα
1176 1733 1411 1768 καταισχύναντος
1427 1734 1568 1768 διάϐολον;
1581 1735 1653 1771 Πρὸς
1665 1735 1751 1763 ταῦτα
1766 1736 1843 1771 φιλο-

1052 1780 1149 1815 τίμους
1178 1780 1233 1806 τῶν
1263 1779 1484 1815 βασανιστηρίων
1504 1781 1609 1820 ἐπινόει
1625 1781 1686 1808 καθ’
1699 1781 1777 1816 ἡμῶν
1794 1781 1844 1814 τὰς

1053 1826 1180 1858 κολάσεις
1194 1826 1243 1853 καὶ
1262 1827 1348 1862 μηδέν
1365 1835 1408 1854 σοι
1426 1828 1639 1863 παραλελείῳθω
1658 1828 1713 1855 τῶν
1726 1829 1842 1863 δοκιμα-

1053 1872 1155 1905 ζόντων
1171 1873 1245 1908 ἡμᾶς
1258 1874 1282 1899 εί
1296 1872 1411 1908 βεϐαίαν
1425 1874 1463 1909 τῷ
1485 1875 1598 1909 Χριστῷ
1624 1875 1670 1901 καὶ
1692 1874 1842 1901 ἁσάλευτςν

1052 1919 1102 1953 τὴν
1118 1919 1211 1946 πίστιν
1226 1920 1487 1955 παραςιςυλάττομεν.
1505 1921 1569 1946 Ὅτε
1580 1918 1627 1947 οὖν
1638 1918 1708 1946 εἶδεν
1723 1921 1736 1946 6
1753 1920 1843 1952 Μαξεο

1054 1965 1151 2000 μιανδς
1177 1965 1241 1996 τοὺς
1268 1965 1363 2000 ἁγίους
1378 1965 1425 1991 τοῦ
1441 1964 1562 2001 Χριστοῦ
1582 1965 1727 2001 μάρτυρας
1753 1966 1782 1991 ὲν
1796 1965 1842 2000 βε-

1052 2011 1122 2046 ϐαίῳ
1136 2011 1338 2047 καρτεροῦντας
1349 2012 1397 2038 καὶ
1412 2012 1460 2046 τῆς
1472 2011 1561 2038 αὐτῶν
1573 2012 1658 2047 ὀρθῆς
1669 2013 1699 2038 οὐ
1713 2012 1843 2047 μεθιστα-

1054 2058 1151 2092 μένους
1170 2057 1299 2089 πίστεως,
1329 2058 1570 2094 συγκαλεσάμενος
1587 2058 1671 2085 αὐτοῦ
1689 2058 1737 2093 τὴν
1755 2059 1842 2085 ἀπάν-

1052 2105 1161 2140 θρωπον
1174 2105 1338 2141 σύγκλητον,
1350 2106 1510 2133 ἐϐουλεύετο
1523 2105 1582 2141 μετ’
1596 2106 1695 2138 αὐτῶν,
1709 2106 1768 2138 πῶς
1777 2107 1840 2138 τοὺς

1053 2152 1152 2187 ἁγίους
1167 2152 1277 2188 θανάτῳ
1294 2153 1453 2188 πικροτάτῳ
1465 2153 1594 2185 διάθοιτο,
1604 2153 1640 2180 δι’
1650 2150 1686 2180 ὧν
1705 2153 1768 2184 τοὺς
1788 2153 1841 2179 ἀνὰ

1052 2201 1143 2227 πᾶσαν
1160 2200 1210 2234 τὴν
1221 2200 1388 2236 οἰκουμένην
1400 2201 1583 2236 Χριστιανοὺς
1598 2200 1776 2236 ἑκφοϐήσειεν
1792 2201 1841 2228 καὶ

209 2246 303 2270 cerent
316 2250 331 2269 a
347 2245 441 2269 sancta
464 2245 493 2268 et
508 2240 575 2267 nulli
592 2239 665 2267 affini
694 2239 904 2274 reprehensioni
932 2240 997 2267 reli-

1054 2248 1099 2281 τῆς
1108 2233 1259 2282 ἀμωμήτου
1269 2233 1418 2282 θρησκείας
1426 2233 1581 2282 άποστῆσαι
1591 2233 1840 2281 παρασκευάσειεν.

208 2289 289 2324 gione
302 2287 534 2316 Christianorum.
550 2286 629 2314 Tunc
645 2293 706 2313 cum
722 2285 774 2321 ipsi
783 2285 868 2313 multa
883 2286 995 2313 consul-

209 2338 322 2366 tassent,
337 2337 364 2361 et
377 2332 459 2360 .alius
474 2332 527 2359 alia
550 2332 684 2359 dixissent
700 2341 707 2360 :
723 2331 835 2368 quidam
848 2339 882 2359 ex
896 2332 930 2359 iis
946 2332 994 2367 qui

207 2381 235 2408 in
247 2385 371 2408 senatum
380 2385 580 2411 convenerant,
596 2379 642 2413 qui
660 2384 720 2407 erat
734 2379 810 2407 radix
821 2380 992 2413 acerbitatis,

206 2431 234 2453 et
251 2426 358 2454 fructus
375 2425 516 2460 nequitias,
533 2430 561 2452 et
574 2425 697 2460 cujusvis
713 2425 828 2454 alterius
843 2427 954 2454 malitia:
966 2431 994 2454 et

207 2471 347 2506 injustitiae
377 2470 460 2497 arbor
485 2469 665 2501 feracissima.
694 2470 836 2498 consuluit
865 2475 993 2506 tyranno,

207 2517 302 2544 dicens
318 2526 324 2543 :
341 2516 502 2550 Imperator,
521 2516 565 2543 hic
583 2517 684 2543 mensis
699 2520 742 2543 est
759 2522 867 2552 tempus
881 2517 993 2544 maximi

206 2569 289 2591 a'stus
304 2563 374 2599 (erat
388 2563 461 2590 enim
478 2567 542 2590 tunc
556 2562 658 2590 mensis
671 2562 784 2598 Julius),
796 2563 866 2590 situs
876 2568 918 2591 est
927 2570 993 2590 vero

204 2617 281 2638 cntra
296 2610 435 2638 civitatem
453 2616 548 2636 versus
563 2608 738 2636 occidentem
752 2608 825 2636 inter
847 2609 927 2641 duos,
944 2610 992 2644 qui

204 2660 317 2691 propter
340 2663 402 2682 eam
419 2654 463 2681 siti
474 2659 549 2686 sunt,
564 2654 664 2681 ﬂuvios
677 2658 705 2681 ct
728 2654 828 2686 lacum,
841 2655 919 2682 locus
938 2663 992 2690 p0-

204 2702 290 2730 silura
304 2701 416 2736 quidem
428 2699 537 2735 planus,
554 2699 616 2727 feno
630 2704 721 2726 autem
731 2700 829 2734 plenus
844 2705 872 2727 et
885 2699 991 2728 inﬁnita

203 2747 255 2776 alia
271 2747 385 2774 materia
401 2767 407 2774 .
419 2753 512 2781 quem,
523 2746 571 2781 qui
587 2746 614 2772 in
626 2753 659 2773 eo
670 2744 730 2773 loco
743 2746 878 2778 habitant,
893 2752 991 2774 vocant

203 2793 318 2828 Rogam,
330 2797 475 2828 propterea
490 2792 563 2827 quod
576 2791 612 2820 sit
625 2799 769 2827 vesparum
778 2799 810 2819 ac
822 2792 989 2822 crabronum

203 2839 334 2868 acerbum
347 2838 545 2870 habitaculum,
564 2845 634 2874 quos
652 2837 768 2866 meridie
783 2846 818 2866 ne
830 2838 910 2867 facile
923 2840 986 2875 qui-

202 2886 267 2928 dem
281 2889 370 2921 potest
380 2885 479 2921 aliquis
491 2885 607 2914 transire
619 2884 679 2914 sine
690 2885 824 2921 periculo.
840 2885 909 2915 Jube
925 2895 990 2923 ergo

1050 2290 1098 2324 Εἷς
1113 2292 1159 2319 οὖν
1175 2292 1231 2319 τῶν
1249 2292 1432 2320 συνελθόντων
1446 2294 1476 2321 ὲν
1488 2296 1520 2330 τῇ
1541 2295 1698 2331 συγκλήτῳ,
1716 2295 1778 2331 ῥίζα
1796 2298 1841 2320 π.-

1051 2338 1133 2373 κρίας
1158 2337 1290 2373 ὑπάρχων
1317 2338 1364 2365 καὶ
1391 2339 1526 2374 πονηρίας
1551 2340 1668 2375 καρπὸς.
1685 2340 1732 2366 καὶ
1747 2339 1840 2374 πάσης

1051 2384 1158 2415 ἀδικίας
1172 2383 1398 2420 πολυφορὼτατον
1413 2385 1533 2420 δένδρον,
1549 2385 1724 2412 συνεϐούλευε
1737 2385 1776 2420 τῷ
1788 2393 1837 2411 τυυ

1052 2430 1141 2466 ράννῳ
1154 2430 1242 2464 λέγων
1253 2438 1259 2446 ·
1285 2430 1314 2457 '0
1332 2431 1386 2466 μὴν
1398 2427 1477 2462 οὗτος
1491 2431 1633 2464 καύσωνός
1651 2432 1709 2458 ἐστι
1725 2431 1820 2466 καιρός
1830 2439 1837 2446 ·

1052 2476 1175 2510 πάνεμος
1191 2476 1246 2511 γὰρ
1261 2476 1314 2512 μὴν
1330 2476 1482 2511 τηνικαῦτα
1501 2477 1670 2511 καθέστηκεν
1680 2484 1687 2491 ·
1704 2476 1839 2511 παράκει-

1049 2529 1096 2547 ται
1118 2520 1146 2546 δὲ
1176 2521 1228 2552 ἔξω
1245 2523 1295 2557 τῆς
1314 2521 1420 2552 πόλεως
1448 2523 1520 2550 κατὰ
1547 2523 1578 2550 τὸ
1595 2523 1704 2549 δυτικδν
1729 2521 1835 2558 κλῆμα,

1052 2565 1154 2600 μεταξὺ
1175 2566 1227 2592 τῶν
1245 2567 1456 2602 προσκειμένων
1470 2569 1572 2604 ταύτην
1583 2568 1630 2596 δύο
1642 2569 1772 2604 ποταμῶν
1789 2569 1837 2596 καὶ

1049 2612 1101 2646 τῆς
1119 2611 1227 2646 λίμνης,
1258 2613 1341 2644 τόπος
1357 2614 1458 2648 δμαλος
1477 2614 1527 2649 μὲν
1539 2616 1572 2650 τῇ
1591 2615 1677 2646 θέσει,
1694 2615 1792 2650 χόρτου
1807 2614 1836 2641 δὲ

1051 2657 1099 2684 καὶ
1120 2656 1202 2692 λυτῆς
1220 2657 1285 2693 ὕλης
1313 2659 1428 2694 ἀπείρου
1447 2659 1554 2694 μεστὸς,
1570 2659 1599 2687 δν
1614 2661 1638 2686 οι
1653 2661 1773 2687 ἐντόπιοι
1789 2659 1837 2695 ῥό-

1052 2712 1104 2738 γαν
1120 2704 1336 2739 ἐπονομάζουσιν
1352 2706 1396 2733 διὰ
1409 2706 1439 2733 τὸ
1454 2707 1569 2742 σφηκῶν
1593 2707 1639 2734 καὶ
1660 2707 1835 2743 χαλκομυῑῶν

1048 2750 1146 2786 πικρδν
1161 2750 1333 2785 καταγώγιον
1348 2752 1490 2788 ὑπάρχων,
1505 2753 1644 2780 κωνώπων
1659 2761 1688 2780 τε
1703 2753 1750 2780 καὶ
1761 2762 1837 2781 σκνι-

1047 2796 1107 2823 πῶν
1135 2797 1351 2832 πεπληρωμένον
1381 2798 1493 2833 χωρίον,
1516 2799 1562 2830 οὓς
1595 2799 1655 2826 οὐδὲ
1686 2800 1836 2837 παρελθεῖν

1045 2851 1107 2870 τινα
1131 2844 1282 2876 ἀκινδύνως
1306 2844 1335 2870 ὲν
1357 2845 1517 2882 μεσημϐρίᾳ
1537 2846 1708 2882 καθέστηκεν
1724 2847 1834 2883 ῥᾴδιον·

1043 2889 1174 2917 κέλευσον
1188 2889 1233 2917 οὖν
1245 2889 1392 2925 χρισθῆναι
1412 2890 1474 2926 μέλι
1500 2892 1533 2919 τὰ
1547 2892 1661 2928 σώματα
1678 2893 1770 2921 αὐτῶν
1785 2898 1835 2924 καὶ
