2024 3153
159 178 215 210 369

645 175 731 205 νιΤΑ
751 174 804 205 SS.
828 172 1015 203 MAURITII
1033 172 1082 204 ET
1098 173 1305 205 SOCIORUM.

1735 174 1787 206 370

156 237 184 262 ἐν
199 235 275 271 αὐτῷ
289 234 474 270 δεσμευθῆναι
497 233 639 268 ζωΰφίοις,
658 233 704 260 καὶ
716 234 745 259 ἐν
765 231 851 267 ταύτῃ
865 239 945 258 κατα-

1000 238 1096 258 eorum
1114 239 1230 266 corpora
1259 231 1322 266 ungi
1339 231 1428 264 melle,
1444 235 1471 258 et
1499 231 1526 259 in
1551 238 1585 259 eo
1601 231 1790 267 alligabuntur

155 282 286 317 λήψονται
296 281 405 308 πάντων
416 279 470 306 τῶν
480 279 672 314 προλαϐουσῶν
684 278 810 314 βασάνων
824 277 946 312 ἀλγεινό-

155 336 233 363 τερον
248 327 374 361 ὄλεθρον,
398 326 445 353 καὶ
461 325 613 359 γνώσονται
632 325 670 360 μὴ
695 324 866 359 βλασφημεῖν
883 323 947 354 τοὺς

155 375 282 406 αἰωνίους
297 374 378 409 ὴμῶν
400 372 491 404 θεοὺς,
513 372 560 399 καὶ
580 371 606 398 τί
620 371 650 398 τὺ
672 371 791 406 βαδίζειν
805 370 853 405 τὴν
869 370 946 396 ἐναν-

151 420 214 447 τίαν
229 422 288 451 τοῖς
302 418 457 454 βασιλεῦσιν
469 418 527 444 ὁδὸν
542 418 605 449 τοὺς
620 416 810 452 τολμήσαντας
825 414 944 449 ὤνησαν.

188 465 240 492 1Γ’.
258 465 314 492 Καὶ
341 465 440 499 ήρεσεν
464 463 495 490 τὸ
510 461 586 498 ῥῆμα
606 461 655 488 καὶ
669 462 686 497 ή
713 460 795 496 βουλὴ
823 459 892 494 αὕτη
907 458 946 494 τῷ

154 511 262 546 βασιλεῖ
274 510 323 536 καὶ
338 509 413 544 πασῃ
425 509 457 544 τῇ
474 507 619 542 συγκλήτῳ
629 514 636 521 ·
659 506 707 532 καὶ
720 505 826 532 κελεύει
839 505 854 531 ὁ
866 504 945 540 βασι-

152 556 217 587 λεὺς
230 555 319 589 ταύτῃ
331 555 366 590 τῇ
381 553 504 589 τιμωρίᾳ
517 553 617 584 αὐτοὺς
637 551 839 586 παραδοθῆναι.
862 550 894 577 Ol
915 549 944 577 δι

153 601 202 637 τῆς
214 601 323 633 ἀδικίας
338 600 477 636 ὑπηρέται
488 598 540 634 τὴν
551 597 729 634 μεσημὸρίαν
748 597 945 631 σκοπήσαντες,

151 649 200 675 καὶ
214 647 312 683 καιρὸν
323 646 442 682 ἠρεμίας
458 645 685 680 ἐπιτηρήσαντες.
700 645 730 670 ιν
743 640 765 677 ᾧ
779 643 864 677 πνοῆς
879 642 944 670 ά.νέ-

154 703 213 730 μων
224 693 395 730 ἀμοιροῦντα
406 692 461 719 τῶν
476 691 606 726 ζωῦφίων
620 690 655 716 τὰ
670 689 759 725 πλήθη
780 688 945 723 τυγχάνουσι

151 741 210 772 τοῖς
223 739 451 775 παρεμπίπτουσι
469 737 578 772 σώμασι
596 736 707 772 βαθεῖαν
723 735 774 771 τὴν
788 735 886 771 τρῆσιν
897 734 945 761 καὶ

151 786 293 813 ἐπώδυνον
329 783 548 820 ἀπεργάζονται·
576 782 710 818 δήσαντες
737 781 849 808 ἁλύσεσι
882 781 946 813 τοὺς

151 831 248 866 ἁγίους
263 831 422 866 κατήγαγον
436 830 476 860 εἰς
486 828 533 855 τὸν
546 827 630 854 τόπον
647 827 695 854 καὶ
710 826 821 861 δίυγρον
834 825 946 858 ἐκλεξά-

152 887 230 912 μενοι
245 878 339 910 τόπον,
367 876 474 910 ἁεννάῳ
500 875 577 910 πηγῇ
607 873 824 908 παρακείμενον,
856 872 886 904 ἐξ
911 870 946 908 ἧς

152 924 252 958 ἰλυώδη
272 923 396 957 τέλματα
412 922 518 956 πέφυκε
535 919 670 954 γίνεσθαι,
687 915 717 946 ιῦ
735 919 783 946 καὶ
795 918 946 954 ἐπιχωριά-

150 969 210 1002 ζειν
230 968 304 1002 φιλεί
322 969 339 1002 ή
365 966 421 992 τῶν
448 964 663 1001 προρρηθέντων
683 963 811 999 ζωῡφίων
827 963 944 998 πληθὺς,

151 1016 261 1051 χρίουσι
277 1015 326 1048 μὲν
341 1015 397 1040 τῶν
421 1013 509 1046 άγίων
528 1012 589 1047 μέλι
605 1011 639 1039 τά
663 1013 742 1046 τίμια
757 1011 884 1046 σώματα,
901 1011 945 1038 δε-

151 1062 252 1096 σμοῦσι
263 1061 291 1087 δὲ
310 1059 406 1095 βιαίως
423 1059 512 1093 ξύλοις
535 1058 609 1085 κατὰ
617 1058 663 1085 τὸν
688 1057 770 1085 αὐτὸν
791 1059 882 1090 τόπον,
899 1058 943 1093 ῥί-

149 1107 253 1141 ψαντες
265 1106 313 1132 καὶ
331 1105 362 1131 τὸ
382 1104 474 1140 τίμιον
494 1102 574 1139 σῶμα
590 1102 738 1134 Φωτεινοῦ.
750 1103 798 1130 τοῦ
815 1103 941 1138 ἀοιδίμου

151 1153 304 1188 μάρτυρος,
316 1151 370 1187 πρὸ
387 1150 535 1187 προσώπου
548 1149 595 1177 τοῦ
610 1149 694 1176 αὑτοῦ
710 1150 813 1185 πατρὸς
833 1150 943 1185 Μαυρι-

149 1198 212 1224 κίου
231 1196 278 1224 τοῦ
293 1195 485 1231 πανευφήμου,
502 1194 616 1230 μείζονα
639 1194 776 1229 τιμωρίαν
800 1195 831 1221 ὲκ
847 1195 942 1222 τούτου

150 1242 304 1278 προσάγειν
319 1240 396 1276 αὑτῷ
419 1239 600 1274 λογιζόμενοι.
625 1239 712 1266 Τοῦτο
727 1239 880 1275 πράξαντες
894 1240 944 1276 τὴν

149 1288 284 1323 ταχίστην
299 1287 487 1322 ἀνεχώρησαν,
499 1286 537 1322 μή
559 1286 689 1322 φέροντες
699 1285 750 1321 τὴν
762 1286 815 1312 τῶν
831 1287 943 1314 ιοὸόλων

151 1333 282 1368 ζωῦφίων
301 1332 468 1369 προσόολήν.
482 1331 755 1367 Διακαρτερήσαντες
768 1330 814 1360 οὖν
828 1333 853 1360 ol
870 1333 944 1367 ἃγιοι

151 1381 260 1415 ἡμέρας
278 1387 309 1406 τι
332 1378 379 1405 καὶ
402 1378 504 1410 νύκτας
526 1377 604 1410 δέκα,
620 1378 654 1413 τῇ
679 1378 767 1414 πιχρᾷ
788 1377 877 1415 ταύτῃ
895 1378 944 1405 καὶΙ

149 1425 309 1460 ἁνυποίστῳ
324 1423 444 1459 βασάνῳ,
460 1422 653 1455 ἀνατείναντες
674 1422 706 1450 τὸ
723 1423 802 1458 ὄμμα
817 1424 885 1459 πρὸς
897 1424 944 1450 τὸν

149 1471 228 1503 Θεὸν,
250 1470 368 1506 ηὗξαντο
391 1470 536 1504 λέγοντες·
564 1469 653 1504 Κύριε
667 1488 674 1501 ,
700 1469 715 1496 ὁ
731 1469 799 1501 Θεὸς
825 1469 915 1505 ήμῶν,
929 1471 944 1496 ό

150 1517 251 1549 γτίσας
263 1518 338 1552 ἡμᾶς
353 1517 416 1544 κατ’
430 1516 522 1543 είκόνα
542 1515 593 1551 σήν
608 1515 656 1542 καὶ
673 1513 816 1550 ὁμοίωσιν,
831 1517 879 1542 καὶ
898 1515 941 1542 68-

149 1564 258 1599 ηγήσας
274 1563 348 1599 ἡμᾶς
376 1563 446 1599 πρὸς
456 1563 505 1601 τὴν
519 1561 666 1597 ἐπίγνωσιν
678 1561 729 1596 τῆς
749 1561 799 1597 σῆς
816 1561 944 1597 ἀληθείας
959 1582 982 1613 c

150 1610 199 1636 καὶ
211 1609 351 1644 θεότητος,
361 1609 410 1636 καὶ
428 1608 475 1635 τοῦ
491 1607 654 1643 μονογενοῦς
678 1617 725 1635 σου
744 1608 822 1641 Υίοῦ,
835 1608 882 1635 καὶ
897 1609 945 1636 τοῦ

151 1655 286 1690 παναγίου
296 1655 465 1690 Πνεύματος,
475 1655 518 1682 σοὶ
529 1653 811 1690 παρακατατιθέμεθα
821 1654 870 1687 τὰς
877 1655 946 1691 ήμε-

152 1701 238 1736 τέρας
263 1701 353 1736 ψυχὰς
373 1701 421 1728 καὶ
447 1700 664 1736 παρακαλοῦμεν
691 1700 843 1734 κατατάξαι
860 1701 945 1733 αὑτὰς

154 1747 225 1782 μετὰ
243 1747 353 1774 πάντων
375 1746 431 1774 τῶν
454 1746 503 1773 ἀπ’
519 1746 618 1778 αἰῶνος
643 1746 886 1782 ιὺαριστησάντων
903 1755 944 1774 σοι

152 1793 250 1827 ἁγίων.
271 1793 327 1820 Καὶ
338 1792 555 1828 προσευξάμενοι
567 1792 731 1828 παρέδωκαν
745 1793 775 1819 ὲν
788 1792 885 1829 εἰρήνῃ
896 1793 945 1826 τὰς

153 1838 240 1873 ψυχὰς
254 1838 344 1865 αὐτῶν
360 1838 399 1873 τῷ
412 1838 483 1873 Θιῷ,
498 1837 611 1865 καὶτῶν
631 1838 772 1872 στεφάνων
788 1837 946 1874 ἠξιώθησαν

153 1885 200 1918 τῆς
215 1885 368 1920 ἀθλήσεως.

153 1940 240 1966 mens,
251 1937 312 1960 ette
321 1932 400 1960 decet
417 1931 503 1967 gloria
514 1930 541 1958 in
553 1930 664 1958 saecula.
691 1931 790 1958 Amen.
823 1930 886 1958 Haec
913 1940 976 1960 cum

153 1988 220 2013 mas,
237 1983 265 2007 et
280 1979 320 2006 sic
333 1978 437 2013 dignati
456 1977 569 2005 luerunt
594 1979 705 2005 coronis
725 1977 934 2006 decertationis.

186 2027 237 2054 IA'.
258 2027 290 2053 '0
307 2026 336 2053 δὲ
357 2025 519 2061 παμμιαρὸς
547 2024 675 2060 βασιλεὺς
703 2024 877 2059 Μαειμιανδς
899 2026 947 2053 καὶ

153 2074 221 2109 μετὰ
230 2073 349 2100 θάνατον
363 2073 418 2103 τοῖς
428 2072 470 2097 ἀεὶ
479 2070 547 2102 ζῶσι
559 2070 733 2105 θυμούμενος
749 2070 868 2107 μάρτυσι
876 2071 947 2108 (Θεῷ

150 2120 204 2156 γὰρ
231 2118 317 2151 ζῶσιν
333 2117 357 2144 οί
376 2117 446 2144 κατὰ
463 2117 530 2144 Θεδν
547 2115 756 2151 ἐκδημήσαντος
773 2116 826 2144 κᾶν
841 2117 947 2144 ἱνθένδι

151 2163 379 2199 ἀπαλλαγῶσιν),
403 2162 524 2194 ἀκούσας
545 2162 587 2189 ὅτι
601 2161 767 2197 παρέδωκαν
779 2162 829 2194 τὰς
844 2162 944 2199 ψυχάς,

1002 277 1178 310 animalcula,
1196 282 1225 304 ut
1241 276 1267 304 in
1295 277 1347 304 hoc
1362 277 1487 304 cruciatu
1504 278 1626 304 sentiant
1644 277 1788 306 interitum

1002 323 1155 358 graviorem
1168 322 1314 350 tormentis
1335 322 1475 355 omnibus,
1489 330 1550 357 qua:
1573 328 1786 358 praecesserunt,

1002 373 1030 395 et
1056 373 1232 404 cognoscant,
1258 376 1313 395 non
1336 375 1396 395 esse
1425 368 1582 396 maledictis
1613 369 1792 398 incessendos

1002 414 1121 442 invictos
1141 419 1252 442 nostros
1260 419 1288 442 et
1301 418 1420 442 aeternos
1432 413 1510 442 deos.

1038 460 1107 488 Xlll.
1125 460 1188 488 limo
1201 468 1268 496 ergo
1284 467 1347 488 cum
1375 460 1490 488 dixisset
1502 460 1640 494 pessimus
1661 466 1690 488 et
1703 462 1788 490 scele-

1001 507 1159 535 ratissimus
1173 507 1218 534 ille
1234 511 1358 540 senator,
1374 507 1435 542 ejus
1456 507 1601 534 consilium
1615 507 1719 543 placuit
1737 508 1786 534 im-

1000 553 1120 589 peratori
1130 558 1159 581 et
1173 554 1304 581 universo
1317 553 1438 585 senatui,
1447 559 1475 581 et
1485 553 1566 588 jubet
1581 553 1731 588 imperator
1741 561 1784 581 eos

1000 600 1068 628 tradi
1085 600 1151 628 huic
1160 599 1306 635 supplicio.
1321 600 1389 626 Cum
1405 599 1498 634 itaque
1519 599 1663 627 meridiem
1690 600 1787 627 observ

1000 650 1113 674 vassent
1134 646 1253 673 ministri
1270 645 1435 680 iniquitatis.
1446 650 1475 673 et
1497 650 1605 681 tempus
1617 645 1781 680 quietum,ir

1001 699 1069 727 quo,
1083 691 1149 719 ﬂatu
1160 695 1306 719 ventorum
1323 691 1444 719 carentia
1456 691 1597 724 animalia,
1611 691 1790 726 corporibus.

1002 745 1063 773 qua
1091 737 1229 770 incidunt,
1245 744 1355 773 gravem
1368 741 1396 765 et
1416 737 1559 765 molestam
1579 737 1701 765 elliciunt
1726 745 1790 772 per-

1001 783 1178 816 forationem,
1190 783 1298 811 catenis
1308 784 1419 812 vinctos
1444 783 1622 811 deduxerunt
1636 787 1746 811 sanctos
1761 783 1789 810 in

1001 830 1079 864 prius
1088 828 1194 857 dictum
1204 828 1296 856 locum
1312 837 1318 856 :
1338 833 1439 857 etcum
1456 829 1590 857 obiissent
1602 834 1630 857 et
1641 829 1790 865 elegissent

1000 875 1092 903 locum
1113 875 1269 907 humidum,
1285 875 1368 903 situm
1381 883 1467 910 prope
1479 875 1582 903 fontem
1597 883 1747 910 perennem
1760 880 1789 902 et

1000 921 1139 954 limosum,
1156 929 1190 949 ex
1208 929 1263 956 quo
1282 921 1375 949 enasci
1391 922 1483 950 solent
1510 921 1616 949 limosae
1631 921 1736 949 lacuna:
1760 926 1789 949 et

999 967 1155 1003 voragines,
1173 967 1222 994 ubi
1236 967 1320 994 etiam
1334 968 1405 995 solet
1430 968 1531 1003 degere
1549 967 1698 995 multitudo
1711 969 1789 1003 ejus-

999 1011 1073 1038 modi
1089 1011 1331 1043 animalculorum,
1348 1012 1428 1039 Melle
1445 1012 1557 1047 quidem
1591 1017 1699 1048 ungunt
1724 1020 1789 1040 san-

998 1063 1105 1085 ctorum
1120 1057 1276 1085 veneranda
1289 1066 1407 1093 corpora
1419 1067 1425 1085 :
1445 1058 1527 1092 lignis
1540 1063 1630 1086 autem
1644 1066 1693 1086 eos
1704 1060 1789 1086 vebe~

999 1100 1106 1132 menter
1134 1103 1249 1140 alligant
1264 1103 1290 1130 in
1310 1111 1344 1131 eo
1357 1104 1576 1139 loco,jacientes
1594 1104 1677 1131 etiam
1702 1112 1788 1131 vene-

999 1150 1114 1178 randum
1126 1157 1227 1185 corpus
1243 1150 1338 1186 inclyti
1352 1150 1482 1186 martyris
1494 1150 1604 1178 Photini
1614 1154 1677 1178 ante
1689 1149 1787 1178 {aciem

998 1197 1084 1232 patris
1100 1197 1142 1224 sui
1171 1196 1310 1224 benedicti
1327 1196 1459 1228 Mauritii,
1477 1201 1637 1231 reputantes
1664 1204 1693 1223 se
1708 1204 1741 1224 ex
1753 1204 1788 1224 eo

997 1243 1023 1270 ei
1042 1243 1130 1279 majus
1150 1243 1283 1270 allaturos
1310 1243 1488 1278 supplicium.
1514 1242 1577 1270 Hice
1591 1250 1657 1278 ergo
1668 1250 1731 1270 cum
1749 1242 1787 1270 Ie-

998 1289 1110 1322 cissent,
1126 1297 1207 1324 quam
1226 1290 1344 1324 primum
1362 1293 1547 1322 recesserunt,
1562 1293 1592 1316 ut
1611 1289 1656 1324 qui
1671 1295 1788 1316 venena-

997 1341 1088 1363 torum
1109 1336 1340 1363 animalculoru-n
1370 1335 1484 1363 minime
1513 1337 1618 1363 ferrent
1642 1335 1786 1370 impetum.

996 1380 1064 1408 Cum
1081 1381 1173 1415 itaque
1207 1381 1293 1407 sancti
1312 1380 1407 1408 decem
1424 1381 1484 1408 dies
1502 1385 1531 1408 et
1550 1385 1645 1408 noctes
1666 1380 1720 1408 hoc
1743 1380 1788 1407 in-

999 1426 1143 1454 tolerabile
1175 1431 1204 1454 et
1228 1426 1360 1453 acerbum
1391 1426 1574 1462 pertulissent
1608 1426 1788 1461 suppliciutn,

999 1472 1115 1500 sublatis
1132 1473 1166 1500 ad
1189 1472 1276 1500 Deum
1302 1473 1401 1505 oculis,
1414 1473 1562 1501 Dominum
1583 1472 1687 1508 precati
1711 1477 1788 1504 sunt.

998 1517 1122 1546 dicentes
1137 1528 1143 1545 :
1159 1518 1274 1546 Domine
1295 1518 1369 1546 Dens
1382 1522 1487 1551 noster,
1497 1518 1544 1554 qui
1569 1525 1618 1546 nos
1639 1518 1738 1545 creasti
1753 1517 1788 1545 ad

998 1563 1145 1600 imaginem
1157 1568 1186 1592 et
1206 1564 1419 1592 similitudinem
1437 1569 1524 1596 tuam,
1537 1568 1566 1592 et
1579 1563 1719 1592 deduxisti
1736 1570 1788 1591 nos

997 1609 1032 1637 ad
1043 1610 1211 1646 agnitionem
1233 1616 1287 1638 tua:
1299 1610 1423 1639 veritatis
1433 1615 1462 1638 et
1472 1610 1637 1643 divinitatis,
1645 1614 1674 1638 et
1686 1609 1788 1644 unige-

997 1656 1046 1684 niti
1061 1657 1101 1684 tui
1115 1657 1188 1690 Filii,
1200 1661 1228 1685 et
1237 1657 1404 1685 sanctissimi
1417 1661 1446 1685 et
1457 1657 1558 1685 viviﬂci
1572 1657 1703 1692 Spiritus,
1715 1655 1787 1691 apud

996 1709 1023 1732 te
1047 1708 1156 1732 nostras
1180 1704 1286 1731 animas
1311 1703 1486 1739 deponimus,
1502 1707 1530 1731 et
1545 1710 1674 1737 rogamus
1697 1706 1728 1729 ut
1741 1708 1788 1729 eas

995 1749 1113 1778 colloces
1126 1758 1188 1777 cum
1202 1749 1332 1777 erunibus
1341 1750 1454 1783 sanctis,
1470 1749 1518 1785 qui
1533 1749 1581 1777 tibi
1595 1749 1760 1784 placuerunt
1771 1755 1788 1775 a

997 1796 1106 1824 saeculo.
1125 1795 1259 1829 Quoniam
1275 1801 1301 1824 te
1310 1796 1468 1828 dileximus,
1479 1800 1507 1824 et
1523 1801 1548 1824 te
1564 1795 1789 1824 desideravimus

998 1850 1033 1870 ex
1046 1846 1104 1869 toto
1118 1842 1211 1869 animo
1225 1846 1330 1873 nostro.
1340 1838 1430 1876 et'pro
1446 1845 1472 1869 te
1485 1841 1610 1876 nosipsos
1620 1841 1653 1868 ad
1671 1845 1789 1868 mortem

999 1887 1174 1916 tradidimus.
1191 1888 1232 1916 Tu
1241 1896 1272 1916 es
1286 1888 1361 1915 enim
1374 1888 1446 1916 Deus
1462 1888 1538 1915 solus
1551 1888 1686 1922 benignus
1696 1887 1789 1915 etcle-

996 1933 1142 1967 dixissent,
1165 1932 1221 1960 Deo
1243 1932 1419 1960 tradiderunt
1438 1932 1532 1960 beatas
1546 1937 1574 1960 et
1597 1932 1705 1961 divinas
1729 1933 1788 1960 ani-

1032 2025 1102 2053 XIV.
1126 2025 1283 2053 Sceleratus
1297 2028 1389 2051 autem
1405 2028 1433 2050 et
1457 2022 1621 2058 tyrannicus.
1639 2022 1789 2057 imperator

996 2071 1186 2104 Maximianus,
1205 2071 1289 2098 etiam
1314 2074 1376 2104 post
1396 2068 1653 2096 mortemirascens
1676 2075 1787 2102 semper

995 2116 1155 2145 viventibus
1182 2115 1350 2152 martyribus
1383 2115 1451 2151 (Deo
1464 2114 1538 2142 enim
1563 2114 1670 2146 vivunt,
1692 2113 1739 2148 qui
1753 2120 1786 2140 ex

998 2162 1056 2190 De.)
1074 2162 1257 2197 emigrarunt,
1286 2160 1395 2189 etiamsi
1415 2161 1480 2188 hinc
1504 2159 1695 2196 excesserint).
1723 2167 1787 2187 cum

151 2212 259 2239 κελεύει
275 2212 332 2243 τοῖς
360 2210 520 2246 δορυφόροις
533 2208 582 2240 τὰς
604 2208 703 2244 τιμίων
716 2208 807 2236 αὐτῶν
823 2209 945 2245 κεφαλὰς

999 2208 1150 2236 audivisset
1169 2216 1216 2236 eos
1233 2207 1360 2236 emisisse
1377 2207 1502 2241 animas,
1508 2207 1588 2243 jubet
1604 2206 1727 2234 abscindi
1741 2214 1788 2233 vc-

150 2259 281 2293 ὲκτεμεῖν
295 2258 343 2284 καὶ
358 2257 436 2292 ῥίψαι
450 2256 520 2282 κατὰ
535 2256 581 2282 τὸν
596 2255 676 2283 αὑτδν
688 2255 782 2283 τόπον.
791 2257 824 2283 Οί
838 2255 867 2283 at
878 2265 943 2284 stato

998 2253 1120 2281 neranda
1130 2258 1158 2280 et
1169 2258 1267 2281 sancta
1283 2259 1379 2280 eorum
1397 2252 1500 2287 capita,
1512 2255 1540 2278 et
1551 2250 1605 2286 jaci
1621 2250 1647 2277 in
1658 2249 1787 2277 eumdem

151 2304 304 2339 αγαγόντες
326 2303 381 2330 ἀπὸ
399 2302 454 2330 τῶν
468 2301 554 2334 ξύλων
565 2301 599 2328 τά
612 2302 705 2335 ἔνδοξα
719 2301 810 2330 αὐτῶν
819 2303 945 2337 λείψανα,

151 2351 200 2377 οὒκ
227 2350 385 2385 ὲνάρκησαν
411 2347 462 2380 τὰς
474 2347 645 2382 ’σεϐασμίους
674 2346 766 2374 αὐτῶν
794 2347 945 2381 ἀποτεμεῖν

153 2396 287 2432 κεφαλὰς,
309 2394 378 2422 ἀλλὰ
400 2393 504 2425 ταύτας
524 2393 703 2428 ικκόψαντες,
728 2392 855 2428 πανταχῆ
873 2392 945 2419 κατὰ

152 2443 200 2478 τὴν
224 2442 294 2478 ὓλην
325 2439 436 2476 εκείνην
455 2438 662 2474 διεσκόρπισαν.
693 2437 772 2469 Τινὲς
799 2437 829 2464 δὲ
853 2437 946 2463 πιστοὶ

153 2490 274 2525 ἀδελφοὶ,
289 2488 388 2520 νυκτὸς
403 2486 471 2522 μετὰ
489 2485 589 2512 πολλοῦ
611 2484 696 2520 φόϐου
712 2483 945 2520 παραγενόμενοι,

155 2536 298 2569 συνέλεξαν
311 2535 360 2566 τὰς
371 2533 465 2569 τιμίας
480 2532 570 2559 αὐτῶν
584 2530 705 2566 κεφαλὰς
717 2530 764 2557 καὶ
777 2529 812 2556 τά
823 2529 945 2564 πανάγια

154 2581 242 2608 αὐτῶν
257 2580 385 2616 σώματα,
403 2578 450 2606 καὶ
467 2577 537 2614 μετὰ.
552 2577 637 2612 τιμῆς
651 2577 698 2602 καὶ
714 2575 829 2607 εὐωδίας
845 2574 945 2609 πολλῆς

155 2629 198 2654 ut
214 2626 378 2662 ψαλμῳδίας
390 2624 481 2652 ἐνθέου
499 2624 547 2651 καὶ
558 2623 640 2658 εὐχῆς
656 2621 782 2652 ὲκτενοῦς
795 2620 945 2656 ὀρύξαντες

155 2676 185 2709 τῇ
201 2675 236 2709 γῇ
250 2673 340 2700 ταῦτα
354 2671 500 2698 κατέθεντο
519 2672 547 2697 ὲν
566 2669 642 2704 αὐτῷ
657 2668 696 2703 τῷ
717 2667 793 2702 τόπῳ
818 2666 882 2694 ἔνθα
895 2668 944 2693 καὶ

156 2721 323 2756 ῂίωνίσαντο
335 2720 360 2746 οῑ
378 2719 497 2752 γενναῖοι
515 2716 560 2743 τοῦ
581 2714 701 2749 Χριστοῦ
718 2713 895 2748 στρατιῶται,
915 2713 945 2743 ἐν

156 2763 177 2800 ᾧ
189 2767 234 2793 καὶ
247 2765 439 2799 ἐπιφαίνονται
452 2763 489 2794 ὡς
505 2761 649 2797 φωστῆρες
661 2761 689 2786 ὲν
700 2759 806 2794 κόσμῳ.
818 2759 942 2801 Εὐφραί-

158 2819 199 2838 νου
217 2811 320 2841 τοίνυν,
334 2809 484 2843 ’Δπάμεια,
503 2808 637 2841 στέφανον
653 2804 848 2839 ἀναδησαμένη
861 2813 942 2831 πνευ-

161 2857 281 2892 ματικδν,
298 2857 330 2882 ἐκ
339 2855 475 2889 διαφόρων
487 2852 569 2879 λίθων
580 2850 735 2885 πολυτίμων
751 2849 943 2884 συγκεῖμενον,

164 2903 202 2930 (αἱ
215 2903 279 2938 μίαν
304 2900 440 2936 ἁρμονίαν
463 2897 628 2934 (lacn/31:06.
647 2895 807 2930 ἐλλάμψξως
819 2895 943 2930 ἀπεργαι

996 2299 1097 2327 locum.
1115 2299 1230 2327 Pessimi
1243 2306 1309 2326 vero
1323 2297 1444 2325 ministri
1455 2296 1584 2324 scelerati
1597 2294 1784 2330 imperatoris.

996 2352 1059 2371 cum
1074 2351 1089 2372 e
1104 2344 1180 2380 ligno
1195 2343 1388 2379 deposuissent
1414 2341 1588 2370 venerandas
1599 2345 1627 2368 et
1653 2340 1787 2376 gloriosas

994 2395 1090 2416 eorum
1100 2388 1242 2423 reliquias,
1265 2395 1321 2415 non
1335 2387 1416 2414 veriti
1429 2391 1494 2414 sunt
1514 2390 1659 2421 amputare
1669 2385 1785 2413 colenda

995 2442 1091 2462 eorum
1102 2434 1204 2469 capita.
1219 2433 1287 2462 Cum
1301 2441 1332 2460 ea
1349 2437 1442 2460 autem
1458 2432 1657 2464 abscidissent,
1683 2431 1785 2465 ultique

997 2487 1046 2515 per
1057 2480 1132 2507 illam
1150 2479 1247 2508 silvam
1268 2479 1447 2514 proiecerunt
1466 2486 1499 2507 ac
1517 2478 1698 2514 dissiparunt.
1716 2477 1785 2512 Qui-

996 2526 1058 2552 dam
1078 2531 1144 2552 vero
1160 2524 1261 2552 fratres
1277 2523 1382 2557 ﬁdeles,
1394 2529 1476 2551 noctu
1493 2531 1556 2552 cum
1572 2531 1670 2558 magno
1685 2523 1786 2550 timore

996 2570 1172 2603 accedentes,
1195 2571 1370 2606 collegerunt
1386 2570 1542 2598 veneranda
1569 2577 1672 2597 eorum
1694 2569 1784 2604 capita

995 2622 1023 2645 et
1037 2616 1209 2645 sanctissima
1229 2621 1257 2644 et
1293 2616 1455 2644 honoranda
1484 2623 1581 2644 eorum
1609 2622 1736 2649 corpora,
1757 2619 1785 2641 et

996 2671 1058 2691 cum
1073 2670 1116 2695 eo,
1130 2670 1185 2698 quo
1201 2670 1250 2697 par
1277 2667 1328 2694 est,
1358 2662 1474 2694 honore,
1499 2667 1527 2689 et
1551 2661 1637 2688 multo
1649 2668 1681 2687 ac
1707 2659 1784 2686 suavi

995 2710 1091 2741 odore,
1108 2709 1256 2744 divinaque
1274 2708 1436 2743 psalmodia,
1464 2711 1491 2734 et
1509 2706 1624 2733 inte-usis
1644 2705 1784 2740 precibus,

996 2757 1024 2784 in
1039 2761 1110 2784 terra
1129 2755 1278 2787 fodientes,
1288 2754 1478 2790 deposuerunt
1489 2753 1548 2788 ipsa
1561 2753 1588 2779 in
1599 2759 1633 2779 eo
1651 2752 1723 2784 loco,
1735 2751 1783 2778 ubi

996 2801 1209 2830 decertavcrunt
1228 2799 1352 2836 prssclari
1369 2804 1397 2827 et
1424 2798 1511 2826 fortes
1536 2797 1640 2825 Christi
1669 2797 1783 2826 milites.

997 2849 1025 2876 In
1036 2855 1091 2883 quo
1098 2849 1180 2876 etiam
1191 2852 1325 2882 apparent
1334 2851 1463 2881 tanquam
1473 2844 1621 2872 luminaria
1632 2844 1658 2871 in
1667 2843 1782 2872 mundo.

998 2895 1121 2928 Quorum
1132 2900 1182 2921 nos
1202 2900 1312 2929 quoque
1327 2899 1423 2920 omnes
1434 2891 1580 2927 dignemur
1593 2898 1654 2920 csse
1664 2889 1785 2919 celebris
