  <div class='ocr_page' id='page_1' title='image "/cluster/home/n/w/nwhite01/storage/ocr_20150623/115/njp.32101077772976/234.png"; bbox 0 0 2024 3153; ppageno 0'>
   <div class='ocr_carea' id='block_1_1' title="bbox 159 150 249 182">
    <p class='ocr_par' dir='ltr' id='par_1_1' title="bbox 159 150 249 182">
     <span class='ocr_line' id='line_1_1' title="bbox 159 150 249 182; baseline -0.011 0"><span class='ocrx_word' id='word_1_1' title='bbox 159 150 209 182; x_wconf 80' lang='grc'><strong>373</strong></span> <span class='ocrx_word' id='word_1_2' title='bbox 242 155 249 161; x_wconf 84' lang='lat'><strong><em>’</em></strong></span> 
     </span>
    </p>
   </div>
   <div class='ocr_carea' id='block_1_2' title="bbox 679 151 1262 186">
    <p class='ocr_par' dir='ltr' id='par_1_2' title="bbox 679 151 1262 186">
     <span class='ocr_line' id='line_1_2' title="bbox 679 151 1262 186; baseline 0.002 -3"><span class='ocrx_word' id='word_1_3' title='bbox 679 152 763 183; x_wconf 74' lang='lat' dir='ltr'><strong>VlTA</strong></span> <span class='ocrx_word' id='word_1_4' title='bbox 785 152 816 182; x_wconf 90' lang='lat' dir='ltr'><strong>S.</strong></span> <span class='ocrx_word' id='word_1_5' title='bbox 838 151 1050 182; x_wconf 64' lang='lat' dir='ltr'><strong>PRPOHETA-I</strong></span> <span class='ocrx_word' id='word_1_6' title='bbox 1069 152 1262 186; x_wconf 79' lang='lat' dir='ltr'><strong>DANIELIS.</strong></span> 
     </span>
    </p>
   </div>
   <div class='ocr_carea' id='block_1_3' title="bbox 1731 157 1783 189">
    <p class='ocr_par' dir='ltr' id='par_1_3' title="bbox 1731 157 1783 189">
     <span class='ocr_line' id='line_1_3' title="bbox 1731 157 1783 189; baseline 0 -1"><span class='ocrx_word' id='word_1_7' title='bbox 1731 157 1783 189; x_wconf 67' lang='lat'><strong>3&#39;.“</strong></span> 
     </span>
    </p>
   </div>
   <div class='ocr_carea' id='block_1_4' title="bbox 159 207 948 249">
    <p class='ocr_par' dir='ltr' id='par_1_4' title="bbox 159 207 942 244">
     <span class='ocr_line' id='line_1_4' title="bbox 159 207 942 244; baseline 0.001 -10"><span class='ocrx_word' id='word_1_8' title='bbox 159 209 218 240; x_wconf 80' lang='grc' dir='ltr'>σὰκ,</span> <span class='ocrx_word' id='word_1_9' title='bbox 237 208 286 234; x_wconf 77' lang='grc' dir='ltr'><strong>καὶ</strong></span> <span class='ocrx_word' id='word_1_10' title='bbox 310 207 466 242; x_wconf 80' lang='grc' dir='ltr'>Ἀϐδεναγὼ</span> <span class='ocrx_word' id='word_1_11' title='bbox 482 207 529 235; x_wconf 69' lang='grc' dir='ltr'>τὸν</span> <span class='ocrx_word' id='word_1_12' title='bbox 545 208 656 244; x_wconf 78' lang='grc' dir='ltr'>Μισαὴλ</span> <span class='ocrx_word' id='word_1_13' title='bbox 673 207 819 242; x_wconf 71' lang='grc' dir='ltr'>ὀνομάζει·</span> <span class='ocrx_word' id='word_1_14' title='bbox 834 207 880 240; x_wconf 83' lang='grc' dir='ltr'><strong>οὒς</strong></span> <span class='ocrx_word' id='word_1_15' title='bbox 897 208 942 243; x_wconf 83' lang='grc' dir='ltr'><strong>δή·</strong></span> 
     </span>
    </p>
   </div>
   <div class='ocr_carea' id='block_1_5' title="bbox 1001 207 1786 249">
    <p class='ocr_par' dir='ltr' id='par_1_5' title="bbox 1001 208 1786 249">
     <span class='ocr_line' id='line_1_5' title="bbox 1001 208 1786 249; baseline 0.011 -15"><span class='ocrx_word' id='word_1_16' title='bbox 1001 208 1124 236; x_wconf 80' lang='lat' dir='ltr'><strong>nominat</strong></span> <span class='ocrx_word' id='word_1_17' title='bbox 1147 209 1308 245; x_wconf 74' lang='lat' dir='ltr'><strong>Ahdenago.</strong></span> <span class='ocrx_word' id='word_1_18' title='bbox 1319 211 1393 245; x_wconf 85' lang='lat' dir='ltr'><strong>Quos</strong></span> <span class='ocrx_word' id='word_1_19' title='bbox 1402 214 1512 249; x_wconf 81' lang='lat' dir='ltr'><strong>quidem</strong></span> <span class='ocrx_word' id='word_1_20' title='bbox 1525 219 1555 242; x_wconf 78' lang='lat' dir='ltr'><strong>et</strong></span> <span class='ocrx_word' id='word_1_21' title='bbox 1566 222 1613 242; x_wconf 78' lang='lat' dir='ltr'><strong>rex</strong></span> <span class='ocrx_word' id='word_1_22' title='bbox 1625 214 1745 247; x_wconf 83' lang='lat' dir='ltr'><strong>amabat,</strong></span> <span class='ocrx_word' id='word_1_23' title='bbox 1757 220 1786 243; x_wconf 88' lang='lat' dir='ltr'><strong>et</strong></span> 
     </span>
    </p>
   </div>
   <div class='ocr_carea' id='block_1_6' title="bbox 158 254 946 290">
    <p class='ocr_par' dir='ltr' id='par_1_6' title="bbox 158 254 946 290">
     <span class='ocr_line' id='line_1_6' title="bbox 158 254 946 290; baseline 0.001 -10"><span class='ocrx_word' id='word_1_24' title='bbox 158 263 206 280; x_wconf 76' lang='grc' dir='ltr'><strong>που</strong></span> <span class='ocrx_word' id='word_1_25' title='bbox 220 255 269 281; x_wconf 76' lang='grc' dir='ltr'><strong>καὶ</strong></span> <span class='ocrx_word' id='word_1_26' title='bbox 284 254 374 289; x_wconf 77' lang='grc' dir='ltr'>ἐφίλει</span> <span class='ocrx_word' id='word_1_27' title='bbox 399 256 413 281; x_wconf 84' lang='grc' dir='ltr'><strong>δ</strong></span> <span class='ocrx_word' id='word_1_28' title='bbox 435 254 564 289; x_wconf 78' lang='grc' dir='ltr'>βασιλεὺς</span> <span class='ocrx_word' id='word_1_29' title='bbox 589 255 636 282; x_wconf 80' lang='grc' dir='ltr'><strong>καὶ</strong></span> <span class='ocrx_word' id='word_1_30' title='bbox 657 255 717 281; x_wconf 81' lang='grc' dir='ltr'>λίαν</span> <span class='ocrx_word' id='word_1_31' title='bbox 737 254 851 290; x_wconf 73' lang='grc' dir='ltr'>εὐμενὶς</span> <span class='ocrx_word' id='word_1_32' title='bbox 877 255 946 290; x_wconf 80' lang='grc' dir='ltr'>πρὸς</span> 
     </span>
    </p>
   </div>
   <div class='ocr_carea' id='block_1_7' title="bbox 157 299 947 336">
    <p class='ocr_par' dir='ltr' id='par_1_7' title="bbox 157 299 947 336">
     <span class='ocr_line' id='line_1_7' title="bbox 157 299 947 336; baseline 0.003 -10"><span class='ocrx_word' id='word_1_33' title='bbox 157 301 256 332; x_wconf 63' lang='grc' dir='ltr'>αὐτοὺς</span> <span class='ocrx_word' id='word_1_34' title='bbox 266 299 378 332; x_wconf 73' lang='grc' dir='ltr'>ἔϐλεπε,</span> <span class='ocrx_word' id='word_1_35' title='bbox 395 301 445 335; x_wconf 84' lang='grc' dir='ltr'>τῆς</span> <span class='ocrx_word' id='word_1_36' title='bbox 463 300 605 336; x_wconf 81' lang='grc' dir='ltr'>ἀγχινοίας</span> <span class='ocrx_word' id='word_1_37' title='bbox 620 301 830 336; x_wconf 79' lang='grc' dir='ltr'>ἀποδεχόμενος,</span> <span class='ocrx_word' id='word_1_38' title='bbox 843 302 891 328; x_wconf 79' lang='grc' dir='ltr'>καὶ</span> <span class='ocrx_word' id='word_1_39' title='bbox 906 301 947 328; x_wconf 79' lang='grc' dir='ltr'>ὅτι</span> 
     </span>
    </p>
   </div>
   <div class='ocr_carea' id='block_1_8' title="bbox 159 346 945 384">
    <p class='ocr_par' dir='ltr' id='par_1_8' title="bbox 159 346 945 384">
     <span class='ocr_line' id='line_1_8' title="bbox 159 346 945 384; baseline 0.003 -12"><span class='ocrx_word' id='word_1_40' title='bbox 159 346 195 381; x_wconf 82' lang='grc' dir='ltr'>μὴ</span> <span class='ocrx_word' id='word_1_41' title='bbox 220 346 303 381; x_wconf 86' lang='grc' dir='ltr'>μόνον</span> <span class='ocrx_word' id='word_1_42' title='bbox 328 347 438 380; x_wconf 71' lang='grc' dir='ltr'>εὐφυῶς</span> <span class='ocrx_word' id='word_1_43' title='bbox 460 347 594 374; x_wconf 77' lang='grc' dir='ltr'><strong>διέκειντο</strong></span> <span class='ocrx_word' id='word_1_44' title='bbox 627 349 690 383; x_wconf 76' lang='grc' dir='ltr'>περὶ</span> <span class='ocrx_word' id='word_1_45' title='bbox 719 350 755 375; x_wconf 77' lang='grc' dir='ltr'>τὰ</span> <span class='ocrx_word' id='word_1_46' title='bbox 783 347 945 384; x_wconf 83' lang='grc' dir='ltr'>μαθήματα,</span> 
     </span>
    </p>
   </div>
   <div class='ocr_carea' id='block_1_9' title="bbox 157 391 948 428">
    <p class='ocr_par' dir='ltr' id='par_1_9' title="bbox 157 391 948 428">
     <span class='ocr_line' id='line_1_9' title="bbox 157 391 948 428; baseline 0.003 -9"><span class='ocrx_word' id='word_1_47' title='bbox 157 392 223 419; x_wconf 74' lang='grc' dir='ltr'>ἀλλὰ</span> <span class='ocrx_word' id='word_1_48' title='bbox 237 393 286 419; x_wconf 71' lang='grc' dir='ltr'><strong>καὶ</strong></span> <span class='ocrx_word' id='word_1_49' title='bbox 301 391 387 426; x_wconf 82' lang='grc' dir='ltr'>πολλή</span> <span class='ocrx_word' id='word_1_50' title='bbox 403 401 446 424; x_wconf 86' lang='grc' dir='ltr'><strong>τις</strong></span> <span class='ocrx_word' id='word_1_51' title='bbox 458 393 616 428; x_wconf 76' lang='grc' dir='ltr'>ἑπέπρεπεν</span> <span class='ocrx_word' id='word_1_52' title='bbox 626 394 718 425; x_wconf 80' lang='grc' dir='ltr'>αὐτοῖς</span> <span class='ocrx_word' id='word_1_53' title='bbox 733 393 842 426; x_wconf 81' lang='grc' dir='ltr'>σύνισίς</span> <span class='ocrx_word' id='word_1_54' title='bbox 858 402 886 420; x_wconf 77' lang='grc' dir='ltr'><strong>τε</strong></span> <span class='ocrx_word' id='word_1_55' title='bbox 901 395 948 421; x_wconf 72' lang='grc' dir='ltr'><strong>καὶ</strong></span> 
     </span>
    </p>
   </div>
   <div class='ocr_carea' id='block_1_10' title="bbox 158 437 947 475">
    <p class='ocr_par' dir='ltr' id='par_1_10' title="bbox 158 437 947 475">
     <span class='ocr_line' id='line_1_10' title="bbox 158 437 947 475; baseline 0.005 -12"><span class='ocrx_word' id='word_1_56' title='bbox 158 438 319 472; x_wconf 71' lang='grc' dir='ltr'>κοσμιότης.</span> <span class='ocrx_word' id='word_1_57' title='bbox 334 437 407 465; x_wconf 78' lang='grc' dir='ltr'>Ἀλλ’</span> <span class='ocrx_word' id='word_1_58' title='bbox 421 437 508 470; x_wconf 82' lang='grc' dir='ltr'>οὕτως</span> <span class='ocrx_word' id='word_1_59' title='bbox 520 439 570 473; x_wconf 67' lang='grc' dir='ltr'>μὲν</span> <span class='ocrx_word' id='word_1_60' title='bbox 589 439 658 474; x_wconf 81' lang='grc' dir='ltr'>πρὸς</span> <span class='ocrx_word' id='word_1_61' title='bbox 674 440 738 472; x_wconf 77' lang='grc' dir='ltr'>τοὺς</span> <span class='ocrx_word' id='word_1_62' title='bbox 755 440 881 475; x_wconf 77' lang='grc' dir='ltr'>παῖδαςδ</span> <span class='ocrx_word' id='word_1_63' title='bbox 897 439 947 471; x_wconf 83' lang='grc' dir='ltr'><strong>βα-</strong></span> 
     </span>
    </p>
   </div>
   <div class='ocr_carea' id='block_1_11' title="bbox 158 484 262 516">
    <p class='ocr_par' dir='ltr' id='par_1_11' title="bbox 158 484 262 516">
     <span class='ocr_line' id='line_1_11' title="bbox 158 484 262 516; baseline 0.019 -6"><span class='ocrx_word' id='word_1_64' title='bbox 158 484 262 516; x_wconf 77' lang='grc' dir='ltr'>σιὶεύς.</span> 
     </span>
    </p>
   </div>
   <div class='ocr_carea' id='block_1_12' title="bbox 192 529 947 568">
    <p class='ocr_par' dir='ltr' id='par_1_12' title="bbox 192 529 947 568">
     <span class='ocr_line' id='line_1_12' title="bbox 192 529 947 568; baseline 0.004 -11"><span class='ocrx_word' id='word_1_65' title='bbox 192 529 231 558; x_wconf 84' lang='lat' dir='ltr'><strong>B&#39;.</strong></span> <span class='ocrx_word' id='word_1_66' title='bbox 245 530 347 566; x_wconf 80' lang='grc' dir='ltr'><strong>Δανιὴλ</strong></span> <span class='ocrx_word' id='word_1_67' title='bbox 363 531 392 558; x_wconf 70' lang='grc' dir='ltr'>δὲ</span> <span class='ocrx_word' id='word_1_68' title='bbox 412 532 426 558; x_wconf 84' lang='grc' dir='ltr'><strong><em>ὁ</em></strong></span> <span class='ocrx_word' id='word_1_69' title='bbox 445 531 597 566; x_wconf 77' lang='grc' dir='ltr'>θαυμάσιος</span> <span class='ocrx_word' id='word_1_70' title='bbox 619 532 670 558; x_wconf 79' lang='grc' dir='ltr'><strong>οὐκ</strong></span> <span class='ocrx_word' id='word_1_71' title='bbox 690 531 838 566; x_wconf 67' lang='grc' dir='ltr'>ἐπαινέτης</span> <span class='ocrx_word' id='word_1_72' title='bbox 866 532 947 568; x_wconf 87' lang='grc' dir='ltr'>μόνον</span> 
     </span>
    </p>
   </div>
   <div class='ocr_carea' id='block_1_13' title="bbox 156 575 945 614">
    <p class='ocr_par' dir='ltr' id='par_1_13' title="bbox 156 575 945 614">
     <span class='ocr_line' id='line_1_13' title="bbox 156 575 945 614; baseline 0.003 -10"><span class='ocrx_word' id='word_1_73' title='bbox 156 577 204 612; x_wconf 80' lang='grc' dir='ltr'>τῆς</span> <span class='ocrx_word' id='word_1_74' title='bbox 220 577 324 612; x_wconf 83' lang='grc' dir='ltr'>ἀρετῆς</span> <span class='ocrx_word' id='word_1_75' title='bbox 337 575 382 614; x_wconf 78' lang='grc' dir='ltr'>ἧν,</span> <span class='ocrx_word' id='word_1_76' title='bbox 395 578 464 605; x_wconf 73' lang='grc' dir='ltr'>ἀλλὰ</span> <span class='ocrx_word' id='word_1_77' title='bbox 487 578 534 604; x_wconf 80' lang='grc' dir='ltr'><strong>καὶ</strong></span> <span class='ocrx_word' id='word_1_78' title='bbox 554 579 650 614; x_wconf 72' lang='grc' dir='ltr'>μετῄει</span> <span class='ocrx_word' id='word_1_79' title='bbox 669 579 772 614; x_wconf 87' lang='grc' dir='ltr'>ταύτην</span> <span class='ocrx_word' id='word_1_80' title='bbox 789 580 945 614; x_wconf 51' lang='grc' dir='ltr'>ἐπιμελῶς</span> 
     </span>
    </p>
   </div>
   <div class='ocr_carea' id='block_1_14' title="bbox 157 623 944 660">
    <p class='ocr_par' dir='ltr' id='par_1_14' title="bbox 157 623 944 660">
     <span class='ocr_line' id='line_1_14' title="bbox 157 623 944 660; baseline 0.003 -10"><span class='ocrx_word' id='word_1_81' title='bbox 157 625 202 650; x_wconf 72' lang='grc' dir='ltr'><strong>καὶ</strong></span> <span class='ocrx_word' id='word_1_82' title='bbox 217 623 264 650; x_wconf 78' lang='grc' dir='ltr'><strong>διὰ</strong></span> <span class='ocrx_word' id='word_1_83' title='bbox 279 623 359 650; x_wconf 81' lang='grc' dir='ltr'>τοῦτο</span> <span class='ocrx_word' id='word_1_84' title='bbox 383 623 609 658; x_wconf 82' lang='grc' dir='ltr'>σκληραγωγίαις</span> <span class='ocrx_word' id='word_1_85' title='bbox 628 633 658 650; x_wconf 88' lang='grc' dir='ltr'><strong>τε</strong></span> <span class='ocrx_word' id='word_1_86' title='bbox 673 624 791 657; x_wconf 72' lang='grc' dir='ltr'><strong>ἐξεδίδου</strong></span> <span class='ocrx_word' id='word_1_87' title='bbox 806 625 836 651; x_wconf 69' lang='grc' dir='ltr'>τὸ</span> <span class='ocrx_word' id='word_1_88' title='bbox 852 625 944 660; x_wconf 86' lang='grc' dir='ltr'>σῶμα,</span> 
     </span>
    </p>
   </div>
   <div class='ocr_carea' id='block_1_15' title="bbox 157 669 946 707">
    <p class='ocr_par' dir='ltr' id='par_1_15' title="bbox 157 669 946 707">
     <span class='ocr_line' id='line_1_15' title="bbox 157 669 946 707; baseline 0.004 -11"><span class='ocrx_word' id='word_1_89' title='bbox 157 670 204 696; x_wconf 70' lang='grc' dir='ltr'><strong>καὶ</strong></span> <span class='ocrx_word' id='word_1_90' title='bbox 218 670 274 696; x_wconf 72' lang='grc' dir='ltr'><strong>ἀπὸ</strong></span> <span class='ocrx_word' id='word_1_91' title='bbox 288 669 338 704; x_wconf 77' lang='grc' dir='ltr'>τῆς</span> <span class='ocrx_word' id='word_1_92' title='bbox 355 669 500 705; x_wconf 77' lang='grc' dir='ltr'>βασιλικῆς</span> <span class='ocrx_word' id='word_1_93' title='bbox 515 670 655 705; x_wconf 75' lang='grc' dir='ltr'><strong>τραπέζης</strong></span> <span class='ocrx_word' id='word_1_94' title='bbox 675 671 833 706; x_wconf 72' lang='grc' dir='ltr'><strong>ἐδεσμάτων</strong></span> <span class='ocrx_word' id='word_1_95' title='bbox 849 672 879 698; x_wconf 85' lang='grc' dir='ltr'>οὑ</span> <span class='ocrx_word' id='word_1_96' title='bbox 896 672 946 707; x_wconf 81' lang='grc' dir='ltr'><strong>μό-</strong></span> 
     </span>
    </p>
   </div>
   <div class='ocr_carea' id='block_1_16' title="bbox 156 715 947 751">
    <p class='ocr_par' dir='ltr' id='par_1_16' title="bbox 156 715 947 751">
     <span class='ocr_line' id='line_1_16' title="bbox 156 715 947 751; baseline 0.005 -10"><span class='ocrx_word' id='word_1_97' title='bbox 156 724 200 742; x_wconf 86' lang='grc' dir='ltr'><strong>νον</strong></span> <span class='ocrx_word' id='word_1_98' title='bbox 217 715 302 747; x_wconf 79' lang='grc' dir='ltr'>αὐτὸς</span> <span class='ocrx_word' id='word_1_99' title='bbox 320 716 470 751; x_wconf 70' lang='grc' dir='ltr'><strong>παρῃτεῖτο</strong></span> <span class='ocrx_word' id='word_1_100' title='bbox 491 715 723 751; x_wconf 78' lang='grc' dir='ltr'>μεταλαμϐάνειν,</span> <span class='ocrx_word' id='word_1_101' title='bbox 737 717 805 744; x_wconf 80' lang='grc' dir='ltr'>ἀλλὰ</span> <span class='ocrx_word' id='word_1_102' title='bbox 827 718 875 745; x_wconf 76' lang='grc' dir='ltr'><strong>καὶ</strong></span> <span class='ocrx_word' id='word_1_103' title='bbox 891 719 947 750; x_wconf 82' lang='grc' dir='ltr'>τοῖς</span> 
     </span>
    </p>
   </div>
   <div class='ocr_carea' id='block_1_17' title="bbox 157 762 947 798">
    <p class='ocr_par' dir='ltr' id='par_1_17' title="bbox 157 762 947 798">
     <span class='ocr_line' id='line_1_17' title="bbox 157 762 947 798; baseline 0.003 -10"><span class='ocrx_word' id='word_1_104' title='bbox 157 763 262 798; x_wconf 73' lang='grc' dir='ltr'>ἑτέροις</span> <span class='ocrx_word' id='word_1_105' title='bbox 286 762 334 789; x_wconf 80' lang='grc' dir='ltr'>καὶ</span> <span class='ocrx_word' id='word_1_106' title='bbox 352 762 510 796; x_wconf 78' lang='grc' dir='ltr'><strong>συγγενέσι,</strong></span> <span class='ocrx_word' id='word_1_107' title='bbox 527 763 585 793; x_wconf 82' lang='grc' dir='ltr'>τοῖς</span> <span class='ocrx_word' id='word_1_108' title='bbox 602 763 677 797; x_wconf 76' lang='grc' dir='ltr'>τρισὶ</span> <span class='ocrx_word' id='word_1_109' title='bbox 691 763 764 797; x_wconf 81' lang='grc' dir='ltr'>λέγω</span> <span class='ocrx_word' id='word_1_110' title='bbox 783 764 888 797; x_wconf 75' lang='grc' dir='ltr'>παισὶν,</span> <span class='ocrx_word' id='word_1_111' title='bbox 901 763 947 790; x_wconf 82' lang='grc' dir='ltr'><strong>οὖ-</strong></span> 
     </span>
    </p>
   </div>
   <div class='ocr_carea' id='block_1_18' title="bbox 157 809 946 846">
    <p class='ocr_par' dir='ltr' id='par_1_18' title="bbox 157 809 946 846">
     <span class='ocr_line' id='line_1_18' title="bbox 157 809 946 846; baseline 0.003 -10"><span class='ocrx_word' id='word_1_112' title='bbox 157 819 194 837; x_wconf 80' lang='grc' dir='ltr'><strong>τω</strong></span> <span class='ocrx_word' id='word_1_113' title='bbox 209 811 299 837; x_wconf 80' lang='grc' dir='ltr'>ποιεῖν</span> <span class='ocrx_word' id='word_1_114' title='bbox 320 810 483 845; x_wconf 74' lang='grc' dir='ltr'><strong>παρηγγύα.</strong></span> <span class='ocrx_word' id='word_1_115' title='bbox 506 809 592 843; x_wconf 75' lang='grc' dir='ltr'>Δόξαν</span> <span class='ocrx_word' id='word_1_116' title='bbox 615 810 662 837; x_wconf 73' lang='grc' dir='ltr'>οὖν</span> <span class='ocrx_word' id='word_1_117' title='bbox 680 811 859 846; x_wconf 78' lang='grc' dir='ltr'><strong>ἀμφοτέροις,</strong></span> <span class='ocrx_word' id='word_1_118' title='bbox 878 811 946 839; x_wconf 81' lang='grc' dir='ltr'>καθ-</span> 
     </span>
    </p>
   </div>
   <div class='ocr_carea' id='block_1_19' title="bbox 158 854 947 893">
    <p class='ocr_par' dir='ltr' id='par_1_19' title="bbox 158 854 947 893">
     <span class='ocr_line' id='line_1_19' title="bbox 158 854 947 893; baseline 0.005 -13"><span class='ocrx_word' id='word_1_119' title='bbox 158 855 216 881; x_wconf 87' lang='grc' dir='ltr'>όλου</span> <span class='ocrx_word' id='word_1_120' title='bbox 233 856 344 882; x_wconf 86' lang='grc' dir='ltr'>πάντων</span> <span class='ocrx_word' id='word_1_121' title='bbox 358 855 413 882; x_wconf 85' lang='grc' dir='ltr'>τῶν</span> <span class='ocrx_word' id='word_1_122' title='bbox 429 854 561 890; x_wconf 69' lang='grc' dir='ltr'>ἐμψύχων</span> <span class='ocrx_word' id='word_1_123' title='bbox 576 855 726 890; x_wconf 82' lang='grc' dir='ltr'>ἀπέχεσθαι</span> <span class='ocrx_word' id='word_1_124' title='bbox 743 857 790 883; x_wconf 81' lang='grc' dir='ltr'><strong>καὶ</strong></span> <span class='ocrx_word' id='word_1_125' title='bbox 807 857 947 893; x_wconf 78' lang='grc' dir='ltr'><strong>σπέρμασι</strong></span> 
     </span>
    </p>
   </div>
   <div class='ocr_carea' id='block_1_20' title="bbox 159 901 947 940">
    <p class='ocr_par' dir='ltr' id='par_1_20' title="bbox 159 901 947 940">
     <span class='ocr_line' id='line_1_20' title="bbox 159 901 947 940; baseline 0.004 -12"><span class='ocrx_word' id='word_1_126' title='bbox 159 902 249 936; x_wconf 79' lang='grc' dir='ltr'>μόνοις</span> <span class='ocrx_word' id='word_1_127' title='bbox 265 902 314 927; x_wconf 73' lang='grc' dir='ltr'><strong>καὶ</strong></span> <span class='ocrx_word' id='word_1_128' title='bbox 330 901 458 936; x_wconf 82' lang='grc' dir='ltr'>λαχάνοις</span> <span class='ocrx_word' id='word_1_129' title='bbox 475 901 619 934; x_wconf 79' lang='grc' dir='ltr'>σιτεῖσθαι.</span> <span class='ocrx_word' id='word_1_130' title='bbox 632 903 828 938; x_wconf 73' lang='grc' dir='ltr'><strong>προσελθόντες</strong></span> <span class='ocrx_word' id='word_1_131' title='bbox 847 904 947 940; x_wconf 80' lang='grc' dir='ltr'>Ἀσχά-</span> 
     </span>
    </p>
   </div>
   <div class='ocr_carea' id='block_1_21' title="bbox 160 948 944 987">
    <p class='ocr_par' dir='ltr' id='par_1_21' title="bbox 160 948 944 987">
     <span class='ocr_line' id='line_1_21' title="bbox 160 948 944 987; baseline 0.008 -14"><span class='ocrx_word' id='word_1_132' title='bbox 160 957 188 983; x_wconf 68' lang='lat' dir='ltr'><strong>vn</strong></span> <span class='ocrx_word' id='word_1_133' title='bbox 206 948 246 982; x_wconf 79' lang='grc' dir='ltr'>τῷ</span> <span class='ocrx_word' id='word_1_134' title='bbox 263 948 313 982; x_wconf 85' lang='grc' dir='ltr'>τὴν</span> <span class='ocrx_word' id='word_1_135' title='bbox 325 948 487 982; x_wconf 70' lang='grc' dir='ltr'>ἐπιμέλειαν</span> <span class='ocrx_word' id='word_1_136' title='bbox 508 949 600 975; x_wconf 77' lang='grc' dir='ltr'>αὐτῶν</span> <span class='ocrx_word' id='word_1_137' title='bbox 615 950 848 987; x_wconf 76' lang='grc' dir='ltr'>ἐπιτετραμμένῳ</span> <span class='ocrx_word' id='word_1_138' title='bbox 863 952 944 987; x_wconf 83' lang='grc' dir='ltr'>ἀρχι-</span> 
     </span>
    </p>
   </div>
   <div class='ocr_carea' id='block_1_22' title="bbox 158 994 945 1033">
    <p class='ocr_par' dir='ltr' id='par_1_22' title="bbox 158 994 945 1033">
     <span class='ocr_line' id='line_1_22' title="bbox 158 994 945 1033; baseline 0.006 -13"><span class='ocrx_word' id='word_1_139' title='bbox 158 995 287 1028; x_wconf 80' lang='grc' dir='ltr'>ευνοὺχῳ,</span> <span class='ocrx_word' id='word_1_140' title='bbox 304 994 339 1020; x_wconf 79' lang='grc' dir='ltr'><strong>τὰ</strong></span> <span class='ocrx_word' id='word_1_141' title='bbox 362 994 412 1028; x_wconf 67' lang='grc' dir='ltr'>μιν</span> <span class='ocrx_word' id='word_1_142' title='bbox 428 995 503 1030; x_wconf 81' lang='grc' dir='ltr'>παρὰ</span> <span class='ocrx_word' id='word_1_143' title='bbox 513 995 560 1021; x_wconf 81' lang='grc' dir='ltr'><strong>τοῦ</strong></span> <span class='ocrx_word' id='word_1_144' title='bbox 577 995 710 1030; x_wconf 80' lang='grc' dir='ltr'>βασιλέως</span> <span class='ocrx_word' id='word_1_145' title='bbox 725 997 817 1029; x_wconf 80' lang='grc' dir='ltr'>αὐτοῖς</span> <span class='ocrx_word' id='word_1_146' title='bbox 832 999 945 1033; x_wconf 83' lang='grc' dir='ltr'>κομιζό-</span> 
     </span>
    </p>
   </div>
   <div class='ocr_carea' id='block_1_23' title="bbox 159 1040 945 1079">
    <p class='ocr_par' dir='ltr' id='par_1_23' title="bbox 159 1040 945 1079">
     <span class='ocr_line' id='line_1_23' title="bbox 159 1040 945 1079; baseline 0.005 -13"><span class='ocrx_word' id='word_1_147' title='bbox 159 1049 224 1075; x_wconf 85' lang='grc' dir='ltr'>μενα</span> <span class='ocrx_word' id='word_1_148' title='bbox 236 1040 330 1075; x_wconf 76' lang='grc' dir='ltr'>ἠξίουν</span> <span class='ocrx_word' id='word_1_149' title='bbox 345 1040 427 1068; x_wconf 78' lang='grc' dir='ltr'>αὐτὸν</span> <span class='ocrx_word' id='word_1_150' title='bbox 439 1040 614 1075; x_wconf 79' lang='grc' dir='ltr'>λαμϐάνοντα</span> <span class='ocrx_word' id='word_1_151' title='bbox 626 1042 795 1076; x_wconf 81' lang='grc' dir='ltr'>ἀναλίσκειν,</span> <span class='ocrx_word' id='word_1_152' title='bbox 813 1044 945 1079; x_wconf 83' lang='grc' dir='ltr'>παρέχειν</span> 
     </span>
    </p>
   </div>
   <div class='ocr_carea' id='block_1_24' title="bbox 158 1087 944 1126">
    <p class='ocr_par' dir='ltr' id='par_1_24' title="bbox 158 1087 944 1126">
     <span class='ocr_line' id='line_1_24' title="bbox 158 1087 944 1126; baseline 0.004 -12"><span class='ocrx_word' id='word_1_153' title='bbox 158 1088 183 1114; x_wconf 80' lang='grc' dir='ltr'>δὲ</span> <span class='ocrx_word' id='word_1_154' title='bbox 199 1088 257 1114; x_wconf 79' lang='grc' dir='ltr'>ἀντ’</span> <span class='ocrx_word' id='word_1_155' title='bbox 273 1088 364 1114; x_wconf 68' lang='grc' dir='ltr'>αὐτῶν</span> <span class='ocrx_word' id='word_1_156' title='bbox 374 1087 475 1122; x_wconf 83' lang='grc' dir='ltr'>δσπριά</span> <span class='ocrx_word' id='word_1_157' title='bbox 487 1096 516 1114; x_wconf 89' lang='grc' dir='ltr'><strong>τε</strong></span> <span class='ocrx_word' id='word_1_158' title='bbox 529 1087 576 1114; x_wconf 75' lang='grc' dir='ltr'>καὶ</span> <span class='ocrx_word' id='word_1_159' title='bbox 591 1088 715 1123; x_wconf 85' lang='grc' dir='ltr'>φοίνικας</span> <span class='ocrx_word' id='word_1_160' title='bbox 728 1091 767 1119; x_wconf 81' lang='grc' dir='ltr'><strong>είς</strong></span> <span class='ocrx_word' id='word_1_161' title='bbox 783 1090 944 1126; x_wconf 77' lang='grc' dir='ltr'>διατροφὴν,</span> 
     </span>
    </p>
   </div>
   <div class='ocr_carea' id='block_1_25' title="bbox 159 1134 944 1172">
    <p class='ocr_par' dir='ltr' id='par_1_25' title="bbox 159 1134 944 1172">
     <span class='ocr_line' id='line_1_25' title="bbox 159 1134 944 1172; baseline 0.005 -12"><span class='ocrx_word' id='word_1_162' title='bbox 159 1135 203 1161; x_wconf 73' lang='grc' dir='ltr'>καὶ</span> <span class='ocrx_word' id='word_1_163' title='bbox 215 1135 241 1161; x_wconf 73' lang='grc' dir='ltr'><strong>εἰ</strong></span> <span class='ocrx_word' id='word_1_164' title='bbox 252 1144 277 1160; x_wconf 81' lang='grc' dir='ltr'><strong>τι</strong></span> <span class='ocrx_word' id='word_1_165' title='bbox 291 1135 347 1161; x_wconf 82' lang='grc' dir='ltr'>τῶν</span> <span class='ocrx_word' id='word_1_166' title='bbox 367 1134 481 1169; x_wconf 74' lang='grc' dir='ltr'>ἀψύχων</span> <span class='ocrx_word' id='word_1_167' title='bbox 496 1134 590 1170; x_wconf 73' lang='grc' dir='ltr'>ἕτερον</span> <span class='ocrx_word' id='word_1_168' title='bbox 607 1135 686 1162; x_wconf 74' lang='grc' dir='ltr'>αὐτοὶ</span> <span class='ocrx_word' id='word_1_169' title='bbox 701 1136 839 1170; x_wconf 84' lang='grc' dir='ltr'>βούλοιντο</span> <span class='ocrx_word' id='word_1_170' title='bbox 850 1144 857 1151; x_wconf 84' lang='grc'><strong>·</strong></span> <span class='ocrx_word' id='word_1_171' title='bbox 875 1137 944 1172; x_wconf 76' lang='grc' dir='ltr'>πρὸς</span> 
     </span>
    </p>
   </div>
   <div class='ocr_carea' id='block_1_26' title="bbox 158 1179 945 1218">
    <p class='ocr_par' dir='ltr' id='par_1_26' title="bbox 158 1179 945 1218">
     <span class='ocr_line' id='line_1_26' title="bbox 158 1179 945 1218; baseline 0.005 -12"><span class='ocrx_word' id='word_1_172' title='bbox 158 1181 209 1215; x_wconf 73' lang='grc' dir='ltr'><strong>γὰρ</strong></span> <span class='ocrx_word' id='word_1_173' title='bbox 223 1179 273 1215; x_wconf 89' lang='grc' dir='ltr'>τὴν</span> <span class='ocrx_word' id='word_1_174' title='bbox 291 1180 422 1214; x_wconf 67' lang='grc' dir='ltr'>τοιαύτην</span> <span class='ocrx_word' id='word_1_175' title='bbox 441 1180 559 1211; x_wconf 80' lang='grc' dir='ltr'>δίαιταν,</span> <span class='ocrx_word' id='word_1_176' title='bbox 575 1180 680 1214; x_wconf 73' lang='grc' dir='ltr'>ἔλεγον,</span> <span class='ocrx_word' id='word_1_177' title='bbox 696 1182 725 1214; x_wconf 73' lang='grc' dir='ltr'><strong>ἐξ</strong></span> <span class='ocrx_word' id='word_1_178' title='bbox 736 1183 824 1218; x_wconf 83' lang='grc' dir='ltr'>ἀρχῆς</span> <span class='ocrx_word' id='word_1_179' title='bbox 838 1184 945 1210; x_wconf 82' lang='grc' dir='ltr'>κεκονί-</span> 
     </span>
    </p>
   </div>
   <div class='ocr_carea' id='block_1_27' title="bbox 158 1226 945 1264">
    <p class='ocr_par' dir='ltr' id='par_1_27' title="bbox 158 1226 945 1264">
     <span class='ocr_line' id='line_1_27' title="bbox 158 1226 945 1264; baseline 0.005 -12"><span class='ocrx_word' id='word_1_180' title='bbox 158 1227 228 1257; x_wconf 79' lang='grc' dir='ltr'>σθαι,</span> <span class='ocrx_word' id='word_1_181' title='bbox 244 1227 295 1261; x_wconf 85' lang='grc' dir='ltr'>τῆς</span> <span class='ocrx_word' id='word_1_182' title='bbox 307 1227 335 1253; x_wconf 80' lang='grc' dir='ltr'>δὲ</span> <span class='ocrx_word' id='word_1_183' title='bbox 346 1227 443 1262; x_wconf 70' lang='grc' dir='ltr'>ἑτέρας</span> <span class='ocrx_word' id='word_1_184' title='bbox 458 1226 652 1263; x_wconf 80' lang='grc' dir='ltr'>ὀλιγωρεῖν.¹0</span> <span class='ocrx_word' id='word_1_185' title='bbox 669 1228 697 1255; x_wconf 78' lang='grc' dir='ltr'>δὲ</span> <span class='ocrx_word' id='word_1_186' title='bbox 718 1226 788 1255; x_wconf 73' lang='grc' dir='ltr'>εῖναι</span> <span class='ocrx_word' id='word_1_187' title='bbox 808 1229 859 1264; x_wconf 70' lang='grc' dir='ltr'>μὲν</span> <span class='ocrx_word' id='word_1_188' title='bbox 875 1230 945 1256; x_wconf 70' lang='grc' dir='ltr'>ἐτοι-</span> 
     </span>
    </p>
   </div>
   <div class='ocr_carea' id='block_1_28' title="bbox 159 1273 944 1311">
    <p class='ocr_par' dir='ltr' id='par_1_28' title="bbox 159 1273 944 1311">
     <span class='ocr_line' id='line_1_28' title="bbox 159 1273 944 1311; baseline 0.006 -12"><span class='ocrx_word' id='word_1_189' title='bbox 159 1281 206 1308; x_wconf 85' lang='grc' dir='ltr'><strong>μος</strong></span> <span class='ocrx_word' id='word_1_190' title='bbox 220 1273 324 1306; x_wconf 70' lang='grc' dir='ltr'>ἔλεγεν,</span> <span class='ocrx_word' id='word_1_191' title='bbox 340 1273 488 1308; x_wconf 83' lang='grc' dir='ltr'>ὑπηρετεῖν</span> <span class='ocrx_word' id='word_1_192' title='bbox 503 1273 593 1301; x_wconf 73' lang='grc' dir='ltr'>αὐτῶν</span> <span class='ocrx_word' id='word_1_193' title='bbox 606 1276 637 1310; x_wconf 87' lang='grc' dir='ltr'><strong>τῇ</strong></span> <span class='ocrx_word' id='word_1_194' title='bbox 653 1274 773 1310; x_wconf 72' lang='grc' dir='ltr'>θελήσει,</span> <span class='ocrx_word' id='word_1_195' title='bbox 791 1277 944 1311; x_wconf 76' lang='grc' dir='ltr'>ὑφορᾶσθαι</span> 
     </span>
    </p>
   </div>
   <div class='ocr_carea' id='block_1_29' title="bbox 157 1320 945 1358">
    <p class='ocr_par' dir='ltr' id='par_1_29' title="bbox 157 1320 945 1358">
     <span class='ocr_line' id='line_1_29' title="bbox 157 1320 945 1358; baseline 0.004 -12"><span class='ocrx_word' id='word_1_196' title='bbox 157 1321 182 1346; x_wconf 80' lang='grc' dir='ltr'>δὲ</span> <span class='ocrx_word' id='word_1_197' title='bbox 204 1321 242 1356; x_wconf 80' lang='grc' dir='ltr'>μὴ</span> <span class='ocrx_word' id='word_1_198' title='bbox 263 1320 409 1355; x_wconf 76' lang='grc' dir='ltr'>κατάδηλοι</span> <span class='ocrx_word' id='word_1_199' title='bbox 429 1321 468 1356; x_wconf 79' lang='grc' dir='ltr'>τῷ</span> <span class='ocrx_word' id='word_1_200' title='bbox 488 1321 595 1356; x_wconf 81' lang='grc' dir='ltr'>βασιλεῖ</span> <span class='ocrx_word' id='word_1_201' title='bbox 615 1321 777 1356; x_wconf 81' lang='grc' dir='ltr'>γενηθέντες</span> <span class='ocrx_word' id='word_1_202' title='bbox 794 1323 825 1350; x_wconf 77' lang='grc' dir='ltr'><em>ἐκ</em></span> <span class='ocrx_word' id='word_1_203' title='bbox 839 1332 869 1350; x_wconf 80' lang='grc' dir='ltr'><strong>τε</strong></span> <span class='ocrx_word' id='word_1_204' title='bbox 894 1323 945 1358; x_wconf 85' lang='grc' dir='ltr'>τῆς</span> 
     </span>
    </p>
   </div>
   <div class='ocr_carea' id='block_1_30' title="bbox 157 1367 944 1404">
    <p class='ocr_par' dir='ltr' id='par_1_30' title="bbox 157 1367 944 1404">
     <span class='ocr_line' id='line_1_30' title="bbox 157 1367 944 1404; baseline 0.004 -10"><span class='ocrx_word' id='word_1_205' title='bbox 157 1367 210 1394; x_wconf 84' lang='grc' dir='ltr'>τῶν</span> <span class='ocrx_word' id='word_1_206' title='bbox 227 1367 364 1402; x_wconf 81' lang='grc' dir='ltr'>σωμάτων</span> <span class='ocrx_word' id='word_1_207' title='bbox 383 1367 539 1403; x_wconf 68' lang='grc' dir='ltr'><strong>ἰσχνότητος</strong></span> <span class='ocrx_word' id='word_1_208' title='bbox 568 1368 615 1394; x_wconf 78' lang='grc' dir='ltr'><strong>καὶ</strong></span> <span class='ocrx_word' id='word_1_209' title='bbox 642 1368 692 1403; x_wconf 79' lang='grc' dir='ltr'>τῆς</span> <span class='ocrx_word' id='word_1_210' title='bbox 713 1368 867 1404; x_wconf 82' lang='grc' dir='ltr'>ὠχρότητος</span> <span class='ocrx_word' id='word_1_211' title='bbox 889 1369 944 1397; x_wconf 87' lang='grc' dir='ltr'><strong>τῶν</strong></span> 
     </span>
    </p>
   </div>
   <div class='ocr_carea' id='block_1_31' title="bbox 158 1414 944 1451">
    <p class='ocr_par' dir='ltr' id='par_1_31' title="bbox 158 1414 944 1451">
     <span class='ocr_line' id='line_1_31' title="bbox 158 1414 944 1451; baseline 0.004 -11"><span class='ocrx_word' id='word_1_212' title='bbox 158 1414 330 1448; x_wconf 76' lang='grc' dir='ltr'>προσώπωνι</span> <span class='ocrx_word' id='word_1_213' title='bbox 353 1414 590 1449; x_wconf 73' lang='grc' dir='ltr'>συμμεταϐάλλειν</span> <span class='ocrx_word' id='word_1_214' title='bbox 605 1414 660 1450; x_wconf 81' lang='grc' dir='ltr'>γὰρ</span> <span class='ocrx_word' id='word_1_215' title='bbox 676 1415 770 1446; x_wconf 73' lang='grc' dir='ltr'>αὐτοῖς</span> <span class='ocrx_word' id='word_1_216' title='bbox 784 1415 891 1451; x_wconf 80' lang='grc' dir='ltr'>ἀνάγκη</span> <span class='ocrx_word' id='word_1_217' title='bbox 911 1416 944 1443; x_wconf 61' lang='grc' dir='ltr'>τὰ</span> 
     </span>
    </p>
   </div>
   <div class='ocr_carea' id='block_1_32' title="bbox 158 1459 944 1496">
    <p class='ocr_par' dir='ltr' id='par_1_32' title="bbox 158 1459 944 1496">
     <span class='ocr_line' id='line_1_32' title="bbox 158 1459 944 1496; baseline 0.003 -10"><span class='ocrx_word' id='word_1_218' title='bbox 158 1459 273 1495; x_wconf 81' lang='grc' dir='ltr'>σώματα</span> <span class='ocrx_word' id='word_1_219' title='bbox 290 1461 337 1487; x_wconf 78' lang='grc' dir='ltr'><strong>καὶ</strong></span> <span class='ocrx_word' id='word_1_220' title='bbox 352 1460 403 1492; x_wconf 77' lang='grc' dir='ltr'><strong>τὰς</strong></span> <span class='ocrx_word' id='word_1_221' title='bbox 417 1460 500 1496; x_wconf 85' lang='grc' dir='ltr'>χρόας</span> <span class='ocrx_word' id='word_1_222' title='bbox 517 1460 576 1495; x_wconf 74' lang='grc' dir='ltr'>ἅμα</span> <span class='ocrx_word' id='word_1_223' title='bbox 590 1462 623 1496; x_wconf 82' lang='grc' dir='ltr'><strong>τῇ</strong></span> <span class='ocrx_word' id='word_1_224' title='bbox 641 1460 741 1496; x_wconf 79' lang='grc' dir='ltr'>διαίτῃ,</span> <span class='ocrx_word' id='word_1_225' title='bbox 757 1461 805 1488; x_wconf 76' lang='grc' dir='ltr'><strong>καὶ</strong></span> <span class='ocrx_word' id='word_1_226' title='bbox 826 1462 944 1496; x_wconf 78' lang='grc' dir='ltr'>μάλιστα</span> 
     </span>
    </p>
   </div>
   <div class='ocr_carea' id='block_1_33' title="bbox 157 1506 944 1538">
    <p class='ocr_par' dir='ltr' id='par_1_33' title="bbox 157 1506 944 1538">
     <span class='ocr_line' id='line_1_33' title="bbox 157 1506 944 1538; baseline 0.003 -5"><span class='ocrx_word' id='word_1_227' title='bbox 157 1507 211 1533; x_wconf 77' lang='grc' dir='ltr'>τῶν</span> <span class='ocrx_word' id='word_1_228' title='bbox 241 1507 332 1533; x_wconf 75' lang='grc' dir='ltr'>ἄλλων</span> <span class='ocrx_word' id='word_1_229' title='bbox 357 1506 461 1533; x_wconf 81' lang='grc' dir='ltr'>παίδων</span> <span class='ocrx_word' id='word_1_230' title='bbox 487 1507 690 1538; x_wconf 82' lang='grc' dir='ltr'>εὐπαθούντων,</span> <span class='ocrx_word' id='word_1_231' title='bbox 711 1508 793 1534; x_wconf 78' lang='grc' dir='ltr'>αἴτιοι</span> <span class='ocrx_word' id='word_1_232' title='bbox 819 1509 944 1535; x_wconf 81' lang='grc' dir='ltr'>κινδύνου</span> 
     </span>
    </p>
   </div>
   <div class='ocr_carea' id='block_1_34' title="bbox 999 256 1787 296">
    <p class='ocr_par' dir='ltr' id='par_1_34' title="bbox 999 256 1787 296">
     <span class='ocr_line' id='line_1_34' title="bbox 999 256 1787 296; baseline 0.009 -14"><span class='ocrx_word' id='word_1_233' title='bbox 999 256 1116 292; x_wconf 76' lang='lat' dir='ltr'><strong>benigne</strong></span> <span class='ocrx_word' id='word_1_234' title='bbox 1128 256 1277 285; x_wconf 79' lang='lat' dir='ltr'><strong>admodum</strong></span> <span class='ocrx_word' id='word_1_235' title='bbox 1294 266 1342 288; x_wconf 82' lang='lat' dir='ltr'><strong>eos</strong></span> <span class='ocrx_word' id='word_1_236' title='bbox 1370 261 1532 296; x_wconf 79' lang='lat' dir='ltr'><strong>aspiciebat,</strong></span> <span class='ocrx_word' id='word_1_237' title='bbox 1549 270 1645 289; x_wconf 87' lang='lat' dir='ltr'><strong>eorum</strong></span> <span class='ocrx_word' id='word_1_238' title='bbox 1669 261 1787 289; x_wconf 82' lang='lat' dir='ltr'><strong>laudans</strong></span> 
     </span>
    </p>
   </div>
   <div class='ocr_carea' id='block_1_35' title="bbox 1000 302 1786 341">
    <p class='ocr_par' dir='ltr' id='par_1_35' title="bbox 1000 302 1786 341">
     <span class='ocr_line' id='line_1_35' title="bbox 1000 302 1786 341; baseline 0.008 -12"><span class='ocrx_word' id='word_1_239' title='bbox 1000 302 1120 330; x_wconf 78' lang='lat' dir='ltr'><strong>indolem</strong></span> <span class='ocrx_word' id='word_1_240' title='bbox 1134 312 1141 330; x_wconf 72' lang='grc' dir='ltr'><em>τ</em></span> <span class='ocrx_word' id='word_1_241' title='bbox 1159 308 1188 331; x_wconf 86' lang='lat' dir='ltr'><strong>et</strong></span> <span class='ocrx_word' id='word_1_242' title='bbox 1203 305 1277 339; x_wconf 84' lang='lat' dir='ltr'><strong>quod</strong></span> <span class='ocrx_word' id='word_1_243' title='bbox 1295 313 1350 333; x_wconf 93' lang='lat' dir='ltr'><strong>non</strong></span> <span class='ocrx_word' id='word_1_244' title='bbox 1380 307 1468 334; x_wconf 80' lang='lat' dir='ltr'><strong>solum</strong></span> <span class='ocrx_word' id='word_1_245' title='bbox 1485 308 1610 335; x_wconf 84' lang='lat' dir='ltr'><strong>valebant</strong></span> <span class='ocrx_word' id='word_1_246' title='bbox 1627 307 1736 341; x_wconf 69' lang='lat' dir='ltr'><strong>ingenio</strong></span> <span class='ocrx_word' id='word_1_247' title='bbox 1751 308 1786 337; x_wconf 79' lang='lat' dir='ltr'><strong>atl</strong></span> 
     </span>
    </p>
   </div>
   <div class='ocr_carea' id='block_1_36' title="bbox 998 347 1786 388">
    <p class='ocr_par' dir='ltr' id='par_1_36' title="bbox 998 347 1786 388">
     <span class='ocr_line' id='line_1_36' title="bbox 998 347 1786 388; baseline 0.008 -13"><span class='ocrx_word' id='word_1_248' title='bbox 998 347 1167 383; x_wconf 74' lang='lat' dir='ltr'><strong>disciplinas,</strong></span> <span class='ocrx_word' id='word_1_249' title='bbox 1185 350 1233 378; x_wconf 89' lang='lat' dir='ltr'><strong>sed</strong></span> <span class='ocrx_word' id='word_1_250' title='bbox 1251 351 1292 378; x_wconf 89' lang='lat' dir='ltr'><strong>eis</strong></span> <span class='ocrx_word' id='word_1_251' title='bbox 1305 359 1417 387; x_wconf 89' lang='lat' dir='ltr'><strong>quoque</strong></span> <span class='ocrx_word' id='word_1_252' title='bbox 1448 361 1576 388; x_wconf 72' lang='lat' dir='ltr'><strong>magnum</strong></span> <span class='ocrx_word' id='word_1_253' title='bbox 1593 353 1786 381; x_wconf 79' lang='lat' dir='ltr'><strong>aﬂ’erebator-</strong></span> 
     </span>
    </p>
   </div>
   <div class='ocr_carea' id='block_1_37' title="bbox 999 397 1786 435">
    <p class='ocr_par' dir='ltr' id='par_1_37' title="bbox 999 397 1786 435">
     <span class='ocr_line' id='line_1_37' title="bbox 999 397 1786 435; baseline 0.008 -14"><span class='ocrx_word' id='word_1_254' title='bbox 999 400 1158 423; x_wconf 85' lang='lat' dir='ltr'><strong>namentum</strong></span> <span class='ocrx_word' id='word_1_255' title='bbox 1190 397 1301 425; x_wconf 82' lang='lat' dir='ltr'><strong>sctertia</strong></span> <span class='ocrx_word' id='word_1_256' title='bbox 1316 402 1345 425; x_wconf 92' lang='lat' dir='ltr'><strong>et</strong></span> <span class='ocrx_word' id='word_1_257' title='bbox 1360 399 1504 426; x_wconf 77' lang='lat' dir='ltr'><strong>modestia.</strong></span> <span class='ocrx_word' id='word_1_258' title='bbox 1531 399 1584 426; x_wconf 88' lang='lat' dir='ltr'><strong>Sed</strong></span> <span class='ocrx_word' id='word_1_259' title='bbox 1601 400 1641 427; x_wconf 88' lang='lat' dir='ltr'><strong>sic</strong></span> <span class='ocrx_word' id='word_1_260' title='bbox 1673 399 1786 435; x_wconf 80' lang='lat' dir='ltr'><strong>quidem</strong></span> 
     </span>
    </p>
   </div>
   <div class='ocr_carea' id='block_1_38' title="bbox 998 442 1414 480">
    <p class='ocr_par' dir='ltr' id='par_1_38' title="bbox 998 442 1414 480">
     <span class='ocr_line' id='line_1_38' title="bbox 998 442 1414 480; baseline 0.012 -13"><span class='ocrx_word' id='word_1_261' title='bbox 998 444 1058 468; x_wconf 78' lang='lat' dir='ltr'><strong>erat</strong></span> <span class='ocrx_word' id='word_1_262' title='bbox 1071 449 1117 469; x_wconf 90' lang='lat' dir='ltr'><strong>rex</strong></span> <span class='ocrx_word' id='word_1_263' title='bbox 1132 442 1246 471; x_wconf 76' lang='lat' dir='ltr'><strong>allectus</strong></span> <span class='ocrx_word' id='word_1_264' title='bbox 1262 444 1288 471; x_wconf 93' lang='lat' dir='ltr'><strong>in</strong></span> <span class='ocrx_word' id='word_1_265' title='bbox 1303 452 1414 480; x_wconf 86' lang='lat' dir='ltr'><strong>pueros.</strong></span> 
     </span>
    </p>
   </div>
   <div class='ocr_carea' id='block_1_39' title="bbox 1034 532 1786 563">
    <p class='ocr_par' dir='ltr' id='par_1_39' title="bbox 1034 532 1786 563">
     <span class='ocr_line' id='line_1_39' title="bbox 1034 532 1786 563; baseline 0.007 -5"><span class='ocrx_word' id='word_1_266' title='bbox 1034 532 1066 559; x_wconf 91' lang='lat' dir='ltr'><strong>ll.</strong></span> <span class='ocrx_word' id='word_1_267' title='bbox 1084 532 1199 560; x_wconf 84' lang='lat' dir='ltr'><strong>Divinas</strong></span> <span class='ocrx_word' id='word_1_268' title='bbox 1217 537 1307 560; x_wconf 80' lang='lat' dir='ltr'><strong>autem</strong></span> <span class='ocrx_word' id='word_1_269' title='bbox 1333 534 1426 561; x_wconf 86' lang='lat' dir='ltr'><strong>Daniel</strong></span> <span class='ocrx_word' id='word_1_270' title='bbox 1448 542 1502 561; x_wconf 88' lang='lat' dir='ltr'><strong>non</strong></span> <span class='ocrx_word' id='word_1_271' title='bbox 1531 534 1620 562; x_wconf 85' lang='lat' dir='ltr'><strong>solum</strong></span> <span class='ocrx_word' id='word_1_272' title='bbox 1642 540 1703 563; x_wconf 84' lang='lat' dir='ltr'><strong>erat</strong></span> <span class='ocrx_word' id='word_1_273' title='bbox 1726 535 1786 563; x_wconf 84' lang='lat' dir='ltr'><strong>lau-</strong></span> 
     </span>
    </p>
   </div>
   <div class='ocr_carea' id='block_1_40' title="bbox 998 578 1786 615">
    <p class='ocr_par' dir='ltr' id='par_1_40' title="bbox 998 578 1786 615">
     <span class='ocr_line' id='line_1_40' title="bbox 998 578 1786 615; baseline 0.006 -10"><span class='ocrx_word' id='word_1_274' title='bbox 998 578 1078 605; x_wconf 89' lang='lat' dir='ltr'><strong>dator</strong></span> <span class='ocrx_word' id='word_1_275' title='bbox 1091 579 1209 610; x_wconf 83' lang='lat' dir='ltr'><strong>virtutis,</strong></span> <span class='ocrx_word' id='word_1_276' title='bbox 1224 580 1272 607; x_wconf 85' lang='lat' dir='ltr'><strong>sed</strong></span> <span class='ocrx_word' id='word_1_277' title='bbox 1289 588 1350 607; x_wconf 90' lang='lat' dir='ltr'><strong>eam</strong></span> <span class='ocrx_word' id='word_1_278' title='bbox 1363 581 1446 608; x_wconf 91' lang='lat' dir='ltr'><strong>etiam</strong></span> <span class='ocrx_word' id='word_1_279' title='bbox 1459 581 1606 615; x_wconf 80' lang='lat' dir='ltr'><strong>diligenter</strong></span> <span class='ocrx_word' id='word_1_280' title='bbox 1629 582 1786 610; x_wconf 80' lang='lat' dir='ltr'><strong>exercebat.</strong></span> 
     </span>
    </p>
   </div>
   <div class='ocr_carea' id='block_1_41' title="bbox 999 624 1785 661">
    <p class='ocr_par' dir='ltr' id='par_1_41' title="bbox 999 624 1785 661">
     <span class='ocr_line' id='line_1_41' title="bbox 999 624 1785 661; baseline 0.004 -11"><span class='ocrx_word' id='word_1_281' title='bbox 999 624 1031 650; x_wconf 83' lang='lat' dir='ltr'><strong>Et</strong></span> <span class='ocrx_word' id='word_1_282' title='bbox 1047 624 1110 651; x_wconf 90' lang='lat' dir='ltr'><strong>ideo</strong></span> <span class='ocrx_word' id='word_1_283' title='bbox 1120 625 1267 660; x_wconf 81' lang='lat' dir='ltr'><strong>asperitate</strong></span> <span class='ocrx_word' id='word_1_284' title='bbox 1278 625 1340 652; x_wconf 70' lang='lat' dir='ltr'><strong>vita:</strong></span> <span class='ocrx_word' id='word_1_285' title='bbox 1353 634 1453 660; x_wconf 84' lang='lat' dir='ltr'><strong>corpus</strong></span> <span class='ocrx_word' id='word_1_286' title='bbox 1463 626 1609 661; x_wconf 78' lang='lat' dir='ltr'><strong>afﬂigebat,</strong></span> <span class='ocrx_word' id='word_1_287' title='bbox 1621 631 1647 654; x_wconf 87' lang='lat' dir='ltr'><strong>et</strong></span> <span class='ocrx_word' id='word_1_288' title='bbox 1659 626 1785 654; x_wconf 85' lang='lat' dir='ltr'><strong>ciborum</strong></span> 
     </span>
    </p>
   </div>
   <div class='ocr_carea' id='block_1_42' title="bbox 998 671 1785 709">
    <p class='ocr_par' dir='ltr' id='par_1_42' title="bbox 998 671 1785 709">
     <span class='ocr_line' id='line_1_42' title="bbox 998 671 1785 709; baseline 0.005 -12"><span class='ocrx_word' id='word_1_289' title='bbox 998 677 1099 697; x_wconf 62' lang='lat' dir='ltr'><strong>mensa:</strong></span> <span class='ocrx_word' id='word_1_290' title='bbox 1112 671 1193 706; x_wconf 70' lang='lat' dir='ltr'><strong>regiae</strong></span> <span class='ocrx_word' id='word_1_291' title='bbox 1210 679 1264 698; x_wconf 92' lang='lat' dir='ltr'><strong>non</strong></span> <span class='ocrx_word' id='word_1_292' title='bbox 1279 671 1367 698; x_wconf 88' lang='lat' dir='ltr'><strong>solum</strong></span> <span class='ocrx_word' id='word_1_293' title='bbox 1386 672 1532 700; x_wconf 84' lang='lat' dir='ltr'><strong>recusabat</strong></span> <span class='ocrx_word' id='word_1_294' title='bbox 1556 680 1617 700; x_wconf 84' lang='lat' dir='ltr'><strong>esse</strong></span> <span class='ocrx_word' id='word_1_295' title='bbox 1636 673 1785 709; x_wconf 82' lang='lat' dir='ltr'><strong>particeps,</strong></span> 
     </span>
    </p>
   </div>
   <div class='ocr_carea' id='block_1_43' title="bbox 998 717 1787 755">
    <p class='ocr_par' dir='ltr' id='par_1_43' title="bbox 998 717 1787 755">
     <span class='ocr_line' id='line_1_43' title="bbox 998 717 1787 755; baseline 0.006 -12"><span class='ocrx_word' id='word_1_296' title='bbox 998 717 1046 744; x_wconf 84' lang='lat' dir='ltr'><strong>sed</strong></span> <span class='ocrx_word' id='word_1_297' title='bbox 1074 717 1136 744; x_wconf 85' lang='lat' dir='ltr'><strong>aliis</strong></span> <span class='ocrx_word' id='word_1_298' title='bbox 1160 718 1243 744; x_wconf 86' lang='lat' dir='ltr'><strong>etiam</strong></span> <span class='ocrx_word' id='word_1_299' title='bbox 1273 718 1407 753; x_wconf 78' lang='lat' dir='ltr'><strong>cognatis,</strong></span> <span class='ocrx_word' id='word_1_300' title='bbox 1427 719 1525 751; x_wconf 89' lang='lat' dir='ltr'><strong>tribus,</strong></span> <span class='ocrx_word' id='word_1_301' title='bbox 1545 719 1669 754; x_wconf 86' lang='lat' dir='ltr'><strong>inquam,</strong></span> <span class='ocrx_word' id='word_1_302' title='bbox 1692 721 1787 755; x_wconf 83' lang='lat' dir='ltr'><strong>pueris</strong></span> 
     </span>
    </p>
   </div>
   <div class='ocr_carea' id='block_1_44' title="bbox 998 762 1786 799">
    <p class='ocr_par' dir='ltr' id='par_1_44' title="bbox 998 762 1786 799">
     <span class='ocr_line' id='line_1_44' title="bbox 998 762 1786 799; baseline 0.004 -9"><span class='ocrx_word' id='word_1_303' title='bbox 998 762 1040 790; x_wconf 83' lang='lat' dir='ltr'><strong>sic</strong></span> <span class='ocrx_word' id='word_1_304' title='bbox 1055 763 1141 790; x_wconf 78' lang='lat' dir='ltr'><strong>suasit</strong></span> <span class='ocrx_word' id='word_1_305' title='bbox 1158 768 1188 790; x_wconf 85' lang='lat' dir='ltr'><strong>ut</strong></span> <span class='ocrx_word' id='word_1_306' title='bbox 1211 763 1345 791; x_wconf 85' lang='lat' dir='ltr'><strong>facerent.</strong></span> <span class='ocrx_word' id='word_1_307' title='bbox 1371 764 1440 792; x_wconf 85' lang='lat' dir='ltr'><strong>Cum</strong></span> <span class='ocrx_word' id='word_1_308' title='bbox 1458 765 1583 799; x_wconf 88' lang='lat' dir='ltr'><strong>utrisque</strong></span> <span class='ocrx_word' id='word_1_309' title='bbox 1600 773 1665 799; x_wconf 75' lang='lat' dir='ltr'><strong>ergo</strong></span> <span class='ocrx_word' id='word_1_310' title='bbox 1697 766 1786 793; x_wconf 92' lang='lat' dir='ltr'><strong>visum</strong></span> 
     </span>
    </p>
   </div>
   <div class='ocr_carea' id='block_1_45' title="bbox 997 809 1789 843">
    <p class='ocr_par' dir='ltr' id='par_1_45' title="bbox 997 809 1789 843">
     <span class='ocr_line' id='line_1_45' title="bbox 997 809 1789 843; baseline 0.004 -7"><span class='ocrx_word' id='word_1_311' title='bbox 997 813 1080 841; x_wconf 82' lang='lat' dir='ltr'><strong>esset,</strong></span> <span class='ocrx_word' id='word_1_312' title='bbox 1092 809 1126 836; x_wconf 85' lang='lat' dir='ltr'><strong>ab</strong></span> <span class='ocrx_word' id='word_1_313' title='bbox 1135 809 1264 836; x_wconf 81' lang='lat' dir='ltr'><strong>omnibus</strong></span> <span class='ocrx_word' id='word_1_314' title='bbox 1273 809 1413 837; x_wconf 87' lang='lat' dir='ltr'><strong>abstinere</strong></span> <span class='ocrx_word' id='word_1_315' title='bbox 1424 810 1565 843; x_wconf 83' lang='lat' dir='ltr'><strong>animatis,</strong></span> <span class='ocrx_word' id='word_1_316' title='bbox 1576 817 1603 837; x_wconf 90' lang='lat' dir='ltr'><strong>et</strong></span> <span class='ocrx_word' id='word_1_317' title='bbox 1614 811 1686 838; x_wconf 80' lang='lat' dir='ltr'><strong>vesci</strong></span> <span class='ocrx_word' id='word_1_318' title='bbox 1698 811 1789 839; x_wconf 82' lang='lat' dir='ltr'><strong>solum</strong></span> 
     </span>
    </p>
   </div>
   <div class='ocr_carea' id='block_1_46' title="bbox 998 855 1787 888">
    <p class='ocr_par' dir='ltr' id='par_1_46' title="bbox 998 855 1787 888">
     <span class='ocr_line' id='line_1_46' title="bbox 998 855 1787 888; baseline 0.005 -7"><span class='ocrx_word' id='word_1_319' title='bbox 998 855 1152 882; x_wconf 81' lang='lat' dir='ltr'><strong>seminibus</strong></span> <span class='ocrx_word' id='word_1_320' title='bbox 1164 860 1191 882; x_wconf 91' lang='lat' dir='ltr'><strong>et</strong></span> <span class='ocrx_word' id='word_1_321' title='bbox 1205 856 1339 888; x_wconf 87' lang='lat' dir='ltr'><strong>oleribus.</strong></span> <span class='ocrx_word' id='word_1_322' title='bbox 1357 856 1523 884; x_wconf 88' lang='lat' dir='ltr'><strong>accedentes</strong></span> <span class='ocrx_word' id='word_1_323' title='bbox 1548 857 1582 884; x_wconf 84' lang='lat' dir='ltr'><strong>ad</strong></span> <span class='ocrx_word' id='word_1_324' title='bbox 1602 857 1787 885; x_wconf 76' lang='lat' dir='ltr'><strong>ASchanctem</strong></span> 
     </span>
    </p>
   </div>
   <div class='ocr_carea' id='block_1_47' title="bbox 1001 901 1789 934">
    <p class='ocr_par' dir='ltr' id='par_1_47' title="bbox 1001 901 1789 934">
     <span class='ocr_line' id='line_1_47' title="bbox 1001 901 1789 934; baseline 0.005 -6"><span class='ocrx_word' id='word_1_325' title='bbox 1001 901 1248 934; x_wconf 85' lang='lat' dir='ltr'><strong>archieunuchum,</strong></span> <span class='ocrx_word' id='word_1_326' title='bbox 1266 903 1310 930; x_wconf 87' lang='lat' dir='ltr'><strong>cui</strong></span> <span class='ocrx_word' id='word_1_327' title='bbox 1325 907 1384 930; x_wconf 79' lang='lat' dir='ltr'><strong>crat</strong></span> <span class='ocrx_word' id='word_1_328' title='bbox 1401 903 1548 932; x_wconf 79' lang='lat' dir='ltr'><strong>commissa</strong></span> <span class='ocrx_word' id='word_1_329' title='bbox 1565 912 1662 931; x_wconf 90' lang='lat' dir='ltr'><strong>eorum</strong></span> <span class='ocrx_word' id='word_1_330' title='bbox 1690 912 1755 932; x_wconf 88' lang='lat' dir='ltr'><strong>cura</strong></span> <span class='ocrx_word' id='word_1_331' title='bbox 1772 912 1789 932; x_wconf 80' lang='lat' dir='ltr'><strong>a</strong></span> 
     </span>
    </p>
   </div>
   <div class='ocr_carea' id='block_1_48' title="bbox 1002 949 1791 986">
    <p class='ocr_par' dir='ltr' id='par_1_48' title="bbox 1002 949 1791 986">
     <span class='ocr_line' id='line_1_48' title="bbox 1002 949 1791 986; baseline 0.005 -12"><span class='ocrx_word' id='word_1_332' title='bbox 1002 956 1076 983; x_wconf 78' lang='lat' dir='ltr'><strong>rege,</strong></span> <span class='ocrx_word' id='word_1_333' title='bbox 1093 956 1156 975; x_wconf 88' lang='lat' dir='ltr'><strong>eum</strong></span> <span class='ocrx_word' id='word_1_334' title='bbox 1174 954 1316 984; x_wconf 78' lang='lat' dir='ltr'><strong>rogarunt,</strong></span> <span class='ocrx_word' id='word_1_335' title='bbox 1336 954 1365 976; x_wconf 92' lang='lat' dir='ltr'><strong>ut</strong></span> <span class='ocrx_word' id='word_1_336' title='bbox 1380 957 1441 984; x_wconf 70' lang='lat' dir='ltr'><strong>quae</strong></span> <span class='ocrx_word' id='word_1_337' title='bbox 1465 949 1500 976; x_wconf 87' lang='lat' dir='ltr'><strong>ab</strong></span> <span class='ocrx_word' id='word_1_338' title='bbox 1519 950 1578 985; x_wconf 86' lang='lat' dir='ltr'><strong>ipso</strong></span> <span class='ocrx_word' id='word_1_339' title='bbox 1593 958 1657 986; x_wconf 78' lang='lat' dir='ltr'><strong>rege</strong></span> <span class='ocrx_word' id='word_1_340' title='bbox 1686 950 1720 977; x_wconf 89' lang='lat' dir='ltr'><strong>ad</strong></span> <span class='ocrx_word' id='word_1_341' title='bbox 1740 958 1791 978; x_wconf 76' lang='lat' dir='ltr'><strong>eos</strong></span> 
     </span>
    </p>
   </div>
   <div class='ocr_carea' id='block_1_49' title="bbox 1001 994 1791 1031">
    <p class='ocr_par' dir='ltr' id='par_1_49' title="bbox 1001 994 1791 1031">
     <span class='ocr_line' id='line_1_49' title="bbox 1001 994 1791 1031; baseline 0.005 -11"><span class='ocrx_word' id='word_1_342' title='bbox 1001 994 1175 1026; x_wconf 78' lang='lat' dir='ltr'><strong>aﬂ‘errentur,</strong></span> <span class='ocrx_word' id='word_1_343' title='bbox 1198 995 1256 1029; x_wconf 89' lang='lat' dir='ltr'><strong>ipse</strong></span> <span class='ocrx_word' id='word_1_344' title='bbox 1283 995 1421 1030; x_wconf 81' lang='lat' dir='ltr'><strong>accipiens</strong></span> <span class='ocrx_word' id='word_1_345' title='bbox 1442 1001 1640 1023; x_wconf 85' lang='lat' dir='ltr'><strong>consumeret:</strong></span> <span class='ocrx_word' id='word_1_346' title='bbox 1673 1004 1722 1031; x_wconf 91' lang='lat' dir='ltr'><strong>pro</strong></span> <span class='ocrx_word' id='word_1_347' title='bbox 1747 997 1791 1024; x_wconf 75' lang='lat' dir='ltr'><strong>eis</strong></span> 
     </span>
    </p>
   </div>
   <div class='ocr_carea' id='block_1_50' title="bbox 999 1041 1788 1077">
    <p class='ocr_par' dir='ltr' id='par_1_50' title="bbox 999 1041 1788 1077">
     <span class='ocr_line' id='line_1_50' title="bbox 999 1041 1788 1077; baseline 0.004 -11"><span class='ocrx_word' id='word_1_348' title='bbox 999 1045 1090 1067; x_wconf 89' lang='lat' dir='ltr'><strong>autem</strong></span> <span class='ocrx_word' id='word_1_349' title='bbox 1103 1041 1236 1075; x_wconf 60' lang='lat' dir='ltr'><strong>pra-heret</strong></span> <span class='ocrx_word' id='word_1_350' title='bbox 1247 1041 1383 1075; x_wconf 64' lang='lat' dir='ltr'><strong>legumina</strong></span> <span class='ocrx_word' id='word_1_351' title='bbox 1401 1046 1430 1069; x_wconf 91' lang='lat' dir='ltr'><strong>et</strong></span> <span class='ocrx_word' id='word_1_352' title='bbox 1440 1041 1562 1077; x_wconf 77' lang='lat' dir='ltr'><strong>dactylos</strong></span> <span class='ocrx_word' id='word_1_353' title='bbox 1573 1041 1606 1069; x_wconf 84' lang='lat' dir='ltr'><strong>ad</strong></span> <span class='ocrx_word' id='word_1_354' title='bbox 1632 1042 1788 1069; x_wconf 85' lang='lat' dir='ltr'><strong>nutrimen-</strong></span> 
     </span>
    </p>
   </div>
   <div class='ocr_carea' id='block_1_51' title="bbox 1000 1087 1787 1122">
    <p class='ocr_par' dir='ltr' id='par_1_51' title="bbox 1000 1087 1787 1122">
     <span class='ocr_line' id='line_1_51' title="bbox 1000 1087 1787 1122; baseline 0.003 -9"><span class='ocrx_word' id='word_1_355' title='bbox 1000 1091 1070 1118; x_wconf 91' lang='lat' dir='ltr'><strong>tum,</strong></span> <span class='ocrx_word' id='word_1_356' title='bbox 1087 1087 1150 1114; x_wconf 87' lang='lat' dir='ltr'><strong>etsi</strong></span> <span class='ocrx_word' id='word_1_357' title='bbox 1175 1087 1241 1122; x_wconf 92' lang='lat' dir='ltr'><strong>quid</strong></span> <span class='ocrx_word' id='word_1_358' title='bbox 1258 1087 1332 1114; x_wconf 89' lang='lat' dir='ltr'><strong>aliud</strong></span> <span class='ocrx_word' id='word_1_359' title='bbox 1349 1088 1431 1115; x_wconf 81' lang='lat' dir='ltr'><strong>vellet</strong></span> <span class='ocrx_word' id='word_1_360' title='bbox 1459 1096 1493 1115; x_wconf 93' lang='lat' dir='ltr'><strong>ex</strong></span> <span class='ocrx_word' id='word_1_361' title='bbox 1521 1087 1658 1115; x_wconf 84' lang='lat' dir='ltr'><strong>inanimis.</strong></span> <span class='ocrx_word' id='word_1_362' title='bbox 1679 1088 1709 1115; x_wconf 89' lang='lat' dir='ltr'><strong>In</strong></span> <span class='ocrx_word' id='word_1_363' title='bbox 1735 1088 1787 1116; x_wconf 87' lang='lat' dir='ltr'><strong>hac</strong></span> 
     </span>
    </p>
   </div>
   <div class='ocr_carea' id='block_1_52' title="bbox 999 1132 1788 1162">
    <p class='ocr_par' dir='ltr' id='par_1_52' title="bbox 999 1132 1788 1162">
     <span class='ocr_line' id='line_1_52' title="bbox 999 1132 1788 1162; baseline 0.004 -3"><span class='ocrx_word' id='word_1_364' title='bbox 999 1132 1073 1159; x_wconf 90' lang='lat' dir='ltr'><strong>enim</strong></span> <span class='ocrx_word' id='word_1_365' title='bbox 1101 1133 1163 1160; x_wconf 72' lang='lat' dir='ltr'><strong>vitae</strong></span> <span class='ocrx_word' id='word_1_366' title='bbox 1183 1134 1289 1161; x_wconf 83' lang='lat' dir='ltr'><strong>ratione</strong></span> <span class='ocrx_word' id='word_1_367' title='bbox 1317 1133 1445 1161; x_wconf 80' lang='lat' dir='ltr'><strong>dicebant</strong></span> <span class='ocrx_word' id='word_1_368' title='bbox 1463 1141 1493 1161; x_wconf 74' lang='lat' dir='ltr'><strong>se</strong></span> <span class='ocrx_word' id='word_1_369' title='bbox 1521 1141 1582 1161; x_wconf 89' lang='lat' dir='ltr'><strong>esse</strong></span> <span class='ocrx_word' id='word_1_370' title='bbox 1605 1134 1737 1162; x_wconf 85' lang='lat' dir='ltr'><strong>educatos</strong></span> <span class='ocrx_word' id='word_1_371' title='bbox 1751 1134 1788 1162; x_wconf 89' lang='lat' dir='ltr'><strong>ab</strong></span> 
     </span>
    </p>
   </div>
   <div class='ocr_carea' id='block_1_53' title="bbox 1000 1179 1788 1216">
    <p class='ocr_par' dir='ltr' id='par_1_53' title="bbox 1000 1179 1788 1216">
     <span class='ocr_line' id='line_1_53' title="bbox 1000 1179 1788 1216; baseline 0.004 -11"><span class='ocrx_word' id='word_1_372' title='bbox 1000 1179 1090 1212; x_wconf 81' lang='lat' dir='ltr'><strong>initio,</strong></span> <span class='ocrx_word' id='word_1_373' title='bbox 1118 1179 1199 1207; x_wconf 86' lang='lat' dir='ltr'><strong>aliam</strong></span> <span class='ocrx_word' id='word_1_374' title='bbox 1216 1187 1281 1207; x_wconf 90' lang='lat' dir='ltr'><strong>vero</strong></span> <span class='ocrx_word' id='word_1_375' title='bbox 1300 1180 1451 1216; x_wconf 84' lang='lat' dir='ltr'><strong>despicere.</strong></span> <span class='ocrx_word' id='word_1_376' title='bbox 1469 1180 1516 1208; x_wconf 87' lang='lat' dir='ltr'><strong>llle</strong></span> <span class='ocrx_word' id='word_1_377' title='bbox 1528 1186 1620 1208; x_wconf 85' lang='lat' dir='ltr'><strong>autem</strong></span> <span class='ocrx_word' id='word_1_378' title='bbox 1633 1180 1742 1208; x_wconf 87' lang='lat' dir='ltr'><strong>dicebat</strong></span> <span class='ocrx_word' id='word_1_379' title='bbox 1758 1188 1788 1208; x_wconf 82' lang='lat' dir='ltr'><strong>se</strong></span> 
     </span>
    </p>
   </div>
   <div class='ocr_carea' id='block_1_54' title="bbox 997 1226 1786 1262">
    <p class='ocr_par' dir='ltr' id='par_1_54' title="bbox 997 1226 1786 1262">
     <span class='ocr_line' id='line_1_54' title="bbox 997 1226 1786 1262; baseline 0.004 -8"><span class='ocrx_word' id='word_1_380' title='bbox 997 1233 1058 1254; x_wconf 83' lang='lat' dir='ltr'><strong>esse</strong></span> <span class='ocrx_word' id='word_1_381' title='bbox 1077 1226 1190 1261; x_wconf 86' lang='lat' dir='ltr'><strong>quidem</strong></span> <span class='ocrx_word' id='word_1_382' title='bbox 1207 1232 1330 1262; x_wconf 87' lang='lat' dir='ltr'><strong>paratutn</strong></span> <span class='ocrx_word' id='word_1_383' title='bbox 1349 1227 1483 1256; x_wconf 75' lang='lat' dir='ltr'><strong>inservire</strong></span> <span class='ocrx_word' id='word_1_384' title='bbox 1500 1235 1597 1255; x_wconf 91' lang='lat' dir='ltr'><strong>eorum</strong></span> <span class='ocrx_word' id='word_1_385' title='bbox 1628 1228 1762 1255; x_wconf 77' lang='lat' dir='ltr'><strong>voluntati</strong></span> <span class='ocrx_word' id='word_1_386' title='bbox 1777 1236 1786 1257; x_wconf 72' lang='grc' dir='ltr'><strong>ε</strong></span> 
     </span>
    </p>
   </div>
   <div class='ocr_carea' id='block_1_55' title="bbox 1000 1272 1788 1309">
    <p class='ocr_par' dir='ltr' id='par_1_55' title="bbox 1000 1272 1788 1309">
     <span class='ocr_line' id='line_1_55' title="bbox 1000 1272 1788 1309; baseline 0.003 -10"><span class='ocrx_word' id='word_1_387' title='bbox 1000 1272 1048 1300; x_wconf 87' lang='lat' dir='ltr'><strong>sed</strong></span> <span class='ocrx_word' id='word_1_388' title='bbox 1064 1272 1171 1305; x_wconf 80' lang='lat' dir='ltr'><strong>limere.</strong></span> <span class='ocrx_word' id='word_1_389' title='bbox 1182 1281 1216 1300; x_wconf 92' lang='lat' dir='ltr'><strong>ne</strong></span> <span class='ocrx_word' id='word_1_390' title='bbox 1234 1273 1261 1301; x_wconf 90' lang='lat' dir='ltr'><strong>id</strong></span> <span class='ocrx_word' id='word_1_391' title='bbox 1276 1281 1323 1301; x_wconf 91' lang='lat' dir='ltr'><strong>rex</strong></span> <span class='ocrx_word' id='word_1_392' title='bbox 1340 1274 1502 1302; x_wconf 77' lang='lat' dir='ltr'><strong>rescisceret</strong></span> <span class='ocrx_word' id='word_1_393' title='bbox 1522 1281 1554 1301; x_wconf 84' lang='lat' dir='ltr'><strong>ex</strong></span> <span class='ocrx_word' id='word_1_394' title='bbox 1571 1281 1717 1309; x_wconf 88' lang='lat' dir='ltr'><strong>corporum</strong></span> <span class='ocrx_word' id='word_1_395' title='bbox 1727 1282 1788 1309; x_wconf 81' lang='lat' dir='ltr'><strong>gra-</strong></span> 
     </span>
    </p>
   </div>
   <div class='ocr_carea' id='block_1_56' title="bbox 1001 1319 1788 1354">
    <p class='ocr_par' dir='ltr' id='par_1_56' title="bbox 1001 1319 1788 1354">
     <span class='ocr_line' id='line_1_56' title="bbox 1001 1319 1788 1354; baseline 0.001 -8"><span class='ocrx_word' id='word_1_396' title='bbox 1001 1319 1106 1346; x_wconf 84' lang='lat' dir='ltr'><strong>cilitate</strong></span> <span class='ocrx_word' id='word_1_397' title='bbox 1138 1323 1166 1346; x_wconf 91' lang='lat' dir='ltr'><strong>et</strong></span> <span class='ocrx_word' id='word_1_398' title='bbox 1198 1319 1291 1347; x_wconf 82' lang='lat' dir='ltr'><strong>vultus</strong></span> <span class='ocrx_word' id='word_1_399' title='bbox 1314 1320 1427 1354; x_wconf 86' lang='lat' dir='ltr'><strong>pallore.</strong></span> <span class='ocrx_word' id='word_1_400' title='bbox 1443 1320 1560 1348; x_wconf 76' lang='lat' dir='ltr'><strong>Necesse</strong></span> <span class='ocrx_word' id='word_1_401' title='bbox 1577 1321 1650 1347; x_wconf 91' lang='lat' dir='ltr'><strong>enim</strong></span> <span class='ocrx_word' id='word_1_402' title='bbox 1671 1327 1742 1352; x_wconf 85' lang='lat' dir='ltr'><strong>esse,</strong></span> <span class='ocrx_word' id='word_1_403' title='bbox 1757 1325 1788 1347; x_wconf 83' lang='lat' dir='ltr'><strong>ut</strong></span> 
     </span>
    </p>
   </div>
   <div class='ocr_carea' id='block_1_57' title="bbox 1001 1365 1791 1401">
    <p class='ocr_par' dir='ltr' id='par_1_57' title="bbox 1001 1365 1791 1401">
     <span class='ocr_line' id='line_1_57' title="bbox 1001 1365 1791 1401; baseline 0.001 -9"><span class='ocrx_word' id='word_1_404' title='bbox 1001 1365 1042 1392; x_wconf 88' lang='lat' dir='ltr'><strong>eis</strong></span> <span class='ocrx_word' id='word_1_405' title='bbox 1056 1365 1139 1393; x_wconf 87' lang='lat' dir='ltr'><strong>simul</strong></span> <span class='ocrx_word' id='word_1_406' title='bbox 1154 1369 1295 1393; x_wconf 83' lang='lat' dir='ltr'><strong>mutentur</strong></span> <span class='ocrx_word' id='word_1_407' title='bbox 1312 1373 1427 1401; x_wconf 86' lang='lat' dir='ltr'><strong>corpora</strong></span> <span class='ocrx_word' id='word_1_408' title='bbox 1445 1371 1473 1394; x_wconf 91' lang='lat' dir='ltr'><strong>et</strong></span> <span class='ocrx_word' id='word_1_409' title='bbox 1485 1366 1593 1393; x_wconf 86' lang='lat' dir='ltr'><strong>colores</strong></span> <span class='ocrx_word' id='word_1_410' title='bbox 1609 1374 1670 1393; x_wconf 87' lang='lat' dir='ltr'><strong>cum</strong></span> <span class='ocrx_word' id='word_1_411' title='bbox 1682 1367 1791 1394; x_wconf 79' lang='lat' dir='ltr'><strong>ratione</strong></span> 
     </span>
    </p>
   </div>
   <div class='ocr_carea' id='block_1_58' title="bbox 1001 1411 1787 1448">
    <p class='ocr_par' dir='ltr' id='par_1_58' title="bbox 1001 1411 1787 1448">
     <span class='ocr_line' id='line_1_58' title="bbox 1001 1411 1787 1448; baseline 0.003 -10"><span class='ocrx_word' id='word_1_412' title='bbox 1001 1411 1110 1439; x_wconf 84' lang='lat' dir='ltr'><strong>victus:</strong></span> <span class='ocrx_word' id='word_1_413' title='bbox 1125 1416 1152 1439; x_wconf 87' lang='lat' dir='ltr'><strong>et</strong></span> <span class='ocrx_word' id='word_1_414' title='bbox 1178 1412 1306 1443; x_wconf 78' lang='lat' dir='ltr'><strong>maxime,</strong></span> <span class='ocrx_word' id='word_1_415' title='bbox 1327 1420 1362 1439; x_wconf 89' lang='lat' dir='ltr'><strong>ne</strong></span> <span class='ocrx_word' id='word_1_416' title='bbox 1380 1420 1442 1439; x_wconf 88' lang='lat' dir='ltr'><strong>cum</strong></span> <span class='ocrx_word' id='word_1_417' title='bbox 1458 1413 1504 1439; x_wconf 86' lang='lat' dir='ltr'><strong>alii</strong></span> <span class='ocrx_word' id='word_1_418' title='bbox 1530 1413 1608 1448; x_wconf 90' lang='lat' dir='ltr'><strong>pueri</strong></span> <span class='ocrx_word' id='word_1_419' title='bbox 1637 1413 1694 1440; x_wconf 84' lang='lat' dir='ltr'><strong>sint</strong></span> <span class='ocrx_word' id='word_1_420' title='bbox 1708 1413 1787 1440; x_wconf 80' lang='lat' dir='ltr'><strong>home</strong></span> 
     </span>
    </p>
   </div>
   <div class='ocr_carea' id='block_1_59' title="bbox 1002 1457 1788 1494">
    <p class='ocr_par' dir='ltr' id='par_1_59' title="bbox 1002 1457 1788 1494">
     <span class='ocr_line' id='line_1_59' title="bbox 1002 1457 1788 1494; baseline 0.003 -10"><span class='ocrx_word' id='word_1_421' title='bbox 1002 1457 1184 1490; x_wconf 85' lang='lat' dir='ltr'><strong>habitudinis,</strong></span> <span class='ocrx_word' id='word_1_422' title='bbox 1208 1457 1259 1492; x_wconf 83' lang='lat' dir='ltr'><strong>ipsi</strong></span> <span class='ocrx_word' id='word_1_423' title='bbox 1276 1457 1458 1486; x_wconf 87' lang='lat' dir='ltr'><strong>sinteicausa</strong></span> <span class='ocrx_word' id='word_1_424' title='bbox 1475 1458 1589 1493; x_wconf 88' lang='lat' dir='ltr'><strong>periculi</strong></span> <span class='ocrx_word' id='word_1_425' title='bbox 1605 1463 1634 1486; x_wconf 88' lang='lat' dir='ltr'><strong>et</strong></span> <span class='ocrx_word' id='word_1_426' title='bbox 1645 1459 1788 1494; x_wconf 87' lang='lat' dir='ltr'><strong>supplicii.</strong></span> 
     </span>
    </p>
   </div>
   <div class='ocr_carea' id='block_1_60' title="bbox 1000 1503 1786 1538">
    <p class='ocr_par' dir='ltr' id='par_1_60' title="bbox 1000 1503 1786 1538">
     <span class='ocr_line' id='line_1_60' title="bbox 1000 1503 1786 1538; baseline 0.003 -7"><span class='ocrx_word' id='word_1_427' title='bbox 1000 1503 1069 1531; x_wconf 88' lang='lat' dir='ltr'><strong>Cum</strong></span> <span class='ocrx_word' id='word_1_428' title='bbox 1089 1504 1180 1538; x_wconf 87' lang='lat' dir='ltr'><strong>itaque</strong></span> <span class='ocrx_word' id='word_1_429' title='bbox 1198 1504 1326 1531; x_wconf 83' lang='lat' dir='ltr'><strong>cautione</strong></span> <span class='ocrx_word' id='word_1_430' title='bbox 1345 1503 1396 1531; x_wconf 84' lang='lat' dir='ltr'><strong>hac</strong></span> <span class='ocrx_word' id='word_1_431' title='bbox 1412 1504 1438 1531; x_wconf 92' lang='lat' dir='ltr'><strong>in</strong></span> <span class='ocrx_word' id='word_1_432' title='bbox 1455 1511 1484 1531; x_wconf 91' lang='lat' dir='ltr'><strong>re</strong></span> <span class='ocrx_word' id='word_1_433' title='bbox 1500 1508 1625 1532; x_wconf 85' lang='lat' dir='ltr'><strong>uteretur</strong></span> <span class='ocrx_word' id='word_1_434' title='bbox 1636 1505 1786 1538; x_wconf 75' lang='lat' dir='ltr'><strong>Aschanes,</strong></span> 
     </span>
    </p>
   </div>
   <div class='ocr_carea' id='block_1_61' title="bbox 158 1549 948 1594">
    <p class='ocr_par' dir='ltr' id='par_1_61' title="bbox 158 1549 948 1589">
     <span class='ocr_line' id='line_1_61' title="bbox 158 1549 948 1589; baseline 0.006 -14"><span class='ocrx_word' id='word_1_435' title='bbox 158 1551 204 1576; x_wconf 78' lang='grc' dir='ltr'>καὶ</span> <span class='ocrx_word' id='word_1_436' title='bbox 221 1551 359 1584; x_wconf 74' lang='grc' dir='ltr'>τιμωρίας</span> <span class='ocrx_word' id='word_1_437' title='bbox 374 1549 447 1585; x_wconf 61' lang='grc' dir='ltr'>αὐτῷ</span> <span class='ocrx_word' id='word_1_438' title='bbox 468 1551 652 1579; x_wconf 79' lang='grc' dir='ltr'>καταστῶσιν.</span> <span class='ocrx_word' id='word_1_439' title='bbox 666 1552 783 1588; x_wconf 80' lang='grc' dir='ltr'>Ἔχοντα</span> <span class='ocrx_word' id='word_1_440' title='bbox 807 1551 854 1580; x_wconf 81' lang='grc' dir='ltr'>οὖν</span> <span class='ocrx_word' id='word_1_441' title='bbox 878 1554 948 1589; x_wconf 84' lang='grc' dir='ltr'>πρὸς</span> 
     </span>
    </p>
   </div>
   <div class='ocr_carea' id='block_1_62' title="bbox 1001 1549 1790 1594">
    <p class='ocr_par' dir='ltr' id='par_1_62' title="bbox 1001 1549 1790 1585">
     <span class='ocr_line' id='line_1_62' title="bbox 1001 1549 1790 1585; baseline 0.003 -9"><span class='ocrx_word' id='word_1_442' title='bbox 1001 1550 1025 1577; x_wconf 89' lang='lat' dir='ltr'><strong>ei</strong></span> <span class='ocrx_word' id='word_1_443' title='bbox 1041 1549 1207 1584; x_wconf 86' lang='lat' dir='ltr'><strong>persuadent</strong></span> <span class='ocrx_word' id='word_1_444' title='bbox 1223 1550 1299 1584; x_wconf 86' lang='lat' dir='ltr'><strong>pueri</strong></span> <span class='ocrx_word' id='word_1_445' title='bbox 1316 1550 1353 1577; x_wconf 91' lang='lat' dir='ltr'><strong>illi</strong></span> <span class='ocrx_word' id='word_1_446' title='bbox 1373 1551 1487 1585; x_wconf 77' lang='lat' dir='ltr'><strong>egregii,</strong></span> <span class='ocrx_word' id='word_1_447' title='bbox 1502 1555 1532 1578; x_wconf 91' lang='lat' dir='ltr'><strong>ut</strong></span> <span class='ocrx_word' id='word_1_448' title='bbox 1551 1551 1646 1578; x_wconf 86' lang='lat' dir='ltr'><strong>decem</strong></span> <span class='ocrx_word' id='word_1_449' title='bbox 1661 1551 1719 1578; x_wconf 83' lang='lat' dir='ltr'><strong>dies</strong></span> <span class='ocrx_word' id='word_1_450' title='bbox 1731 1552 1790 1579; x_wconf 69' lang='lat' dir='ltr'><strong>lucc</strong></span> 
     </span>
    </p>
   </div>
   <div class='ocr_carea' id='block_1_63' title="bbox 156 1595 948 1633">
    <p class='ocr_par' dir='ltr' id='par_1_63' title="bbox 156 1595 948 1633">
     <span class='ocr_line' id='line_1_63' title="bbox 156 1595 948 1633; baseline 0.008 -12"><span class='ocrx_word' id='word_1_451' title='bbox 156 1595 236 1622; x_wconf 75' lang='grc' dir='ltr'>τοῦτο</span> <span class='ocrx_word' id='word_1_452' title='bbox 252 1595 375 1627; x_wconf 69' lang='grc' dir='ltr'>εὐλαϐῶς</span> <span class='ocrx_word' id='word_1_453' title='bbox 391 1596 436 1622; x_wconf 75' lang='grc' dir='ltr'>τὸν</span> <span class='ocrx_word' id='word_1_454' title='bbox 459 1595 604 1631; x_wconf 82' lang='grc' dir='ltr'>Ἀσχάνην,</span> <span class='ocrx_word' id='word_1_455' title='bbox 624 1597 766 1625; x_wconf 79' lang='grc' dir='ltr'>πείθουσιν</span> <span class='ocrx_word' id='word_1_456' title='bbox 787 1599 811 1625; x_wconf 88' lang='grc' dir='ltr'><strong>οί</strong></span> <span class='ocrx_word' id='word_1_457' title='bbox 828 1601 948 1633; x_wconf 87' lang='grc' dir='ltr'>γενναῖοι</span> 
     </span>
    </p>
   </div>
   <div class='ocr_carea' id='block_1_64' title="bbox 157 1641 948 1681">
    <p class='ocr_par' dir='ltr' id='par_1_64' title="bbox 157 1641 948 1681">
     <span class='ocr_line' id='line_1_64' title="bbox 157 1641 948 1681; baseline 0.006 -13"><span class='ocrx_word' id='word_1_458' title='bbox 157 1643 202 1668; x_wconf 74' lang='grc' dir='ltr'><strong>ἰπὶ</strong></span> <span class='ocrx_word' id='word_1_459' title='bbox 226 1641 294 1667; x_wconf 78' lang='grc' dir='ltr'>δέκα</span> <span class='ocrx_word' id='word_1_460' title='bbox 313 1642 421 1676; x_wconf 77' lang='grc' dir='ltr'>ἡμέρας</span> <span class='ocrx_word' id='word_1_461' title='bbox 444 1641 530 1669; x_wconf 80' lang='grc' dir='ltr'>ταῦτα</span> <span class='ocrx_word' id='word_1_462' title='bbox 554 1645 707 1679; x_wconf 74' lang='grc' dir='ltr'>παρασχεῖν</span> <span class='ocrx_word' id='word_1_463' title='bbox 731 1645 824 1678; x_wconf 79' lang='grc' dir='ltr'>αὐτοῖς</span> <span class='ocrx_word' id='word_1_464' title='bbox 848 1646 948 1681; x_wconf 78' lang='grc' dir='ltr'>πείρας</span> 
     </span>
    </p>
   </div>
   <div class='ocr_carea' id='block_1_65' title="bbox 157 1687 948 1726">
    <p class='ocr_par' dir='ltr' id='par_1_65' title="bbox 157 1687 948 1726">
     <span class='ocr_line' id='line_1_65' title="bbox 157 1687 948 1726; baseline 0.008 -13"><span class='ocrx_word' id='word_1_465' title='bbox 157 1689 250 1719; x_wconf 74' lang='grc' dir='ltr'>ἕνεκα,</span> <span class='ocrx_word' id='word_1_466' title='bbox 278 1688 326 1714; x_wconf 71' lang='grc' dir='ltr'><strong>καὶ</strong></span> <span class='ocrx_word' id='word_1_467' title='bbox 351 1687 389 1722; x_wconf 87' lang='grc' dir='ltr'>μὴ</span> <span class='ocrx_word' id='word_1_468' title='bbox 412 1688 622 1724; x_wconf 84' lang='grc' dir='ltr'>μεταϐαλούσης</span> <span class='ocrx_word' id='word_1_469' title='bbox 646 1691 696 1725; x_wconf 80' lang='grc' dir='ltr'><strong>μὲν</strong></span> <span class='ocrx_word' id='word_1_470' title='bbox 716 1691 808 1723; x_wconf 78' lang='grc' dir='ltr'>αὐτοῖς</span> <span class='ocrx_word' id='word_1_471' title='bbox 829 1692 879 1726; x_wconf 82' lang='grc' dir='ltr'>τῆς</span> <span class='ocrx_word' id='word_1_472' title='bbox 893 1692 948 1719; x_wconf 83' lang='grc' dir='ltr'><strong>τῶν</strong></span> 
     </span>
    </p>
   </div>
   <div class='ocr_carea' id='block_1_66' title="bbox 159 1734 949 1773">
    <p class='ocr_par' dir='ltr' id='par_1_66' title="bbox 159 1734 949 1773">
     <span class='ocr_line' id='line_1_66' title="bbox 159 1734 949 1773; baseline 0.006 -13"><span class='ocrx_word' id='word_1_473' title='bbox 159 1734 296 1769; x_wconf 82' lang='grc' dir='ltr'>σωμάτων</span> <span class='ocrx_word' id='word_1_474' title='bbox 312 1734 406 1766; x_wconf 77' lang='grc' dir='ltr'>ἕξεως,</span> <span class='ocrx_word' id='word_1_475' title='bbox 425 1734 473 1761; x_wconf 71' lang='grc' dir='ltr'>ἐὰν</span> <span class='ocrx_word' id='word_1_476' title='bbox 488 1737 545 1767; x_wconf 78' lang='grc' dir='ltr'>τοῖς</span> <span class='ocrx_word' id='word_1_477' title='bbox 560 1736 653 1768; x_wconf 82' lang='grc' dir='ltr'>αὐτοῖς</span> <span class='ocrx_word' id='word_1_478' title='bbox 665 1737 806 1773; x_wconf 66' lang='grc' dir='ltr'>ιπιμὲνειν</span> <span class='ocrx_word' id='word_1_479' title='bbox 819 1737 857 1769; x_wconf 79' lang='grc' dir='ltr'>ὡς</span> <span class='ocrx_word' id='word_1_480' title='bbox 871 1738 949 1765; x_wconf 69' lang='grc' dir='ltr'>οὐδὲν</span> 
     </span>
    </p>
   </div>
   <div class='ocr_carea' id='block_1_67' title="bbox 158 1780 949 1818">
    <p class='ocr_par' dir='ltr' id='par_1_67' title="bbox 158 1780 949 1818">
     <span class='ocr_line' id='line_1_67' title="bbox 158 1780 949 1818; baseline 0.009 -13"><span class='ocrx_word' id='word_1_481' title='bbox 158 1781 196 1806; x_wconf 75' lang='grc' dir='ltr'>ἔτι</span> <span class='ocrx_word' id='word_1_482' title='bbox 213 1780 436 1815; x_wconf 71' lang='grc' dir='ltr'>βλαϐησομένους</span> <span class='ocrx_word' id='word_1_483' title='bbox 448 1790 454 1797; x_wconf 90' lang='grc'><strong>·</strong></span> <span class='ocrx_word' id='word_1_484' title='bbox 480 1782 506 1807; x_wconf 81' lang='grc' dir='ltr'>εὶ</span> <span class='ocrx_word' id='word_1_485' title='bbox 526 1782 554 1808; x_wconf 82' lang='grc' dir='ltr'>δὲ</span> <span class='ocrx_word' id='word_1_486' title='bbox 573 1783 742 1818; x_wconf 80' lang='grc' dir='ltr'>μειωθέντας</span> <span class='ocrx_word' id='word_1_487' title='bbox 766 1784 815 1811; x_wconf 87' lang='grc' dir='ltr'>ῖδοι</span> <span class='ocrx_word' id='word_1_488' title='bbox 831 1785 879 1811; x_wconf 80' lang='grc' dir='ltr'><strong>καὶ</strong></span> <span class='ocrx_word' id='word_1_489' title='bbox 894 1785 949 1812; x_wconf 84' lang='grc' dir='ltr'><strong>τῶν</strong></span> 
     </span>
    </p>
   </div>
   <div class='ocr_carea' id='block_1_68' title="bbox 160 1827 950 1865">
    <p class='ocr_par' dir='ltr' id='par_1_68' title="bbox 160 1827 950 1865">
     <span class='ocr_line' id='line_1_68' title="bbox 160 1827 950 1865; baseline 0.005 -12"><span class='ocrx_word' id='word_1_490' title='bbox 160 1827 248 1853; x_wconf 77' lang='grc' dir='ltr'>ἄλλων</span> <span class='ocrx_word' id='word_1_491' title='bbox 267 1827 440 1862; x_wconf 83' lang='grc' dir='ltr'>ἀειδέστερον</span> <span class='ocrx_word' id='word_1_492' title='bbox 461 1827 583 1862; x_wconf 77' lang='grc' dir='ltr'>ἔχοντας,</span> <span class='ocrx_word' id='word_1_493' title='bbox 602 1828 649 1855; x_wconf 78' lang='grc' dir='ltr'><strong>ἐπὶ</strong></span> <span class='ocrx_word' id='word_1_494' title='bbox 670 1828 720 1864; x_wconf 84' lang='grc' dir='ltr'>τὴν</span> <span class='ocrx_word' id='word_1_495' title='bbox 743 1830 881 1865; x_wconf 79' lang='grc' dir='ltr'>προτέραν</span> <span class='ocrx_word' id='word_1_496' title='bbox 900 1831 950 1857; x_wconf 84' lang='grc' dir='ltr'><strong>αὐ-</strong></span> 
     </span>
    </p>
   </div>
   <div class='ocr_carea' id='block_1_69' title="bbox 158 1873 946 1910">
    <p class='ocr_par' dir='ltr' id='par_1_69' title="bbox 158 1873 946 1910">
     <span class='ocr_line' id='line_1_69' title="bbox 158 1873 946 1910; baseline 0.004 -10"><span class='ocrx_word' id='word_1_497' title='bbox 158 1875 220 1904; x_wconf 70' lang='grc' dir='ltr'>τοὺς</span> <span class='ocrx_word' id='word_1_498' title='bbox 236 1874 314 1907; x_wconf 71' lang='grc' dir='ltr'>ἄγειν</span> <span class='ocrx_word' id='word_1_499' title='bbox 329 1874 435 1900; x_wconf 85' lang='grc' dir='ltr'>δίαιταν</span> <span class='ocrx_word' id='word_1_500' title='bbox 450 1875 497 1900; x_wconf 73' lang='grc' dir='ltr'>καὶ</span> <span class='ocrx_word' id='word_1_501' title='bbox 516 1873 588 1900; x_wconf 80' lang='grc' dir='ltr'>κατὰ</span> <span class='ocrx_word' id='word_1_502' title='bbox 601 1875 636 1902; x_wconf 83' lang='grc' dir='ltr'><strong>τὰ</strong></span> <span class='ocrx_word' id='word_1_503' title='bbox 651 1875 824 1910; x_wconf 82' lang='grc' dir='ltr'>κελευσμένα</span> <span class='ocrx_word' id='word_1_504' title='bbox 848 1878 946 1903; x_wconf 81' lang='grc' dir='ltr'>ποιεῖν.</span> 
     </span>
    </p>
   </div>
   <div class='ocr_carea' id='block_1_70' title="bbox 164 1919 949 1957">
    <p class='ocr_par' dir='ltr' id='par_1_70' title="bbox 164 1919 949 1957">
     <span class='ocr_line' id='line_1_70' title="bbox 164 1919 949 1957; baseline 0.003 -11"><span class='ocrx_word' id='word_1_505' title='bbox 164 1920 208 1951; x_wconf 81' lang='grc' dir='ltr'>Ὠς</span> <span class='ocrx_word' id='word_1_506' title='bbox 223 1920 252 1946; x_wconf 71' lang='grc' dir='ltr'>δὲ</span> <span class='ocrx_word' id='word_1_507' title='bbox 270 1920 301 1946; x_wconf 83' lang='grc' dir='ltr'><strong>οὒ</strong></span> <span class='ocrx_word' id='word_1_508' title='bbox 326 1920 407 1955; x_wconf 84' lang='grc' dir='ltr'>μόνον</span> <span class='ocrx_word' id='word_1_509' title='bbox 433 1919 510 1947; x_wconf 83' lang='grc' dir='ltr'>οὐδὲν</span> <span class='ocrx_word' id='word_1_510' title='bbox 531 1920 631 1952; x_wconf 79' lang='grc' dir='ltr'>αὐτοὺς</span> <span class='ocrx_word' id='word_1_511' title='bbox 653 1921 750 1948; x_wconf 67' lang='lat' dir='ltr'><strong>nam</strong></span> <span class='ocrx_word' id='word_1_512' title='bbox 776 1922 826 1957; x_wconf 81' lang='grc' dir='ltr'><strong>τὴν</strong></span> <span class='ocrx_word' id='word_1_513' title='bbox 845 1922 949 1957; x_wconf 83' lang='grc' dir='ltr'>τροφὴν</span> 
     </span>
    </p>
   </div>
   <div class='ocr_carea' id='block_1_71' title="bbox 162 1966 950 2002">
    <p class='ocr_par' dir='ltr' id='par_1_71' title="bbox 162 1966 950 2002">
     <span class='ocr_line' id='line_1_71' title="bbox 162 1966 950 2002; baseline 0.003 -10"><span class='ocrx_word' id='word_1_514' title='bbox 162 1967 272 2001; x_wconf 70' lang='grc' dir='ltr'>ἐκείνην</span> <span class='ocrx_word' id='word_1_515' title='bbox 288 1966 528 2001; x_wconf 78' lang='grc' dir='ltr'>προσφερομένης,</span> <span class='ocrx_word' id='word_1_516' title='bbox 539 1967 607 1993; x_wconf 80' lang='grc' dir='ltr'>ἀλλὰ</span> <span class='ocrx_word' id='word_1_517' title='bbox 619 1967 666 1994; x_wconf 79' lang='grc' dir='ltr'><strong>καὶ</strong></span> <span class='ocrx_word' id='word_1_518' title='bbox 680 1967 736 1994; x_wconf 82' lang='grc' dir='ltr'>τῶν</span> <span class='ocrx_word' id='word_1_519' title='bbox 749 1967 836 1994; x_wconf 80' lang='grc' dir='ltr'>ἄλλων</span> <span class='ocrx_word' id='word_1_520' title='bbox 852 1969 950 2002; x_wconf 74' lang='grc' dir='ltr'>εὐτρασ</span> 
     </span>
    </p>
   </div>
   <div class='ocr_carea' id='block_1_72' title="bbox 161 2009 948 2047">
    <p class='ocr_par' dir='ltr' id='par_1_72' title="bbox 161 2009 948 2047">
     <span class='ocr_line' id='line_1_72' title="bbox 161 2009 948 2047; baseline 0.006 -12"><span class='ocrx_word' id='word_1_521' title='bbox 161 2010 287 2045; x_wconf 74' lang='grc' dir='ltr'>φὲστεροι</span> <span class='ocrx_word' id='word_1_522' title='bbox 303 2009 338 2036; x_wconf 83' lang='grc' dir='ltr'>τὰ</span> <span class='ocrx_word' id='word_1_523' title='bbox 359 2010 474 2044; x_wconf 83' lang='grc' dir='ltr'>σώματα</span> <span class='ocrx_word' id='word_1_524' title='bbox 497 2011 545 2037; x_wconf 78' lang='grc' dir='ltr'><strong>καὶ</strong></span> <span class='ocrx_word' id='word_1_525' title='bbox 564 2011 643 2039; x_wconf 75' lang='grc' dir='ltr'>καλοὶ</span> <span class='ocrx_word' id='word_1_526' title='bbox 665 2012 715 2046; x_wconf 83' lang='grc' dir='ltr'>τὴν</span> <span class='ocrx_word' id='word_1_527' title='bbox 733 2012 796 2047; x_wconf 73' lang='grc' dir='ltr'>ὄψιν</span> <span class='ocrx_word' id='word_1_528' title='bbox 817 2012 948 2046; x_wconf 78' lang='grc' dir='ltr'>ἐγίνοντο,</span> 
     </span>
    </p>
   </div>
   <div class='ocr_carea' id='block_1_73' title="bbox 164 2055 952 2094">
    <p class='ocr_par' dir='ltr' id='par_1_73' title="bbox 164 2055 952 2094">
     <span class='ocr_line' id='line_1_73' title="bbox 164 2055 952 2094; baseline 0.008 -13"><span class='ocrx_word' id='word_1_529' title='bbox 164 2055 208 2088; x_wconf 81' lang='grc' dir='ltr'>Ὧς</span> <span class='ocrx_word' id='word_1_530' title='bbox 220 2057 283 2087; x_wconf 74' lang='grc' dir='ltr'>τοὺς</span> <span class='ocrx_word' id='word_1_531' title='bbox 298 2056 418 2091; x_wconf 82' lang='grc' dir='ltr'>δρῶντας</span> <span class='ocrx_word' id='word_1_532' title='bbox 429 2056 493 2088; x_wconf 76' lang='grc' dir='ltr'>τοὺς</span> <span class='ocrx_word' id='word_1_533' title='bbox 511 2056 561 2092; x_wconf 70' lang='grc' dir='ltr'>μὲν</span> <span class='ocrx_word' id='word_1_534' title='bbox 576 2057 640 2092; x_wconf 75' lang='grc' dir='ltr'>περὶ</span> <span class='ocrx_word' id='word_1_535' title='bbox 649 2057 695 2084; x_wconf 78' lang='grc' dir='ltr'>τὸν</span> <span class='ocrx_word' id='word_1_536' title='bbox 707 2058 808 2094; x_wconf 81' lang='grc' dir='ltr'>Δανιὴλ</span> <span class='ocrx_word' id='word_1_537' title='bbox 822 2059 910 2086; x_wconf 77' lang='grc' dir='ltr'>δοκεῖν</span> <span class='ocrx_word' id='word_1_538' title='bbox 923 2061 952 2087; x_wconf 75' lang='grc' dir='ltr'>ἐν</span> 
     </span>
    </p>
   </div>
   <div class='ocr_carea' id='block_1_74' title="bbox 164 2102 950 2140">
    <p class='ocr_par' dir='ltr' id='par_1_74' title="bbox 164 2102 950 2140">
     <span class='ocr_line' id='line_1_74' title="bbox 164 2102 950 2140; baseline 0.006 -12"><span class='ocrx_word' id='word_1_539' title='bbox 164 2102 279 2137; x_wconf 73' lang='grc' dir='ltr'>ἀφθονίᾳ</span> <span class='ocrx_word' id='word_1_540' title='bbox 294 2102 342 2129; x_wconf 70' lang='grc' dir='ltr'><strong>καὶ</strong></span> <span class='ocrx_word' id='word_1_541' title='bbox 360 2103 450 2138; x_wconf 78' lang='grc' dir='ltr'>τρυφῇ</span> <span class='ocrx_word' id='word_1_542' title='bbox 465 2104 497 2138; x_wconf 77' lang='grc' dir='ltr'>τῇ</span> <span class='ocrx_word' id='word_1_543' title='bbox 511 2103 588 2138; x_wconf 82' lang='grc' dir='ltr'>πάσῃ</span> <span class='ocrx_word' id='word_1_544' title='bbox 607 2103 693 2137; x_wconf 83' lang='grc' dir='ltr'>βιοῦν,</span> <span class='ocrx_word' id='word_1_545' title='bbox 706 2104 772 2136; x_wconf 81' lang='grc' dir='ltr'>τοὺς</span> <span class='ocrx_word' id='word_1_546' title='bbox 792 2105 903 2140; x_wconf 74' lang='grc' dir='ltr'>ἑτέρους</span> <span class='ocrx_word' id='word_1_547' title='bbox 921 2106 950 2133; x_wconf 72' lang='grc' dir='ltr'>δὲ</span> 
     </span>
    </p>
   </div>
   <div class='ocr_carea' id='block_1_75' title="bbox 165 2147 950 2185">
    <p class='ocr_par' dir='ltr' id='par_1_75' title="bbox 165 2147 950 2185">
     <span class='ocr_line' id='line_1_75' title="bbox 165 2147 950 2185; baseline 0.004 -11"><span class='ocrx_word' id='word_1_548' title='bbox 165 2147 214 2174; x_wconf 77' lang='grc' dir='ltr'>τῶν</span> <span class='ocrx_word' id='word_1_549' title='bbox 226 2147 331 2174; x_wconf 78' lang='grc' dir='ltr'>παίδων</span> <span class='ocrx_word' id='word_1_550' title='bbox 342 2148 513 2183; x_wconf 74' lang='grc' dir='ltr'>ἐνδεέστερον</span> <span class='ocrx_word' id='word_1_551' title='bbox 524 2147 658 2174; x_wconf 82' lang='grc' dir='ltr'>σιτεῖσθαι</span> <span class='ocrx_word' id='word_1_552' title='bbox 672 2149 720 2175; x_wconf 75' lang='grc' dir='ltr'>καὶ</span> <span class='ocrx_word' id='word_1_553' title='bbox 730 2148 844 2184; x_wconf 73' lang='grc' dir='ltr'>μὴκατὰ</span> <span class='ocrx_word' id='word_1_554' title='bbox 856 2150 950 2185; x_wconf 80' lang='grc' dir='ltr'>χρείαν</span> 
     </span>
    </p>
   </div>
   <div class='ocr_carea' id='block_1_76' title="bbox 164 2193 558 2229">
    <p class='ocr_par' dir='ltr' id='par_1_76' title="bbox 164 2193 558 2229">
     <span class='ocr_line' id='line_1_76' title="bbox 164 2193 558 2229; baseline 0 -9"><span class='ocrx_word' id='word_1_555' title='bbox 164 2193 311 2221; x_wconf 72' lang='grc' dir='ltr'>ἀπολαύειν</span> <span class='ocrx_word' id='word_1_556' title='bbox 327 2193 383 2220; x_wconf 87' lang='grc' dir='ltr'>τῶν</span> <span class='ocrx_word' id='word_1_557' title='bbox 398 2193 558 2229; x_wconf 69' lang='grc' dir='ltr'>διδομᾶνων.</span> 
     </span>
    </p>
   </div>
   <div class='ocr_carea' id='block_1_77' title="bbox 1001 1595 1789 1631">
    <p class='ocr_par' dir='ltr' id='par_1_77' title="bbox 1001 1595 1789 1631">
     <span class='ocr_line' id='line_1_77' title="bbox 1001 1595 1789 1631; baseline 0.001 -8"><span class='ocrx_word' id='word_1_558' title='bbox 1001 1596 1056 1624; x_wconf 89' lang='lat' dir='ltr'><strong>illis</strong></span> <span class='ocrx_word' id='word_1_559' title='bbox 1067 1595 1368 1631; x_wconf 71' lang='lat' dir='ltr'><strong>pmberetexperiendi</strong></span> <span class='ocrx_word' id='word_1_560' title='bbox 1381 1603 1463 1623; x_wconf 86' lang='lat' dir='ltr'><strong>causa</strong></span> <span class='ocrx_word' id='word_1_561' title='bbox 1479 1597 1553 1624; x_wconf 89' lang='lat' dir='ltr'><strong>:etsi</strong></span> <span class='ocrx_word' id='word_1_562' title='bbox 1566 1604 1620 1623; x_wconf 94' lang='lat' dir='ltr'><strong>non</strong></span> <span class='ocrx_word' id='word_1_563' title='bbox 1636 1602 1789 1625; x_wconf 81' lang='lat' dir='ltr'><strong>mutaretur</strong></span> 
     </span>
    </p>
   </div>
   <div class='ocr_carea' id='block_1_78' title="bbox 1001 1641 1788 1678">
    <p class='ocr_par' dir='ltr' id='par_1_78' title="bbox 1001 1641 1788 1678">
     <span class='ocr_line' id='line_1_78' title="bbox 1001 1641 1788 1678; baseline 0 -8"><span class='ocrx_word' id='word_1_564' title='bbox 1001 1643 1112 1678; x_wconf 86' lang='lat' dir='ltr'><strong>quidem</strong></span> <span class='ocrx_word' id='word_1_565' title='bbox 1128 1642 1169 1670; x_wconf 86' lang='lat' dir='ltr'><strong>eis</strong></span> <span class='ocrx_word' id='word_1_566' title='bbox 1188 1650 1335 1677; x_wconf 85' lang='lat' dir='ltr'><strong>corporum</strong></span> <span class='ocrx_word' id='word_1_567' title='bbox 1357 1641 1476 1674; x_wconf 79' lang='lat' dir='ltr'><strong>habitus.</strong></span> <span class='ocrx_word' id='word_1_568' title='bbox 1494 1643 1596 1671; x_wconf 85' lang='lat' dir='ltr'><strong>sineret</strong></span> <span class='ocrx_word' id='word_1_569' title='bbox 1613 1643 1641 1670; x_wconf 92' lang='lat' dir='ltr'><strong>in</strong></span> <span class='ocrx_word' id='word_1_570' title='bbox 1658 1644 1698 1670; x_wconf 88' lang='lat' dir='ltr'><strong>eis</strong></span> <span class='ocrx_word' id='word_1_571' title='bbox 1724 1651 1788 1678; x_wconf 87' lang='lat' dir='ltr'><strong>per-</strong></span> 
     </span>
    </p>
   </div>
   <div class='ocr_carea' id='block_1_79' title="bbox 1001 1689 1789 1722">
    <p class='ocr_par' dir='ltr' id='par_1_79' title="bbox 1001 1689 1789 1722">
     <span class='ocr_line' id='line_1_79' title="bbox 1001 1689 1789 1722; baseline 0 -5"><span class='ocrx_word' id='word_1_572' title='bbox 1001 1697 1138 1718; x_wconf 83' lang='lat' dir='ltr'><strong>severare.</strong></span> <span class='ocrx_word' id='word_1_573' title='bbox 1154 1689 1201 1716; x_wconf 88' lang='lat' dir='ltr'><strong>Sin</strong></span> <span class='ocrx_word' id='word_1_574' title='bbox 1228 1694 1319 1716; x_wconf 88' lang='lat' dir='ltr'><strong>autem</strong></span> <span class='ocrx_word' id='word_1_575' title='bbox 1335 1689 1435 1717; x_wconf 90' lang='lat' dir='ltr'><strong>viderit</strong></span> <span class='ocrx_word' id='word_1_576' title='bbox 1450 1689 1614 1722; x_wconf 87' lang='lat' dir='ltr'><strong>diminutos,</strong></span> <span class='ocrx_word' id='word_1_577' title='bbox 1641 1695 1669 1717; x_wconf 93' lang='lat' dir='ltr'><strong>et</strong></span> <span class='ocrx_word' id='word_1_578' title='bbox 1683 1690 1743 1717; x_wconf 76' lang='lat' dir='ltr'><strong>aliis</strong></span> <span class='ocrx_word' id='word_1_579' title='bbox 1759 1698 1789 1717; x_wconf 85' lang='lat' dir='ltr'><strong>se</strong></span> 
     </span>
    </p>
   </div>
   <div class='ocr_carea' id='block_1_80' title="bbox 1001 1735 1788 1771">
    <p class='ocr_par' dir='ltr' id='par_1_80' title="bbox 1001 1735 1788 1771">
     <span class='ocr_line' id='line_1_80' title="bbox 1001 1735 1788 1771; baseline 0 -8"><span class='ocrx_word' id='word_1_580' title='bbox 1001 1736 1136 1764; x_wconf 83' lang='lat' dir='ltr'><strong>habentes</strong></span> <span class='ocrx_word' id='word_1_581' title='bbox 1149 1736 1281 1768; x_wconf 76' lang='lat' dir='ltr'><strong>deterius,</strong></span> <span class='ocrx_word' id='word_1_582' title='bbox 1300 1743 1347 1764; x_wconf 79' lang='lat' dir='ltr'><strong>eos</strong></span> <span class='ocrx_word' id='word_1_583' title='bbox 1365 1735 1399 1762; x_wconf 85' lang='lat' dir='ltr'><strong>ad</strong></span> <span class='ocrx_word' id='word_1_584' title='bbox 1418 1735 1537 1771; x_wconf 89' lang='lat' dir='ltr'><strong>priorem</strong></span> <span class='ocrx_word' id='word_1_585' title='bbox 1557 1736 1646 1764; x_wconf 86' lang='lat' dir='ltr'><strong>victus</strong></span> <span class='ocrx_word' id='word_1_586' title='bbox 1673 1736 1788 1763; x_wconf 80' lang='lat' dir='ltr'><strong>reducat</strong></span> 
     </span>
    </p>
   </div>
   <div class='ocr_carea' id='block_1_81' title="bbox 1001 1781 1790 1816">
    <p class='ocr_par' dir='ltr' id='par_1_81' title="bbox 1001 1781 1790 1816">
     <span class='ocr_line' id='line_1_81' title="bbox 1001 1781 1790 1816; baseline 0.001 -8"><span class='ocrx_word' id='word_1_587' title='bbox 1001 1782 1146 1814; x_wconf 81' lang='lat' dir='ltr'><strong>rationem,</strong></span> <span class='ocrx_word' id='word_1_588' title='bbox 1159 1786 1188 1809; x_wconf 88' lang='lat' dir='ltr'><strong>et</strong></span> <span class='ocrx_word' id='word_1_589' title='bbox 1203 1782 1285 1809; x_wconf 80' lang='lat' dir='ltr'><strong>faciat</strong></span> <span class='ocrx_word' id='word_1_590' title='bbox 1298 1786 1328 1809; x_wconf 90' lang='lat' dir='ltr'><strong>ut</strong></span> <span class='ocrx_word' id='word_1_591' title='bbox 1339 1781 1391 1809; x_wconf 94' lang='lat' dir='ltr'><strong>fuit</strong></span> <span class='ocrx_word' id='word_1_592' title='bbox 1406 1781 1431 1809; x_wconf 91' lang='lat' dir='ltr'><strong>ei</strong></span> <span class='ocrx_word' id='word_1_593' title='bbox 1449 1781 1622 1816; x_wconf 80' lang='lat' dir='ltr'><strong>imperatum.</strong></span> <span class='ocrx_word' id='word_1_594' title='bbox 1634 1781 1703 1809; x_wconf 82' lang='lat' dir='ltr'><strong>Cum</strong></span> <span class='ocrx_word' id='word_1_595' title='bbox 1724 1789 1790 1809; x_wconf 89' lang='lat' dir='ltr'><strong>vero</strong></span> 
     </span>
    </p>
   </div>
   <div class='ocr_carea' id='block_1_82' title="bbox 1000 1826 1789 1859">
    <p class='ocr_par' dir='ltr' id='par_1_82' title="bbox 1000 1826 1789 1859">
     <span class='ocr_line' id='line_1_82' title="bbox 1000 1826 1789 1859; baseline -0.001 -5"><span class='ocrx_word' id='word_1_596' title='bbox 1000 1834 1034 1855; x_wconf 89' lang='lat' dir='ltr'><strong>eo</strong></span> <span class='ocrx_word' id='word_1_597' title='bbox 1055 1827 1188 1854; x_wconf 83' lang='lat' dir='ltr'><strong>alimento</strong></span> <span class='ocrx_word' id='word_1_598' title='bbox 1213 1831 1323 1854; x_wconf 85' lang='lat' dir='ltr'><strong>utentes</strong></span> <span class='ocrx_word' id='word_1_599' title='bbox 1355 1827 1424 1854; x_wconf 87' lang='lat' dir='ltr'><strong>nihil</strong></span> <span class='ocrx_word' id='word_1_600' title='bbox 1455 1827 1673 1859; x_wconf 78' lang='lat' dir='ltr'><strong>oﬂ&#39;enderentur,</strong></span> <span class='ocrx_word' id='word_1_601' title='bbox 1693 1826 1740 1854; x_wconf 87' lang='lat' dir='ltr'><strong>sed</strong></span> <span class='ocrx_word' id='word_1_602' title='bbox 1761 1830 1789 1854; x_wconf 89' lang='lat' dir='ltr'><strong>et</strong></span> 
     </span>
    </p>
   </div>
   <div class='ocr_carea' id='block_1_83' title="bbox 1001 1872 1788 1908">
    <p class='ocr_par' dir='ltr' id='par_1_83' title="bbox 1001 1872 1788 1908">
     <span class='ocr_line' id='line_1_83' title="bbox 1001 1872 1788 1908; baseline -0.001 -8"><span class='ocrx_word' id='word_1_603' title='bbox 1001 1880 1116 1908; x_wconf 85' lang='lat' dir='ltr'><strong>corpora</strong></span> <span class='ocrx_word' id='word_1_604' title='bbox 1138 1881 1233 1900; x_wconf 86' lang='lat' dir='ltr'><strong>eorum</strong></span> <span class='ocrx_word' id='word_1_605' title='bbox 1250 1873 1374 1900; x_wconf 83' lang='lat' dir='ltr'><strong>melioris</strong></span> <span class='ocrx_word' id='word_1_606' title='bbox 1394 1877 1487 1900; x_wconf 78' lang='lat' dir='ltr'><strong>essent</strong></span> <span class='ocrx_word' id='word_1_607' title='bbox 1504 1872 1684 1905; x_wconf 85' lang='lat' dir='ltr'><strong>habitudinis,</strong></span> <span class='ocrx_word' id='word_1_608' title='bbox 1705 1880 1788 1908; x_wconf 89' lang='lat' dir='ltr'><strong>quam</strong></span> 
     </span>
    </p>
   </div>
   <div class='ocr_carea' id='block_1_84' title="bbox 1001 1919 1791 1955">
    <p class='ocr_par' dir='ltr' id='par_1_84' title="bbox 1001 1919 1791 1955">
     <span class='ocr_line' id='line_1_84' title="bbox 1001 1919 1791 1955; baseline 0.001 -9"><span class='ocrx_word' id='word_1_609' title='bbox 1001 1920 1129 1952; x_wconf 88' lang='lat' dir='ltr'><strong>aliorum,</strong></span> <span class='ocrx_word' id='word_1_610' title='bbox 1152 1924 1180 1946; x_wconf 85' lang='lat' dir='ltr'><strong>et</strong></span> <span class='ocrx_word' id='word_1_611' title='bbox 1207 1925 1319 1954; x_wconf 83' lang='lat' dir='ltr'><strong>aspectu</strong></span> <span class='ocrx_word' id='word_1_612' title='bbox 1338 1919 1508 1954; x_wconf 82' lang='lat' dir='ltr'><strong>pulchriora,</strong></span> <span class='ocrx_word' id='word_1_613' title='bbox 1528 1920 1599 1947; x_wconf 92' lang='lat' dir='ltr'><strong>adeo</strong></span> <span class='ocrx_word' id='word_1_614' title='bbox 1622 1924 1652 1947; x_wconf 85' lang='lat' dir='ltr'><strong>ut</strong></span> <span class='ocrx_word' id='word_1_615' title='bbox 1679 1920 1725 1955; x_wconf 88' lang='lat' dir='ltr'><strong>qui</strong></span> <span class='ocrx_word' id='word_1_616' title='bbox 1742 1927 1791 1947; x_wconf 90' lang='lat' dir='ltr'><strong>eos</strong></span> 
     </span>
    </p>
   </div>
   <div class='ocr_carea' id='block_1_85' title="bbox 1002 1965 1790 2001">
    <p class='ocr_par' dir='ltr' id='par_1_85' title="bbox 1002 1965 1790 2001">
     <span class='ocr_line' id='line_1_85' title="bbox 1002 1965 1790 2001; baseline -0.001 -7"><span class='ocrx_word' id='word_1_617' title='bbox 1002 1966 1142 1995; x_wconf 83' lang='lat' dir='ltr'><strong>videbant.</strong></span> <span class='ocrx_word' id='word_1_618' title='bbox 1163 1970 1292 2001; x_wconf 83' lang='lat' dir='ltr'><strong>putarent</strong></span> <span class='ocrx_word' id='word_1_619' title='bbox 1310 1965 1449 1993; x_wconf 87' lang='lat' dir='ltr'><strong>Danielem</strong></span> <span class='ocrx_word' id='word_1_620' title='bbox 1469 1966 1584 2001; x_wconf 87' lang='lat' dir='ltr'><strong>quidem</strong></span> <span class='ocrx_word' id='word_1_621' title='bbox 1597 1971 1625 1993; x_wconf 91' lang='lat' dir='ltr'><strong>ct</strong></span> <span class='ocrx_word' id='word_1_622' title='bbox 1639 1971 1696 1993; x_wconf 86' lang='lat' dir='ltr'><strong>tres</strong></span> <span class='ocrx_word' id='word_1_623' title='bbox 1720 1966 1790 1993; x_wconf 83' lang='lat' dir='ltr'><strong>alios</strong></span> 
     </span>
    </p>
   </div>
   <div class='ocr_carea' id='block_1_86' title="bbox 1002 2012 1787 2040">
    <p class='ocr_par' dir='ltr' id='par_1_86' title="bbox 1002 2012 1787 2040">
     <span class='ocr_line' id='line_1_86' title="bbox 1002 2012 1787 2040; baseline -0.001 0"><span class='ocrx_word' id='word_1_624' title='bbox 1002 2013 1095 2040; x_wconf 85' lang='lat' dir='ltr'><strong>vivere</strong></span> <span class='ocrx_word' id='word_1_625' title='bbox 1110 2013 1137 2040; x_wconf 92' lang='lat' dir='ltr'><strong>in</strong></span> <span class='ocrx_word' id='word_1_626' title='bbox 1150 2012 1279 2040; x_wconf 82' lang='lat' dir='ltr'><strong>omnibus</strong></span> <span class='ocrx_word' id='word_1_627' title='bbox 1294 2013 1411 2040; x_wconf 88' lang='lat' dir='ltr'><strong>lautitiis</strong></span> <span class='ocrx_word' id='word_1_628' title='bbox 1427 2017 1456 2040; x_wconf 89' lang='lat' dir='ltr'><strong>et</strong></span> <span class='ocrx_word' id='word_1_629' title='bbox 1469 2012 1578 2040; x_wconf 89' lang='lat' dir='ltr'><strong>deliciis</strong></span> <span class='ocrx_word' id='word_1_630' title='bbox 1591 2021 1598 2040; x_wconf 88' lang='lat'><strong>:</strong></span> <span class='ocrx_word' id='word_1_631' title='bbox 1615 2012 1683 2039; x_wconf 85' lang='lat' dir='ltr'><strong>alios</strong></span> <span class='ocrx_word' id='word_1_632' title='bbox 1695 2017 1787 2039; x_wconf 88' lang='lat' dir='ltr'><strong>autem</strong></span> 
     </span>
    </p>
   </div>
   <div class='ocr_carea' id='block_1_87' title="bbox 1002 2059 1791 2095">
    <p class='ocr_par' dir='ltr' id='par_1_87' title="bbox 1002 2059 1791 2095">
     <span class='ocr_line' id='line_1_87' title="bbox 1002 2059 1791 2095; baseline -0.001 -9"><span class='ocrx_word' id='word_1_633' title='bbox 1002 2066 1103 2095; x_wconf 84' lang='lat' dir='ltr'><strong>pueros</strong></span> <span class='ocrx_word' id='word_1_634' title='bbox 1128 2059 1201 2087; x_wconf 81' lang='lat' dir='ltr'><strong>vesci</strong></span> <span class='ocrx_word' id='word_1_635' title='bbox 1219 2059 1340 2094; x_wconf 87' lang='lat' dir='ltr'><strong>parcius,</strong></span> <span class='ocrx_word' id='word_1_636' title='bbox 1356 2066 1407 2086; x_wconf 89' lang='lat' dir='ltr'><strong>nec</strong></span> <span class='ocrx_word' id='word_1_637' title='bbox 1433 2059 1474 2087; x_wconf 89' lang='lat' dir='ltr'><strong>eis</strong></span> <span class='ocrx_word' id='word_1_638' title='bbox 1489 2062 1636 2094; x_wconf 81' lang='lat' dir='ltr'><strong>suppetere</strong></span> <span class='ocrx_word' id='word_1_639' title='bbox 1662 2066 1704 2091; x_wconf 85' lang='lat' dir='ltr'><strong>ea.</strong></span> <span class='ocrx_word' id='word_1_640' title='bbox 1729 2066 1791 2094; x_wconf 69' lang='lat' dir='ltr'><strong>qua:</strong></span> 
     </span>
    </p>
   </div>
   <div class='ocr_carea' id='block_1_88' title="bbox 1002 2104 1392 2133">
    <p class='ocr_par' dir='ltr' id='par_1_88' title="bbox 1002 2104 1392 2133">
     <span class='ocr_line' id='line_1_88' title="bbox 1002 2104 1392 2133; baseline -0.005 0"><span class='ocrx_word' id='word_1_641' title='bbox 1002 2109 1066 2133; x_wconf 77' lang='lat' dir='ltr'><strong>sunt</strong></span> <span class='ocrx_word' id='word_1_642' title='bbox 1083 2104 1117 2132; x_wconf 83' lang='lat' dir='ltr'><strong>ad</strong></span> <span class='ocrx_word' id='word_1_643' title='bbox 1133 2112 1212 2132; x_wconf 85' lang='lat' dir='ltr'><strong>usum</strong></span> <span class='ocrx_word' id='word_1_644' title='bbox 1225 2105 1392 2132; x_wconf 83' lang='lat' dir='ltr'><strong>necessaria.</strong></span> 
     </span>
    </p>
   </div>
   <div class='ocr_carea' id='block_1_89' title="bbox 198 2240 948 2278">
    <p class='ocr_par' dir='ltr' id='par_1_89' title="bbox 198 2241 948 2278">
     <span class='ocr_line' id='line_1_89' title="bbox 198 2241 948 2278; baseline 0.005 -12"><span class='ocrx_word' id='word_1_645' title='bbox 198 2241 234 2267; x_wconf 79' lang='lat'><strong>1&quot;.</strong></span> <span class='ocrx_word' id='word_1_646' title='bbox 254 2241 300 2273; x_wconf 75' lang='grc' dir='ltr'><strong>Ἐξ</strong></span> <span class='ocrx_word' id='word_1_647' title='bbox 321 2241 428 2268; x_wconf 75' lang='grc' dir='ltr'>ἐκείνου</span> <span class='ocrx_word' id='word_1_648' title='bbox 448 2242 517 2276; x_wconf 83' lang='grc' dir='ltr'>μετά</span> <span class='ocrx_word' id='word_1_649' title='bbox 537 2241 628 2273; x_wconf 81' lang='grc' dir='ltr'>ἀδείας</span> <span class='ocrx_word' id='word_1_650' title='bbox 648 2242 663 2268; x_wconf 83' lang='grc' dir='ltr'><em>ὸ</em></span> <span class='ocrx_word' id='word_1_651' title='bbox 681 2242 817 2278; x_wconf 79' lang='grc' dir='ltr'>Ἀσχάνης</span> <span class='ocrx_word' id='word_1_652' title='bbox 832 2243 882 2269; x_wconf 80' lang='grc' dir='ltr'>ὅσα</span> <span class='ocrx_word' id='word_1_653' title='bbox 901 2243 948 2277; x_wconf 68' lang='grc' dir='ltr'>μὲν</span> 
     </span>
    </p>
   </div>
   <div class='ocr_carea' id='block_1_90' title="bbox 1001 2240 1792 2278">
    <p class='ocr_par' dir='ltr' id='par_1_90' title="bbox 1039 2240 1792 2276">
     <span class='ocr_line' id='line_1_90' title="bbox 1039 2240 1792 2276; baseline -0.004 -7"><span class='ocrx_word' id='word_1_654' title='bbox 1039 2242 1083 2270; x_wconf 89' lang='lat' dir='ltr'><strong>lll.</strong></span> <span class='ocrx_word' id='word_1_655' title='bbox 1111 2242 1148 2269; x_wconf 83' lang='lat' dir='ltr'><strong>Ex</strong></span> <span class='ocrx_word' id='word_1_656' title='bbox 1168 2242 1213 2269; x_wconf 92' lang='lat' dir='ltr'><strong>illo</strong></span> <span class='ocrx_word' id='word_1_657' title='bbox 1236 2245 1369 2276; x_wconf 84' lang='lat' dir='ltr'><strong>tempore,</strong></span> <span class='ocrx_word' id='word_1_658' title='bbox 1384 2249 1445 2268; x_wconf 88' lang='lat' dir='ltr'><strong>cum</strong></span> <span class='ocrx_word' id='word_1_659' title='bbox 1470 2241 1635 2269; x_wconf 86' lang='lat' dir='ltr'><strong>reverentia.</strong></span> <span class='ocrx_word' id='word_1_660' title='bbox 1652 2240 1792 2267; x_wconf 77' lang='lat' dir='ltr'><strong>Aschancs</strong></span> 
     </span>
    </p>
   </div>
   <div class='ocr_carea' id='block_1_91' title="bbox 166 2287 950 2323">
    <p class='ocr_par' dir='ltr' id='par_1_91' title="bbox 166 2287 950 2323">
     <span class='ocr_line' id='line_1_91' title="bbox 166 2287 950 2323; baseline 0.003 -10"><span class='ocrx_word' id='word_1_661' title='bbox 166 2287 218 2314; x_wconf 80' lang='grc' dir='ltr'>ἀπὺ</span> <span class='ocrx_word' id='word_1_662' title='bbox 236 2287 284 2313; x_wconf 83' lang='grc' dir='ltr'>τοῦ</span> <span class='ocrx_word' id='word_1_663' title='bbox 298 2287 409 2313; x_wconf 81' lang='grc' dir='ltr'>δείπνου</span> <span class='ocrx_word' id='word_1_664' title='bbox 420 2287 482 2314; x_wconf 71' lang='grc' dir='ltr'>καθ’</span> <span class='ocrx_word' id='word_1_665' title='bbox 496 2287 603 2322; x_wconf 83' lang='grc' dir='ltr'>ἡμέραν</span> <span class='ocrx_word' id='word_1_666' title='bbox 618 2287 742 2323; x_wconf 82' lang='grc' dir='ltr'>συνήθως</span> <span class='ocrx_word' id='word_1_667' title='bbox 763 2288 872 2323; x_wconf 75' lang='grc' dir='ltr'>ἔπεμπε</span> <span class='ocrx_word' id='word_1_668' title='bbox 887 2289 950 2315; x_wconf 82' lang='grc' dir='ltr'><strong>τού-</strong></span> 
     </span>
    </p>
   </div>
   <div class='ocr_carea' id='block_1_92' title="bbox 164 2332 952 2367">
    <p class='ocr_par' dir='ltr' id='par_1_92' title="bbox 164 2332 952 2367">
     <span class='ocr_line' id='line_1_92' title="bbox 164 2332 952 2367; baseline 0 -9"><span class='ocrx_word' id='word_1_669' title='bbox 164 2341 219 2364; x_wconf 76' lang='grc' dir='ltr'>τοις</span> <span class='ocrx_word' id='word_1_670' title='bbox 240 2333 255 2358; x_wconf 85' lang='grc' dir='ltr'><strong>ὁ</strong></span> <span class='ocrx_word' id='word_1_671' title='bbox 271 2332 411 2366; x_wconf 76' lang='grc' dir='ltr'>βασιλεὺς.</span> <span class='ocrx_word' id='word_1_672' title='bbox 423 2332 505 2363; x_wconf 72' lang='grc' dir='ltr'>αὐτὸς</span> <span class='ocrx_word' id='word_1_673' title='bbox 524 2332 688 2367; x_wconf 78' lang='grc' dir='ltr'>ἐλάμϐανεν,</span> <span class='ocrx_word' id='word_1_674' title='bbox 706 2333 836 2367; x_wconf 78' lang='grc' dir='ltr'>ἐχορήγει</span> <span class='ocrx_word' id='word_1_675' title='bbox 858 2332 887 2358; x_wconf 76' lang='grc' dir='ltr'>δὲ</span> <span class='ocrx_word' id='word_1_676' title='bbox 904 2333 952 2359; x_wconf 77' lang='grc' dir='ltr'><strong>αό-</strong></span> 
     </span>
    </p>
   </div>
   <div class='ocr_carea' id='block_1_93' title="bbox 165 2377 952 2413">
    <p class='ocr_par' dir='ltr' id='par_1_93' title="bbox 165 2377 952 2413">
     <span class='ocr_line' id='line_1_93' title="bbox 165 2377 952 2413; baseline 0 -9"><span class='ocrx_word' id='word_1_677' title='bbox 165 2380 218 2410; x_wconf 82' lang='grc' dir='ltr'>τοῖς</span> <span class='ocrx_word' id='word_1_678' title='bbox 231 2378 266 2405; x_wconf 75' lang='grc' dir='ltr'><strong>τὰ</strong></span> <span class='ocrx_word' id='word_1_679' title='bbox 277 2378 468 2413; x_wconf 82' lang='grc' dir='ltr'>προειρημένα</span> <span class='ocrx_word' id='word_1_680' title='bbox 477 2386 484 2393; x_wconf 82' lang='grc'><strong><em>⁸</em></strong></span> <span class='ocrx_word' id='word_1_681' title='bbox 501 2379 525 2404; x_wconf 82' lang='grc' dir='ltr'><strong>οι</strong></span> <span class='ocrx_word' id='word_1_682' title='bbox 535 2379 564 2405; x_wconf 71' lang='grc' dir='ltr'>δὲ</span> <span class='ocrx_word' id='word_1_683' title='bbox 577 2379 614 2410; x_wconf 84' lang='grc' dir='ltr'>ὼς</span> <span class='ocrx_word' id='word_1_684' title='bbox 629 2379 676 2404; x_wconf 75' lang='grc' dir='ltr'>καὶ</span> <span class='ocrx_word' id='word_1_685' title='bbox 688 2378 742 2405; x_wconf 80' lang='grc' dir='ltr'>τῶν</span> <span class='ocrx_word' id='word_1_686' title='bbox 755 2377 849 2413; x_wconf 83' lang='grc' dir='ltr'>ψυχῶν</span> <span class='ocrx_word' id='word_1_687' title='bbox 861 2378 952 2410; x_wconf 85' lang='grc' dir='ltr'>αὐτοῖς</span> 
     </span>
    </p>
   </div>
   <div class='ocr_carea' id='block_1_94' title="bbox 165 2423 953 2459">
    <p class='ocr_par' dir='ltr' id='par_1_94' title="bbox 165 2423 953 2459">
     <span class='ocr_line' id='line_1_94' title="bbox 165 2423 953 2459; baseline 0 -8"><span class='ocrx_word' id='word_1_688' title='bbox 165 2425 208 2451; x_wconf 72' lang='grc' dir='ltr'><strong>διὰ</strong></span> <span class='ocrx_word' id='word_1_689' title='bbox 224 2425 303 2451; x_wconf 76' lang='grc' dir='ltr'>τοῦτο</span> <span class='ocrx_word' id='word_1_690' title='bbox 328 2423 458 2459; x_wconf 73' lang='grc' dir='ltr'>καθαρῶν</span> <span class='ocrx_word' id='word_1_691' title='bbox 478 2425 525 2451; x_wconf 81' lang='grc' dir='ltr'><strong>καὶ</strong></span> <span class='ocrx_word' id='word_1_692' title='bbox 544 2425 613 2459; x_wconf 82' lang='grc' dir='ltr'>πρὸς</span> <span class='ocrx_word' id='word_1_693' title='bbox 637 2424 687 2459; x_wconf 82' lang='grc' dir='ltr'>τὴν</span> <span class='ocrx_word' id='word_1_694' title='bbox 709 2424 763 2451; x_wconf 85' lang='grc' dir='ltr'>τῶν</span> <span class='ocrx_word' id='word_1_695' title='bbox 781 2424 953 2459; x_wconf 82' lang='grc' dir='ltr'>μαθημάτων</span> 
     </span>
    </p>
   </div>
   <div class='ocr_carea' id='block_1_95' title="bbox 166 2469 954 2504">
    <p class='ocr_par' dir='ltr' id='par_1_95' title="bbox 166 2469 954 2504">
     <span class='ocr_line' id='line_1_95' title="bbox 166 2469 954 2504; baseline 0 -8"><span class='ocrx_word' id='word_1_696' title='bbox 166 2469 298 2504; x_wconf 71' lang='grc' dir='ltr'>ἀνάληψιν</span> <span class='ocrx_word' id='word_1_697' title='bbox 311 2469 472 2504; x_wconf 75' lang='grc' dir='ltr'>ἐπιτηδείων</span> <span class='ocrx_word' id='word_1_698' title='bbox 486 2470 519 2496; x_wconf 80' lang='grc' dir='ltr'><strong>ἐκ</strong></span> <span class='ocrx_word' id='word_1_699' title='bbox 530 2469 627 2497; x_wconf 85' lang='grc' dir='ltr'>τούτου</span> <span class='ocrx_word' id='word_1_700' title='bbox 643 2470 845 2504; x_wconf 77' lang='grc' dir='ltr'>γεγενημένων,</span> <span class='ocrx_word' id='word_1_701' title='bbox 862 2470 954 2496; x_wconf 80' lang='grc' dir='ltr'>πᾶσαν</span> 
     </span>
    </p>
   </div>
   <div class='ocr_carea' id='block_1_96' title="bbox 166 2514 953 2552">
    <p class='ocr_par' dir='ltr' id='par_1_96' title="bbox 166 2514 953 2552">
     <span class='ocr_line' id='line_1_96' title="bbox 166 2514 953 2552; baseline 0.001 -10"><span class='ocrx_word' id='word_1_702' title='bbox 166 2517 282 2551; x_wconf 66' lang='grc' dir='ltr'>ἑτοίμως</span> <span class='ocrx_word' id='word_1_703' title='bbox 299 2515 435 2551; x_wconf 64' lang='grc' dir='ltr'>ἐξέμαθον</span> <span class='ocrx_word' id='word_1_704' title='bbox 455 2517 505 2550; x_wconf 85' lang='grc' dir='ltr'>τὴν</span> <span class='ocrx_word' id='word_1_705' title='bbox 526 2514 663 2548; x_wconf 82' lang='grc' dir='ltr'>παιδείαν,</span> <span class='ocrx_word' id='word_1_706' title='bbox 681 2516 743 2551; x_wconf 74' lang='grc' dir='ltr'>ἥτις</span> <span class='ocrx_word' id='word_1_707' title='bbox 767 2514 802 2552; x_wconf 84' lang='grc' dir='ltr'>ἦν</span> <span class='ocrx_word' id='word_1_708' title='bbox 825 2516 902 2552; x_wconf 73' lang='grc' dir='ltr'>παρα</span> <span class='ocrx_word' id='word_1_709' title='bbox 923 2524 953 2543; x_wconf 83' lang='grc' dir='ltr'><strong>τι</strong></span> 
     </span>
    </p>
   </div>
   <div class='ocr_carea' id='block_1_97' title="bbox 165 2562 953 2598">
    <p class='ocr_par' dir='ltr' id='par_1_97' title="bbox 165 2562 953 2598">
     <span class='ocr_line' id='line_1_97' title="bbox 165 2562 953 2598; baseline -0.001 -9"><span class='ocrx_word' id='word_1_710' title='bbox 165 2564 220 2594; x_wconf 86' lang='grc' dir='ltr'>τοῖς</span> <span class='ocrx_word' id='word_1_711' title='bbox 240 2563 380 2598; x_wconf 79' lang='grc' dir='ltr'>Ἑϐραίοις</span> <span class='ocrx_word' id='word_1_712' title='bbox 401 2563 449 2589; x_wconf 76' lang='grc' dir='ltr'><strong>καὶ</strong></span> <span class='ocrx_word' id='word_1_713' title='bbox 467 2563 524 2594; x_wconf 85' lang='grc' dir='ltr'>τοῖς</span> <span class='ocrx_word' id='word_1_714' title='bbox 542 2562 699 2594; x_wconf 84' lang='grc' dir='ltr'>Χαλδαίοις,</span> <span class='ocrx_word' id='word_1_715' title='bbox 719 2562 836 2597; x_wconf 86' lang='grc' dir='ltr'>μάλιστα</span> <span class='ocrx_word' id='word_1_716' title='bbox 852 2562 881 2589; x_wconf 74' lang='grc' dir='ltr'>δὲ</span> <span class='ocrx_word' id='word_1_717' title='bbox 900 2563 953 2589; x_wconf 91' lang='grc' dir='ltr'><strong>Δα-</strong></span> 
     </span>
    </p>
   </div>
   <div class='ocr_carea' id='block_1_98' title="bbox 168 2605 954 2642">
    <p class='ocr_par' dir='ltr' id='par_1_98' title="bbox 168 2605 954 2642">
     <span class='ocr_line' id='line_1_98' title="bbox 168 2605 954 2642; baseline -0.001 -10"><span class='ocrx_word' id='word_1_718' title='bbox 168 2607 236 2642; x_wconf 81' lang='grc' dir='ltr'>νιὴλ,</span> <span class='ocrx_word' id='word_1_719' title='bbox 252 2607 281 2637; x_wconf 73' lang='grc' dir='ltr'>ὃς</span> <span class='ocrx_word' id='word_1_720' title='bbox 299 2607 392 2638; x_wconf 75' lang='grc' dir='ltr'>ίκανδς</span> <span class='ocrx_word' id='word_1_721' title='bbox 403 2606 454 2642; x_wconf 68' lang='grc' dir='ltr'>ἤδη</span> <span class='ocrx_word' id='word_1_722' title='bbox 473 2605 539 2641; x_wconf 80' lang='grc' dir='ltr'>περὶ</span> <span class='ocrx_word' id='word_1_723' title='bbox 551 2605 599 2641; x_wconf 84' lang='grc' dir='ltr'>τὴν</span> <span class='ocrx_word' id='word_1_724' title='bbox 617 2606 758 2632; x_wconf 82' lang='grc' dir='ltr'>παίδευσιν</span> <span class='ocrx_word' id='word_1_725' title='bbox 774 2605 893 2640; x_wconf 82' lang='grc' dir='ltr'>γεγονὼς</span> <span class='ocrx_word' id='word_1_726' title='bbox 908 2605 954 2632; x_wconf 73' lang='grc' dir='ltr'><strong>καὶ</strong></span> 
     </span>
    </p>
   </div>
   <div class='ocr_carea' id='block_1_99' title="bbox 167 2651 954 2690">
    <p class='ocr_par' dir='ltr' id='par_1_99' title="bbox 167 2651 954 2690">
     <span class='ocr_line' id='line_1_99' title="bbox 167 2651 954 2690; baseline -0.004 -10"><span class='ocrx_word' id='word_1_727' title='bbox 167 2656 230 2690; x_wconf 76' lang='grc' dir='ltr'>περὶ</span> <span class='ocrx_word' id='word_1_728' title='bbox 239 2654 357 2689; x_wconf 75' lang='grc' dir='ltr'>κρίσεως</span> <span class='ocrx_word' id='word_1_729' title='bbox 370 2653 483 2688; x_wconf 82' lang='grc' dir='ltr'>ὀνείρων</span> <span class='ocrx_word' id='word_1_730' title='bbox 497 2652 648 2680; x_wconf 79' lang='grc' dir='ltr'>ὲσπουδάκε</span> <span class='ocrx_word' id='word_1_731' title='bbox 654 2661 672 2684; x_wconf 89' lang='grc' dir='ltr'><strong>ι,</strong></span> <span class='ocrx_word' id='word_1_732' title='bbox 683 2652 730 2678; x_wconf 79' lang='grc' dir='ltr'><strong>καὶ</strong></span> <span class='ocrx_word' id='word_1_733' title='bbox 742 2652 772 2678; x_wconf 82' lang='grc' dir='ltr'>τὸ</span> <span class='ocrx_word' id='word_1_734' title='bbox 788 2652 864 2678; x_wconf 83' lang='grc' dir='ltr'>Θεῖον</span> <span class='ocrx_word' id='word_1_735' title='bbox 879 2651 954 2687; x_wconf 79' lang='grc' dir='ltr'>αὺτῴ</span> 
     </span>
    </p>
   </div>
   <div class='ocr_carea' id='block_1_100' title="bbox 170 2698 955 2736">
    <p class='ocr_par' dir='ltr' id='par_1_100' title="bbox 170 2698 955 2736">
     <span class='ocr_line' id='line_1_100' title="bbox 170 2698 955 2736; baseline -0.005 -9"><span class='ocrx_word' id='word_1_736' title='bbox 170 2701 286 2736; x_wconf 75' lang='grc' dir='ltr'>φανερὸν</span> <span class='ocrx_word' id='word_1_737' title='bbox 301 2700 422 2733; x_wconf 74' lang='grc' dir='ltr'>ἐγένετο·</span> <span class='ocrx_word' id='word_1_738' title='bbox 434 2700 479 2726; x_wconf 80' lang='grc' dir='ltr'><strong>ὑπ’</strong></span> <span class='ocrx_word' id='word_1_739' title='bbox 495 2698 579 2726; x_wconf 80' lang='grc' dir='ltr'>αὐτοῦ</span> <span class='ocrx_word' id='word_1_740' title='bbox 596 2707 626 2725; x_wconf 86' lang='grc' dir='ltr'><strong>τε</strong></span> <span class='ocrx_word' id='word_1_741' title='bbox 640 2698 810 2733; x_wconf 83' lang='grc' dir='ltr'>τυπούμενος</span> <span class='ocrx_word' id='word_1_742' title='bbox 830 2698 879 2732; x_wconf 82' lang='grc' dir='ltr'>τὴν</span> <span class='ocrx_word' id='word_1_743' title='bbox 893 2698 955 2724; x_wconf 80' lang='grc' dir='ltr'>διά-</span> 
     </span>
    </p>
   </div>
   <div class='ocr_carea' id='block_1_101' title="bbox 170 2744 952 2781">
    <p class='ocr_par' dir='ltr' id='par_1_101' title="bbox 170 2744 952 2781">
     <span class='ocr_line' id='line_1_101' title="bbox 170 2744 952 2781; baseline -0.004 -9"><span class='ocrx_word' id='word_1_744' title='bbox 170 2754 251 2774; x_wconf 89' lang='grc' dir='ltr'>νοιαν.</span> <span class='ocrx_word' id='word_1_745' title='bbox 268 2745 355 2772; x_wconf 83' lang='grc' dir='ltr'>πολλὰ</span> <span class='ocrx_word' id='word_1_746' title='bbox 371 2746 426 2772; x_wconf 77' lang='grc' dir='ltr'>τῶν</span> <span class='ocrx_word' id='word_1_747' title='bbox 443 2745 594 2781; x_wconf 80' lang='grc' dir='ltr'>μελλόντων</span> <span class='ocrx_word' id='word_1_748' title='bbox 615 2744 739 2779; x_wconf 70' lang='grc' dir='ltr'>ἐναργῶς</span> <span class='ocrx_word' id='word_1_749' title='bbox 757 2744 952 2779; x_wconf 66' lang='grc' dir='ltr'>προηγόρευεν.</span> 
     </span>
    </p>
   </div>
   <div class='ocr_carea' id='block_1_102' title="bbox 170 2791 956 2828">
    <p class='ocr_par' dir='ltr' id='par_1_102' title="bbox 170 2791 956 2828">
     <span class='ocr_line' id='line_1_102' title="bbox 170 2791 956 2828; baseline 0 -10"><span class='ocrx_word' id='word_1_750' title='bbox 170 2793 300 2828; x_wconf 69' lang='grc' dir='ltr'>Δεύτερον</span> <span class='ocrx_word' id='word_1_751' title='bbox 316 2793 455 2828; x_wconf 74' lang='grc' dir='ltr'>παρῆλθεν</span> <span class='ocrx_word' id='word_1_752' title='bbox 474 2793 533 2824; x_wconf 73' lang='grc' dir='ltr'>ἔτος</span> <span class='ocrx_word' id='word_1_753' title='bbox 544 2793 592 2828; x_wconf 80' lang='grc' dir='ltr'>τῆς</span> <span class='ocrx_word' id='word_1_754' title='bbox 608 2793 662 2819; x_wconf 81' lang='grc' dir='ltr'><strong>τῶν</strong></span> <span class='ocrx_word' id='word_1_755' title='bbox 677 2791 873 2828; x_wconf 79' lang='grc' dir='ltr'>Ἱεροσολύμων</span> <span class='ocrx_word' id='word_1_756' title='bbox 886 2791 956 2818; x_wconf 62' lang='lat' dir='ltr'><strong>am.</strong></span> 
     </span>
    </p>
   </div>
   <div class='ocr_carea' id='block_1_103' title="bbox 172 2837 956 2874">
    <p class='ocr_par' dir='ltr' id='par_1_103' title="bbox 172 2837 956 2874">
     <span class='ocr_line' id='line_1_103' title="bbox 172 2837 956 2874; baseline -0.001 -10"><span class='ocrx_word' id='word_1_757' title='bbox 172 2846 248 2870; x_wconf 79' lang='grc' dir='ltr'>σεως,</span> <span class='ocrx_word' id='word_1_758' title='bbox 265 2839 313 2865; x_wconf 69' lang='grc' dir='ltr'><strong>καὶ</strong></span> <span class='ocrx_word' id='word_1_759' title='bbox 329 2840 343 2865; x_wconf 86' lang='grc' dir='ltr'><strong>ὁ</strong></span> <span class='ocrx_word' id='word_1_760' title='bbox 358 2839 483 2872; x_wconf 70' lang='grc' dir='ltr'>βασιλεὺς</span> <span class='ocrx_word' id='word_1_761' title='bbox 499 2838 736 2874; x_wconf 73' lang='grc' dir='ltr'>Ναϐουχοδονόσορ</span> <span class='ocrx_word' id='word_1_762' title='bbox 749 2837 816 2873; x_wconf 79' lang='grc' dir='ltr'>δναρ</span> <span class='ocrx_word' id='word_1_763' title='bbox 825 2838 875 2873; x_wconf 78' lang='grc' dir='ltr'>ὁρᾷ</span> <span class='ocrx_word' id='word_1_764' title='bbox 890 2837 956 2863; x_wconf 82' lang='grc' dir='ltr'>θαυ-</span> 
     </span>
    </p>
   </div>
   <div class='ocr_carea' id='block_1_104' title="bbox 173 2883 956 2918">
    <p class='ocr_par' dir='ltr' id='par_1_104' title="bbox 173 2883 956 2918">
     <span class='ocr_line' id='line_1_104' title="bbox 173 2883 956 2918; baseline -0.001 -8"><span class='ocrx_word' id='word_1_765' title='bbox 173 2883 284 2918; x_wconf 79' lang='grc' dir='ltr'>μαστὸν,</span> <span class='ocrx_word' id='word_1_766' title='bbox 297 2883 326 2912; x_wconf 67' lang='grc' dir='ltr'><strong>(ιῦ</strong></span> <span class='ocrx_word' id='word_1_767' title='bbox 343 2885 393 2918; x_wconf 79' lang='grc' dir='ltr'>τὴν</span> <span class='ocrx_word' id='word_1_768' title='bbox 405 2885 516 2913; x_wconf 70' lang='grc' dir='ltr'>ἔκϐασιν</span> <span class='ocrx_word' id='word_1_769' title='bbox 534 2887 604 2911; x_wconf 65' lang='grc' dir='ltr'>κατὰ</span> <span class='ocrx_word' id='word_1_770' title='bbox 620 2885 681 2916; x_wconf 62' lang='grc' dir='ltr'>τοὺς</span> <span class='ocrx_word' id='word_1_771' title='bbox 697 2884 797 2916; x_wconf 75' lang='grc' dir='ltr'>ὓπνους</span> <span class='ocrx_word' id='word_1_772' title='bbox 811 2884 891 2914; x_wconf 68' lang='grc' dir='ltr'>αὐτὸς</span> <span class='ocrx_word' id='word_1_773' title='bbox 906 2883 956 2910; x_wconf 82' lang='grc' dir='ltr'><strong>αὑ-</strong></span> 
     </span>
    </p>
   </div>
   <div class='ocr_carea' id='block_1_105' title="bbox 1002 2285 1792 2323">
    <p class='ocr_par' dir='ltr' id='par_1_105' title="bbox 1002 2285 1792 2323">
     <span class='ocr_line' id='line_1_105' title="bbox 1002 2285 1792 2323; baseline -0.004 -8"><span class='ocrx_word' id='word_1_774' title='bbox 1002 2296 1172 2323; x_wconf 68' lang='lat' dir='ltr'><strong>qumcunque</strong></span> <span class='ocrx_word' id='word_1_775' title='bbox 1189 2288 1301 2323; x_wconf 86' lang='lat' dir='ltr'><strong>quidem</strong></span> <span class='ocrx_word' id='word_1_776' title='bbox 1313 2296 1328 2315; x_wconf 89' lang='lat' dir='ltr'><strong>e</strong></span> <span class='ocrx_word' id='word_1_777' title='bbox 1345 2295 1393 2315; x_wconf 86' lang='lat' dir='ltr'><strong>sua</strong></span> <span class='ocrx_word' id='word_1_778' title='bbox 1410 2295 1498 2319; x_wconf 71' lang='lat' dir='ltr'><strong>omna,</strong></span> <span class='ocrx_word' id='word_1_779' title='bbox 1514 2291 1543 2314; x_wconf 88' lang='lat' dir='ltr'><strong>ut</strong></span> <span class='ocrx_word' id='word_1_780' title='bbox 1557 2286 1672 2317; x_wconf 80' lang='lat' dir='ltr'><strong>solebat,</strong></span> <span class='ocrx_word' id='word_1_781' title='bbox 1684 2285 1718 2312; x_wconf 87' lang='lat' dir='ltr'><strong>ad</strong></span> <span class='ocrx_word' id='word_1_782' title='bbox 1727 2293 1792 2312; x_wconf 90' lang='lat' dir='ltr'><strong>cum</strong></span> 
     </span>
    </p>
   </div>
   <div class='ocr_carea' id='block_1_106' title="bbox 1003 2333 1789 2369">
    <p class='ocr_par' dir='ltr' id='par_1_106' title="bbox 1003 2333 1789 2369">
     <span class='ocr_line' id='line_1_106' title="bbox 1003 2333 1789 2369; baseline -0.005 -8"><span class='ocrx_word' id='word_1_783' title='bbox 1003 2334 1128 2361; x_wconf 87' lang='lat' dir='ltr'><strong>mittebat</strong></span> <span class='ocrx_word' id='word_1_784' title='bbox 1138 2343 1184 2361; x_wconf 90' lang='lat' dir='ltr'><strong>rex</strong></span> <span class='ocrx_word' id='word_1_785' title='bbox 1194 2334 1250 2369; x_wconf 86' lang='lat' dir='ltr'><strong>ipse</strong></span> <span class='ocrx_word' id='word_1_786' title='bbox 1259 2333 1412 2368; x_wconf 79' lang='lat' dir='ltr'><strong>accipiebat</strong></span> <span class='ocrx_word' id='word_1_787' title='bbox 1421 2342 1428 2360; x_wconf 90' lang='lat'>:</span> <span class='ocrx_word' id='word_1_788' title='bbox 1436 2341 1496 2366; x_wconf 80' lang='lat' dir='ltr'><strong>qua:</strong></span> <span class='ocrx_word' id='word_1_789' title='bbox 1506 2333 1632 2367; x_wconf 65' lang='lat' dir='ltr'><strong>praedicta</strong></span> <span class='ocrx_word' id='word_1_790' title='bbox 1640 2335 1704 2358; x_wconf 91' lang='lat' dir='ltr'><strong>sunt</strong></span> <span class='ocrx_word' id='word_1_791' title='bbox 1712 2339 1789 2363; x_wconf 88' lang='lat' dir='ltr'><strong>vero,</strong></span> 
     </span>
    </p>
   </div>
   <div class='ocr_carea' id='block_1_107' title="bbox 1003 2377 1792 2414">
    <p class='ocr_par' dir='ltr' id='par_1_107' title="bbox 1003 2377 1792 2414">
     <span class='ocr_line' id='line_1_107' title="bbox 1003 2377 1792 2414; baseline -0.005 -7"><span class='ocrx_word' id='word_1_792' title='bbox 1003 2380 1044 2407; x_wconf 90' lang='lat' dir='ltr'><strong>eis</strong></span> <span class='ocrx_word' id='word_1_793' title='bbox 1053 2379 1259 2414; x_wconf 86' lang='lat' dir='ltr'><strong>suppeditabat.</strong></span> <span class='ocrx_word' id='word_1_794' title='bbox 1272 2379 1311 2406; x_wconf 88' lang='lat' dir='ltr'><strong>llli</strong></span> <span class='ocrx_word' id='word_1_795' title='bbox 1322 2383 1427 2411; x_wconf 82' lang='lat' dir='ltr'><strong>autem,</strong></span> <span class='ocrx_word' id='word_1_796' title='bbox 1446 2382 1540 2413; x_wconf 88' lang='lat' dir='ltr'><strong>utpote</strong></span> <span class='ocrx_word' id='word_1_797' title='bbox 1551 2378 1624 2413; x_wconf 94' lang='lat' dir='ltr'><strong>quod</strong></span> <span class='ocrx_word' id='word_1_798' title='bbox 1636 2378 1676 2404; x_wconf 87' lang='lat' dir='ltr'><strong>eis</strong></span> <span class='ocrx_word' id='word_1_799' title='bbox 1692 2377 1792 2404; x_wconf 73' lang='lat' dir='ltr'><strong>anima:</strong></span> 
     </span>
    </p>
   </div>
   <div class='ocr_carea' id='block_1_108' title="bbox 1003 2423 1792 2460">
    <p class='ocr_par' dir='ltr' id='par_1_108' title="bbox 1003 2423 1792 2460">
     <span class='ocr_line' id='line_1_108' title="bbox 1003 2423 1792 2460; baseline -0.003 -8"><span class='ocrx_word' id='word_1_800' title='bbox 1003 2430 1148 2460; x_wconf 85' lang='lat' dir='ltr'><strong>propterea</strong></span> <span class='ocrx_word' id='word_1_801' title='bbox 1159 2429 1306 2452; x_wconf 82' lang='lat' dir='ltr'><strong>evaserant</strong></span> <span class='ocrx_word' id='word_1_802' title='bbox 1316 2425 1425 2452; x_wconf 66' lang='lat' dir='ltr'><strong>mundae</strong></span> <span class='ocrx_word' id='word_1_803' title='bbox 1437 2430 1465 2452; x_wconf 89' lang='lat' dir='ltr'><strong>et</strong></span> <span class='ocrx_word' id='word_1_804' title='bbox 1478 2424 1588 2459; x_wconf 56' lang='grc' dir='ltr'>αρδευύ</span> <span class='ocrx_word' id='word_1_805' title='bbox 1599 2423 1792 2458; x_wconf 81' lang='lat' dir='ltr'><strong>suscipiendas</strong></span> 
     </span>
    </p>
   </div>
   <div class='ocr_carea' id='block_1_109' title="bbox 1004 2470 1790 2506">
    <p class='ocr_par' dir='ltr' id='par_1_109' title="bbox 1004 2470 1790 2506">
     <span class='ocr_line' id='line_1_109' title="bbox 1004 2470 1790 2506; baseline -0.004 -8"><span class='ocrx_word' id='word_1_806' title='bbox 1004 2471 1175 2506; x_wconf 86' lang='lat' dir='ltr'><strong>disciplinas,</strong></span> <span class='ocrx_word' id='word_1_807' title='bbox 1190 2478 1300 2498; x_wconf 87' lang='lat' dir='ltr'><strong>omnem</strong></span> <span class='ocrx_word' id='word_1_808' title='bbox 1324 2470 1380 2498; x_wconf 89' lang='lat' dir='ltr'><strong>eito</strong></span> <span class='ocrx_word' id='word_1_809' title='bbox 1405 2470 1528 2497; x_wconf 79' lang='lat' dir='ltr'><strong>didicere</strong></span> <span class='ocrx_word' id='word_1_810' title='bbox 1556 2470 1720 2502; x_wconf 83' lang='lat' dir='ltr'><strong>doctrinam,</strong></span> <span class='ocrx_word' id='word_1_811' title='bbox 1735 2473 1790 2496; x_wconf 85' lang='lat' dir='ltr'><strong>tam</strong></span> 
     </span>
    </p>
   </div>
   <div class='ocr_carea' id='block_1_110' title="bbox 1005 2515 1792 2553">
    <p class='ocr_par' dir='ltr' id='par_1_110' title="bbox 1005 2515 1792 2553">
     <span class='ocr_line' id='line_1_110' title="bbox 1005 2515 1792 2553; baseline -0.004 -8"><span class='ocrx_word' id='word_1_812' title='bbox 1005 2526 1066 2553; x_wconf 65' lang='lat' dir='ltr'><strong>qua:</strong></span> <span class='ocrx_word' id='word_1_813' title='bbox 1095 2523 1155 2545; x_wconf 80' lang='lat' dir='ltr'><strong>erat</strong></span> <span class='ocrx_word' id='word_1_814' title='bbox 1177 2517 1250 2552; x_wconf 84' lang='lat' dir='ltr'><strong>apud</strong></span> <span class='ocrx_word' id='word_1_815' title='bbox 1276 2517 1416 2550; x_wconf 66' lang='lat' dir='ltr'><strong>Hebraeos,</strong></span> <span class='ocrx_word' id='word_1_816' title='bbox 1443 2524 1526 2552; x_wconf 82' lang='lat' dir='ltr'><strong>quam</strong></span> <span class='ocrx_word' id='word_1_817' title='bbox 1545 2524 1605 2551; x_wconf 66' lang='lat' dir='ltr'><strong>quae</strong></span> <span class='ocrx_word' id='word_1_818' title='bbox 1622 2515 1694 2551; x_wconf 86' lang='lat' dir='ltr'><strong>apud</strong></span> <span class='ocrx_word' id='word_1_819' title='bbox 1710 2515 1792 2542; x_wconf 82' lang='lat' dir='ltr'><strong>Chal-</strong></span> 
     </span>
    </p>
   </div>
   <div class='ocr_carea' id='block_1_111' title="bbox 1005 2561 1792 2596">
    <p class='ocr_par' dir='ltr' id='par_1_111' title="bbox 1005 2561 1792 2596">
     <span class='ocr_line' id='line_1_111' title="bbox 1005 2561 1792 2596; baseline -0.005 -6"><span class='ocrx_word' id='word_1_820' title='bbox 1005 2564 1077 2590; x_wconf 60' lang='lat' dir='ltr'><strong>daeos</strong></span> <span class='ocrx_word' id='word_1_821' title='bbox 1096 2571 1103 2589; x_wconf 90' lang='lat'>:</span> <span class='ocrx_word' id='word_1_822' title='bbox 1125 2563 1242 2590; x_wconf 81' lang='lat' dir='ltr'><strong>maxime</strong></span> <span class='ocrx_word' id='word_1_823' title='bbox 1260 2570 1327 2589; x_wconf 88' lang='lat' dir='ltr'><strong>vero</strong></span> <span class='ocrx_word' id='word_1_824' title='bbox 1347 2562 1454 2594; x_wconf 82' lang='lat' dir='ltr'><strong>Daniel,</strong></span> <span class='ocrx_word' id='word_1_825' title='bbox 1481 2562 1527 2596; x_wconf 85' lang='lat' dir='ltr'><strong>qui</strong></span> <span class='ocrx_word' id='word_1_826' title='bbox 1552 2568 1614 2588; x_wconf 86' lang='lat' dir='ltr'><strong>eum</strong></span> <span class='ocrx_word' id='word_1_827' title='bbox 1631 2561 1688 2596; x_wconf 85' lang='lat' dir='ltr'><strong>jam</strong></span> <span class='ocrx_word' id='word_1_828' title='bbox 1717 2563 1792 2587; x_wconf 84' lang='lat' dir='ltr'><strong>esset</strong></span> 
     </span>
    </p>
   </div>
   <div class='ocr_carea' id='block_1_112' title="bbox 1005 2607 1792 2644">
    <p class='ocr_par' dir='ltr' id='par_1_112' title="bbox 1005 2607 1792 2644">
     <span class='ocr_line' id='line_1_112' title="bbox 1005 2607 1792 2644; baseline -0.005 -8"><span class='ocrx_word' id='word_1_829' title='bbox 1005 2611 1072 2637; x_wconf 82' lang='lat' dir='ltr'><strong>satis</strong></span> <span class='ocrx_word' id='word_1_830' title='bbox 1097 2609 1224 2636; x_wconf 86' lang='lat' dir='ltr'><strong>doctrina</strong></span> <span class='ocrx_word' id='word_1_831' title='bbox 1243 2612 1400 2644; x_wconf 78' lang='lat' dir='ltr'><strong>provectus.</strong></span> <span class='ocrx_word' id='word_1_832' title='bbox 1415 2607 1538 2635; x_wconf 81' lang='lat' dir='ltr'><strong>studium</strong></span> <span class='ocrx_word' id='word_1_833' title='bbox 1561 2613 1672 2642; x_wconf 84' lang='lat' dir='ltr'><strong>quoque</strong></span> <span class='ocrx_word' id='word_1_834' title='bbox 1688 2613 1792 2640; x_wconf 80' lang='lat' dir='ltr'><strong>posue-</strong></span> 
     </span>
    </p>
   </div>
   <div class='ocr_carea' id='block_1_113' title="bbox 1006 2650 1791 2689">
    <p class='ocr_par' dir='ltr' id='par_1_113' title="bbox 1006 2650 1791 2689">
     <span class='ocr_line' id='line_1_113' title="bbox 1006 2650 1791 2689; baseline -0.006 -7"><span class='ocrx_word' id='word_1_835' title='bbox 1006 2660 1048 2682; x_wconf 89' lang='lat' dir='ltr'><strong>rat</strong></span> <span class='ocrx_word' id='word_1_836' title='bbox 1072 2655 1098 2681; x_wconf 92' lang='lat' dir='ltr'><strong>in</strong></span> <span class='ocrx_word' id='word_1_837' title='bbox 1124 2654 1231 2689; x_wconf 86' lang='lat' dir='ltr'><strong>judicio</strong></span> <span class='ocrx_word' id='word_1_838' title='bbox 1247 2654 1418 2682; x_wconf 89' lang='lat' dir='ltr'><strong>somniorum</strong></span> <span class='ocrx_word' id='word_1_839' title='bbox 1433 2662 1439 2680; x_wconf 87' lang='lat'>:</span> <span class='ocrx_word' id='word_1_840' title='bbox 1453 2654 1535 2688; x_wconf 85' lang='lat' dir='ltr'><strong>eique</strong></span> <span class='ocrx_word' id='word_1_841' title='bbox 1553 2653 1625 2680; x_wconf 81' lang='lat' dir='ltr'><strong>Deus</strong></span> <span class='ocrx_word' id='word_1_842' title='bbox 1644 2650 1791 2678; x_wconf 76' lang='lat' dir='ltr'><strong>manifeste</strong></span> 
     </span>
    </p>
   </div>
   <div class='ocr_carea' id='block_1_114' title="bbox 1005 2697 1792 2736">
    <p class='ocr_par' dir='ltr' id='par_1_114' title="bbox 1005 2697 1792 2736">
     <span class='ocr_line' id='line_1_114' title="bbox 1005 2697 1792 2736; baseline -0.006 -8"><span class='ocrx_word' id='word_1_843' title='bbox 1005 2701 1173 2736; x_wconf 76' lang='lat' dir='ltr'><strong>apparebat:</strong></span> <span class='ocrx_word' id='word_1_844' title='bbox 1191 2707 1206 2726; x_wconf 82' lang='lat' dir='ltr'><strong>a</strong></span> <span class='ocrx_word' id='word_1_845' title='bbox 1223 2707 1278 2734; x_wconf 90' lang='lat' dir='ltr'><strong>quo</strong></span> <span class='ocrx_word' id='word_1_846' title='bbox 1289 2707 1352 2726; x_wconf 85' lang='lat' dir='ltr'><strong>cum</strong></span> <span class='ocrx_word' id='word_1_847' title='bbox 1369 2699 1429 2734; x_wconf 81' lang='lat' dir='ltr'><strong>ejus</strong></span> <span class='ocrx_word' id='word_1_848' title='bbox 1444 2706 1522 2725; x_wconf 84' lang='lat' dir='ltr'><strong>mens</strong></span> <span class='ocrx_word' id='word_1_849' title='bbox 1539 2697 1745 2729; x_wconf 80' lang='lat' dir='ltr'><strong>informaretur,</strong></span> <span class='ocrx_word' id='word_1_850' title='bbox 1757 2703 1792 2724; x_wconf 81' lang='lat' dir='ltr'><strong>ex</strong></span> 
     </span>
    </p>
   </div>
   <div class='ocr_carea' id='block_1_115' title="bbox 1006 2742 1795 2781">
    <p class='ocr_par' dir='ltr' id='par_1_115' title="bbox 1006 2742 1795 2781">
     <span class='ocr_line' id='line_1_115' title="bbox 1006 2742 1795 2781; baseline -0.006 -7"><span class='ocrx_word' id='word_1_851' title='bbox 1006 2747 1107 2774; x_wconf 89' lang='lat' dir='ltr'><strong>futuris</strong></span> <span class='ocrx_word' id='word_1_852' title='bbox 1119 2746 1203 2773; x_wconf 81' lang='lat' dir='ltr'><strong>multa</strong></span> <span class='ocrx_word' id='word_1_853' title='bbox 1223 2745 1367 2772; x_wconf 88' lang='lat' dir='ltr'><strong>evidenter</strong></span> <span class='ocrx_word' id='word_1_854' title='bbox 1387 2743 1523 2779; x_wconf 68' lang='lat' dir='ltr'><strong>praedixit.</strong></span> <span class='ocrx_word' id='word_1_855' title='bbox 1541 2742 1685 2781; x_wconf 67' lang='lat' dir='ltr'><strong>Securidus</strong></span> <span class='ocrx_word' id='word_1_856' title='bbox 1702 2748 1795 2769; x_wconf 71' lang='lat' dir='ltr'><strong>annus</strong></span> 
     </span>
    </p>
   </div>
   <div class='ocr_carea' id='block_1_116' title="bbox 1007 2788 1791 2827">
    <p class='ocr_par' dir='ltr' id='par_1_116' title="bbox 1007 2788 1791 2827">
     <span class='ocr_line' id='line_1_116' title="bbox 1007 2788 1791 2827; baseline -0.008 -7"><span class='ocrx_word' id='word_1_857' title='bbox 1007 2793 1186 2827; x_wconf 55' lang='lat' dir='ltr'><strong>prrtcritsrat,</strong></span> <span class='ocrx_word' id='word_1_858' title='bbox 1204 2799 1239 2818; x_wconf 79' lang='lat' dir='ltr'><strong>ex</strong></span> <span class='ocrx_word' id='word_1_859' title='bbox 1259 2798 1314 2825; x_wconf 90' lang='lat' dir='ltr'><strong>quo</strong></span> <span class='ocrx_word' id='word_1_860' title='bbox 1341 2795 1421 2825; x_wconf 80' lang='lat' dir='ltr'><strong>capta</strong></span> <span class='ocrx_word' id='word_1_861' title='bbox 1452 2789 1562 2821; x_wconf 83' lang='lat' dir='ltr'><strong>fuerant</strong></span> <span class='ocrx_word' id='word_1_862' title='bbox 1589 2788 1791 2823; x_wconf 82' lang='lat' dir='ltr'><strong>Hierosolyma,</strong></span> 
     </span>
    </p>
   </div>
   <div class='ocr_carea' id='block_1_117' title="bbox 1007 2830 1791 2864">
    <p class='ocr_par' dir='ltr' id='par_1_117' title="bbox 1007 2830 1791 2864">
     <span class='ocr_line' id='line_1_117' title="bbox 1007 2830 1791 2864; baseline -0.006 1"><span class='ocrx_word' id='word_1_863' title='bbox 1007 2843 1034 2864; x_wconf 72' lang='lat' dir='ltr'><strong>et</strong></span> <span class='ocrx_word' id='word_1_864' title='bbox 1046 2841 1093 2864; x_wconf 78' lang='lat' dir='ltr'><strong>rex</strong></span> <span class='ocrx_word' id='word_1_865' title='bbox 1111 2836 1365 2864; x_wconf 80' lang='lat' dir='ltr'><strong>Nabuchodonosor</strong></span> <span class='ocrx_word' id='word_1_866' title='bbox 1375 2834 1511 2861; x_wconf 87' lang='lat' dir='ltr'><strong>somnium</strong></span> <span class='ocrx_word' id='word_1_867' title='bbox 1528 2833 1601 2860; x_wconf 82' lang='lat' dir='ltr'><strong>videt</strong></span> <span class='ocrx_word' id='word_1_868' title='bbox 1618 2830 1791 2860; x_wconf 76' lang='lat' dir='ltr'><strong>admirabile.</strong></span> 
     </span>
    </p>
   </div>
   <div class='ocr_carea' id='block_1_118' title="bbox 1008 2878 1794 2921">
    <p class='ocr_par' dir='ltr' id='par_1_118' title="bbox 1008 2878 1794 2921">
     <span class='ocr_line' id='line_1_118' title="bbox 1008 2878 1794 2921; baseline -0.006 -12"><span class='ocrx_word' id='word_1_869' title='bbox 1008 2883 1086 2921; x_wconf 76' lang='lat' dir='ltr'><strong>cujus</strong></span> <span class='ocrx_word' id='word_1_870' title='bbox 1101 2887 1231 2910; x_wconf 72' lang='lat' dir='ltr'><strong>cvcnltll‘l</strong></span> <span class='ocrx_word' id='word_1_871' title='bbox 1243 2881 1271 2908; x_wconf 91' lang='lat' dir='ltr'><strong>in</strong></span> <span class='ocrx_word' id='word_1_872' title='bbox 1280 2879 1386 2909; x_wconf 83' lang='lat' dir='ltr'><strong>somnis</strong></span> <span class='ocrx_word' id='word_1_873' title='bbox 1405 2879 1464 2915; x_wconf 73' lang='lat' dir='ltr'><strong>ipse</strong></span> <span class='ocrx_word' id='word_1_874' title='bbox 1481 2879 1554 2907; x_wconf 78' lang='lat' dir='ltr'><strong>Deus</strong></span> <span class='ocrx_word' id='word_1_875' title='bbox 1573 2879 1597 2908; x_wconf 81' lang='lat' dir='ltr'><strong>ei</strong></span> <span class='ocrx_word' id='word_1_876' title='bbox 1612 2878 1794 2915; x_wconf 71' lang='lat' dir='ltr'><strong>significem,</strong></span> 
     </span>
    </p>
   </div>
  </div>
