2024 3153
227 145 279 173 3ῗὸ

877 150 1020 180 MENSIS
1040 152 1190 185 IULIUS.

1797 153 1849 184 376

227 200 273 226 ltle
285 205 376 227 autent
388 208 449 228 cum
459 202 625 230 surrexisset
637 212 652 231 e
662 205 759 237 cubili,
771 210 799 232 et
812 206 899 240 ipsius
911 207 998 233 somni

1063 207 1101 242 τῷ
1120 208 1255 243 ἐδήλωσεν
1271 210 1286 235 6
1302 209 1366 241 Θεύς
1378 216 1386 225 ·
1405 211 1419 236 6
1446 209 1474 236 δὲ
1500 210 1548 244 τῆς
1576 210 1669 243 κοίτης
1691 209 1848 240 διαναστὰς,

225 249 268 273 est
284 246 397 279 oblitus,
410 251 439 274 et
455 247 540 281 illius,
555 257 636 283 quatn
655 258 670 276 a
696 252 752 278 Deo
780 251 888 284 ltabuit,
913 253 1008 288 conje-

226 296 320 319 σιω-ευ.
339 292 474 321 Chaldaeis
490 302 556 330 ergo
573 297 700 329 protinus
719 299 871 330 accersitis,
891 304 945 326 tam
961 299 1009 334 qui

224 341 304 364 erant
323 338 395 364 inter
414 346 507 374 magos
522 341 627 372 eximii,
645 349 726 376 quant
741 343 787 376 qui
806 344 887 377 periti
899 344 1009 372 divina-

224 381 319 414 tionis,
333 382 404 409 dixit
421 383 463 410 eis
476 391 506 411 se
521 384 622 412 vidisse
632 387 782 419 somnium,
796 392 823 415 et
840 389 906 423 quid
921 389 1009 425 signi-

225 427 349 454 ticaverit
363 435 465 461 :porro
477 429 623 463 accidisse,
637 435 666 458 ut
676 439 772 459 eorum
783 433 1007 467 oblivisceretur,

223 479 284 505 qua:
303 472 410 500 viderat
426 482 432 501 :
449 475 600 509 etjubebat
611 485 658 504 eos
673 478 764 506 dicere
776 480 914 513 quodnam
935 487 1009 509 esset

223 517 371 550 somnium,
389 524 417 546 et
447 528 571 554 quamam
587 528 660 550 esset
677 524 850 557 significatio.
875 527 930 554 lllis
943 535 1008 554 vero

223 559 378 590 dicentibus
397 563 454 591 ﬁeri
480 573 534 592 non
554 575 632 601 posse
656 568 690 596 ab
715 569 885 603 hominibus,
900 577 930 599 ut
954 573 1006 600 nisi

223 607 280 642 ipse
307 611 480 644 exposuisset
515 613 660 646 visionem,
677 617 864 650 conjecturam
880 619 1008 645 enuntia-

224 660 308 681 rent:
325 656 384 690 ipse
405 663 523 686 mortem
545 661 667 688 minatus
692 666 734 689 est
756 664 936 697 sapientibus,
953 666 1005 693 nisi

221 699 246 725 ei
261 705 288 726 et
307 701 439 730 visionem
458 711 617 733 revocarent
635 707 661 734 in
682 709 853 742 memoriam,
872 716 901 738 et
913 713 1007 747 conje-

221 751 327 774 cturam
354 748 436 776 simul
459 752 646 780 enuntiarent.
676 754 708 782 Et
733 757 824 783 statim
850 758 933 792 jussit
959 767 1007 786 eos

222 799 317 820 omnes
332 794 466 830 interimi,
479 805 541 825 cum
574 801 800 834 pronuntiassent
817 811 846 831 se
863 812 916 832 non
927 813 1006 840 posse

221 837 310 866 facere
323 840 361 871 id.
375 843 449 876 quod
463 843 532 878 jussi
545 846 662 874 fuerant.

1061 252 1144 279 αὐτοῦ
1162 261 1192 280 τε
1205 254 1252 280 τοῦ
1267 255 1408 289 ὀνείρατος
1422 255 1507 290 λήθην
1524 256 1587 290 ἓηε
1599 256 1646 282 καὶ
1663 253 1697 291 ἧς
1711 255 1791 289 ἔτυχε
1803 254 1850 288 δή-

1061 306 1113 324 που
1124 299 1199 334 παρὰ
1213 300 1281 326 Θεοῦ
1296 302 1344 336 τῆς
1359 301 1540 336 συγκρίσεως.
1554 302 1623 332 Τοὺς
1636 300 1683 327 οὖν
1698 300 1850 331 Χαλδαίους

1060 345 1161 372 αὐτίκα
1173 346 1436 381 μεταμεμψάμενος,
1453 347 1509 373 ὅσοι
1521 355 1550 372 τε
1563 346 1618 373 τῶν
1633 346 1730 381 μάγων
1744 345 1850 379 ἐξαίρε-

1060 400 1100 418 τοι
1123 392 1171 418 καὶ
1184 392 1242 418 ὅσοι
1256 391 1305 427 τὴν
1323 392 1457 427 μαντικὴν
1472 392 1610 428 ἔμπειροι,
1626 392 1664 422 ὡς
1679 392 1721 426 εῐη
1738 399 1768 417 τε
1781 391 1849 425 δναρ

1060 437 1192 473 ἑωρακὼς
1208 438 1300 470 αὐτοῖς
1315 439 1407 472 ἔλεγεν
1420 439 1468 465 καὶ
1482 439 1513 465 τὸ
1526 438 1700 473 συμσεὸηκὸς
1717 437 1781 472 περὶ
1797 438 1848 471 τὴν

1060 483 1146 519 λήθην
1161 484 1197 515 ὡς
1213 482 1284 510 εἶδεν
1299 483 1486 519 ἀπήγγελλεν·
1510 483 1619 510 ὶκέλευέ
1641 491 1670 509 τε
1689 482 1779 516 λέγειν
1801 482 1850 508 αὑ-

1059 532 1133 564 τοὺς,
1152 532 1202 559 ὅτι
1218 542 1248 559 τε
1262 531 1296 569 ἦν
1311 534 1342 560 τὸ
1356 533 1422 568 δναρ
1436 533 1483 560 καὶ
1494 533 1535 565 τίς
1554 533 1570 568 ἡ
1594 531 1710 568 δήλωσις
1721 539 1729 546 ·
1745 530 1800 558 τῶν
1821 531 1848 558 δὲ

1059 578 1190 606 ἀδύνατον
1211 578 1283 606 εἶναι
1307 580 1442 614 λεγόντων
1457 579 1623 614 ἀνθρώποις,
1645 579 1668 605 ει
1693 578 1730 614 μὴ
1744 579 1779 605 τὰ
1797 578 1849 613 τῆς

1059 625 1182 660 ὁράσεως
1193 626 1285 658 αὐτοῖς
1292 626 1408 658 ἔκθοιτο,
1422 626 1472 661 τὴν
1487 626 1633 661 σύγκρισιν
1647 625 1832 658 ἀπαγγέλλειν
1841 633 1847 639 ·

1059 671 1141 702 αὐτὸς
1154 671 1268 698 θάνατον
1281 672 1389 707 ἠπείλει
1400 672 1457 703 τοϊς
1471 672 1535 706 περὶ
1549 671 1635 698 ταῦτα
1650 672 1751 704 σοφοῖς,
1769 672 1794 697 εί
1811 671 1849 706 μὴ

1059 717 1107 743 καὶ
1119 717 1168 752 τὴν
1177 716 1333 752 ἀνάμνησιν
1349 718 1424 753 αύτῷ
1438 717 1485 744 τοῦ
1496 718 1637 752 ὁράματος
1652 717 1700 743 καὶ
1716 717 1766 752 τὴν
1782 717 1848 751 σύγ-

1059 770 1148 797 κρισιν
1156 763 1224 797 ὁμοῦ
1235 763 1423 798 διαγγείλωσι,
1442 764 1490 790 καὶ
1502 763 1584 794 εὐθὺς
1599 763 1767 798 προσέταττε
1779 764 1849 790 πάν-

1058 817 1108 839 τας
1119 807 1219 839 αὐτοὺς
1230 809 1406 844 ἀναιρεθῆναι
1420 808 1488 844 πρὸς
1505 809 1535 835 τὸ
1548 808 1693 836 κελευσθὲν
1708 808 1848 840 ἀδυνάτως

1059 853 1103 888 ἔχε
1109 862 1133 880 ιν
1149 854 1407 890 ὰπαγορεύσαντας.

255 885 300 911 IV.
316 885 384 914 Cum
402 888 454 917 ltoc
470 891 650 920 intellexisset
667 894 771 926 Daniel,
785 896 900 930 jussisse
913 905 1001 933 regem

1074 885 1132 928 "A'.
1149 885 1235 927 Τοῦτο
1244 885 1341 935 μαθὼν
1352 885 1465 936 Δανιὴλ,
1479 901 1522 928 ὄτι
1536 901 1698 937 προστάξειε
1714 900 1819 932 πάντας
1831 901 1847 926 6

221 938 317 959 omnes
333 934 422 961 occidi
434 936 586 970 sapientes,
599 939 671 966 inter
687 940 737 967 ltos
750 947 841 969 autem
855 950 885 969 se
896 951 1006 979 quoque

221 984 282 1002 eum
293 981 416 1013 cognatis
428 982 556 1010 venirein
567 985 729 1018 pericttlunt,
742 988 850 1015 accedit
859 989 892 1016 atl
905 991 1004 1017 Arioclt

222 1030 307 1051 unum
322 1032 354 1051 ex
382 1027 454 1061 regis
470 1029 645 1063 satellitibus,
671 1036 699 1058 et
725 1038 812 1067 rogat,
837 1036 903 1062 utei
931 1036 1006 1063 dicat

221 1075 342 1102 causam,
356 1076 470 1106 propter
484 1082 566 1108 qualn
583 1084 629 1103 rex
656 1082 709 1104 tam
727 1078 851 1113 improbe
877 1081 1005 1115 jussisset

220 1114 308 1141 occidi
326 1123 422 1144 omnes
449 1120 587 1154 sapientes
611 1122 754 1151 Chaldaeos
770 1131 797 1152 et
815 1114 919 1161 magos.
936 1128 1004 1155 Cum

219 1167 284 1187 vero
303 1161 336 1188 de
353 1165 460 1191 sonntio
478 1173 510 1192 ex
526 1174 559 1194 eo
580 1168 772 1203 intellexisset,
786 1176 814 1198 et
835 1173 907 1207 quod
934 1174 1004 1208 iussi

219 1213 232 1232 a
250 1214 313 1242 rege
325 1208 377 1236 hoc
388 1210 413 1237 ei
429 1211 579 1247 declarare,
590 1216 636 1249 qui
649 1216 739 1244 fuerat
751 1218 865 1253 oblitus,
877 1219 1006 1248 dixerunt

219 1259 248 1278 se
275 1261 329 1280 non
347 1263 428 1289 posse
445 1265 452 1283 :
469 1262 496 1285 et
518 1264 663 1294 propterea
688 1270 734 1289 rex
764 1263 804 1290 ira
833 1270 941 1298 motus,
956 1273 1004 1293 eos

219 1301 307 1324 ntorte
323 1299 486 1328 damnavit:
518 1304 623 1337 rogavit
642 1304 751 1338 Ariocb,
771 1312 800 1334 ut
825 1307 942 1336 intraret
969 1309 1003 1336 ad

219 1350 321 1377 regetn,
339 1349 366 1372 et
393 1351 500 1380 peteret
516 1349 603 1384 magis
630 1359 711 1378 unam
730 1358 847 1385 noctem,
863 1359 892 1382 et
918 1354 945 1382 in
971 1363 1003 1383 ea

219 1387 289 1415 hanc
315 1389 441 1418 differret
458 1392 708 1429 interemptionetn.
743 1398 857 1426 Dicebat
881 1401 955 1428 enim
973 1409 1003 1429 se

217 1442 329 1468 sperare
352 1437 411 1465 fore
426 1444 455 1466 ut
469 1447 531 1467 cum
546 1441 573 1468 in
584 1450 616 1469 ea
630 1443 716 1471 Deum
732 1450 848 1478 orasset,
863 1448 1002 1475 somnium

216 1486 405 1528 cognosceret.
419 1484 452 1512 Et
469 1485 514 1513 ille
524 1487 635 1521 quidem
651 1489 710 1517 bzec
721 1491 777 1526 regi
789 1500 870 1527 quam
883 1494 1002 1528 primum

218 1527 398 1556 renuntiavit.
425 1530 473 1558 llle
496 1537 587 1560 autem
614 1536 730 1570 cupiens
761 1539 844 1571 scire,
873 1527 999 1574 quaenam

214 1577 288 1599 esset
304 1574 383 1607 visio,
400 1580 427 1602 et
438 1585 563 1611 quamam
581 1585 655 1607 esset
668 1582 726 1616 ejus
737 1583 912 1619 signiﬁcatio,
923 1587 1003 1622 jubet

215 1620 345 1646 sustineri
367 1628 508 1656 magorum
522 1623 772 1662 interemptionem,
794 1630 882 1660 donec
907 1620 1002 1667 sciret,

217 1664 348 1697 quidnam
362 1667 485 1697 dicturus
510 1677 581 1700 esset
609 1674 715 1708 Daniel,
735 1681 762 1703 et
778 1685 902 1712 quaenam
929 1685 1003 1708 esset

216 1710 276 1744 ejus
302 1711 399 1741 virtus.
418 1714 468 1742 llic
487 1724 552 1752 ergo
567 1719 664 1748 beatus
682 1730 744 1748 cum
761 1710 817 1751 tota
842 1729 922 1753 nocte
938 1734 1001 1754 cum

216 1757 338 1791 cognatis
350 1759 383 1786 ad
402 1768 432 1788 se
448 1764 618 1799 secessisset,
636 1771 692 1794 tota
719 1774 799 1797 nocte
816 1770 872 1798 Deo
897 1774 1002 1808 suppli-

215 1804 298 1853 cavit,
316 1810 345 1832 ut
356 1814 449 1843 magos
461 1816 585 1839 servaret
595 1817 623 1840 et
649 1813 802 1849 Chaldaeos,
817 1825 880 1845 cum
900 1804 1002 1854 quibus

216 1847 273 1894 ipse
288 1858 397 1887 quoque
417 1854 498 1883 simul
514 1862 572 1885 erat
589 1860 740 1894 periturus,
765 1847 800 1890 eti
814 1847 947 1892 liberaret

214 1893 254 1922 ira
288 1898 369 1932 regis,
399 1901 548 1934 aperiendo
559 1904 584 1931 ei
611 1906 755 1939 visionem,
772 1909 851 1944 cujus
873 1918 920 1938 rex
941 1917 1001 1939 erat

214 1942 326 1971 oblitus.
346 1944 417 1973 Deus
436 1952 527 1976 autem
541 1950 622 1978 simul
643 1958 669 1980 et
686 1942 816 1983 misertus
828 1964 925 1984 eorum
951 1959 998 1993 qui

213 1994 292 2016 erant
307 1990 334 2017 in
351 1993 484 2026 periculo,
499 2000 527 2022 et
543 1997 638 2025 volens
657 2007 737 2027 suum
751 2002 915 2036 prophetam
936 1990 1000 2031 red-

213 2033 279 2062 dere
297 2035 458 2072 gloriosum,
476 2041 501 2067 ei
529 2042 664 2077 signiﬁcat
689 2033 838 2079 somitiuin,
859 2053 888 2076 et
910 2050 1000 2084 aperit

213 2080 398 2114 conjecturam
417 2093 423 2110 :
444 2089 472 2112 et
487 2093 548 2113 cum
565 2089 691 2121 protinus
711 2091 805 2119 Daniel
822 2092 881 2120 hac
894 2093 999 2129 Ant-ia:

212 2128 240 2150 et
252 2126 359 2153 caeteris
382 2130 545 2163 aperuisset,
559 2139 616 2165 eos,
633 2135 680 2168 qui
694 2137 757 2162 vitae
781 2145 858 2172 spem
885 2126 998 2174 abjeee-

212 2175 284 2203 rant,
296 2176 324 2199 et
340 2172 367 2200 in
386 2180 503 2203 mortem
521 2185 597 2205 suam
625 2180 777 2210 deﬁxerant
792 2172 995 2220 cogitationem,

1059 945 1187 980 βασιλεὺς
1202 946 1349 973 ἀποθανεῖν
1369 947 1432 979 τοὺς
1452 947 1561 981 σοφοὺς,
1581 948 1610 973 ἐν
1623 947 1729 978 τούτοις
1747 947 1775 973 δὲ
1799 947 1847 973 καὶ

1057 992 1138 1018 αὐτὸν
1159 992 1229 1026 μετὰ
1254 992 1309 1019 τῶν
1339 993 1479 1027 συγγενῶν
1506 992 1685 1024 κινδυνεύειν,
1703 993 1846 1027 πρόσεισιν

1064 1037 1163 1073 Ἀριὼχ
1178 1038 1217 1073 τῷ
1235 1039 1282 1065 τοῦ
1301 1038 1436 1073 βασιλέως
1457 1038 1672 1074 σωματοφύλακι
1691 1038 1738 1065 καὶ
1759 1038 1846 1065 δεῖται

1057 1084 1122 1119 παρ’
1136 1084 1218 1110 αὐτοῦ
1235 1085 1285 1119 τὴν
1302 1084 1393 1111 αἰτίαν
1412 1085 1518 1119 μαθεῖν,
1537 1084 1570 1110 δι’
1584 1085 1617 1119 ἢν
1635 1084 1707 1111 οὓτω
1723 1084 1816 1116 κακῶς
1831 1087 1846 1111 6

1058 1129 1186 1164 βασιλεὺς
1201 1131 1306 1161 πάντας
1318 1130 1361 1164 εῐη
1393 1129 1526 1162 κελεύσας
1537 1131 1713 1165 ἀναιρεθῆναι
1726 1130 1788 1160 τοὺς
1801 1138 1846 1156 σο-

1057 1174 1124 1208 φούς
1140 1184 1170 1201 τε
1188 1176 1236 1201 καὶ
1249 1174 1401 1206 Χαλδαίους
1418 1176 1466 1202 καὶ
1483 1175 1589 1210 μάγους
1600 1183 1607 1190 ·
1625 1176 1673 1202 καὶ
1695 1174 1789 1210 μαθὼν
1808 1175 1845 1201 τὰ

1057 1221 1122 1256 περὶ
1142 1221 1188 1248 τοῦ
1206 1220 1333 1248 ἐνυπνίου
1361 1221 1409 1248 καὶ
1432 1222 1473 1248 ὃτι
1504 1221 1697 1253 κελευσθέντες
1721 1221 1774 1248 ὑπὸ
1796 1221 1844 1248 τοῦ

1057 1267 1188 1302 βασιλέως
1204 1267 1276 1293 τοῦτ’
1288 1267 1363 1302 αὐτῷ
1375 1267 1471 1302 δηλοῦν
1485 1267 1700 1303 ἐπιλελησμένον
1712 1267 1751 1301 μὴ
1762 1267 1842 1294 δύνα-

1057 1313 1120 1340 σθαι
1132 1311 1226 1339 εἷποψ
1241 1313 1289 1339 καὶ
1301 1313 1346 1340 διὰ
1357 1313 1445 1339 ταῦτα
1460 1313 1528 1348 πρὸς
1545 1313 1631 1348 ὀργὴν
1646 1313 1778 1347 κινηθεὶς,
1793 1313 1842 1340 θά-

1055 1368 1134 1386 νατον
1151 1359 1240 1387 αὐτῶν
1256 1360 1428 1395 κατακρίνοι,
1439 1360 1516 1394 ἠξίου
1529 1360 1575 1386 τὸν
1595 1359 1695 1395 ’Δριὼχ
1709 1359 1845 1386 εἰσελθόν-

1054 1414 1089 1433 τα
1103 1405 1172 1440 πρὸς
1186 1406 1232 1432 τὸν
1246 1405 1360 1441 βασιλέα
1375 1406 1438 1441 μίαν
1447 1406 1610 1440 αἰτήσασθαι
1620 1406 1706 1433 νύκτα
1715 1407 1770 1438 τοῖς
1788 1407 1844 1440 μά-

1055 1461 1114 1487 γοις
1130 1452 1271 1488 καὶταύτῃ
1283 1452 1332 1487 τὴν
1345 1453 1485 1487 ἀναίρεσιν
1496 1453 1633 1487 ἐπισχεῖν·
1649 1452 1770 1483 ἐλπίζειν
1786 1454 1842 1488 γὰρ

1053 1498 1098 1525 διὰ
1111 1498 1225 1533 ταύτην,
1239 1498 1353 1532 ἔφασκε,
1369 1498 1475 1533 δεηθεὶς
1490 1497 1537 1524 τοῦ
1548 1497 1626 1529 Θεοῦ,
1643 1497 1795 1532 γνώσεσθαι
1810 1500 1842 1524 τὸ

1056 1543 1196 1575 ἐνύπνιον·
1210 1544 1256 1570 καὶ
1273 1544 1288 1570 6
1308 1543 1357 1578 μὲν
1380 1543 1450 1570 κατὰ
1470 1545 1551 1578 τάχος
1573 1543 1731 1578 ἀπήγγελλε
1755 1543 1842 1570 ταῦτα

1056 1589 1095 1624 τῷ
1109 1589 1231 1624 βασιλεῖ·
1246 1591 1260 1616 6
1278 1590 1306 1616 δὲ
1322 1589 1419 1624 μαθεῖν
1435 1591 1487 1625 ἄρα
1500 1590 1671 1625 γλιχόμενος,
1689 1590 1730 1622 τίς
1750 1591 1766 1625 ἡ
1781 1591 1843 1624 ὕψις

1056 1636 1103 1663 καὶ
1116 1636 1157 1668 τίς
1173 1636 1274 1671 ταύτης
1295 1637 1311 1672 ἡ
1331 1636 1486 1671 σύγκρισις,
1507 1637 1613 1663 κελεύει
1637 1638 1687 1672 τὴν
1702 1637 1842 1674 ἀναίρεσιν

1054 1681 1109 1708 τῶν
1138 1681 1234 1716 μάγων
1260 1682 1449 1717 ἐπισχεθῆναι,
1467 1683 1518 1714 ἕως
1537 1683 1603 1717 γνῷ,
1624 1683 1696 1714 τίνες
1721 1684 1745 1709 οἰ
1766 1683 1842 1716 λόγοι

1054 1727 1100 1754 τοῦ
1113 1728 1222 1763 Δανιὴλ,
1235 1728 1281 1754 καὶ
1297 1728 1337 1760 τίς
1352 1728 1386 1755 ἂν
1401 1729 1417 1764 ἡ
1435 1730 1501 1764 παρ’
1516 1729 1663 1764 αὐτοῖιεῖη
1672 1729 1796 1764 δύναμις.
1811 1729 1843 1757 ὐ

1055 1773 1189 1808 μακάριος
1208 1771 1284 1805 οὗτος
1303 1774 1393 1801 τοίνυν
1411 1775 1480 1806 μετά
1498 1774 1551 1801 τῶν
1570 1775 1710 1809 συγγενῶν
1731 1776 1840 1811 ὑποχω-

1053 1819 1139 1855 ρήσας
1157 1819 1226 1855 πρὸς
1240 1820 1346 1852 ἑαυτὸν,
1363 1820 1398 1847 δι’
1413 1821 1477 1855 ὃλης
1495 1821 1600 1848 ἱκέτευε
1619 1822 1669 1856 τῆς
1681 1822 1780 1853 νυκτὸς
1793 1822 1840 1848 τὸν

1052 1865 1131 1897 Θεὸν,
1149 1865 1234 1891 σῶσαι
1249 1865 1297 1892 καὶ
1315 1865 1379 1896 τοὺς
1400 1865 1505 1900 μάγους
1527 1865 1574 1891 καὶ
1598 1866 1661 1896 τοὺς
1677 1865 1838 1897 Χαλδαίους,

1051 1908 1093 1943 οἷς
1111 1911 1143 1946 δὴ
1158 1911 1207 1938 καὶ
1220 1911 1302 1943 αὐτὸς
1317 1911 1409 1946 μέλλει
1422 1911 1631 1944 συναπολέσθαι,
1641 1911 1688 1938 καὶ
1705 1911 1838 1945 ῥύσασθαι

1051 1957 1100 1991 τῆς
1117 1956 1164 1984 τοῦ
1176 1956 1309 1992 βασιλέως
1319 1956 1405 1992 ὀργῆς
1418 1957 1608 1991 ἐμφανίσαντα
1623 1956 1674 1991 τὴν
1687 1956 1749 1990 ὄψιν
1763 1955 1839 1991 αὐτῷ

1051 2003 1099 2030 καὶ
1114 2004 1266 2038 ποιήσαντα
1278 2002 1372 2038 δήλην,
1389 2001 1423 2039 ἧς
1443 2003 1458 2029 6
1479 2002 1606 2037 βασιλεὺς
1630 2002 1806 2037 ἐπιλέληστο·
1824 2003 1839 2028 6

1051 2049 1079 2076 δὲ
1096 2049 1162 2080 Θεὸς
1180 2049 1240 2084 ἅμα
1256 2048 1320 2080 τούς
1335 2057 1365 2075 τε
1381 2048 1587 2079 κινδυνεύοντας
1601 2048 1715 2083 ἐλεήσας
1731 2048 1778 2075 καὶ
1792 2047 1838 2076 τὸν

1051 2095 1134 2122 αὐτοῦ
1150 2096 1295 2131 προφήτην
1311 2094 1422 2127 δοξάσαι
1438 2094 1609 2130 βουλόμενος,
1621 2095 1652 2121 τό
1663 2103 1693 2121 τε
1703 2095 1771 2131 ὕναρ
1785 2095 1837 2122 αὒ-

1051 2141 1088 2176 τῷ
1099 2141 1228 2176 γνωρίζει
1240 2142 1286 2168 καὶ
1300 2141 1335 2168 τὰ
1347 2140 1398 2175 τῆς
1416 2141 1586 2176 συγκρίσεως
1598 2140 1665 2176 δῆλα
1676 2142 1835 2176 παρίστησι·

1050 2189 1096 2214 καὶ
1107 2188 1205 2223 Δανιὴλ
1220 2187 1301 2218 εὐθὺς
1320 2187 1407 2214 ταῦτα
1420 2188 1477 2218 τοῖς
1493 2186 1557 2221 περὶ
1578 2186 1707 2222 ’Δζαριαν
1722 2187 1838 2214 ἐκκαλύ-

212 2216 341 2247 Ξωωυιίιι
362 2224 390 2249 et
410 2221 499 2251 reddit
528 2223 647 2253 laetiores
662 2231 688 2254 et
719 2228 812 2257 animo
837 2230 995 2261 alacriores.

1054 2233 1116 2268 ῲας,
1132 2216 1196 2265 τοὺς
1212 2232 1263 2267 μὲν
1276 2216 1473 2266 ἀπεγνωκότας
1492 2216 1542 2267 ἤδη
1564 2216 1622 2258 τοῠἿ
1633 2216 1682 2266 ξῇν
1704 2233 1750 2258 καὶ
1767 2233 1836 2266 πρὸς

247 2356 277 2383 ν.
291 2355 360 2384 Cum
373 2357 429 2384 Deo
446 2363 538 2386 autent
560 2368 622 2387 cum
639 2361 681 2390 eis
698 2363 798 2398 egisset
822 2365 933 2400 gratias,
949 2367 996 2402 qui

210 2402 340 2430 misertus
355 2403 445 2432 fuerat
459 2413 555 2433 eorum
571 2408 670 2439 astatis,
683 2414 711 2437 et
726 2415 798 2437 esset
809 2411 878 2443 dies,
890 2413 998 2441 accedit

209 2449 244 2475 ad
256 2449 371 2483 Arioclt,
383 2455 411 2478 et
423 2458 508 2487 rogat,
528 2458 557 2480 ut
570 2462 633 2482 eum
651 2455 733 2483 ducat
748 2457 781 2484 ad
799 2466 902 2492 regem.
923 2459 997 2488 Dixit

208 2495 294 2527 enim,
307 2503 336 2523 se
349 2497 374 2524 ei
388 2498 457 2525 velle
472 2501 611 2528 somnium
626 2502 792 2536 signiﬁcare,
809 2505 882 2538 quod
901 2505 927 2533 ei
950 2514 996 2533 ac-

209 2542 318 2569 ciditut
341 2550 423 2572 nocte
446 2545 552 2574 videret
576 2549 724 2582 praeterita.
754 2550 897 2585 Ingressus
918 2560 994 2585 vero,

208 2590 328 2623 pritnum
346 2598 375 2618 se
392 2595 543 2625 excusavit,
561 2594 658 2621 nolens
673 2596 736 2623 aliis
751 2596 889 2625 Chaldaeis
907 2599 994 2626 videri

207 2637 360 2670 sapientior
375 2646 382 2664 :
400 2643 427 2665 et
448 2640 522 2673 quod
539 2647 601 2666 cutn
619 2641 711 2668 ttullus
735 2642 844 2669 illorum
860 2643 995 2677 potuisset

207 2683 332 2715 invenire
345 2685 493 2718 somnium,
505 2686 562 2719 ipse
575 2686 602 2712 id
617 2690 690 2713 esset
704 2687 838 2714 dicturus.
849 2688 909 2715 Non
921 2689 994 2716 enim

207 2736 256 2762 per
270 2731 479 2764 experientiam,
491 2739 579 2766 neque
595 2731 668 2765 quod
685 2732 721 2759 sit
735 2733 889 2761 subtilioris
911 2739 938 2761 et
950 2743 993 2763 so-

207 2774 328 2800 lertioris
357 2775 469 2810 ingenii,
490 2777 541 2803 hoc
564 2776 687 2804 accidit:
703 2778 750 2804 sed
778 2779 876 2810 nostri,
894 2781 991 2815 inquit,

206 2817 336 2847 misertus
347 2821 429 2854 Deus,
441 2824 488 2857 qui
502 2830 665 2850 veneramus
679 2823 705 2850 in
720 2824 817 2852 tnortis
829 2826 990 2861 perieulum,

207 2865 274 2894 inibi
294 2874 343 2901 pro
362 2875 424 2896 mea
450 2869 540 2897 anima
555 2874 583 2898 et
598 2875 705 2905 eorum,
721 2872 769 2906 qui
782 2877 845 2901 sunt
867 2874 990 2908 ejusdem

1052 2279 1082 2305 τὸ
1097 2277 1224 2305 τεθνάναι
1241 2277 1290 2313 τὴν
1306 2277 1427 2304 διάνοιαν
1447 2277 1564 2312 ἔχοντες,
1582 2278 1623 2309 εἰς
1639 2277 1669 2304 τὸ
1686 2277 1835 2312 εὐθυμότε-

1054 2333 1099 2360 ρον
1115 2324 1290 2359 μεταϐάλλει.

1086 2371 1123 2399 Ε’.
1143 2372 1352 2407 Εὐχαριστήσας
1375 2370 1405 2397 δὲ
1429 2370 1469 2406 τῷ
1490 2370 1549 2405 Θεῷ
1576 2369 1635 2406 μετ’
1648 2369 1737 2397 αὐτῶν
1761 2369 1836 2396 ἔλεον

1049 2418 1157 2444 λαϐόντι
1166 2417 1215 2451 τῆς
1227 2418 1335 2451 ἡλικίας
1350 2416 1450 2448 αὐτῶν,
1462 2415 1610 2450 γενομένης
1621 2415 1727 2451 ἡμέρας
1744 2424 1834 2450 παρα-

1049 2464 1154 2496 γίνεται
1183 2463 1251 2497 πρὸς
1274 2463 1320 2490 τὸν
1340 2461 1441 2498 Ἀριὼχ
1470 2463 1518 2488 καὶ
1546 2462 1623 2496 ἄγειν
1650 2461 1730 2488 αὐτὸν
1757 2461 1835 2496 ἠξίου

1050 2510 1117 2545 πρὸς
1136 2509 1266 2544 βασιλέα’
1282 2509 1401 2544 δηλῶσαι
1417 2509 1471 2543 γὰρ
1488 2508 1562 2543 αὐτῷ
1585 2507 1728 2543 βούλεσθαι
1744 2509 1775 2534 τὺ
1790 2509 1834 2534 ἐν-

1050 2555 1144 2580 ύπνιον
1167 2555 1231 2589 ἔφη,
1253 2555 1322 2589 ὅπερ
1350 2554 1415 2580 ἰδεῖν
1442 2554 1492 2588 τῆς
1517 2553 1707 2590 παρελθούσης
1736 2553 1834 2585 νυκτὸς

1048 2600 1135 2635 τούτῳ
1150 2601 1334 2636 ωμῦέϐηκεν.
1347 2599 1482 2626 Εἰσελθὼν
1495 2600 1523 2626 δὲ
1542 2601 1691 2635 παρῃτεῖτο
1707 2599 1741 2625 τὰ
1755 2599 1832 2634 πρῶ-

1048 2655 1090 2678 τα,
1110 2646 1146 2681 μὴ
1163 2646 1318 2681 σοφώτερον
1332 2646 1414 2672 αὐτὸν
1430 2646 1504 2678 δόξαι
1520 2645 1574 2671 τῶν
1590 2646 1678 2672 ἄλλων
1690 2645 1832 2672 Χαλδαίων

1049 2693 1220 2728 βουλόμενος,
1237 2693 1284 2719 καὶ
1299 2693 1341 2719 ὅτι
1357 2692 1471 2727 μηδενὸς
1485 2693 1597 2719 ἐκείνων
1608 2692 1639 2718 τὸ
1653 2693 1721 2726 ὄναρ
1740 2693 1832 2726 εὑρεῖν

1046 2739 1214 2773 δυνηθέντος,
1231 2739 1312 2770 αὐτὸς
1325 2739 1391 2765 αὐτὸ
1407 2739 1499 2773 μέλλοι
1518 2739 1625 2772 λέγειν·
1644 2739 1673 2764 ού
1690 2739 1743 2773 γὰρ
1768 2739 1831 2765 κατ’

1047 2786 1205 2821 ἐμπειρίαν,
1221 2785 1275 2811 οὐδ’
1290 2785 1330 2811 ὅτι
1345 2785 1392 2820 τὴν
1413 2785 1532 2812 διάνοιαν
1555 2785 1644 2812 αὐτῶν
1668 2784 1769 2819 μᾶλλον
1783 2785 1831 2811 Ex-

1047 2831 1208 2865 πεπόνηται,
1238 2829 1317 2857 τοῦτο
1344 2831 1457 2864 γίνεται,
1483 2831 1541 2857 ἀλλ’
1558 2831 1681 2866 ἐλεήσας,
1710 2831 1787 2865 φησὶ,
1818 2832 1832 2856 ὀ

1047 2875 1112 2907 Θεδς
1130 2875 1332 2908 κινδυνεύοντας
1347 2876 1503 2912 ἀποθανεῖν,
1522 2876 1642 2912 δεηθέντι
1657 2876 1719 2913 περί
1734 2885 1761 2903 τε
1781 2878 1830 2911 τῆς
