2024 3153
128 147 179 180 3ῗ7

640 154 729 185 VI'I‘A
752 155 783 185 S.
806 155 1017 203 PROPiIETzﬁ
1039 156 1233 187 DANIELIS.

1712 157 1766 188 378

128 206 197 240 ἐμῆς
216 205 309 240 ψυχῆς
336 204 385 233 καὶ
410 207 465 234 τῶν
491 208 639 243 ὁμοεθνῶν,
661 210 710 236 καὶ
731 209 763 236 τὺ
784 209 852 245 δναρ
876 210 923 236 καὶ

975 211 1074 246 gentis,
1092 210 1226 246 precanti,
1245 214 1273 238 et
1286 211 1424 238 somnium
1439 211 1547 247 aperuit
1562 216 1590 240 et
1605 213 1665 248 ejus
1679 221 1766 247 expo-

126 253 175 287 τὴν
202 252 349 288 σύγκρισιν
381 253 464 280 αὑτοῦ
506 256 628 289 φανερὰν
668 255 814 290 ἰποίησεν*
873 256 922 291 οὺχ

127 296 208 330 ἦττον
222 299 277 333 γὰρ
291 299 341 333 τῆς
356 299 400 334 ἐφ’
415 300 481 334 ἡμῖν
497 300 586 336 λύπης
601 301 618 336 ἢ
636 301 700 336 περὶ
715 302 765 336 τῆς
782 302 831 337 σῆς
843 302 923 337 δόξης

129 345 298 380 ippon-Iov,
316 343 339 372 ὦ
356 344 477 380 βασιλεῦ,
494 346 596 378 ἀδίκως
611 346 696 379 οὕτως
709 346 810 382 ἄνδρας
822 347 923 380 καλούς

130 399 159 416 τε
174 391 224 416 καὶ
241 390 364 424 ἀγαθοὺς
379 391 527 418 ἀποθανεῖν
547 393 753 427 ἐπιτρέψαντος,
775 392 805 426 ἐξ
821 390 860 420 ὦν
875 394 922 420 οὒ-

129 438 174 464 δὲν
198 438 250 472 μὲν
269 439 444 473 ἀνθρωπίνης
462 440 559 474 σοφίας
578 441 709 476 ἐχόμενον
724 441 838 477 ᾔτησας,
862 442 876 469 δ
893 442 922 469 δὲ

128 482 161 518 ἦν
179 484 265 518 ἔργον
278 484 362 519 μόνου
378 484 447 511 Θεοῦ
463 485 617 520 ἐπεζήτεις.
636 487 679 512 Σοὶ
691 487 793 517 τοίνυν,
808 483 831 514 ὦ
847 487 922 523 βασι-

127 530 187 562 λεῦ,
209 531 383 565 φροντίζοντι
413 532 478 566 περὶ
504 531 551 558 τοῦ
575 532 618 563 τίς
643 532 720 566 ἄρξει
745 533 792 560 τοῦ
818 534 920 568 κόσμου

128 575 232 607 παντὸς
259 576 328 610 μετὰ
351 576 397 608 σὲ,
421 576 583 611 βουλόμενος
608 577 727 613 δηλῶσαι
752 579 827 611 Θεὸς,
855 580 922 616 δναρ

129 622 304 649 ὑποδεικνύει
320 623 458 649 τοιοῦτον·
470 623 583 656 Ἐδοξας
598 624 665 659 ὀρᾷν
675 625 820 660 ἀνδριάντα
837 626 922 661 μέγαν

130 667 250 698 ἑστῶτα,
267 664 298 694 οῦ
311 667 361 701 τὴν
380 667 430 702 μὲν
443 669 568 704 κεφαλὴν
590 669 746 696 συνέϐαινεν
768 669 838 697 εἷναι
855 679 922 706 χρυ-

129 712 191 748 σὴν,
211 714 275 745 τοὺς
295 713 324 740 δὲ
341 713 435 748 ὤμους
454 715 500 740 καὶ
520 715 582 746 τοὺς
607 715 753 750 βραχίονας
773 717 921 752 ἀργυροῦς,

128 759 183 785 ἀπὸ
199 758 301 793 χαλκοῦ
315 759 344 786 δὲ
356 759 406 794 τὴν
417 760 538 794 γαστέρα
550 761 597 787 καὶ
609 761 671 792 τοὺς
681 763 770 797 μηροῦ
779 772 797 793 ·,
814 763 921 798 κνήμας

128 805 176 832 καὶ
200 805 283 836 πόδας
308 806 454 841 σιδηροῦςο
475 806 571 833 ἔπειτα
594 807 670 834 λίθον
699 806 768 840 εἶδες
788 809 816 842 ἐξ
842 809 922 843 ὅρους

129 852 327 887 ἀπορραγέντα
343 853 475 886 ἐμπεσεῖν
493 861 522 878 τε
548 851 588 888 τῷ
605 853 744 888 ἀνδριάντι
766 855 812 880 καὶ
826 854 922 881 τοῦτον

129 897 320 923 καταϐαλόντα
335 897 480 933 συντρίψαι
500 898 547 925 καὶ
564 898 647 933 μηδὲν
663 899 745 926 αὑτοῦ
762 900 845 934 μέρος
862 900 922 926 ὀλό-

128 942 233 976 κληρον
246 942 368 976 ἀφεῖναι,
383 942 429 969 τὸν
450 943 478 969 δὲ
497 944 598 978 χρυσὸν
612 944 659 970 καὶ
673 944 719 971 τὸν
730 945 852 980 ἄργυρον
873 946 922 972 καὶ

128 989 176 1014 τὶν
190 988 292 1022 χαλκὸν
310 989 357 1014 καὶ
375 988 420 1015 τὸν
434 988 544 1023 σίδηρον
559 990 723 1025 λεπτότερον
734 991 861 1024 γενέσθαι
877 992 923 1018 καὶ

129 1034 234 1065 κόνεως
246 1042 253 1048 ·
269 1034 317 1060 καὶ
332 1034 378 1061 τὸν
399 1035 450 1068 μὲν
473 1035 575 1070 ἀνέμου
603 1036 772 1068 πνεύσαντος
790 1038 829 1068 είς
853 1038 923 1072 ἀέρα

127 1079 326 1114 διασπαρῆναι,
340 1079 387 1106 τὸν
400 1080 428 1106 δὲ
439 1080 511 1106 λίθον
526 1081 644 1115 αὐξῆσαι
661 1082 788 1109 τοσοῦτον
802 1083 839 1114 ὡς
853 1082 921 1110 ἄπα-

128 1132 182 1149 σαν
197 1124 288 1151 δοκεῖν
299 1125 349 1160 τὴν
361 1124 413 1159 γῆν
433 1125 478 1152 ὑπ’
491 1126 574 1152 αὐτοῦ
591 1127 800 1162 πεπληρῶσθαι.
817 1129 853 1155 Τὸ
873 1129 924 1164 μὲν

127 1170 209 1205 δναρ,
226 1171 296 1205 ὅπερ
308 1171 389 1202 αὐτὸς
406 1168 486 1203 εἶδες,
503 1172 603 1198 τοιόνδε
614 1180 621 1186 ·
638 1173 653 1207 ή
669 1174 813 1209 σύγκρισις
830 1174 858 1201 δὲ
875 1175 924 1201 αὺ-

128 1216 177 1242 τοῦ
192 1216 289 1242 τοῦτον
303 1217 360 1251 ἔχει
375 1217 420 1243 τὸν
436 1217 535 1253 τρόπον
545 1226 553 1234 ·
567 1219 584 1254 ή
600 1219 649 1254 μὲν
663 1220 752 1255 χρυσῆ
770 1222 876 1256 κεφαλὴ
893 1221 923 1247 σέ

128 1271 159 1288 τε
177 1263 274 1298 ἐδήλου
290 1265 337 1290 καὶ
353 1264 417 1296 τοὺς
438 1265 491 1300 πρὸ
505 1265 552 1292 σοῦ
578 1265 707 1300 βασιλέας
737 1267 923 1300 Βαϐυλωνίους

130 1310 158 1334 αἱ
174 1309 223 1336 δύο
237 1309 266 1335 δὲ
280 1311 371 1345 χεῖρες
387 1311 433 1337 καὶ
443 1311 467 1337 οἱ
478 1308 548 1346 ὧμοι
560 1311 612 1338 ὑπὸ
626 1311 673 1338 δύο
687 1313 924 1348 καταλυθήσεσθαι

130 1356 267 1389 βασιλέων
292 1357 342 1391 τὴν
366 1357 518 1392 ἠγεμονίαν
541 1358 630 1393 ὑμῶν,
654 1359 762 1394 Πέρσας
785 1358 855 1387 εἶναι
875 1360 924 1387 καὶ

129 1402 241 1436 Μήδους
257 1402 370 1434 τούτους
397 1403 484 1438 φημί·
509 1403 559 1439 τὴν
588 1403 617 1430 δὲ
640 1404 753 1431 ὲκείνων
769 1405 861 1440 ἕτερός
882 1414 924 1438 τις

128 1448 184 1474 ἀπὸ
210 1448 261 1481 τῆς
283 1448 387 1480 δ’ἳπεως
419 1449 580 1485 καθαιρήσει
596 1450 697 1485 χαλκὸν
721 1452 922 1487 ἠμφιεσμένος.

135 1494 314 1530 Ἀλέξανδρος
340 1492 418 1527 οὗτος
439 1497 452 1522 ὁ
478 1496 631 1524 Μακεδών·
656 1496 704 1524 καὶ
727 1497 831 1532 ταύτην
855 1497 922 1534 ἄλλη

975 256 1114 284 sitionem.
1133 256 1195 283 Non
1219 255 1352 283 minorem
1366 257 1440 284 enim
1451 258 1537 285 nostri
1554 258 1669 291 doloris,
1681 265 1766 293 quam

976 307 1029 330 tua:
1041 302 1134 338 gloria
1157 309 1252 330 curam
1273 302 1413 338 gerebam,
1429 310 1446 330 ο
1459 311 1517 335 rex,
1532 305 1578 338 qui
1604 305 1677 332 viros
1708 310 1763 331 tam

976 349 1064 376 bonos
1080 353 1108 376 et
1124 353 1178 376 tam
1199 349 1339 381 honestos,
1357 349 1451 383 inique
1467 349 1536 376 mori
1551 350 1683 385 jusseras,
1700 358 1765 378 cum

975 395 1043 422 nihil
1061 394 1199 429 petiisses,
1214 395 1289 430 quod
1309 399 1384 422 esset
1399 395 1526 422 humanae
1541 396 1701 429 sapientiae:
1718 396 1766 424 sed

975 442 1028 469 hoc
1051 441 1085 468 ab
1102 441 1143 469 eis
1162 441 1312 477 exegisses.
1327 439 1401 475 quod
1421 445 1482 468 erat
1503 440 1588 468 solius
1618 441 1664 468 Dei
1683 449 1764 476 opus.

974 487 1035 515 Tibi
1043 495 1143 524 ergo,o
1157 495 1215 520 rex,
1228 487 1370 522 cogitanti.
1386 487 1448 522 quis
1464 491 1525 521 post
1539 491 1564 514 te
1580 491 1653 514 esset
1663 487 1767 514 munde

975 534 1173 569 imperaturus,
1191 533 1285 560 volens
1300 532 1372 560 Deus
1390 532 1554 567 signiﬁcare.
1576 532 1628 559 tale
1646 532 1768 560 ostendit

974 579 1123 608 somnium.
1139 579 1223 606 Visus
1244 585 1276 605 es
1297 577 1347 605 tibi
1379 578 1472 605 videre
1496 585 1622 612 magnam
1646 581 1766 604 statuam

974 631 1107 658 stantem,
1119 625 1198 659 cujus
1211 628 1294 658 caput
1307 623 1420 658 quidem
1430 623 1545 657 contigit
1558 630 1618 650 esse
1631 630 1765 649 aureum:

975 672 1106 699 humeros
1118 675 1211 698 autem
1226 676 1254 697 et
1267 670 1392 700 brachia,
1406 674 1535 704 argentea
1552 677 1559 696 :
1578 676 1609 696 ex
1622 676 1677 695 aere
1687 676 1765 700 vero,

975 722 1098 744 ventrem
1112 721 1139 744 et
1153 715 1270 748 femora,
1281 715 1361 743 tibias
1372 720 1400 742 et
1418 716 1501 748 pedes
1530 715 1646 741 ferreos.
1662 713 1767 741 Deinde

974 763 1092 798 lapidem
1106 762 1198 789 vidisti
1212 762 1361 796 abruptum
1377 769 1392 788 a
1406 766 1510 794 monte,
1531 761 1654 788 incidere
1669 761 1695 788 in
1708 765 1766 788 sla-

976 813 1049 836 tuam
1070 819 1077 836 :
1097 813 1125 836 et
1149 816 1210 836 eam
1233 808 1470 842 comprehendere
1500 815 1531 834 ac
1563 811 1717 838 conterere,
1738 811 1767 834 et

976 855 1078 882 nullam
1094 855 1154 889 ejus
1177 859 1284 889 partem
1308 855 1463 889 relinquere
1490 853 1646 888 integram:
1665 860 1763 879 aurum

975 905 1067 928 autem
1096 905 1123 927 et
1152 905 1295 935 argentum
1311 904 1338 927 et
1357 907 1394 926 aes
1417 904 1446 926 et
1466 898 1571 926 ferrum
1594 898 1636 925 vel
1650 898 1765 932 pulvere

976 946 1036 974 ﬁeri
1050 946 1181 974 subtilius
1203 955 1209 973 :
1227 950 1256 973 et
1274 951 1391 973 statuam
1416 945 1529 981 quidem
1546 948 1629 972 vento
1644 943 1766 979 spirante

975 993 1129 1028 dispersam
1156 992 1241 1019 fuisse
1268 992 1296 1018 in
1317 999 1430 1019 aerem:
1459 991 1578 1025 lapidem
1603 998 1669 1018 vero
1695 991 1766 1018 adeo

975 1039 1106 1071 crevisse,
1121 1043 1150 1065 ut
1166 1038 1308 1065 videretur
1323 1037 1451 1063 universa
1467 1042 1540 1063 terra
1569 1036 1603 1062 ab
1622 1043 1655 1063 eo
1680 1035 1766 1062 fuisse

976 1086 1090 1121 repleta.
1103 1086 1193 1119 Atque
1205 1092 1343 1111 somnium
1359 1084 1481 1118 quidem,
1497 1083 1570 1118 quod
1587 1083 1644 1117 ipse
1659 1082 1764 1114 vidisti,

975 1131 1027 1158 fuit
1039 1131 1103 1158 tale.
1114 1131 1179 1166 Ejus
1188 1135 1280 1158 autem
1292 1131 1450 1165 conjectura
1461 1130 1513 1156 hoc
1526 1129 1606 1156 modo
1621 1137 1650 1156 se
1662 1128 1764 1155 habet:

975 1179 1097 1205 Aureum
1119 1177 1229 1212 quidem
1251 1180 1344 1211 caput,
1360 1181 1385 1203 te
1401 1175 1582 1211 signiﬁcabat,
1597 1179 1625 1202 et
1637 1174 1683 1209 qui
1701 1177 1766 1201 ante

977 1227 1002 1250 te
1018 1222 1142 1254 fuerunt,
1158 1229 1237 1257 reges
1262 1221 1437 1257 Babylonios.
1451 1222 1516 1248 Duae
1542 1229 1608 1248 vero
1625 1227 1722 1247 manus
1737 1223 1766 1246 et

975 1269 1095 1301 humeri,
1104 1277 1119 1296 a
1128 1268 1235 1295 duobus
1244 1268 1355 1303 regibus
1363 1267 1566 1294 dissolvendum
1574 1274 1634 1294 esse
1643 1270 1766 1293 vestrum

975 1315 1170 1350 principatum,
1187 1321 1202 1340 a
1223 1313 1325 1346 Persis,
1345 1313 1467 1348 inquam,
1483 1317 1510 1339 et
1525 1313 1621 1339 Medis.
1648 1312 1765 1339 Illorum

975 1365 1067 1388 autem
1084 1360 1270 1395 principatum
1285 1359 1410 1386 destruet
1430 1358 1540 1393 quidam
1558 1359 1628 1385 alius
1642 1366 1676 1386 ex
1690 1357 1766 1384 occi-

975 1406 1068 1439 dente,
1079 1413 1132 1433 wre
1146 1405 1269 1433 indutus.
1285 1405 1310 1432 ls
1320 1411 1362 1432 cst
1374 1404 1528 1432 Alexander
1537 1404 1649 1431 Macedo
1661 1408 1689 1430 et
1701 1411 1766 1430 eum

975 1451 1057 1480 faciet
1071 1452 1141 1479 alius
1154 1459 1273 1483 cessare,
1287 1451 1394 1478 viribus
1406 1450 1480 1478 ferro
1493 1451 1601 1478 similis.
1617 1450 1767 1484 Superabit

976 1504 1068 1527 autem
1085 1499 1198 1526 omnino
1213 1503 1326 1534 propter
1343 1498 1408 1525 ferri
1423 1501 1551 1524 naturam
1567 1506 1573 1530 ;
1591 1502 1634 1524 est
1650 1497 1723 1523 enim
1744 1496 1767 1523 is

131 1541 245 1572 παύσει,
262 1542 313 1577 τήν
334 1542 411 1576 ἰσχὺν
426 1543 506 1577 ὁμοία
528 1543 568 1578 τῷ
584 1543 687 1579 σιδήρῳ
698 1552 705 1559 ·
727 1544 774 1570 καὶ
792 1545 923 1580 κρατήσει

977 1545 1077 1573 fortior
1092 1552 1170 1577 auro,
1187 1549 1301 1579 argento
1317 1548 1344 1571 et
1359 1552 1412 1571 aere
1429 1553 1435 1570 :
1451 1548 1492 1570 est
1507 1551 1572 1570 vvro
1590 1542 1616 1569 id
1634 1542 1766 1577 potentis-

132 1588 180 1622 μὲν
198 1590 239 1619 είς
258 1589 332 1614 ἅπαν
349 1588 393 1615 διὰ
405 1589 455 1624 τὴν
468 1588 516 1615 τοῦ
535 1589 646 1625 σιδήρου
662 1589 744 1624 φύσιν
755 1597 761 1605 ·
779 1587 849 1616 εἶναι
865 1590 921 1626 γὰρ

131 1633 216 1668 αὐτὴν
229 1633 413 1670 στερροτέραν
429 1635 480 1669 τῆς
496 1633 543 1660 τοῦ
562 1634 664 1669 χρυσοῦ
678 1635 723 1661 καὶ
739 1633 786 1661 τοῦ
799 1635 922 1670 ἀργύρου

131 1680 178 1705 καὶ
193 1680 240 1706 τοῦ
253 1679 373 1714 χαλκοῦ·
384 1681 400 1713 ἡ
415 1680 470 1706 τῶν
490 1679 633 1715 Ῥωμαίων
650 1680 720 1715 αὕτη
738 1680 923 1714 μεγαλοδύνα-

132 1734 181 1761 μος
200 1725 337 1760 βασιλεία.
355 1725 489 1762 Ἐδήλωσε
503 1726 533 1754 δὲ
549 1726 624 1762 αὐτῷ
637 1727 684 1754 καὶ
699 1727 765 1762 περὶ
781 1727 829 1754 τοῦ
847 1727 921 1754 λίθου

132 1771 219 1805 λέγων
230 1781 237 1788 ·
252 1772 295 1798 ὅτι
312 1772 342 1798 '0
359 1771 432 1804 λίθος
453 1772 467 1798 δ
481 1772 597 1806 τμηθεὶς
612 1772 677 1799 ἄνευ
694 1772 807 1808 χειρῶν,
824 1774 837 1800 ὁ
851 1774 921 1808 Χρι-

975 1591 1076 1618 sitnum
1098 1590 1284 1617 Romanorum
1312 1589 1469 1624 imperium.
1485 1588 1654 1624 Signiﬁcavit
1673 1593 1766 1615 autem

977 1638 1098 1665 eietiam
1117 1636 1151 1664 de
1174 1636 1276 1671 lapide,
1293 1635 1504 1670 dicenszLapis
1528 1635 1575 1670 qui
1590 1635 1642 1662 fuit
1663 1634 1768 1661 scissus

977 1683 1037 1711 sine
1063 1683 1199 1715 manibus,
1213 1687 1256 1710 est
1274 1682 1412 1710 Christus.
1432 1682 1502 1709 lllud
1517 1689 1595 1710 vero.
1625 1681 1690 1707 Sine
1708 1687 1768 1706 ma-

977 1729 1070 1761 nibus,
1083 1728 1209 1764 praedixit
1223 1736 1287 1755 eum
1301 1729 1360 1756 sine
1380 1727 1456 1755 coitu
1475 1735 1536 1755 esse
1552 1726 1721 1753 nasciturum
1733 1731 1767 1751 ex

977 1780 1058 1802 utero
1070 1783 1084 1802 a
1098 1775 1160 1802 labe
1175 1774 1276 1802 alieno.

134 1819 194 1850 στός
210 1820 288 1846 ἐστι·
321 1819 352 1846 τὸ
389 1819 418 1846 δὲ
439 1819 540 1855 χειρῶν
558 1819 623 1847 ἄνευ
648 1820 679 1847 τὸ
703 1820 788 1856 χωρὶς
815 1821 960 1853 συνουσίας
981 1823 1013 1849 ὲκ
1037 1823 1087 1857 τῆς
1107 1822 1226 1858 ἀμώμου
1248 1822 1388 1857 τεχθῆναι
1402 1821 1521 1856 γαστρὸς
1543 1818 1624 1846 αὑτὸν
1643 1817 1766 1853 προεφήο

134 1874 239 1893 τευσεν.

167 1913 212 1945 ς’.
236 1911 267 1938 '0
279 1911 309 1938 ὁὶ
321 1911 448 1946 βασιλεὺς
455 1911 693 1948 Ναδουχοδονόσορ
702 1914 828 1950 ἀκηκοὼς
838 1914 926 1942 ταῦτα

134 1958 178 1984 καὶ
193 1957 269 1984 τοῦτ’
281 1957 348 1984 αὐτὸ
362 1954 432 1984 εἶναι
448 1958 479 1984 τὺ
492 1958 575 1992 φανὲν
588 1958 655 1993 ὄναρ
670 1959 771 1990 συνεὶς,
785 1959 923 1994 ἐξεπλάγη
937 1955 939 1958 ’

135 2005 177 2031 τὸν
186 2004 291 2039 Δανιὴλ
303 2003 349 2030 τοῦ
365 2003 509 2038 μεγαλείου
523 2004 575 2039 τῆς
589 2005 708 2038 φύσεως,
721 2006 769 2031 καὶ
783 2006 927 2041 παραχρῆ-

134 2060 171 2085 μα
188 2051 280 2086 μικρὰ
292 2050 383 2077 πάντα
396 2051 443 2076 καὶ
461 2050 602 2085 βασιλείαν
615 2050 702 2085 αὐτὴν
717 2051 764 2078 καὶ
778 2051 861 2085 δγκον
875 2052 925 2087 τῆς

131 2097 217 2133 ἀρχῆς
231 2095 357 2131 θέμενος,
371 2095 418 2122 τοῦ
431 2095 527 2131 θρόνου
544 2104 574 2122 τε
595 2096 770 2128 ἐξανίσταται
795 2097 842 2123 καὶ
866 2097 923 2124 ισο-

132 2143 203 2173 θέοις
219 2143 326 2168 ἐκεῖνον
342 2141 425 2176 ἐτίμα
436 2142 546 2176 τιμαῖς·
560 2140 602 2167 ἔτι
616 2141 645 2168 δὲ
662 2141 709 2168 καὶ
725 2141 773 2176 τὴν
787 2149 926 2177 προσηγο-

133 2190 191 2225 ρίαν
205 2188 294 2216 αὐτοῦ
319 2188 367 2214 τοῦ
385 2187 450 2215 ίδίου
471 2187 541 2214 Θεοῦ
563 2187 687 2223 θέμενος,
711 2187 820 2223 ἀπάσης
841 2187 923 2214 αὐτὸν

1012 1913 1055 1941 Vl.
1071 1912 1328 1940 Nabuchodonosor
1343 1917 1436 1940 autem
1450 1919 1512 1938 cum
1526 1911 1585 1937 haec
1605 1909 1767 1941 audivisset,

976 1966 1004 1989 et
1014 1961 1066 1988 hoc
1081 1968 1142 1988 esse
1154 1960 1228 1995 quod
1239 1960 1264 1988 ei
1277 1963 1453 1995 apparuerat,
1465 1957 1602 1985 somnium
1616 1955 1768 1983 intellexis-

975 2011 1027 2040 set,
1052 2007 1159 2042 stupuit
1186 2006 1306 2034 Danielis
1335 2005 1438 2041 ingenii
1472 2003 1713 2039 magnitudinem:
1739 2004 1768 2028 et

974 2053 1102 2090 protinus
1115 2059 1199 2087 parva
1211 2051 1316 2083 omnia,
1328 2055 1356 2077 et
1375 2050 1465 2085 ipsum
1480 2056 1603 2083 regnum,
1617 2050 1646 2074 et
1659 2045 1767 2080 imperii

976 2098 1194 2135 magnitudiuern
1205 2105 1267 2125 esse
1283 2097 1399 2129 ducens,
1415 2095 1530 2131 surgite
1545 2094 1656 2126 throno,
1673 2097 1701 2119 et
1711 2092 1768 2119 Deo

978 2146 1093 2182 paribus
1110 2144 1186 2172 illum
1203 2143 1287 2171 allicit
1304 2141 1469 2170 honoribus.
1502 2141 1639 2180 Praeterea
1659 2147 1726 2166 vero
1740 2137 1767 2165 ei

977 2199 1089 2227 quoque
1109 2190 1152 2218 sui
1167 2190 1211 2217 dei
1233 2189 1360 2224 imposila
1374 2186 1570 2223 appellatione,
1588 2193 1651 2213 eum
1681 2184 1767 2211 totius

132 2236 282 2270 ὶπῐτροπον
293 2234 343 2269 τῆς
360 2232 502 2269 βασιλείας
517 2233 645 2269 ἐποίησιν
656 2241 663 2248 ·
679 2233 710 2260 οὑ
728 2234 782 2268 μὴν
797 2234 864 2260 ἀλλὰ
876 2234 923 2261 καὶ

977 2238 1054 2274 regni
1063 2245 1124 2265 esse
1136 2236 1228 2264 effecit
1241 2240 1408 2263 curatorem.
1418 2234 1490 2267 Quin
1504 2234 1589 2261 etiam
1600 2233 1659 2267 ejus
1667 2239 1767 2265 cogna-

131 2284 190 2315 τοῦς
210 2282 357 2316 συγγενεῖς
375 2279 452 2316 αὐτῷ
474 2280 522 2307 καὶ
548 2281 600 2315 τὴν
621 2281 722 2316 ἀρετὴν
741 2280 923 2315 ὁμοτρόπους,

135 2330 190 2361 τοὺς
220 2329 289 2363 περί
316 2327 447 2363 ’Δζαρίαν
472 2327 555 2362 φημὶ,
583 2326 717 2362 ἄρχοντας
747 2326 925 2353 ἀναδείκνυσι

135 2375 306 2407 Βαϐυλῶνος,
318 2373 366 2405 οὓς
385 2374 444 2409 μετ’
460 2374 551 2408 ὀλίγον
566 2373 621 2400 ὑπὸ
639 2372 738 2407 φθόνου
760 2372 807 2399 καὶ
821 2372 926 2408 βασκα-

135 2422 188 2452 via;
205 2422 248 2452 εἰς
266 2420 390 2446 κίνδυνον
404 2420 536 2454 ἐμπεσεῖν
552 2418 704 2454 συνέὃη,τῷ
720 2416 826 2453 βασιλεῖ
841 2425 926 2452 προσ-

135 2466 305 2500 κρούσαντας
325 2464 354 2498 ἐξ
371 2464 461 2496 αἰτίας
478 2464 608 2499 τοιαύτης
622 2472 630 2480 ·
649 2465 663 2490 ὁ
679 2463 850 2495 Βαὸυλώνιος
876 2463 924 2498 βα‹

137 2514 224 2546 σιλεὺς
238 2515 345 2544 ἐκεῖνος
359 2513 421 2544 ταῖς
434 2513 506 2540 κατὰ
515 2513 562 2539 τὸν
575 2513 633 2548 βίον
648 2512 790 2547 εὐθηνίαις
801 2513 841 2544 είς
856 2511 924 2538 ἀπό-

136 2569 204 2588 νοιαν
221 2559 367 2595 ἐπαρθεὶς,
379 2559 420 2586 ἔτι
438 2559 466 2585 δι
483 2559 531 2586 καὶ
545 2559 583 2595 τῷ
596 2559 730 2594 άμυθήτῳ
750 2558 857 2592 πλούτῳ
877 2558 925 2588 καὶ

137 2607 170 2642 τῷ
181 2606 281 2642 πλήθει
294 2606 349 2633 τῶν
368 2606 561 2640 ὑποταγέντων
578 2605 663 2632 ἐθνῶν
680 2605 725 2631 έπὶ
742 2605 814 2638 μέγα
829 2612 859 2630 τε
873 2612 924 2638 φυ-

140 2652 226 2686 σηθεὶς
253 2652 302 2678 καὶ
329 2650 428 2686 μικροῦ
453 2650 499 2677 καὶ
520 2650 586 2682 Θεὸς
612 2648 683 2677 εἶναι
706 2650 750 2676 διὰ
768 2648 924 2684 κουφότητα

138 2697 311 2731 φαντασθεὶς,
331 2698 472 2732 μονονουχὶ
488 2698 534 2724 καὶ
550 2697 628 2729 θεοὺς
644 2697 774 2723 πλάττειν
798 2696 923 2731 αὺθήμεσ

139 2751 180 2778 ρον
206 2743 277 2778 ᾤετο
295 2742 344 2769 καὶ
369 2742 404 2769 τὰ
429 2744 518 2770 οἰκεῖα
543 2743 600 2770 τῶν
623 2742 705 2769 αὐτοῦ
732 2742 835 2778 χειρῶν
854 2742 923 2777 ἔργα

139 2789 210 2821 θεοὺς
223 2788 367 2822 ἀποδεῖξαι
378 2788 432 2816 δεῖν
444 2788 574 2816 ἔσπευδεν
584 2797 590 2803 '
603 2788 729 2815 ἐντεῦθεν
743 2790 790 2815 καὶ
804 2788 923 2824 χρυσοῦν

140 2835 282 2871 ἀνδριάντα
301 2834 524 2867 κατασκευάσας,
541 2835 637 2870 πηχῶν
655 2835 686 2862 τδ
709 2835 760 2870 μὲν
777 2835 844 2870 ὕψος
862 2834 922 2870 ἑξή-

140 2887 227 2914 κοντα,
243 2880 274 2907 τὸ
295 2879 396 2912 πλάτος
413 2880 440 2907 δὲ
455 2879 494 2914 ἓξ,
515 2880 612 2916 ἔστησε
628 2880 722 2909 τοῦτον
738 2882 766 2909 ἐν
783 2881 858 2916 μέσῳ
873 2880 920 2908 τοῦ

979 2287 1032 2314 tos,
1041 2283 1087 2317 qui
1099 2286 1179 2310 erant
1195 2282 1220 2309 ei
1237 2283 1337 2309 virtute
1348 2288 1440 2316 pares,
1452 2279 1590 2309 Atariam,
1600 2278 1724 2311 inquam,
1736 2280 1764 2303 et

978 2335 1103 2360 caeteros,
1124 2332 1199 2355 creat
1223 2327 1363 2362 principes
1392 2324 1561 2361 Babylonis:
1585 2330 1655 2358 quas
1680 2322 1763 2356 paulo

976 2379 1040 2410 post
1049 2374 1164 2409 contigit
1173 2378 1285 2408 propter
1293 2372 1422 2400 invidiam
1431 2371 1554 2399 incidere
1563 2372 1590 2398 in
1600 2369 1764 2405 periculum,

977 2428 1039 2448 cum
1056 2427 1146 2454 regem
1161 2419 1341 2446 oﬁ'endissent
1357 2417 1408 2444 hac
1423 2416 1456 2444 de
1468 2425 1550 2444 causa
1567 2425 1572 2443 ε
1590 2423 1638 2442 rex
1653 2415 1698 2442 ille
1713 2414 1764 2441 Ba-

977 2466 1094 2502 bylonis,
1111 2465 1184 2492 felici
1202 2472 1291 2492 rerum
1312 2471 1453 2496 successu,
1466 2468 1493 2490 et
1510 2462 1624 2490 infinitis
1648 2460 1763 2492 divitiis,

976 2516 1003 2538 et
1020 2510 1196 2537 multitudine
1213 2517 1306 2536 earum
1329 2509 1414 2543 quas'
1431 2508 1610 2543 subjunxerat
1628 2506 1763 2542 gentium,

977 2557 1004 2583 in
1015 2556 1173 2592 superbiam
1190 2556 1279 2583 elatus
1294 2559 1321 2582 et
1334 2555 1412 2582 valde
1441 2554 1561 2585 inﬂatus,
1577 2560 1603 2580 et
1618 2559 1763 2587 propemo-

975 2602 1041 2629 dum
1057 2607 1168 2636 propter
1180 2601 1318 2628 levitatem
1331 2609 1359 2628 se
1373 2601 1454 2628 deum
1467 2607 1527 2627 esse
1542 2599 1647 2626 visione
1662 2605 1764 2632 apprc-

975 2647 1316 2683 hendens.propemodum
1331 2655 1360 2675 se
1373 2647 1415 2674 vel
1426 2647 1492 2674 deos
1507 2654 1540 2673 e0
1554 2645 1613 2680 ipso
1626 2645 1669 2671 dic
1685 2649 1762 2678 puta-

975 2695 1020 2722 bat
1033 2702 1111 2729 posse
1130 2694 1242 2729 ﬁngere,
1257 2698 1285 2721 et
1308 2701 1419 2720 suarum
1441 2699 1571 2719 manuum
1589 2698 1672 2725 opera
1694 2689 1763 2716 deos

975 2741 1159 2770 contendebat
1175 2740 1292 2768 efﬁcere.
1314 2739 1384 2767 llinc
1400 2739 1501 2766 factum
1517 2743 1569 2769 est,
1586 2743 1616 2764 ut
1629 2744 1690 2764 cum
1710 2744 1761 2763 au-

975 2795 1048 2815 ream
1082 2786 1281 2814 construxissct
1318 2789 1447 2817 statuam,
1477 2783 1617 2819 sexaginta
1647 2782 1760 2818 quidem

974 2833 1131 2861 cubitorum
1160 2832 1316 2865 altitudine,
1334 2840 1382 2860 sex
1411 2837 1502 2859 autent
1522 2830 1675 2863 latitudine,
1701 2837 1761 2857 eam

973 2880 1099 2909 statuerit
1117 2879 1144 2907 in
1159 2878 1250 2907 medio
1273 2887 1369 2916 campo
1397 2877 1554 2914 Babylonis,
1581 2877 1629 2913 qui
1645 2880 1760 2904 vocatur
