2024 3153
274 147 327 177 379

924 148 1067 178 MENSIS
1087 147 1234 178 IULIUS.

1820 146 1895 178 ⁷380

274 203 369 230 Deera.
386 201 492 229 Etcum
518 207 590 230 esset
605 211 666 230 catn
693 209 914 234 consecraturus,
937 212 971 230 ex
999 207 1055 230 tota

1120 202 1201 229 πεδίου
1223 202 1382 234 Βασυλῶνος
1409 201 1500 237 Διηρὰ
1527 202 1694 237 καλουμένου
1720 203 1768 230 καὶ
1790 203 1896 237 μέλλων

275 253 358 280 terra,
373 247 414 274 cui
430 246 591 282 imperabat,
608 248 770 276 convocavit
789 249 893 283 primos
921 252 1057 283 satrapas.

273 292 390 320 Dederat
407 300 474 319 vero
498 294 539 320 eis
563 302 672 328 quoque
686 294 805 328 signum,
821 299 850 321 ut
867 302 921 320 non
948 299 1002 321 tam
1018 298 1058 320 te-

274 346 361 369 mere,
376 346 427 366 nec
449 338 551 373 absque
573 339 663 374 aliqua
683 341 789 367 ratione
807 341 832 367 ei
852 340 985 367 honorem
1007 340 1058 366 tri-

273 384 415 411 buerent:
438 384 485 411 sed
519 389 648 419 tanquam
680 384 758 420 signo
793 385 858 412 dato
885 385 1057 415 accedentes,

273 437 335 458 cum
357 437 455 464 magno
471 433 544 456 metu
561 429 719 456 aderarent.
736 430 798 456 Fuit
818 435 910 457 autem
938 429 990 455 tale
1016 429 1056 455 si-

273 483 355 511 gnum
373 484 379 501 :
397 475 521 508 Quando,
540 474 638 510 inquit,
656 476 792 502 audierint
806 476 909 507 tubam,
928 475 979 502 hoc
1004 483 1061 502 ma-

273 530 325 555 gna
344 530 409 549 voce
423 522 631 556 significantem.
646 525 710 549 tunc
725 526 844 556 oportet,
867 522 967 556 inquit,
997 528 1060 555 pro-

274 568 396 594 cidentcs
411 567 525 593 adorare
544 571 661 594 statuam
679 577 685 593 :
703 575 750 595 eos
762 575 838 597 vero.
860 569 906 602 qui
932 567 984 595 hoc
1005 575 1059 594 non

275 613 398 645 fecerint,
412 613 543 640 continuo
563 613 636 647 injiei
650 613 677 640 in
690 613 827 640 fornacem
842 613 911 648 ignis
924 613 1058 640 ardentis.

275 658 310 686 Ut
326 658 399 684 enim
416 662 489 685 esset
506 659 531 684 ei
560 659 648 693 majus
666 663 693 685 et
719 658 820 685 clarius
845 662 983 685 certamen
1010 665 1060 692 pro

274 704 466 738 statua,jubet
497 703 636 730 fornacem
668 712 701 731 ex
731 703 866 730 diametro
902 704 1060 736 distantem,

275 751 344 785 pice,
357 750 513 779 sarmentis.
524 750 642 784 naphtha
656 755 683 777 et
692 755 790 785 stuppa
801 750 912 777 accendi
925 759 939 776 e
950 750 1061 785 regione

275 801 370 822 statuae
385 805 392 823 :
407 801 436 822 ut
451 796 472 822 si
492 797 553 830 quis
573 796 784 823 convinceretur
810 796 899 830 jussui
917 796 989 831 regis
1007 803 1060 823 non

275 842 436 874 assenticns,
450 841 476 868 in
492 841 631 869 fornacem
652 842 742 869 statim
758 842 954 878 conjicerelur.

312 980 368 1008 VII.
382 981 449 1008 Cum
467 988 564 1008 omnes
577 987 654 1013 ergo,
669 985 695 1006 ut
707 979 775 1014 jussi
792 979 910 1010 fuerant,
922 977 977 1013 jam
991 985 1064 1005 reso-

277 1032 359 1053 nante
375 1027 451 1058 tuba,
471 1026 618 1053 adorarent
632 1030 759 1055 statuam,
776 1024 802 1051 hi
813 1030 868 1052 tres
883 1024 933 1051 soli
953 1032 1064 1051 recusa-

280 1077 343 1098 runt
357 1073 407 1099 hoc
422 1072 523 1103 facere,
541 1076 570 1098 ut
598 1079 674 1099 sacra
692 1071 791 1097 docent
812 1069 925 1104 Eloquia
943 1078 949 1096 :
969 1074 998 1096 ut
1017 1069 1063 1103 qui

279 1119 382 1153 patrias
409 1118 480 1153 leges
510 1117 662 1152 transgredi
695 1117 807 1143 minime
837 1116 1062 1147 sustinerenl,et

279 1163 364 1190 Deum
376 1163 511 1189 dedecore
524 1162 643 1193 allicere,
655 1166 682 1188 et
697 1161 845 1187 simulacro
864 1160 964 1187 ofl‘errc
994 1158 1063 1186 ado-

280 1209 423 1234 rationcm.
440 1207 507 1234 Hinc
525 1207 623 1233 factum
636 1211 678 1233 est
706 1211 735 1232 ut
747 1206 818 1240 apud
836 1205 960 1239 iniquum
974 1211 1064 1238 regem

280 1258 484 1281 atcusarenlur.
501 1252 670 1280 Accedentes
684 1257 785 1282 autent,
814 1253 860 1287 qui
883 1260 932 1279 eos
950 1259 1065 1279 accusa—

280 1300 345 1327 bant
365 1309 371 1326 :
389 1300 456 1331 ilex,
476 1299 615 1330 dixerunt,
633 1299 661 1327 ii.
688 1299 791 1333 quibus
809 1307 822 1326 a
840 1303 866 1326 le
893 1298 987 1325 datum
1023 1303 1066 1325 est

281 1345 427 1380 imperium
450 1345 580 1380 regionis,
602 1345 728 1377 Sidrach,
756 1345 878 1379 inquam,
896 1344 952 1375 hic.
973 1345 1065 1376 Misac,

280 1398 307 1419 et
322 1392 480 1427 Abdenago,
495 1400 583 1427 neque
595 1392 708 1418 omnino
720 1392 858 1419 sustinent
870 1391 985 1418 adorare
998 1392 1066 1418 ima-

280 1438 382 1472 ginem,
399 1445 487 1472 neque
513 1437 566 1464 tuis
581 1437 664 1472 jussis
680 1438 824 1464 obediunt.
852 1437 913 1464 llaec
941 1445 1003 1464 cum
1028 1437 1065 1465 illi

281 1485 424 1515 dixissent.
440 1485 458 1511 ii
471 1484 562 1511 statim
579 1484 705 1518 producti
722 1489 786 1510 sunt
800 1488 863 1510 ante
880 1483 998 1510 tribunal
1023 1491 1066 1510 re-

281 1530 366 1565 gium.
396 1529 466 1563 Quid
487 1537 552 1564 ergo
578 1529 707 1564 deinceps
727 1534 768 1557 est
795 1529 996 1556 consecutum?
1019 1529 1066 1555 ille

282 1576 393 1611 quidem
412 1575 527 1610 rogavit,
551 1583 585 1602 an
601 1583 664 1602 vera
678 1579 784 1606 essent,
796 1579 824 1602 et
839 1575 943 1601 nollent
954 1582 1065 1602 auream

283 1627 401 1648 statuam
420 1621 536 1648 adorare
559 1628 620 1648 cum
640 1620 711 1647 aliis.
737 1620 851 1647 Dicebat
865 1620 937 1647 enim
953 1627 981 1647 se
1014 1628 1068 1647 non

283 1668 397 1694 credere
413 1667 470 1694 htcc
480 1674 540 1694 esse
560 1675 634 1694 vera.
649 1666 690 1693 Illi
712 1674 776 1693 vero
794 1674 892 1701 magno
907 1671 935 1693 et
957 1666 1069 1693 excelso

284 1714 376 1740 animo
393 1713 561 1740 dixeruntse
576 1713 680 1740 nullum
698 1713 781 1740 alium
807 1712 920 1743 habere.
949 1713 1000 1739 nisi
1026 1721 1072 1739 so-

285 1759 341 1786 lum
356 1759 440 1786 Deum
458 1758 484 1785 in
501 1759 576 1786 caelis
595 1767 602 1786 :
618 1759 664 1793 qui
685 1766 734 1785 nos
745 1763 847 1793 potest,
864 1766 879 1785 ο
894 1767 950 1791 rex,
961 1758 1070 1793 eripere

285 1813 317 1832 ex
337 1805 388 1832 hac
401 1805 511 1832 fornace
529 1805 653 1836 ardente,
671 1809 699 1831 et
713 1812 745 1831 cx
757 1804 810 1830 tuis
822 1804 960 1831 manibus.
987 1803 1070 1831 Certo

285 1853 357 1879 enim
384 1852 465 1883 scias,
494 1851 566 1886 quod
584 1859 633 1878 nos
655 1851 721 1878 deos
740 1855 801 1877 tuos
824 1858 877 1877 non
900 1852 1031 1883 colemus,
1044 1855 1072 1878 et

286 1905 407 1927 auream,
425 1904 506 1931 quam
522 1896 648 1931 posuisti,
670 1901 785 1924 statuam
807 1904 861 1923 non
881 1896 1071 1923 adorabimus.

287 1945 476 1979 Histyrannus
493 1951 547 1971 non
563 1944 654 1969 minus
669 1943 709 1969 ira
723 1950 866 1971 accensus.
880 1951 962 1977 quam
974 1942 1069 1969 fornax

286 1991 483 2026 ardens,jubct
500 1991 586 2017 iratus
603 1991 678 2018 viros
701 1990 840 2021 robustos,
863 1989 987 2017 Azariam
1010 1997 1072 2016 cum

285 2040 401 2071 ceteris,
418 2038 523 2066 vinctos
535 2046 596 2066 cum
623 2038 746 2065 vestibus
772 2042 799 2064 et
818 2037 968 2069 tibialibus,
992 2036 1030 2062 ita
1044 2040 1074 2062 ut

285 2091 374 2117 erant,
394 2086 420 2111 in
437 2085 576 2112 fornacem
595 2083 718 2118 injicere.
734 2083 767 2111 Et
786 2083 824 2110 illi
845 2082 955 2117 quidem
980 2081 1073 2108 statim

287 2133 314 2158 in
332 2131 422 2166 ignem
440 2130 543 2165 injecti,
558 2129 651 2156 divina
679 2128 851 2163 providentia
875 2131 1074 2154 conservantur

288 2177 377 2208 illmsi,
394 2181 421 2203 et
433 2175 631 2203 admirabiliter
645 2183 677 2202 ac
688 2180 783 2202 contra
801 2174 959 2208 opinionem
986 2173 1074 2200 mani-

1110 247 1255 283 καθιεροῦν
1281 247 1374 280 αὑτὸν,
1393 248 1573 275 συνεκάλεσεν
1596 248 1625 281 ἐξ
1643 248 1752 283 ἀπάσης
1773 246 1808 283 ἦς
1825 246 1896 284 ἦρχε

1110 294 1161 328 γῆς
1183 294 1247 325 τοὺς
1268 293 1394 328 πρώτους
1413 294 1467 320 τῶν
1487 294 1647 328 σατραπῶν,
1662 294 1774 320 δεδώκει
1793 294 1822 321 δὲ
1847 295 1896 321 καὶ

1111 340 1225 373 σημεῖον
1240 340 1344 372 αὐτοῖς,
1357 339 1400 366 ἵνα
1415 339 1452 374 μὴ
1467 339 1560 371 ἁπλῶς
1577 339 1649 366 οὕτω
1661 339 1723 373 μηδ’
1737 339 1802 366 ἄνευ
1815 339 1896 373 λόγου

1109 388 1182 417 τινὸς
1199 385 1230 412 τὺ
1245 386 1327 417 σέϐας
1352 387 1427 422 αὐτῷ
1444 387 1562 421 νέμοιεν,
1585 386 1641 412 ἀλλ’
1660 385 1755 420 ὥσπερ
1780 387 1812 412 ὲκ
1837 393 1898 412 συν-

1111 431 1232 465 θήματος
1257 432 1419 466 προσιόντας
1445 432 1493 458 σὺν
1515 431 1589 466 φόδῳ
1612 431 1702 466 πολλῷ
1721 432 1898 466 προσκυνεῖν.

1111 477 1165 504 Καὶ
1176 476 1203 503 τὸ
1212 479 1323 511 σημεῖον
1335 477 1447 510 τοιόνδε,
1471 478 1579 510 Ἠνίκα,
1600 479 1694 511 φησιν,
1708 477 1898 511 σημαινούσης

1111 521 1260 548 ἀκούσουσι
1281 522 1352 557 μέγα
1367 522 1416 557 τῆς
1435 522 1595 555 σάλπιγγος,
1611 522 1683 554 τότε,
1704 523 1781 557 φησὶ,
1803 522 1899 548 πεσόν-

1110 575 1161 598 τας
1176 569 1342 602 προσκυνεῖν
1361 568 1407 594 τὸν
1420 567 1582 602 ἀνδριάντα’
1609 568 1672 598 τοὺς
1693 567 1723 593 δὲ
1752 567 1790 602 μὴ
1818 567 1900 594 τοῦτο

1112 611 1255 644 ποιοῦντας
1269 612 1369 644 εὐθέως
1383 613 1416 647 τῇ
1428 612 1474 638 τοῦ
1491 612 1575 647 πυρὸς
1590 612 1761 647 ὲμῦληθῆναι
1776 612 1899 646 καμίνῳ.

1113 658 1172 684 Ἵνα
1188 658 1242 692 γὰρ
1265 658 1366 692 μείζων
1391 658 1464 692 αὑτῷ
1484 658 1530 684 καὶ
1541 659 1773 693 περιφανέστερος
1794 659 1808 684 ὀ
1828 658 1900 694 ὑπερ

1111 703 1158 730 τοῦ
1176 704 1334 738 ἀνδριάντος
1351 704 1426 737 ἀγὼν
1440 705 1574 739 καταστῇ,
1591 704 1638 730 καὶ
1653 705 1768 738 κάμινον
1792 705 1824 730 ὲκ
1838 704 1899 729 δια-

1114 751 1214 785 μέτρου
1232 750 1372 776 κατέναντι
1391 751 1439 785 τῆς
1457 750 1561 781 είκὸνος
1582 750 1716 784 ἑκκαῆναι
1735 751 1900 784 προστάττει

1113 797 1198 832 πίσσῃ
1220 797 1266 824 καὶ
1284 796 1439 831 κλῃμιτίδι,
1457 797 1524 831 πρδς
1541 796 1569 822 δὲ
1591 796 1639 822 καὶ
1661 796 1750 831 νάφθῃ
1772 796 1820 822 καὶ
1836 804 1901 822 στυ-

1114 844 1182 878 πεὶῳ
1210 845 1328 880 ἰσχυρῶς
1347 844 1529 879 τρεφομένην,
1546 845 1579 870 ἵν’
1602 844 1676 875 ὅστις
1703 843 1842 878 ἐλέγχοιτο
1861 843 1901 878 τῷ

1077 877 1098 906 Β
1115 877 1374 926 βασιλικῷγδδγματι
1392 877 1673 925 μὴνκατγατιθέμενος,
1693 890 1791 917 αὐτίκα
1809 877 1902 925 mpe-

1114 937 1225 964 διδῶται
1237 938 1268 972 τῇ
1285 937 1404 972 καμίνῳ.

1150 982 1186 1009 Ζ¹.
1204 982 1316 1008 Πάντων
1336 980 1384 1008 οὖν
1401 981 1472 1008 κατὰ
1484 982 1514 1008 τὸ
1527 981 1674 1008 κελευσθὲν
1685 982 1717 1007 ἐκ
1730 981 1903 1016 συνθήματος

1114 1028 1234 1062 ἡκούσης
1255 1027 1304 1062 ἠδη
1319 1028 1367 1062 τῆς
1384 1026 1532 1059 σάλπιγγος
1551 1026 1775 1060 προσκυνούντων
1795 1027 1842 1051 τὸν
1855 1026 1903 1051 ἁν-

1115 1074 1238 1108 δριάντα,
1255 1073 1278 1098 οἱ
1293 1074 1367 1108 τρεῖς
1385 1070 1458 1099 οὗτοι
1475 1072 1551 1106 μόνοι
1572 1072 1650 1098 τοῦτο
1665 1072 1767 1106 πρᾶξαι
1784 1071 1902 1106 ἠ-εἰθη-

1117 1128 1177 1151 σαν,
1201 1119 1237 1150 ὡς
1261 1118 1308 1144 καὶ
1329 1119 1362 1144 τὰ
1385 1117 1445 1152 ἱερὰ
1469 1117 1626 1143 διδάσκουσι
1650 1117 1746 1150 Λογια,
1766 1117 1813 1142 ἆτε
1839 1117 1904 1147 τοὺς

1117 1164 1259 1200 πατρῴους
1283 1163 1382 1197 νόμους
1405 1162 1564 1196 παι-αδῆναι
1587 1162 1624 1196 μὴ
1649 1163 1831 1196 ἀνασχόμενοι
1853 1161 1905 1187 καὶ

1116 1210 1162 1236 τὸν
1189 1210 1300 1244 ὖψιστον
1324 1209 1390 1234 Θεὸν
1411 1208 1546 1242 ἀτιμάσαι
1564 1207 1610 1233 καὶ
1629 1207 1731 1242 εἰδώλῳ
1753 1215 1906 1242 προσενεγ-

1118 1258 1176 1283 κεῖν
1193 1255 1242 1291 τὴν
1258 1254 1444 1290 προσκύνησιν
1456 1261 1464 1269 ·
1488 1254 1576 1289 ταύτῃ
1595 1262 1635 1279 τοι
1658 1254 1705 1280 καὶ
1732 1254 1770 1288 τῷ
1791 1253 1906 1288 πονηρῴ

1117 1302 1306 1330 διαϐάλλονται
1325 1301 1448 1336 βασιλεῖ’
1467 1301 1515 1327 καὶ
1535 1301 1731 1335 προσελθόντες
1750 1301 1774 1326 οἱ
1792 1300 1908 1327 διαϐαλ-

1118 1349 1210 1380 λοντες
1231 1347 1347 1378 αὐτούς·
1364 1346 1492 1378 Βασιλεῦ,
1517 1346 1632 1381 ἔφησαν,
1655 1347 1680 1372 οἱ
1697 1345 1773 1380 παρὰ
1791 1345 1838 1372 σοῦ
1854 1346 1905 1379 τῆς

1118 1395 1210 1430 χώρας
1223 1395 1318 1429 ἄρχειν
1330 1394 1469 1428 λαχόντες,
1485 1392 1587 1426 Σεδρὰκ
1599 1390 1676 1422 οὗτος
1691 1393 1738 1418 καὶ
1749 1392 1841 1418 Μιςὰκ
1856 1392 1907 1419 καὶ

1125 1439 1290 1474 Ἀῦδεναγὼ,
1301 1439 1362 1466 οὔτε
1379 1441 1412 1474 τῇ
1430 1439 1515 1464 εἰκόνι
1531 1440 1695 1473 προτκυνείν
1709 1439 1776 1470 ὅλως
1793 1439 1908 1472 ἀνέχονι

1119 1495 1174 1520 ται,
1195 1486 1257 1512 οὔτε
1283 1486 1336 1521 μὴν
1357 1487 1414 1517 τοῖς
1438 1487 1494 1516 σοῖς
1519 1485 1688 1519 διατάγμασι
1716 1484 1906 1519 πειθαρχοῦσι.

1120 1533 1213 1561 Ταῦτα
1228 1531 1305 1559 εἶπον
1321 1533 1431 1565 ἐκεῖνοι,
1450 1533 1495 1558 καὶ
1512 1531 1697 1566 ταχὺτοὺτους
1710 1532 1748 1562 εἰς
1767 1531 1911 1564 παραστα-

1122 1589 1164 1607 σιν
1181 1580 1210 1606 τὸ
1226 1579 1366 1612 βασιλικὸν
1379 1579 1485 1613 ἐδέχετο
1503 1578 1592 1613 βῆμα·
1609 1577 1634 1603 τί
1649 1577 1696 1604 οὖν
1711 1578 1741 1603 τὸ
1758 1577 1908 1609 ὲντεῡθεν;

1124 1625 1155 1652 Ὀ
1171 1625 1221 1660 μὲν
1232 1626 1257 1652 εί
1271 1624 1358 1660 ἀληθῆ
1377 1623 1464 1650 ταῦτα
1485 1623 1678 1650 διεπυνθάνετο
1701 1623 1747 1649 καὶ
1765 1624 1797 1657 τῇ
1817 1624 1907 1658 χρυσῇ

1119 1670 1204 1697 εἰκόνι
1219 1669 1288 1704 μετὰ
1301 1668 1355 1695 τῶν
1369 1668 1456 1696 ἄλλων
1473 1669 1504 1694 οὺ
1523 1669 1686 1702 προσκυνεῖν
1700 1666 1855 1702 βούλοιντο⁶
1870 1667 1910 1702 μὴ

1119 1714 1147 1740 δὲ
1162 1713 1217 1747 γὰρ
1233 1713 1373 1739 πιστεύειν
1386 1713 1479 1747 ἔλεγεν
1495 1712 1624 1747 ἀληθείας
1635 1712 1745 1747 ἔχεσθαι
1759 1712 1846 1738 ταῦτα
1857 1719 1864 1726 ⁶
1884 1713 1911 1738 οἱ

1120 1759 1148 1786 δὲ
1167 1759 1353 1794 μεγαλόφρονι
1372 1759 1476 1794 διανοίᾳ
1491 1759 1567 1785 οὐδὲν
1587 1759 1680 1793 ἕτερον
1698 1758 1714 1792 ἢ
1737 1758 1808 1792 ἔχειν
1827 1758 1911 1793 μόνον

1120 1805 1187 1831 Θεὸν
1203 1807 1231 1832 ὲν
1245 1806 1370 1840 οὐρανοῖς
1387 1805 1516 1840 ἔφασκον,
1529 1805 1558 1837 ὃς
1574 1805 1716 1838 ἐξελέσθαι
1733 1806 1806 1839 ἡμᾶς
1827 1805 1911 1831 δύνα-

1120 1859 1167 1877 ται
1183 1851 1232 1885 τῆς
1251 1850 1367 1884 καμίνου
1382 1849 1484 1884 ταύτης
1502 1850 1552 1885 τῆς
1569 1852 1716 1886 καιομένης
1730 1852 1775 1878 καὶ
1789 1851 1842 1877 τῶν
1856 1850 1913 1877 σῶν

1122 1897 1233 1932 χειρῶν,
1249 1893 1270 1922 ὧ
1286 1895 1408 1931 βασιλεῦ.
1426 1896 1549 1922 Γνωστὸν
1571 1897 1625 1932 γὰρ
1640 1897 1749 1932 ἀληθῶς
1769 1897 1840 1923 ἔστω
1857 1906 1912 1929 σοι,

1121 1943 1163 1969 ὃτι
1179 1943 1235 1974 τοῖς
1250 1942 1321 1972 θεοῖς
1344 1949 1391 1967 σου
1411 1941 1440 1966 οὐ
1457 1940 1627 1976 λατρεύομεν
1649 1943 1696 1969 καὶ
1718 1943 1750 1977 τῇ
1766 1943 1851 1968 εικόνι
1878 1944 1914 1977 τῇ

1122 1983 1239 2023 χρυσῇ
1254 1986 1374 2022 ἔστησας
1386 1986 1416 2012 οὐ
1428 1987 1651 2022 προσκυνοῦμεν.
1665 1986 1777 2017 Τούτοις
1789 1986 1803 2011 ὁ
1813 1985 1916 2020 τύραν-

1124 2042 1167 2064 νος
1180 2033 1256 2060 οὐδὲν
1270 2042 1351 2069 ηττον
1369 2033 1417 2067 τῆς
1434 2032 1600 2068 ἀναφθείσης
1616 2033 1733 2067 καμίνου
1753 2031 1915 2063 διακαυθεὶς

1125 2079 1225 2113 ἄνδρας
1237 2079 1364 2114 ἰσχυροὺς
1380 2079 1409 2104 ὲν
1422 2079 1491 2113 ὀργῇ
1507 2078 1613 2104 κελεύει
1626 2078 1690 2109 τοὺς
1704 2079 1766 2112 περὶ
1783 2077 1915 2112 ’Δζαρίαν

1125 2125 1222 2156 αὑταῖς
1238 2125 1345 2156 στολαῖς
1359 2125 1406 2151 καὶ
1424 2125 1621 2160 περικνημῖσιν
1637 2124 1674 2156 ὡς
1689 2122 1761 2158 εἶχον
1780 2124 1918 2158 πεδήσαν-

1125 2181 1182 2203 τες.
1201 2172 1332 2206 ἐμϐαλεῖν
1349 2173 1389 2204 είς
1408 2172 1457 2208 τὴν
1476 2172 1611 2207 κάμινον·
1635 2172 1682 2197 καὶ
1705 2171 1729 2198 οἱ
1751 2171 1801 2206 μὲν
1822 2172 1862 2201 είς
1884 2170 1917 2196 τὸ

288 2222 386 2249 festum
399 2221 534 2256 eﬂugiunt
548 2219 712 2255 periculum.
732 2219 791 2246 Non
807 2219 881 2246 enim
897 2226 945 2245 eos
963 2218 1068 2245 omnim

1128 2217 1184 2252 πῦρ
1200 2217 1301 2249 εὐθέως
1318 2217 1473 2253 βληθέντες,
1492 2217 1524 2243 ἐκ
1547 2217 1674 2252 προνοίας
1690 2216 1764 2247 θείας
1785 2215 1918 2246 ἁῦλαὸεῖς

289 2268 360 2303 ignis
376 2267 476 2303 attigit,
504 2274 594 2301 neque
611 2274 659 2292 eos
675 2265 729 2292 ttlla
746 2265 838 2292 atl‘ccit
854 2264 991 2291 molestia.
1022 2264 1075 2291 Sed

288 2321 350 2341 cum
367 2321 419 2340 una
436 2321 498 2341 cum
516 2320 557 2340 cis
572 2312 759 2339 descendisset
774 2317 802 2339 et
822 2311 951 2346 Angelus,
982 2311 1075 2338 statim

289 2357 401 2393 quidem
414 2365 428 2384 a
449 2357 654 2391 circumpositis
669 2357 829 2383 relaxantur
855 2356 992 2383 vinculis:
1009 2364 1076 2383 aura

291 2408 382 2432 autem
397 2411 459 2431 rore
485 2411 642 2438 aspergens,
655 2403 695 2430 eis
707 2403 795 2430 evasit
809 2403 889 2438 ignis,
904 2408 933 2430 et
944 2408 1075 2438 tanquam

291 2450 317 2476 in
349 2450 468 2477 thalamo
494 2450 520 2476 in
550 2450 639 2476 media
656 2450 764 2476 flamma
787 2454 904 2480 stantes,
930 2449 1078 2476 laudabant

292 2496 377 2523 Deum
397 2497 589 2523 universorum
609 2504 615 2522 :
632 2496 796 2523 Benedictus
817 2504 858 2527 es,
874 2495 1009 2527 dicentes,
1026 2495 1079 2522 Do-

294 2545 378 2578 mine,
397 2544 469 2571 Deus
482 2549 590 2579 patrum
608 2549 775 2576 nostrorum,
791 2548 819 2571 et
833 2543 970 2571 laudabile
983 2546 1011 2570 et
1022 2542 1080 2577 glo-

295 2591 399 2618 riosum
413 2595 455 2618 est
469 2598 568 2617 nomen
586 2595 662 2617 tuum
687 2590 715 2617 in
735 2591 853 2618 saecula:
868 2594 896 2617 et
925 2597 986 2624 quae
1002 2588 1081 2616 dein-

292 2645 358 2672 ceps
383 2641 538 2671 sequuntur
564 2636 590 2663 in
619 2636 736 2663 cantico.
765 2636 819 2663 Eos
840 2643 905 2662 vero
935 2634 983 2670 qui
1007 2634 1080 2668 ipsos

293 2687 470 2714 accusabant,
482 2681 633 2712 Chaldmos,
649 2687 677 2708 ct
692 2681 793 2708 multos
815 2681 883 2708 alios
901 2687 934 2707 ex
951 2679 1079 2714 Assyriis,

295 2729 365 2764 ignis
378 2736 528 2755 excurrens
540 2727 660 2762 perdidit
674 2731 701 2754 et
715 2725 867 2754 interemit.
895 2725 940 2752 Sic
951 2725 1039 2760 gloria
1054 2730 1082 2752 et

296 2776 401 2802 honore
415 2782 547 2802 coronare
561 2774 638 2801 novit
648 2774 721 2801 Deus
732 2780 791 2803 eos,
804 2772 851 2807 qui
866 2779 963 2799 revera
980 2779 1080 2800 nomen

298 2822 373 2848 illius
386 2821 548 2856 gloriﬁcant.
564 2820 609 2848 Sic
624 2819 675 2847 fide
699 2819 799 2853 dignus
813 2822 866 2850 est,
882 2817 928 2853 qui
944 2818 1080 2853 promisit,

297 2867 369 2899 quod
406 2866 512 2894 etiamsi
530 2875 578 2901 per
598 2866 686 2900 ignem
708 2864 812 2897 venias,
829 2873 883 2892 non
900 2865 1082 2898 combureris,

1127 2262 1306 2294 διασώζονται
1326 2264 1372 2290 καὶ
1392 2263 1552 2297 παραδόξως
1579 2263 1625 2289 τὸν
1641 2262 1766 2299 προφανῆ
1791 2261 1917 2288 κίνδυνον

1129 2308 1349 2343 ὑποφεύγουσιν’
1366 2309 1396 2335 οὔ
1411 2309 1464 2344 γὰρ
1482 2308 1572 2343 ἥψατο
1587 2308 1680 2335 αὐτῶν
1702 2308 1731 2334 τὸ
1753 2307 1869 2334 καθόλου
1887 2307 1919 2334 te

1129 2355 1184 2391 πῦρ
1200 2355 1262 2382 οὐδὲ
1281 2355 1334 2391 μὴν
1351 2354 1470 2389 ἐλύπησε
1486 2355 1516 2381 τὸ
1531 2355 1672 2389 παράπαν,
1689 2354 1757 2380 ἀλλὰ
1778 2362 1920 2387 συγκατα-

1129 2401 1228 2433 ϐἀντος
1241 2401 1332 2432 αὐτοῖς
1348 2401 1476 2436 ἀγγέλου,
1489 2401 1609 2427 ἀνίενται
1623 2400 1671 2436 μὲν
1689 2400 1742 2426 τῶν
1757 2400 1920 2435 περικειμέ-

1130 2459 1184 2476 νων
1202 2448 1300 2476 αυτίκα
1317 2448 1425 2482 δεσμῶν
1437 2455 1445 2464 ⁸
1461 2447 1532 2482 αὖρα
1547 2446 1574 2473 δὲ
1593 2446 1754 2481 δροσίζουσα
1764 2446 1794 2471 τὸ
1805 2445 1862 2480 πῦρ
1873 2445 1920 2470 αὗ-

1131 2496 1187 2526 τοῖς
1208 2495 1342 2528 ὲγεγόνει,
1359 2494 1407 2520 καὶ
1429 2493 1465 2524 ὼς
1488 2494 1517 2519 ὲν
1538 2492 1655 2519 παστάδι
1681 2493 1714 2526 τῇ
1734 2491 1813 2525 φλογὶ
1836 2491 1920 2522 μέσον

1132 2541 1248 2572 ἑστῶτες
1259 2541 1304 2567 τὸν
1316 2540 1362 2566 ἐπὶ
1372 2540 1481 2566 πάντων
1495 2538 1598 2573 ὕμνουν
1613 2538 1680 2564 Θεόν
1689 2545 1696 2553 ο
1710 2537 1866 2572 Εὐλογητὸς
1885 2535 1920 2569 ei,

1133 2587 1230 2622 Κύριε,
1246 2586 1382 2620 λέγοντες,
1397 2586 1411 2612 ό
1426 2585 1491 2616 Θεὺς
1500 2585 1554 2610 τῶν
1569 2584 1694 2618 πατέρων
1707 2583 1796 2618 ἡμῶν,
1812 2583 1859 2610 καὶ
1877 2583 1922 2608 αἱ·

1133 2632 1209 2659 νετὺν
1221 2631 1268 2659 καὶ
1277 2631 1471 2666 δεδοξασμένον
1483 2629 1512 2656 τδ
1524 2628 1609 2663 ὄνομά
1619 2637 1665 2654 σου
1679 2629 1718 2658 είς
1731 2628 1796 2659 τοὺς
1807 2627 1921 2658 αἰῶνας.

1133 2679 1180 2705 καὶ
1196 2679 1230 2705 τὰ
1245 2677 1309 2712 ἑξῆς
1323 2677 1373 2711 τῆς
1389 2675 1474 2712 ᾠδῆςο
1494 2676 1557 2706 τοὺς
1571 2674 1599 2701 δὲ
1619 2673 1796 2704 διαδαλόντας
1821 2673 1922 2702 αὐτοὺς

1135 2724 1286 2755 Χαλδαίους
1298 2723 1346 2750 καὶ
1358 2722 1472 2753 πολλοὺς
1484 2721 1578 2752 ἄλλους
1592 2720 1646 2746 τῶν
1663 2719 1813 2754 ’Δσσυρίων
1824 2719 1854 2745 τὺ
1866 2718 1922 2753 πῦρ

1135 2770 1270 2806 ὲκδραμδν
1287 2768 1425 2803 διέφθειρέ
1441 2775 1470 2793 τε
1485 2767 1532 2794 καὶ
1549 2767 1590 2798 εἰς
1602 2766 1677 2797 τέλος
1689 2765 1831 2792 ἀπώλεσεν
1844 2783 1852 2793 .
1868 2762 1922 2791 Οὖ-

1135 2826 1174 2844 τω
1192 2816 1256 2852 δόξῃ
1270 2815 1318 2842 καὶ
1333 2816 1398 2849 τιμῇ
1414 2813 1564 2846 στεφανοῦν
1581 2810 1634 2839 οἶδε
1650 2812 1717 2843 Θεὸς
1727 2812 1789 2842 τοὺς
1805 2811 1879 2847 ἔργῳ
1893 2810 1923 2836 τὸ

1136 2864 1242 2891 εκείνου
1259 2860 1421 2894 δοξάζοντας
1447 2860 1550 2895 ὃνομα“
1569 2858 1640 2886 οὖῖω
1656 2859 1748 2890 mm;
1762 2859 1775 2885 δ
1790 2859 1923 2892 ἐπαγγει-
