2024 3153
132 149 179 181 381

646 152 733 182 ΠΤΑ
755 152 785 181 S.
815 151 1027 182 PROPHET/E
1046 151 1236 182 DANIELIS.

1707 151 1760 182 382

132 208 261 241 λαμενος,
286 207 328 233 ὅτι
343 206 404 234 Κᾶν
423 206 467 234 διὰ
489 208 573 241 πυρὸς
592 208 711 244 διέλθῃς,
730 208 760 235 οὐ
780 208 817 243 μὴ
834 216 917 235 κατα-

973 215 1061 243 neque
1078 207 1198 234 ardebis.
1216 206 1305 241 Atque
1323 206 1382 234 haec
1398 206 1509 242 quidem
1528 205 1568 234 sic
1591 204 1760 234 habuerunt,

133 252 237 286 κιυθῇς
251 252 313 278 οὐδὲ
334 252 371 287 μὴ
390 252 562 288 συμφλεγῇς.
578 251 640 288 Εῐχε
658 253 708 288 μὲν
728 253 800 280 οὕτω
816 253 919 280 ταῦτα·

133 297 180 324 tui.
193 298 219 324 οἱ
234 298 309 332 τρεῖς
324 297 418 329 παῖδες
429 299 458 324 ὲν
469 298 502 334 τῇ
515 299 623 334 καμίνῳ
638 299 743 334 διῆγον,
761 299 800 327 ἔτι
816 299 860 326 τὸν
875 299 921 326 ἐπὶ

133 345 244 370 πάντων
262 343 402 375 αἰνοῦντες
414 343 491 371 Θεόν.

168 389 210 417 H’.
232 391 264 416 '0
279 390 407 424 βασιλεὺς
428 390 456 416 δὲ
481 390 512 416 τὸ
531 390 646 426 πρᾶγμα
662 390 707 417 διὰ
722 390 859 424 θαύματος
876 391 921 416 θέ-

135 443 228 468 μῑνος,
244 434 292 460 τοῦ
310 434 406 468 θρόνου
426 434 475 469 μὲν
490 434 571 466 εὐθὺς
582 435 769 468 ἐξανίσταται·
785 434 922 468 διαπορῶν

133 480 160 505 δὲ
174 477 221 515 ἧν,
241 479 300 510 πῶς
322 479 376 514 ἄρα
398 479 472 515 τρεῖς
493 480 558 515 παρ’
575 479 657 506 αὐτοῦ
679 481 712 515 τῇ
730 480 839 515 καμίνῳ
857 479 922 515 βλη-

133 524 227 555 θέντες
246 524 380 558 τέσσαρες
397 523 649 559 ἆρτικαθορῶνται,
668 525 752 560 μηδὲν
767 525 889 561 λυπηρδν
904 526 920 562 ἧ

133 569 215 601 ἀηδὲς
228 569 298 599 ὅλως
322 568 444 603 ἔχοντες·
468 569 485 604 ἡ
508 567 555 594 τοῦ
574 568 705 602 τετάρτου
724 569 750 595 δὲ
766 568 826 603 ὄφις
839 570 921 604 ὁμοία

135 614 193 649 Υἱῷ
210 614 291 646 Θεοῦ,
306 615 353 641 καὶ
369 614 469 641 αὐτίκα
492 614 561 649 πρὸς
580 616 613 649 τῇ
635 614 705 650 θύρᾳ
731 615 778 642 τοῦ
803 616 920 649 καμίνου

135 662 282 696 γενὸμενος
295 670 302 678 ·
318 662 431 697 Σεδρὰχ,
447 661 509 696 ἔφη,
523 662 570 687 καὶ
585 662 678 689 Μισὰκ
692 663 739 690 καὶ
755 663 920 698 Ἀΰδεναγὼ,

134 707 158 733 οἱ
171 706 264 733 δοῦλοι
276 707 323 732 τοῦ
336 706 404 733 Θεοῦ
427 706 473 733 τοῦ
496 707 621 741 ὑψίστου,
633 707 754 739 ἐξέλθετε
770 709 816 735 καὶ
829 709 919 736 δεῦτε⁴

131 752 155 778 ei
170 752 200 779 δὲ
214 752 329 787 ἐξῆλθον
343 752 407 779 σῶοι
430 752 475 779 κα)¹
490 752 607 784 ἆθικτοι,
627 753 694 788 μηδὲ
715 755 806 789 τριχὸς
830 755 920 783 αὐτῶν

131 798 177 825 τοῦ
192 799 281 833 «rapa;
293 799 500 834 κυριεύσαντος.
515 800 608 826 Ταῦτα
619 800 657 831 ὡς
675 797 744 827 εἶδεν
755 802 768 828 ὁ
781 801 918 836 βασιλεὺς,

131 844 180 880 τὴν
196 845 352 880 ὑπερδολὴν
364 845 410 871 τοῦ
427 845 578 878 θαύματος,
592 846 692 881 μᾶλλον
707 847 735 874 δὲ
748 848 801 874 τῶν
814 848 920 883 θαυμά-

130 899 185 917 των
200 890 398 924 καταπλαγεὶς,
417 890 456 916 ὅτι
470 899 498 917 τε
515 891 655 925 κρείττους
669 890 801 926 ὤφθησαν
815 893 918 920 τοιοῦδε

130 935 228 970 πυρὸς,
245 936 292 962 καὶ
307 935 348 962 ὅτι
366 935 403 971 μὴ
419 935 511 966 ἁπλῶς
525 936 678 971 κρείττους,
691 937 759 963 ἀλλὰ
775 937 842 972 μηδὲ
859 938 920 973 θρὶξ

128 981 221 1007 αὐτῶν
235 982 265 1007 τὸ
276 981 515 1015 εὐμαραντύτατον
526 981 644 1018 τοσαύτῃ
660 983 803 1018 παρεῤῥύη
820 984 900 1018 φλογί
911 992 917 1000 ·

128 1027 199 1062 πρὸς
221 1028 329 1059 τούτοις
345 1029 386 1054 ὅτι
404 1027 542 1063 δεδεμένοι
563 1028 638 1061 ὀντες
650 1029 730 1061 εὐθὺς
755 1030 914 1066 ἀνείθησαν,

127 1074 175 1099 καὶ
195 1074 293 1109 ὅτιπερ
315 1074 344 1100 ἐν
370 1075 403 1108 τῇ
429 1074 538 1108 καμίνῳ
559 1075 693 1109 παρόντες
716 1075 755 1102 ἔτι
776 1077 823 1103 καὶ
845 1077 919 1112 ᾅδειν

126 1118 271 1153 ἠκούοντο,
286 1119 300 1145 ὃ
315 1120 371 1152 τοῖς
394 1121 423 1146 ὲν
442 1120 522 1154 φλογὶ
539 1119 655 1147 θάνατον
671 1121 754 1153 ὀξέως
778 1119 849 1149 οἶδεν
867 1124 918 1150 ὲπο

127 1165 206 1199 ἀγειν
233 1166 302 1201 αὐτῇ
320 1166 494 1201 παραχρῆμα
509 1167 541 1201 τῇ
556 1167 683 1200 διανοίξει
702 1168 749 1194 τοῦ
772 1169 917 1204 στόματος,

127 1211 174 1237 tu".
195 1211 238 1237 ὅτι
260 1212 291 1238 τὸ
310 1211 366 1247 πῦρ
387 1212 477 1238 ἐκεῖνο
492 1212 505 1238 ὃ
517 1213 566 1247 τῆς
579 1213 684 1245 οἰκείας
707 1215 735 1240 ὲν
750 1214 856 1246 τούτοις
875 1216 918 1249 ἐξ·

127 1258 244 1287 ιλάθετο
271 1258 392 1293 φύσεως,
415 1259 444 1284 ὲν
464 1261 520 1287 τοῖς
548 1259 614 1293 περ).
640 1260 690 1295 τὴν
723 1260 837 1296 κάμινον
859 1260 918 1290 οὖσι

127 1303 276 1335 Χαλδαίοις
293 1303 348 1339 πῦρ
363 1304 476 1335 ἀκριϐὲς
491 1301 525 1339 ἦν
540 1305 586 1331 καὶ
601 1305 662 1332 οὐδὲ
679 1306 750 1333 κατὰ
763 1306 855 1342 χώραν
869 1309 918 1342 μὲ-

128 1357 186 1379 νον,
201 1348 261 1375 ἀλλ’
275 1348 347 1381 ὲξι¹ν
368 1349 415 1375 καὶ
430 1349 577 1385 ἁλλόμενον
598 1350 644 1376 καὶ
668 1351 731 1382 τοὺς
756 1351 847 1384 ἀξίους
872 1353 917 1379 εὐ-

127 1395 291 1430 μαρέστατα
313 1395 494 1429 καταᾳλέγον·
524 1396 611 1422 ταῦτα
641 1396 730 1423 πάντα
755 1397 858 1430 ἐκεῖνος
880 1398 918 1430 ὡς

126 1439 209 1473 εἶδεν,
227 1441 268 1472 εἰς
284 1441 336 1475 γῆν
357 1449 387 1467 τε
411 1441 491 1473 εὐθὺς
501 1441 599 1468 ἔπιπτε
624 1442 687 1475 καὶ,
709 1442 858 1478 Εὑλόγητος
881 1441 916 1477 εἴ,

125 1487 228 1522 Κύριε,
244 1487 350 1522 μεγάλῃ
361 1486 461 1521 ἔκραζε
477 1488 509 1522 τῇ
525 1489 612 1523 φωνῇ,
630 1488 644 1514 ὁ
655 1487 721 1520 Θεὸς
734 1488 781 1514 τοῦ
802 1489 916 1525 Σεδρὰχ,

973 260 1001 282 et
1018 260 1072 282 tres
1090 254 1169 289 pueri
1187 252 1321 288 degebant
1345 253 1372 279 in
1385 253 1497 280 fornace
1511 251 1656 280 laudantes
1673 251 1758 278 Deum

975 300 1178 328 universorum.

1010 390 1078 417 Vill.
1095 390 1152 416 Rex
1166 393 1257 416 autem
1278 395 1335 415 rem
1351 387 1514 419 admiratus,
1530 385 1622 413 statim
1648 386 1759 420 quidem

973 437 1061 470 surgit
1082 443 1097 462 ο
1115 435 1213 462 throno
1233 443 1239 460 :
1258 433 1402 461 dubitabat
1426 436 1529 463 autem,
1547 432 1685 465 quomodo
1703 436 1761 459 tres

973 482 1007 509 ab
1017 489 1051 509 eo
1068 481 1185 516 conjecti
1203 480 1230 507 in
1258 480 1409 510 fornacem,
1423 486 1497 505 nunc
1513 481 1662 504 cernantur
1689 485 1759 511 qua-

974 532 1047 557 tuor.
1060 527 1107 561 qui
1122 526 1192 553 nihil
1204 525 1318 552 omnino
1329 532 1411 560 grave
1420 528 1467 550 aut
1480 523 1624 550 molestum
1636 529 1758 549 sensere.

973 575 1108 608 Aspectus
1123 580 1190 600 vero
1213 573 1303 608 quarti
1326 576 1368 598 est
1380 571 1479 598 similis
1495 569 1566 597 Filio
1579 569 1638 596 Dei.
1653 569 1684 596 Et
1704 574 1759 596 sta-

974 620 1022 648 tim
1038 619 1172 647 accedeus
1189 619 1223 646 ad
1238 619 1338 646 ostium
1349 618 1478 650 fornacis,
1497 616 1633 645 Sedrach,
1658 616 1757 650 inquit,

972 670 1001 694 et
1017 666 1111 696 Misae.
1125 669 1151 692 et
1168 665 1327 699 Abdenago,
1344 663 1416 692 servi
1435 663 1482 690 Dei
1499 662 1634 694 altissimi,
1652 661 1760 688 cxiteet

973 713 1073 740 venite.
1105 712 1143 739 Illi
1171 716 1263 738 autem
1282 710 1350 738 salvi
1377 709 1481 745 egressi
1511 714 1575 736 sunt
1594 713 1622 735 et
1650 707 1758 739 intacti,

973 765 1035 785 cum
1052 765 1086 784 ne
1109 757 1135 784 in
1153 764 1236 783 uttuut
1255 756 1366 791 quidem
1385 755 1470 790 pilum
1489 753 1658 780 dominatum
1689 751 1762 778 obti-

973 804 1080 831 nuisset
1094 803 1174 837 ignis.
1188 802 1250 829 Haec
1266 809 1328 829 cum
1347 801 1461 828 vidisset
1486 808 1544 832 rex,
1566 798 1692 826 miraculi
1716 797 1760 825 vel

974 849 1065 884 potius
1078 849 1274 876 miraculorum
1295 841 1434 874 summam'
1453 850 1566 881 stupens
1592 844 1760 880 magnitudi-

973 904 1046 929 nem,
1066 903 1164 930 nempe
1183 895 1256 930 quod
1273 899 1301 922 et
1326 894 1371 921 tali
1396 895 1458 929 igne
1473 893 1575 921 fuerint
1589 892 1758 928 superiores,

971 945 998 967 et
1013 940 1087 975 quod
1102 948 1157 967 non
1171 941 1257 967 solum
1272 940 1440 974 superiores,
1459 939 1506 966 scd
1520 947 1569 966 nec
1582 946 1679 965 eorum
1694 937 1759 972 qui-

971 989 1033 1016 dcm
1048 987 1131 1023 pilus,
1146 995 1201 1019 res,
1217 995 1278 1022 qua:
1296 987 1426 1014 facillime
1440 985 1577 1013 ﬂaceescit
1607 989 1635 1012 et
1654 992 1758 1012 marce-

970 1034 1032 1066 scit,
1053 1037 1127 1060 tanta
1146 1032 1253 1060 flamma
1281 1032 1440 1060 effluxerit:
1462 1037 1490 1060 et
1519 1037 1662 1067 przeterea,
1685 1031 1758 1065 quod

971 1087 1033 1107 cum
1049 1084 1143 1107 essent
1156 1078 1253 1111 vincti,
1279 1078 1412 1105 continuo
1429 1077 1505 1105 fuere
1521 1078 1603 1104 soluti
1620 1082 1666 1104 :et
1683 1076 1757 1111 quod

970 1133 1032 1153 cum
1049 1124 1139 1152 adhuc
1153 1128 1246 1152 essent
1265 1124 1292 1150 in
1315 1123 1436 1155 fornace,
1452 1123 1539 1150 auditi
1559 1127 1624 1150 sunt
1649 1130 1756 1149 canen-

970 1175 1011 1198 tes
1027 1180 1033 1197 :
1051 1170 1123 1206 quod
1144 1169 1256 1205 quidem
1279 1169 1324 1202 iis,
1352 1169 1399 1204 qui
1417 1173 1482 1196 sunt
1497 1169 1523 1196 in
1551 1169 1671 1200 ﬂamma,
1698 1168 1757 1203 ipsa

969 1216 1061 1244 statim
1081 1215 1138 1243 oris
1154 1215 1296 1250 apertione
1321 1219 1437 1242 mortem
1462 1215 1532 1242 solet
1551 1215 1650 1241 atlerre
1670 1214 1757 1248 proti-

969 1271 1021 1290 nus
1039 1272 1046 1290 :
1063 1267 1090 1290 ct
1121 1261 1195 1297 quod
1213 1262 1257 1289 ille
1286 1261 1368 1297 ignis,
1386 1261 1433 1296 qui
1464 1261 1491 1288 in
1508 1262 1548 1288 eis
1578 1260 1696 1295 proprie
1715 1264 1757 1287 est

969 1310 1070 1337 oblitus
1097 1313 1211 1339 naturae,
1234 1308 1261 1335 in
1281 1307 1428 1339 Chalda-is,
1443 1308 1490 1342 qui
1507 1312 1586 1335 erant
1608 1307 1680 1334 circa
1702 1306 1758 1333 for-

969 1363 1077 1388 nacem,
1096 1355 1147 1382 fuit
1161 1362 1243 1382 verus
1255 1359 1283 1382 et
1296 1354 1435 1389 perfectus
1454 1354 1535 1389 ignis,
1546 1358 1574 1380 ct
1586 1361 1636 1380 nec
1657 1353 1684 1380 in
1696 1353 1756 1380 loco

969 1402 1081 1439 quidem
1096 1409 1220 1434 manens,
1238 1401 1285 1428 sed
1304 1391 1450 1436 egr-ediens
1469 1405 1497 1427 et
1521 1399 1632 1431 saliens,
1652 1403 1680 1426 et
1697 1405 1755 1430 eos,

969 1450 1016 1484 qui
1040 1449 1115 1485 digiti
1138 1453 1226 1481 erant,
1254 1448 1421 1476 comburens
1447 1446 1585 1473 facillintc.
1607 1446 1756 1479 Postquam

971 1496 1016 1523 ille
1030 1496 1098 1522 vidit
1112 1496 1170 1522 haec
1186 1494 1288 1527 omnia,
1305 1494 1397 1522 statim
1414 1493 1490 1520 buuti
1503 1491 1613 1523 cecidit,
1626 1496 1654 1518 et
1671 1491 1756 1518 Bene-

127 1532 223 1558 Μισὰκ
245 1533 294 1558 καὶ
312 1531 479 1564 ’Ᾱῧδεναγὼ,
500 1531 529 1562 δς
553 1531 697 1558 ἀπέστειλε
728 1531 773 1558 τὸν
798 1532 916 1566 ἄγγελον

970 1541 1059 1569 dictus
1072 1548 1112 1572 es,
1124 1540 1248 1572 Domine,
1264 1547 1361 1574 magna
1375 1546 1442 1566 voce
1461 1537 1601 1568 clamavit,
1619 1537 1692 1564 Deus
1712 1536 1756 1563 Si-

125 1577 210 1603 αὐτοῦ
222 1577 271 1603 καὶ
285 1576 420 1612 ὲρῤύσιιτο
433 1576 496 1608 τοὺς
508 1576 599 1608 ὁσίους
613 1577 696 1610 αὐτοῦ
711 1578 807 1610 παῖδας
822 1579 854 1605 ὲκ
869 1578 916 1605 τοῦ

125 1623 214 1658 πυρὸς
231 1623 280 1649 καὶ
297 1622 392 1649 κακῶν
406 1624 522 1655 ἀπαθεῖς
537 1623 714 1659 διετήρησεν·
733 1622 792 1651 εἶτα
808 1624 856 1651 καὶ
872 1624 916 1651 86-

124 1678 184 1704 γμα
204 1668 358 1702 ἐκτίθησιν,
371 1669 429 1700 Πᾶς
446 1669 531 1701 ὅστις,
546 1669 644 1704 λέγων,
657 1669 687 1696 οὐ
705 1672 856 1706 προσκυνεῖ
871 1671 916 1698 τὸν

125 1715 191 1741 Θεδν
213 1714 330 1749 Σεδρὰχ,
347 1714 440 1740 Μισὰκ
464 1714 511 1741 καὶ
533 1714 696 1749 Ἀϐδεναγὼ,
717 1716 758 1746 είς
776 1716 916 1743 ἀπώλειαν

126 1762 203 1787 ἔσται
219 1761 268 1787 καὶ
283 1761 317 1786 τὰ
333 1760 439 1787 ἐκείνου
460 1761 550 1788 πάντα
572 1762 612 1794 είς
633 1762 775 1797 προνομήν
788 1770 794 1777 ·
817 1762 916 1794 αὐτοῦς

126 1807 152 1834 δὲ
167 1808 232 1838 τοὺς
249 1807 402 1842 μακαρίους
426 1807 524 1838 παῖδας
549 1807 629 1842 νῦνῆ
652 1807 786 1842 προτερον
809 1806 917 1843 μείζοσι

126 1853 243 1887 δοξάτας
264 1854 370 1888 τιμαῖς,
389 1852 483 1888 ἄρχειν
509 1854 556 1879 καὶ
579 1853 633 1879 τῶν
656 1853 792 1880 Ἰουδαίων
814 1854 916 1888 αἰχμα-

127 1898 222 1924 λώτων
236 1899 249 1923 ὲ
255 1897 404 1932 πέτρεπεν.

161 1945 197 1970 8'.
215 1944 307 1978 Βραχῦ
318 1944 348 1970 τὸ
367 1943 436 1978 μετὰ
449 1942 546 1976 ταῦτα,
563 1944 610 1970 καὶ⁵
629 1943 711 1971 πάλιν
726 1944 823 1979 ὅρασις
835 1945 917 1980 ἑτέρα

126 1991 197 2018 κατὰ
211 1991 276 2023 τοὺς
289 1991 390 2023 ὕπνους
400 1991 439 2026 τῷ
452 1991 558 2026 βασιλεῖ
571 1991 721 2025 δείκνυται,
734 1991 781 2019 καὶ
794 1993 810 2028 ἠ
822 1992 918 2027 ὅρασις

127 2037 217 2064 τοιάδε
229 2045 237 2052 ³
253 2037 362 2072 δένδρον
375 2037 442 2072 δρᾷν
454 2037 542 2064 ἐδόκει
561 2037 632 2072 μέγα
644 2046 673 2063 τε
689 2038 736 2064 καὶ
752 2037 916 2073 θαυμάσιον,

127 2085 140 2110 ὃ
160 2083 299 2120 ὲρῤίζωτο
316 2083 368 2117 μὲν
382 2083 429 2110 ἐπὶ
443 2083 506 2118 γῆς,
520 2083 694 2119 ὲμεγαλύνθη
710 2083 738 2110 δὲ
759 2084 806 2111 καὶ
822 2085 917 2119 ἴσχυσε

130 2130 213 2166 μέγα,
227 2131 275 2157 καὶ
283 2130 314 2156 τὸ
326 2130 392 2164 ὕψος
405 2130 488 2157 αὐτοῦ
505 2131 665 2165 κατειλήφει
681 2130 726 2157 τὸν
740 2131 854 2166 οὐρανὸν
871 2131 918 2157 καὶ

127 2177 238 2210 φύλλοις
253 2176 366 2211 ὡραίοις
380 2175 467 2210 ἐκόμα
478 2176 525 2202 καὶ
540 2175 632 2211 ἒῦριθε
648 2175 737 2211 πολλῷ
753 2176 791 2211 τῷ
804 2177 914 2212 καρπῷ,

968 1588 1065 1620 draeh,
1096 1587 1179 1615 blisac
1194 1590 1222 1613 et
1252 1586 1426 1620 Abdenago:
1455 1585 1500 1620 qui
1525 1585 1600 1612 misit
1627 1584 1755 1619 angelum

968 1641 1059 1666 suum,
1072 1638 1099 1660 et
1110 1633 1238 1660 liberavit
1255 1637 1366 1660 sanctos
1384 1639 1448 1659 suos
1468 1639 1569 1666 pueros
1584 1631 1618 1657 ab
1636 1631 1708 1665 igne,
1727 1634 1756 1657 et

968 1687 982 1706 a
994 1679 1072 1706 malis
1092 1678 1265 1705 conservavit
1281 1677 1390 1704 illznsos.
1412 1676 1516 1703 Deinde
1534 1675 1618 1702 etiam
1636 1674 1693 1702 edit
1709 1674 1757 1701 de-

968 1724 1273 1758 cretum,Quicunquc,
1298 1723 1404 1755 dicens,
1429 1730 1483 1749 non
1511 1721 1639 1749 adorabit
1670 1721 1754 1748 Deum

969 1770 1095 1803 Sidraclt,
1125 1770 1208 1797 Misac
1232 1774 1259 1797 et
1285 1769 1445 1803 Abdeuago,
1475 1768 1610 1800 interibit,
1626 1771 1653 1794 et
1682 1767 1756 1793 illius

968 1816 1039 1844 bona
1056 1816 1149 1844 omnia
1162 1815 1258 1850 prwdte
1274 1819 1366 1842 erunt.
1383 1815 1460 1850 ipsos
1473 1819 1565 1841 autem
1583 1813 1677 1840 beatos
1688 1819 1756 1847 pue-

969 1872 1014 1891 ros
1029 1864 1136 1899 majori,
1150 1871 1230 1898 quant
1248 1863 1333 1898 prius,
1349 1863 1455 1890 honore
1470 1861 1600 1891 adiciens.
1610 1861 1693 1896 jussit
1704 1859 1756 1887 lu-

968 1910 1034 1938 datis
1048 1910 1164 1944 captivis
1177 1917 1305 1944 praeesse.

1003 1955 1049 1983 IK.
1066 1955 1125 1982 Non
1142 1955 1258 1982 multum
1277 1953 1432 1982 intercessit
1452 1953 1595 1987 temporis,
1608 1956 1636 1979 et
1657 1959 1754 1979 rursus

969 2001 1022 2029 alia
1036 2001 1107 2029 visio
1124 2001 1180 2035 regi
1199 2004 1313 2035 apparet
1329 2000 1357 2028 in
1386 2000 1501 2027 somnis.
1519 1998 1670 2026 Videbatur
1700 1997 1754 2024 sibi

968 2047 1062 2075 videre
1077 2047 1206 2074 arborem
1232 2053 1356 2081 magnam
1371 2044 1606 2077 etadmirabilcm,
1625 2051 1686 2078 qua:
1709 2051 1754 2070 ra-

969 2093 1043 2120 dices
1076 2092 1187 2127 quidem
1214 2096 1308 2127 cgerat
1338 2092 1365 2119 in
1395 2096 1466 2119 terra
1486 2089 1591 2118 :crevit
1618 2094 1710 2116 autem
1727 2093 1755 2115 et

968 2139 1045 2166 valde
1057 2138 1136 2166 fortis
1147 2138 1243 2170 evasit,
1260 2141 1289 2165 et
1303 2136 1419 2164 altitudo
1432 2137 1492 2172 ejus
1513 2136 1612 2164 cwlum
1635 2128 1754 2169 attinge-

969 2186 1025 2217 bat,
1042 2190 1070 2213 et
1083 2185 1215 2221 speciosis
1230 2189 1291 2212 erat
1311 2189 1419 2212 comata
1435 2183 1517 2215 foliis,
1541 2187 1569 2210 et
1597 2182 1675 2218 plena
1694 2185 1755 2209 erat

127 2222 160 2249 τὰ
174 2222 261 2258 θηρία
278 2231 308 2249 τε
328 2222 375 2248 τοῦ
396 2221 483 2257 ἀγροῦ
504 2222 595 2249 πάντα
616 2223 662 2249 καὶ
680 2223 714 2249 τὰ
733 2223 844 2250 πετεινὰ
867 2222 914 2249 τοῦ

969 2231 1055 2259 multo
1067 2231 1157 2259 frttctu
1176 2241 1182 2258 ι
1202 2225 1298 2258 omnes
1315 2238 1380 2258 vero
1396 2230 1490 2257 bestia:
1505 2229 1562 2264 agri
1579 2233 1607 2256 et
1628 2229 1755 2255 volucres

128 2269 243 2305 οὔρεινοῦ
261 2271 288 2296 ἐν
304 2269 392 2305 τούτῳ
402 2269 522 2304 κατῴκει
535 2277 541 2283 ·
558 2267 617 2295 εἶτα
632 2270 679 2296 καὶ
696 2270 773 2305 φωνή
789 2279 831 2302 τις
843 2270 913 2297 ἅνω-

129 2317 173 2343 θεν
196 2316 283 2351 ἁθρόα
308 2317 404 2351 προῄει
418 2317 544 2350 ἐκτεμεῖν
567 2316 597 2342 τδ
620 2316 730 2351 δένδρον
753 2316 915 2350 κελεύουσα,

132 2363 214 2397 μάνην
233 2361 262 2388 δὲ
279 2360 328 2396 τὴν
341 2361 388 2394 τῆς
410 2361 488 2396 ῥίζης
510 2361 622 2396 ὲαθῆναι
645 2362 716 2396 φυήν
728 2369 734 2375 ·
756 2362 802 2387 καὶ
818 2361 850 2396 δὴ
868 2362 916 2388 καὶ

129 2409 258 2442 ἐτέμνετο
280 2408 329 2434 καὶ
351 2407 386 2433 τὰ
405 2406 493 2441 φύλλα
508 2407 585 2434 τοῦδε
599 2407 774 2442 παραχρῆμα
791 2406 917 2443 ἐξερροί-

131 2461 219 2485 σκετο,
238 2453 285 2480 καὶ
303 2453 337 2479 τὰ
351 2453 379 2478 ὲν
395 2452 566 2487 αὑτῷπάντα
583 2453 640 2484 ζῶα
657 2452 705 2479 καὶ
721 2452 833 2478 πετεινὰ
849 2452 915 2478 0&1:-

130 2507 173 2525 τον
187 2497 372 2532 ἀφίστατο.¹0
389 2498 438 2533 μὲν
461 2499 566 2533 δνειρος
590 2495 684 2529 οὗτος·
703 2498 717 2524 ὁ
739 2498 766 2524 δὲ
789 2497 915 2532 βασιλεὺς

130 2545 174 2572 τοῦ
189 2545 275 2571 ὕπνου
290 2544 435 2576 διαναστὰς
461 2545 507 2571 καὶ
524 2545 607 2571 πάλιν
623 2545 687 2576 τοὺς
710 2545 815 2579 μάγους
833 2545 915 2571 καλέ-

132 2599 190 2623 σας,
207 2589 310 2626 διεξῄει
325 2591 356 2616 τὺ
373 2590 466 2616 θεαθὲν
489 2591 535 2617 καὶ
552 2590 612 2625 ἃμα
630 2590 657 2616 τί
677 2591 808 2626 σημαίνοι
825 2591 915 2624 λέγειν

131 2636 221 2671 ἠξίου·
240 2635 401 2672 παραυτίκα
424 2635 479 2663 τῶν
503 2636 553 2671 μὲν
572 2636 661 2663 ἄλλων
685 2636 772 2667 οὐδεὶς
797 2636 913 2671 ἐδυνήθη

131 2685 177 2718 τὴν
192 2682 288 2710 τούτου
302 2682 420 2717 δήλωσιν
433 2683 560 2718 ἑφευρεῖν
574 2683 620 2709 καὶ
633 2683 663 2709 τὸ
682 2683 777 2717 μέλλον
796 2683 915 2718 ἐμφανί-

133 2737 176 2756 σαι
189 2729 230 2764 τῷ
246 2728 363 2764 βασιλεῖ,
383 2729 483 2764 Δανιὴλ
503 2728 531 2755 δὲ
548 2728 629 2763 μόνος
650 2729 698 2755 καὶ
717 2727 789 2755 τοῦτ’
806 2729 915 2764 ἔκρινεν

131 2777 175 2803 καὶ
188 2775 280 2807 καθὼς
295 2778 369 2808 οὗτος
386 2776 526 2811 προεῖπεν,
536 2774 627 2810 ἀπέόη
637 2783 643 2790 -
667 2773 763 2810 εἴρηκε
778 2775 843 2811 γὰρ,
872 2777 914 2803 ὃτι

130 2821 163 2848 Στι
176 2819 201 2848 εῐ
213 2822 244 2849 τὺ
258 2821 378 2857 δένδρον,
394 2822 463 2856 ἔπερ
478 2819 559 2853 εἶδες,
569 2817 592 2847 ὦ
603 2820 724 2856 βασιλεῦ,
741 2823 788 2848 καὶ
802 2822 831 2848 οὐ
847 2823 914 2856 μετὰ

131 2868 215 2904 βραχὺ
229 2869 278 2904 τῆς
291 2869 377 2904 ἀρχῆς
395 2869 499 2904 ὲκπεπῇ
511 2876 517 2882 ·
535 2867 615 2895 τοῦτο
630 2867 709 2904 γὰρή
726 2867 795 2903 τομὴ
807 2869 910 2906 ἐδήλουι

966 2279 995 2305 itt
1010 2286 1041 2306 ea
1060 2277 1233 2305 habitabant.
1252 2276 1356 2304 Deinde
1373 2283 1424 2303 vox
1442 2283 1552 2310 quoque
1568 2274 1692 2308 qumdant
1710 2282 1755 2300 re-

966 2329 1047 2360 pente
1062 2332 1096 2351 ex
1108 2324 1163 2351 alto
1180 2324 1295 2356 exstitit,
1305 2330 1366 2358 quae
1379 2321 1493 2357 jubebat
1505 2320 1631 2347 arborem
1645 2319 1754 2346 exscin-

967 2371 1044 2402 dere,
1060 2371 1147 2398 solum
1165 2374 1256 2397 autem
1281 2369 1382 2395 dimitti
1412 2375 1525 2403 germen
1560 2367 1671 2394 radicis.
1692 2365 1755 2392 Fuit

967 2417 1059 2451 itaque
1073 2416 1175 2446 excisa.
1186 2421 1214 2443 et
1235 2416 1295 2450 ejus
1316 2415 1380 2442 folia
1395 2418 1507 2448 repente
1527 2412 1692 2439 eﬂluxerunt
1706 2420 1711 2438 :
1726 2415 1755 2438 et

968 2471 1029 2498 qua:
1054 2463 1178 2490 erantin
1194 2470 1237 2494 ea,
1255 2469 1352 2488 omnes
1378 2461 1532 2488 animantes
1556 2466 1584 2487 et
1614 2458 1753 2490 volucres,

968 2509 1023 2536 cito
1038 2512 1220 2536 recesserunt.
1236 2508 1326 2543 Atque
1343 2507 1395 2534 fuit
1410 2507 1522 2542 quidem
1539 2506 1591 2533 ltoc
1604 2505 1753 2533 somnium.

969 2557 1027 2584 Rex
1045 2560 1137 2583 autem
1153 2563 1167 2582 c
1183 2563 1280 2583 somno
1295 2555 1442 2587 excitatus,
1458 2554 1541 2589 Magis
1557 2560 1654 2581 rursus
1671 2559 1752 2579 voca-

968 2602 1004 2629 tis
1019 2605 1109 2628 narrat
1122 2600 1160 2633 id,
1177 2601 1250 2636 quod
1264 2601 1352 2628 visum
1362 2600 1453 2628 fuerat
1467 2609 1474 2626 :
1495 2604 1523 2627 et
1538 2599 1619 2626 simul
1637 2597 1757 2632 rogavit,

969 2646 1147 2678 utdicercnt,
1166 2646 1298 2681 quidnam
1314 2645 1494 2681 signiﬁcaret.
1521 2645 1610 2679 Atque
1637 2644 1758 2670 aliorum

969 2691 1080 2726 quidem
1097 2691 1189 2718 nullus
1204 2692 1293 2726 potuit
1311 2691 1402 2719 statim
1422 2691 1547 2718 invertite
1570 2687 1751 2724 signiﬁcatio-

968 2743 1043 2768 nem,
1058 2739 1086 2762 et
1102 2735 1211 2770 aperire
1225 2736 1280 2771 regi
1293 2736 1423 2771 quidnam
1444 2739 1517 2763 esset
1538 2734 1660 2761 futurum
1679 2742 1685 2760 :
1700 2733 1754 2760 Da-

969 2781 1024 2808 niel
1053 2789 1119 2809 vero
1134 2782 1209 2809 solus
1240 2782 1293 2809 hoc
1315 2783 1433 2817 conjecit
1448 2790 1456 2809 ι
1474 2786 1501 2809 et
1527 2781 1629 2811 evenit,
1644 2779 1717 2808 sicut
1731 2778 1756 2806 is

969 2826 1224 2860 praedixerat.Dirit
1239 2827 1312 2854 enim
1331 2835 1337 2854 :
1354 2827 1394 2854 Tu
1410 2834 1440 2854 es
1451 2827 1534 2854 arbor
1547 2834 1627 2861 quam
1649 2823 1754 2856 vidisti,

968 2880 983 2899 ο
1000 2881 1057 2900 rex.
1074 2873 1133 2902 Non
1150 2874 1235 2902 multo
1252 2879 1311 2909 post
1327 2878 1418 2902 autem
1436 2874 1545 2902 cxcides
1561 2874 1594 2902 ab
1623 2872 1753 2907 imperio.
