2024 3153
249 155 302 186 383

899 154 1040 185 MENSlS
1063 153 1208 187 IULIUS.

1825 156 1879 188 384

250 212 302 238 hoc
321 212 394 238 enim
406 211 578 248 signiﬁcabat
595 214 691 241 sectio.
711 214 814 242 Deinde
840 213 923 241 etiam
954 213 1038 240 vitam

1101 212 1151 240 ιῖτα
1167 214 1214 239 καὶ
1229 213 1333 248 Θηρίοις
1350 213 1399 249 ἔσῃ
1418 213 1645 248 συνδιαιτώμενος
1663 213 1709 240 καὶ
1729 214 1826 249 χόρτον
1843 213 1882 241 ιῖς

250 265 313 292 ages
330 258 411 285 simul
428 267 490 286 cum
507 260 583 293 feris,
600 265 627 288 et
642 261 706 289 l‘eno
727 261 850 296 pasceris
878 261 950 288 sicut
965 260 1036 287 bos:

250 310 369 339 cumque
397 305 437 332 sic
450 310 554 341 septem
566 307 647 335 annis
658 308 759 336 vixeris
775 308 802 334 in
815 307 976 337 solitudine.
987 307 1040 333 im-

251 350 359 383 perium
386 359 483 379 rursus
511 353 637 387 accipies.
655 353 714 381 Hoc
745 354 817 381 enim
839 353 891 381 sibi
912 353 970 379 vult
987 360 1039 379 vox

251 394 309 428 illa,
327 395 376 423 sed
400 404 511 431 germen
532 398 655 425 radicum
679 399 820 426 dimittite.
843 399 1006 433 Propterea,
1023 405 1040 425 ο

251 448 311 474 rex,
327 441 377 469 tibi
411 451 502 470 meum
535 445 640 479 placeat
657 445 814 478 consilium,
831 450 859 473 et
878 445 1040 480 iniquitates

253 491 315 515 tuas
342 489 524 525 eleemosynis
542 491 656 524 redime,
671 496 699 519 et
719 496 830 526 peccata
847 496 893 519 tua
913 492 940 518 in
959 491 1042 519 mise-

254 533 409 562 rationibus
426 543 600 570 pauperum:
620 543 647 564 οι
664 537 780 565 fortasse
803 539 830 566 in
857 537 912 566 tuis
933 537 1042 565 delictis

253 579 429 607 exercebitur
443 581 542 608 lenitas
556 587 584 609 et
596 583 740 617 patientia.

292 625 323 654 Χ.
338 626 426 660 Atque
437 626 494 654 haec
506 628 615 662 quidem
629 633 723 663 postea
734 633 896 661 evenerunt,
911 633 939 656 et
959 629 1042 656 linem

256 676 433 706 acceperunt,
446 672 519 700 sicut
532 673 638 702 dixerat
655 674 762 703 Daniel.
774 675 842 704 Cum
858 675 931 704 enim
954 675 1044 704 dictos

258 723 363 752 septem
384 726 471 746 annos
489 725 615 748 versatus
629 725 703 749 esset
714 730 761 749 rex
775 722 803 749 in
817 722 978 754 solitudine,
992 729 1044 750 ne-

258 771 312 798 que
324 764 396 792 ullus
408 770 480 793 esset
503 773 588 793 ausus
605 775 721 802 regnum
736 768 858 803 aggredi,
878 768 964 796 Deum
979 775 1044 803 pre-

258 815 346 841 catus,
366 815 395 838 ut
408 819 489 839 suum
504 820 618 848 regnum
628 814 776 848 reciperet,
788 821 851 842 cum
867 813 1044 841 successione

258 858 388 892 potentia
403 859 538 886 excelsam
559 868 655 888 rursus
678 865 798 888 mentem
820 861 946 893 induens,
963 861 991 888 iu
1002 868 1046 888 re-

258 911 342 938 gnum
370 906 543 934 revertitur:
569 911 595 934 et
613 915 675 934 cum
694 911 836 941 regnasset
861 907 1045 941 quadraginta

260 954 316 977 tres
332 958 428 983 annos,
449 952 557 979 excedit
576 959 591 979 e
607 953 663 979 vita
678 961 684 979 :
700 952 742 979 vir
759 952 786 979 in
812 952 896 980 rebus
917 951 1047 987 gerendis

259 1001 322 1021 acer
335 999 362 1022 et
377 995 535 1027 vehemens.
551 1002 578 1024 et
591 1004 700 1030 eorum,
718 998 764 1032 qui
781 998 871 1032 ipsum
901 1004 1047 1032 praeesse-

260 1045 336 1071 runt.
354 1049 468 1076 regnum
499 1043 580 1078 longe
610 1043 796 1071 felicissimus.
814 1044 879 1071 Post
903 1043 1046 1070 decessum

260 1092 351 1114 autem
370 1087 659 1121 Nabuchodonosoris,
677 1090 736 1125 ejus
753 1090 825 1117 ﬁlius
841 1097 953 1124 regnum
987 1097 1047 1116 sus-

259 1134 326 1168 cipit
343 1134 409 1169 :qui
441 1137 533 1163 statim
551 1136 710 1163 Jechoniam
732 1144 822 1171 regem
846 1136 1047 1171 Hierosolymo-

259 1188 331 1212 rum,
348 1189 428 1215 quem
449 1187 525 1216 pater
537 1183 792 1210 Nabuchodonosor
806 1183 943 1217 captivum
965 1183 1048 1210 duxe-

265 1229 306 1251 rat
321 1225 529 1261 Hierosolymis,
551 1227 662 1254 solvens
676 1235 691 1255 e
711 1228 838 1259 vinculis,
856 1228 952 1255 habuit
975 1228 1048 1255 inter

261 1269 365 1296 amicos
381 1271 497 1299 maxime
512 1273 683 1300 necessarios
700 1274 743 1300 :ci
762 1274 869 1301 donatis
887 1275 973 1301 multa
986 1282 1048 1301 mu—

262 1322 339 1346 nera,
358 1320 385 1342 et
410 1316 515 1343 honore
545 1317 665 1345 alliciens
688 1318 760 1345 inter
774 1326 833 1350 eos,
857 1319 904 1353 qui
924 1323 1002 1345 erant
1019 1319 1046 1345 in

262 1367 346 1394 regno
377 1361 599 1397 Babyloniorum.
630 1363 704 1390 Nihil
722 1364 795 1392 enim
817 1364 882 1391 boui
907 1364 1048 1392 Jcchonize

260 1407 374 1434 omnino
401 1409 560 1436 ostenderat
588 1415 665 1444 pater
694 1410 970 1439 Nabuchodonosor:
999 1411 1047 1438 sed

261 1460 324 1479 eum
338 1453 365 1480 in
383 1455 498 1482 vinculis
516 1456 625 1482 tenebat
644 1461 671 1483 et
697 1456 843 1492 allligebat,
861 1457 922 1484 etsi
947 1457 1049 1484 Jecho-

261 1499 321 1526 nias
335 1499 438 1527 fecerat
456 1509 511 1528 rem
527 1502 765 1535 humanissimam,
778 1509 806 1531 et
823 1504 933 1539 dignam
953 1505 1050 1532 multis

1094 259 1158 296 βοῦν
1169 259 1306 295 ψωμιοῦσί
1322 269 1351 287 σε
1364 268 1370 275 ·
1386 261 1433 287 καὶ
1447 261 1577 294 διαζήσας
1592 260 1678 291 οὓτως
1693 260 1738 286 ἐπὶ
1753 260 1803 294 τῆς
1817 260 1882 294 ὲρηο

1094 305 1157 341 μίας
1169 306 1282 340 χρόνους
1298 305 1378 339 ἑπτὰ,
1393 305 1470 337 αὖθις
1483 306 1532 340 τὴν
1542 306 1629 341 ἀρχὴν
1645 306 1772 342 ἀπολήψῃ
1782 314 1788 320 ·
1802 304 1883 332 τοῦτο

1093 351 1147 387 γὰρ
1165 352 1181 387 ἡ
1196 352 1288 386 φωνή·
1305 351 1378 386 Πλὴν
1393 351 1442 387 τὴν
1457 352 1526 387 φυὴν
1538 353 1592 378 τῶν
1610 352 1692 387 ρίζων
1705 351 1814 378 ἐάσατε.
1834 351 1885 377 Διά

1092 397 1182 431 τοῦτο,
1194 395 1216 424 ὦ
1229 397 1350 433 βασιλεῦ,
1361 398 1378 433 ἡ
1395 397 1476 433 βουλή
1495 407 1544 433 μου
1560 398 1686 434 ἁρεσάτω
1702 406 1754 430 σοι,
1772 397 1818 424 καὶ
1833 397 1884 429 τὰς

1094 443 1207 478 ἀνομίας
1219 451 1267 469 σου
1279 444 1308 469 ὲν
1319 443 1515 478 ὲλεημοσύναις
1528 444 1665 479 λὺτρωσαι
1679 443 1784 474 καὶτὰς
1795 442 1886 477 ἀμαρ-

1093 488 1155 520 τίας
1172 496 1219 514 σου
1238 488 1266 513 ἐν
1284 488 1435 523 οίκτιρμοῖς
1450 490 1575 524 πενήτων
1588 497 1594 504 ·
1613 489 1678 520 ἴσως
1693 488 1768 515 ἔσται
1782 496 1887 523 μακρο-

1095 533 1180 568 θυμία
1194 533 1251 565 τοῖς
1266 533 1472 568 παραπτώμασί
1484 543 1542 562 σου.

1132 626 1161 653 ι’.
1188 625 1282 661 Ἐξέϐη
1300 625 1349 660 μὲν
1365 625 1479 660 ὕστερον
1501 625 1586 653 ταῦτα
1599 625 1645 652 καὶ
1665 625 1741 656 τέλος
1759 624 1885 660 εἴληφεν,

1095 671 1133 703 ὡς
1145 671 1159 698 6
1174 671 1274 707 Δανιὴλ
1286 671 1393 707 εἰρήκει
1403 678 1411 686 '
1426 670 1569 706 διατρίψας
1583 671 1636 706 γὰρ
1649 670 1695 697 ἐπὶ
1705 670 1755 704 τῆς
1767 669 1887 705 ἐρημίας

1096 718 1111 745 6
1132 717 1259 753 βασιλεὺς
1277 717 1323 744 τὸν
1342 717 1488 753 εἰρημένον
1510 716 1628 752 ὲπτεστῆ
1655 716 1762 753 χρόνον,
1778 717 1887 748 οὐδενος

1096 764 1282 799 τολμήσαντος
1300 763 1442 790 ἐπιθέσθαι
1463 763 1520 795 τοῖς
1539 763 1692 798 πράγμασι,
1707 764 1752 790 καὶ
1772 762 1882 798 δεηθεὶς

1097 809 1144 836 τοῦ
1165 809 1232 836 Θεοῦ
1249 810 1298 844 τὴν
1317 809 1456 844 βασιλείαν
1475 809 1552 841 αὖθις
1573 809 1734 842 ἀπολαϐεῖν,
1759 806 1820 837 εἶτα
1840 809 1889 836 κιιὶ

1098 856 1144 883 τὸν
1157 855 1332 891 ὑψηλόφρονα
1347 855 1409 882 νοῦν
1444 857 1477 891 τῇ
1493 856 1602 891 διαδοχῇ
1618 856 1664 882 τοῦ
1682 856 1799 891 κράτους
1824 864 1889 882 συν-

1098 900 1211 933 αποδὺς,
1233 901 1313 927 πάλιν
1337 901 1377 931 εἰς
1398 901 1484 935 αὐτὴν
1499 900 1680 936 ἐπανέρχεται
1696 900 1743 927 καὶ
1759 900 1806 935 ἔτη
1824 900 1891 935 τρία.

1099 948 1146 974 καὶ
1172 947 1377 982 τεσσαράκοντα
1403 946 1578 981 βασιλεύσας,
1603 946 1717 982 τελευτᾷ
1742 947 1790 973 τὸν
1819 947 1890 982 βίον,

1098 993 1167 1028 ἀνὴρ
1183 993 1348 1028 δραστήριος
1365 993 1411 1019 καὶ
1427 993 1481 1019 τῶν
1495 993 1547 1028 πρὸ
1561 992 1644 1019 αὐτοῦ
1661 992 1793 1028 βασιλέων
1813 992 1892 1026 γενό-

1100 1047 1179 1074 μενος
1202 1038 1409 1073 εὐτυχέστατος.
1428 1038 1505 1065 Μετὰ
1521 1038 1548 1065 δὲ
1572 1038 1622 1073 τὴν
1637 1038 1767 1074 τελευτὴν
1781 1039 1894 1065 Ναϐου-

1098 1083 1250 1118 χοδονόσορ,
1264 1084 1278 1109 6
1299 1085 1364 1115 παῐς
1379 1083 1463 1110 αὑτοῦ
1477 1084 1526 1118 τὴν
1543 1083 1684 1118 βασιλείαν
1701 1083 1891 1119 παραλαμϐά-

1099 1137 1150 1162 νει,
1160 1130 1188 1160 ὃς
1198 1129 1279 1161 εὐθὺς
1289 1129 1337 1155 τὸν
1345 1130 1400 1155 τῶν
1414 1129 1609 1165 Ἱεροσολύμων
1621 1130 1734 1165 βασιλέα
1746 1131 1890 1165 Ἰεχονίαν,

1097 1175 1127 1202 ὃν
1142 1177 1155 1201 6
1170 1176 1260 1211 πατὴρ
1275 1175 1510 1211 Ναϐουχοδονόσορ
1525 1176 1698 1211 αίχμάλωτον
1718 1177 1822 1212 ἤγαγεν
1835 1177 1892 1204 ἀπὸ

1098 1223 1147 1257 τῆς
1168 1221 1357 1257 Ἰερουσαλὴμ,
1373 1222 1428 1248 τῶν
1450 1222 1559 1257 δεσμῶν
1580 1223 1665 1255 ἀνεὶς,
1678 1224 1707 1249 ἐν
1729 1225 1785 1255 τῆς
1804 1224 1893 1255 ἀναγ-

1099 1268 1253 1299 καιοτάτοις
1267 1268 1321 1294 τῶν
1334 1268 1418 1302 φίλων
1431 1266 1498 1304 εἷχε,
1511 1269 1610 1301 πολλὰς
1623 1269 1696 1304 αὐτῷ
1708 1270 1812 1305 δωρεὰς
1827 1270 1893 1301 δοὺς

1099 1315 1146 1341 καὶ
1163 1315 1279 1349 ποιήσας
1316 1315 1424 1349 ἔντιμον
1439 1316 1486 1342 ἐπὶ
1500 1315 1553 1343 τῶν
1572 1317 1601 1343 ἐν
1618 1317 1650 1352 τῇ
1665 1316 1824 1352 Βαϐυλωνία
1839 1317 1894 1351 βας

1100 1361 1211 1388 σιλέων·
1232 1361 1281 1387 οὒκ
1296 1359 1330 1396 ἦν
1349 1362 1402 1396 γὰρ
1419 1361 1487 1393 ὅλως
1503 1362 1604 1396 ἀγαθόν
1623 1371 1649 1388 τι
1668 1363 1736 1397 πρὶς
1762 1361 1895 1398 Ἰεχονίαν

1099 1407 1287 1442 ἐνδειξάμενος
1299 1409 1312 1434 6
1326 1408 1420 1434 τούτου
1434 1408 1525 1443 πατὴρ
1538 1409 1784 1444 Ναϐουχοεονόσορ,
1794 1409 1852 1435 ἀλλ’
1864 1410 1895 1435 ἐν

1099 1453 1210 1488 δεσμοῖς
1227 1452 1300 1489 εἶχεν
1317 1455 1398 1481 αὐτον
1412 1455 1458 1481 καὶ
1473 1456 1504 1490 τῇ
1526 1454 1592 1490 ἄλλῃ
1607 1455 1739 1487 κακώσει,
1755 1456 1845 1482 καίτοι
1860 1464 1895 1488 γε

1108 1499 1232 1534 Ἰεχονίου
1268 1500 1386 1535 πρᾶγμα
1410 1500 1670 1535 φιλανθρωπότατον
1702 1502 1749 1528 καὶ
1784 1501 1895 1527 πολλῶν

262 1545 401 1579 laudibus,
414 1551 442 1573 ut
458 1547 505 1581 qui
519 1548 641 1583 seipsum
671 1550 823 1577 tradiderat
839 1558 900 1578 cum
919 1552 1048 1578 uxoribus

1103 1546 1176 1578 ἄξιον
1190 1547 1309 1573 ἐπαίνων
1327 1547 1527 1582 ἐργασαμένου,
1545 1548 1582 1579 ὡς
1598 1547 1631 1573 ἂν
1644 1548 1740 1574 ἑαυτὸν
1755 1547 1896 1582 παραδόν-

262 1595 289 1617 et
306 1591 412 1624 liberis,
429 1597 455 1620 et
474 1598 532 1621 toto
555 1603 656 1629 genere
673 1597 800 1623 manibus
819 1596 1047 1632 Babyloniorum,

262 1645 298 1665 ne
329 1639 396 1666 urbs
418 1640 453 1666 ab
480 1640 608 1668 hostibus
625 1647 703 1676 capta
725 1648 920 1671 everteretur:
947 1649 978 1672 ut
992 1645 1050 1672 haec

263 1683 337 1718 leges
352 1684 423 1719 apud
441 1685 590 1720 Josephum
607 1692 767 1715 narrantem
784 1689 953 1724 singulatim.
981 1689 1050 1717 Cum

263 1735 356 1757 autem
375 1732 397 1757 is
412 1739 521 1766 quoque
535 1740 550 1759 e
567 1733 622 1760 vita
649 1733 822 1764 decessisset.
845 1740 989 1770 postquam
1005 1744 1050 1763 re-

263 1781 372 1809 gnasset
386 1777 538 1804 octodecim
559 1786 657 1810 annos,
675 1779 735 1813 ejus
758 1780 831 1807 [ilius
847 1781 871 1807 ei
887 1781 1010 1808 succedit
1022 1782 1050 1809 in

265 1822 382 1856 imperio
399 1832 404 1849 :
419 1823 492 1857 quod
510 1832 572 1851 cum
587 1826 723 1852 tenuisset
753 1826 934 1861 quadraginta
952 1835 1049 1861 annos,

264 1875 281 1894 e
296 1868 351 1895 rita
366 1869 482 1896 excedit.
501 1871 603 1898 Deinde
623 1872 764 1899 Balthasar
779 1880 889 1907 quoque
911 1873 971 1907 ejus
1001 1881 1051 1900 ne—

266 1921 315 1947 pos
348 1914 377 1941 lit
410 1915 496 1943 haeres
523 1917 642 1951 imperii.
659 1918 718 1944 Non
750 1918 866 1945 multum
897 1919 1052 1946 intercessit

266 1960 409 1995 temporis,
426 1967 453 1988 et
470 1961 557 1997 Cyrus
572 1971 618 1990 rex
633 1963 788 1994 Persarum,
803 1969 831 1991 et
845 1965 943 1992 Darius
961 1965 1052 1992 Medo-

265 2013 337 2037 rum,
364 2007 567 2041 expcditionem
594 2009 750 2043 suscipiunt
780 2010 913 2037 adversus
938 2011 1053 2046 Babylo.

265 2059 340 2078 nem.
358 2051 491 2080 Caeterum
507 2061 570 2080 cum
582 2061 696 2089 regnum
715 2056 867 2090 accepisset
897 2056 1051 2090 Balthasar,

265 2104 294 2126 et
316 2099 416 2126 accidit
432 2107 534 2126 novum
550 2101 680 2136 quidnam
697 2106 725 2128 et
738 2101 943 2137 prodigiosum.

302 2188 348 2218 XI.
370 2189 555 2217 Accumbebat
575 2190 631 2223 ille,
654 2197 766 2218 coenans
787 2191 814 2218 in
836 2199 932 2226 magna
958 2191 1050 2223 domo,

1101 1601 1147 1623 τος
1171 1593 1220 1619 σὺν
1235 1592 1292 1627 ἄμα
1310 1592 1420 1626 γυναίξὶ
1436 1593 1482 1619 καὶ
1496 1593 1600 1624 τέκνοις
1626 1592 1673 1620 καὶ
1691 1592 1744 1626 ὃλιχ)
1759 1593 1798 1627 τῷ
1815 1593 1896 1626 γένει

1101 1638 1180 1672 χερσὶ
1191 1637 1246 1664 τῶν
1260 1638 1450 1669 Βαϐυλωνίων,
1466 1638 1509 1664 ἴνα
1532 1638 1569 1674 μὴ
1583 1639 1675 1673 ἐκείνη
1699 1639 1894 1674 κατασκαφείη

1100 1684 1234 1718 ληφθεῖσα
1259 1684 1312 1711 ὑπὸ
1331 1685 1384 1711 τῶν
1410 1685 1558 1720 πολεμίων,
1575 1685 1613 1717 ὡς
1636 1685 1780 1721 Ἰωσήππῳ
1806 1685 1896 1712 ταῦτα

1102 1729 1173 1756 κατὰ
1192 1730 1276 1765 μέρος
1293 1730 1407 1767 ἐντεύξῃ
1419 1730 1602 1766 διηγουμένῳ.
1622 1731 1841 1766 Τελευτήσαντος
1865 1731 1895 1758 δὲ

1101 1777 1147 1802 καὶ
1167 1775 1262 1802 τούτου
1280 1776 1350 1811 μετὰ
1364 1776 1410 1810 ἐτη
1428 1776 1615 1803 ὀκτωκαίδεκα
1636 1778 1683 1812 τῆς
1707 1777 1858 1812 βασιλείας,
1882 1779 1895 1804 ἑ

1102 1823 1167 1853 παῖς
1183 1822 1266 1848 αὐτοῦ
1285 1823 1334 1857 τὴν
1351 1823 1439 1858 ἀρχὴν
1453 1823 1605 1858 διαδέχεται
1626 1824 1672 1850 καὶ
1688 1823 1834 1859 κατασχὼν
1847 1825 1896 1853 αὒ-

1101 1868 1150 1902 τὴν
1167 1868 1212 1894 ἐπὶ
1228 1868 1432 1904 τεσσαράκοντα
1454 1869 1512 1902 ἐτη,
1529 1870 1713 1904 καταστρέφει
1737 1869 1783 1896 τὸν
1818 1871 1896 1906 βίονῃ

1102 1913 1161 1941 εἶτα
1174 1915 1221 1941 καὶ
1231 1915 1376 1949 Βαλτάσαρ
1388 1916 1401 1941 6
1412 1914 1507 1941 τούτου
1519 1915 1651 1949 ἀπόγονος
1665 1916 1833 1951 κληρονόμος
1844 1917 1897 1950 τῆς

1102 1961 1191 1996 ἀρχῆς
1216 1960 1339 1995 γίνεται·
1357 1961 1387 1987 οὐ
1415 1961 1499 1993 πολὺς
1510 1962 1583 1997 ἔρῥει
1608 1962 1638 1988 τὸ
1652 1962 1756 1996 μεταξὺ
1780 1963 1894 1997 χρόνες,

1103 2009 1151 2033 καὶ
1167 2007 1258 2042 Κύρος
1273 2007 1286 2033 6
1299 2007 1413 2042 Περσῶν
1425 2007 1548 2042 βασιλεὺς
1565 2007 1613 2034 καὶ
1633 2007 1745 2042 Δαρεῖος
1767 2007 1781 2032 6
1793 2008 1899 2042 Μήδων

1104 2052 1333 2089 ἑπιστρατεύουσι
1350 2054 1421 2079 κατὰ
1434 2053 1594 2084 Βαϐυλῶνος
1604 2060 1612 2069 ·
1627 2052 1697 2087 πλὴν
1709 2052 1778 2079 ἀλλὰ
1791 2052 1893 2079 Βαλτα-

1105 2107 1157 2134 σαρ
1176 2098 1225 2134 τὴν
1236 2099 1375 2133 βασιλείαν
1388 2099 1603 2134 παραλαϐόντος,
1618 2098 1710 2125 καινόν
1731 2107 1758 2125 τι
1782 2100 1830 2126 καὶ
1849 2108 1898 2126 τευ

1105 2153 1217 2181 ραστιον
1231 2142 1287 2171 οἷον
1303 2145 1474 2181 συμὸἐὸηκε.

1140 2190 1192 2219 Μ’.
1207 2192 1359 2219 Κατέκειτο
1369 2193 1420 2227 μὲν
1437 2192 1492 2228 γὰρ
1510 2193 1613 2225 ἐκεῖνος
1629 2194 1758 2228 δειπνῶν,
1779 2195 1808 2221 ὲν
1828 2194 1899 2230 οἴκῳ

267 2240 295 2263 et
309 2236 379 2263 facta
400 2235 433 2263 ad
449 2236 575 2263 convivia
589 2236 699 2272 regalia,
724 2245 785 2264 cum
810 2238 868 2265 suis
890 2238 1048 2266 concubinis

1110 2237 1220 2272 μεγάλῳ
1232 2239 1277 2264 καὶ
1296 2239 1365 2273 πρὸς
1385 2239 1521 2270 ἑστιάσεις
1541 2241 1717 2275 πεποιημένῳ
1737 2227 1898 2275 βασιλικὰς,

266 2285 294 2308 et
310 2281 418 2308 amicis.
432 2281 493 2316 Ipse
505 2286 608 2313 autem,
621 2289 684 2309 cum
696 2282 736 2309 sic
751 2282 777 2309 ei
792 2282 882 2310 visum
898 2287 981 2316 esset,
997 2291 1053 2318 prae

267 2335 363 2363 magna
388 2329 542 2363 arrogantia
563 2324 639 2364 jubet
653 2337 668 2357 e
691 2336 741 2356 suo
757 2330 858 2364 templo
879 2329 972 2357 alIerri
989 2338 1052 2358 vasa

267 2375 326 2407 Dei,
342 2383 403 2410 quae
418 2375 674 2404 Nabuchodonosor
689 2377 749 2412 ejus
762 2384 830 2404 avus
839 2385 902 2404 eum
917 2377 1054 2413 rapuisset

268 2420 473 2455 Hierosolymis,
497 2421 530 2448 iis
554 2429 727 2457 nequaquam
750 2430 816 2449 usus
840 2422 939 2455 fuerat,
954 2424 1001 2450 sed
1026 2423 1054 2450 in

268 2473 318 2491 suo
339 2467 441 2500 templo
465 2467 509 2500 pie
532 2467 707 2502 deposuerat.
733 2467 783 2495 Hic
805 2476 870 2495 vero
897 2469 1055 2497 inconside-

270 2515 327 2538 rata
357 2516 386 2538 et
409 2519 423 2538 a
446 2512 553 2540 ratione
579 2513 669 2540 aliena
706 2514 835 2541 inductus
861 2515 986 2547 audacia,
1015 2515 1056 2543 eis

270 2557 414 2590 utebatur;
439 2562 466 2585 ct
483 2558 547 2585 dum
572 2559 683 2586 biberet
702 2563 730 2586 et
746 2560 908 2587 maledicam
933 2560 1053 2595 linguam

270 2608 394 2631 mereret
413 2604 546 2632 adversus
561 2604 715 2639 Excelsum,
731 2614 764 2633 ex
780 2606 886 2639 pariete
905 2606 978 2633 videt
997 2614 1054 2632 ma-

269 2658 334 2677 num
367 2651 574 2686 procedentem,
605 2657 633 2679 et
655 2652 682 2679 in
711 2659 789 2679 muro
816 2652 934 2687 syllabas
960 2652 1055 2679 inscri-

271 2695 388 2723 bentem.
411 2695 598 2724 Conturbatus
618 2704 683 2724 vero
700 2705 714 2723 a
730 2697 848 2726 visione,
863 2696 953 2729 Magos
971 2696 1053 2723 simul

270 2746 297 2767 et
317 2741 470 2775 Chaldaeos,
498 2746 527 2769 et
555 2747 690 2777 quotquot
726 2747 806 2769 erant
831 2741 968 2776 Babylone
995 2743 1054 2777 ejus

270 2787 389 2820 generis,
408 2788 456 2821 qui
480 2793 608 2822 poterant
633 2788 710 2822 signa
735 2792 762 2814 et
786 2787 879 2814 futura
905 2788 1053 2823 confitere,

307 2878 345 2911 (Ι)
363 2879 391 2905 Ε·
403 2878 567 2906 ἰιιιιυιυιίιιειι
587 2879 707 2906 nomine.

1108 2285 1176 2319 μετὰ
1195 2285 1250 2311 τῶν
1272 2284 1441 2311 παλλακίδων
1461 2285 1543 2311 αὑτοῦ
1559 2286 1606 2312 καὶ
1625 2287 1679 2312 τῶν
1700 2287 1799 2320 φίλων·
1814 2287 1899 2318 αὐτὸς

1106 2331 1134 2357 δὲ
1147 2331 1218 2358 οὕτω
1230 2331 1308 2363 δόξαν
1321 2333 1352 2358 ἐκ
1364 2331 1465 2365 πολλῆς
1478 2332 1606 2363 ἀπονοίας
1615 2333 1779 2367 κομισθῆναι
1788 2333 1898 2360 κελεύει

1106 2377 1153 2403 τοῦ
1168 2377 1232 2403 ἰδίου
1248 2377 1312 2403 ναοῦ
1324 2376 1357 2404 τὰ
1373 2376 1419 2403 τοῦ
1433 2376 1501 2403 Θεοῦ
1516 2379 1613 2412 σκεύη,
1626 2377 1644 2405 ἃ
1657 2377 1899 2414 Ναϐουχοδονόσορ

1106 2423 1121 2449 ὁ
1135 2423 1232 2460 τούτου
1246 2424 1355 2455 πάππος
1377 2423 1495 2459 συλήσας
1510 2424 1542 2450 ἐκ
1555 2423 1609 2450 τῶν
1625 2424 1832 2460 Ἱεροσολύμων,
1846 2424 1899 2450 οὐκ

1107 2458 1206 2505 enim
1220 2470 1279 2504 μὲν,
1295 2471 1334 2501 εἰς
1347 2471 1375 2497 δὲ
1389 2470 1435 2497 τὸν
1452 2470 1534 2497 αὑτοῦ
1549 2470 1612 2497 ναον
1629 2470 1752 2502 εὐλαϐῶς
1776 2471 1898 2497 κατατέ-

1107 2515 1197 2542 θεικεν
1206 2524 1214 2533 ·
1228 2512 1305 2547 οὗτος
1321 2516 1348 2542 δὲ
1361 2515 1456 2550 θράσει
1472 2517 1619 2551 προαχθεὶς
1634 2516 1725 2552 ἀλόγῳ
1738 2516 1837 2551 ἐχρῆτο
1849 2516 1898 2542 καὶ

1109 2562 1212 2595 μεταξὺ
1242 2562 1326 2588 πίνων
1349 2562 1396 2588 καὶ
1422 2561 1583 2597 βλάσφημον
1600 2562 1726 2596 γλῶτταν
1751 2562 1822 2588 κατὰ
1847 2561 1896 2588 τοῦ

1109 2606 1242 2641 Ὑψίστου
1256 2606 1349 2639 κινῶν,
1365 2608 1396 2633 ἐκ
1408 2607 1454 2633 τοῦ
1468 2608 1575 2642 τείχους
1587 2609 1638 2643 ὁρᾷ
1653 2608 1732 2642 χεῖρα
1747 2606 1898 2642 προϊοῦσαν

1108 2653 1155 2679 καὶ
1174 2652 1213 2688 τῷ
1227 2653 1309 2689 τοίχῳ
1323 2653 1399 2685 τινὰς
1418 2654 1554 2685 συλλαϐὰς
1576 2654 1780 2689 ἐγγράφουσαν.
1803 2654 1897 2689 Ταρα-

1109 2698 1183 2733 χθεὶς
1197 2699 1226 2725 δὲ
1243 2699 1295 2726 ὑπὸ
1311 2699 1360 2734 τῆς
1373 2699 1470 2733 ὅψεως,
1487 2699 1591 2734 μάγους
1606 2700 1664 2734 ἅμα
1682 2699 1729 2726 καὶ
1743 2699 1897 2731 Χαλδαίους

1108 2745 1156 2771 καὶ
1175 2745 1230 2771 πᾶν
1255 2745 1334 2771 τοῦτο
1355 2745 1388 2771 τὸ
1404 2745 1493 2779 γένος,
1513 2746 1575 2772 ὅσον
1597 2743 1631 2781 ἦν
1657 2747 1687 2771 ὲν
1711 2745 1897 2776 Βαὸυλωνίοις

1110 2792 1210 2827 σημεῖά
1221 2800 1250 2818 τε
1266 2791 1312 2818 καὶ
1327 2791 1453 2825 ὀνείρατα
1469 2791 1572 2826 κρίνειν
1587 2791 1667 2824 είδὸς,
1684 2791 1764 2823 εὐθὺς
1776 2789 1896 2818 συνεκά-
