2024 3153
121 157 171 188 335
637 157 729 188 VlTA
749 158 779 188 S.
798 157 903 189 PROP'

955 156 1011 186 T/E
1032 156 1223 187 DANIELIS.
1693 157 1745 188 386

117 213 165 244 λιι,
185 210 282 246 μαθεῖν
303 211 338 238 τὰ
359 210 543 247 γεγραμμένα
558 213 625 248 παρ’
641 213 755 240 ἐκείνων
781 212 903 248 βουλόμε-

959 211 1051 239 statim
1072 211 1245 245 convocavit,
1261 219 1295 240 cx
1311 211 1367 239 illis
1389 211 1485 238 volens
1507 210 1614 238 discere
1637 219 1669 238 ea
1684 219 1745 246 «pne

116 266 161 296 νος
170 265 178 272 ·
195 257 251 284 τῶν
268 257 296 283 δὲ
313 257 410 291 μάγων
424 257 504 284 οὐδὲν
515 259 543 285 ὲν
559 258 665 290 τούτοις
680 259 801 286 συνεῖναι
814 258 905 292 λεγόν-

116 312 177 336 των,
194 303 249 329 ὑπὸ
274 303 396 338 μεγάλης
418 303 537 338 ἀγωνίας
553 305 567 331 ὁ
586 304 713 339 βασιλεὺς
738 305 785 332 καὶ
803 304 904 339 πολλῆς

115 349 162 383 τῆς
185 348 233 376 ἐπὶ
259 348 298 384 τῷ
321 348 468 384 παραδόξῳ
491 349 579 384 λύπης
602 351 768 385 έπισχεθεὶς,
786 350 904 386 ικήρυξε

116 395 184 422 κατὰ
200 395 294 421 πᾶσαν
308 395 337 421 εν
358 395 455 430 βραχεῖ
470 395 521 431 τήν
535 396 638 431 χώραν,
650 397 689 431 τῷ
703 397 737 424 τὰ
751 397 905 432 γράμματα

115 439 201 465 ταῦτα
212 440 262 465 καὶ
276 439 327 474 τὴν
347 439 394 466 ὑπ’
407 440 499 467 αὐτῶν
510 440 678 477 δηλουμένην
693 442 814 469 διάνοιαν
831 442 905 477 σαφῆ

115 485 315 520 καταστήσοντι
337 485 435 513 δώσειν
456 486 694 522 έπαγγιλλόμενος
717 487 852 523 στρεπτόν
875 495 906 514 τε

116 532 310 567 περιαυχένιον
324 532 442 567 χρύσεον
455 534 504 559 καὶ
519 534 664 569 πορφυρᾶν
680 533 782 569 ισθῆτα
801 535 905 569 φοριῐν,

116 575 210 610 ὥσπερ
227 576 254 602 οι
272 576 327 603 τῶν
341 577 483 604 Χαλδαίων
503 577 615 605 εἰώθασι
633 578 764 612 βασιλεῖς,
784 578 852 613 πρὸς
878 578 907 604 δὲ

117 621 161 648 καὶ
186 622 217 648 τὸ
235 621 328 657 τρίτον
345 622 430 657 μέρος
454 623 504 658 τῆς
525 623 594 656 ιδίας
618 624 723 659 ἀρχῆς·
747 623 835 655 οὕτως
860 625 907 650 έκ-

116 666 249 700 δηλότατα
263 667 457 702 διακηρυχθὲν,
473 668 514 695 ἔτι
532 669 583 704 μὲν
597 669 680 696 πλέον
698 670 723 696 οί
745 670 828 704 μάγοι
846 677 909 696 συν-

117 713 235 748 έδραμόν
259 721 288 739 τε
311 713 359 740 καὶ
384 715 454 749 πρὸς
477 715 528 751 τήν
550 715 660 752 εὕρεσιν
677 716 908 751 εφιλοτιμήσαντο

117 759 169 786 τῶν
202 759 397 794 γραμμάτων,
423 760 499 787 οὐδὲν
529 761 558 788 δι
591 762 704 790 ἔλαττον
737 761 907 796 ἀποροῦντες

117 805 280 840 ἱστήκεσαν.

149 850 200 878 ης.
218 853 262 878 Ἐν
274 853 362 888 τούτῳ
376 853 422 881 τὸν
440 853 554 889 βασιλέα
575 854 674 890 μέστδν
685 853 806 890 ἀθυμίας
832 856 908 889 γινό-

957 258 1057 292 scripta
1070 258 1190 290 fuerant,
1204 258 1365 286 Dicentibus
1378 262 1470 286 autem
1487 259 1583 294 magis.
1600 265 1629 285 se
1647 265 1743 285 eorum

956 303 1024 330 nihil
1038 303 1202 338 intelligere.
1218 303 1275 330 Rex
1287 302 1368 330 valde
1389 304 1499 337 anxius,
1512 309 1539 332 et
1551 311 1647 338 magno
1659 303 1743 330 animi

955 349 1050 377 dolore
1074 357 1233 385 oppressus.
1259 353 1372 385 propter
1395 350 1465 377 hanc
1488 358 1547 377 rem
1577 350 1743 384 inopinalam

955 401 983 422 et
998 395 1076 423 valde
1098 394 1300 428 admirabilem,
1314 395 1426 431 publico
1452 396 1588 430 pra-conio
1599 395 1675 422 brevi
1686 395 1744 422 edi-

956 439 997 468 xit
1019 447 1068 475 per
1091 445 1176 468 totam
1199 440 1350 476 regionem,
1366 448 1396 468 se
1411 440 1448 473 ei,
1465 441 1512 475 qui
1535 440 1584 467 has
1597 440 1703 467 litteras
1718 444 1746 466 et

955 486 1087 521 quidnam
1109 486 1309 522 signiﬁcarent,
1337 491 1411 514 esset
1434 487 1643 515 declaraturus:
1663 486 1745 520 polli-

956 540 1023 560 τρης
1033 539 1094 560 esse
1113 532 1241 559 daturum
1265 537 1390 567 torquem
1405 539 1530 564 aureum,
1543 536 1570 559 et
1583 537 1686 558 vestem
1699 538 1746 563 ge-

957 578 1084 606 standam
1103 585 1282 613 purpuream,
1298 579 1370 605 sicut
1385 577 1474 604 solent
1491 577 1564 604 ferre
1577 583 1654 611 reges
1666 575 1748 604 Chal-

957 624 1090 657 daeorum,
1105 629 1134 652 et
1154 628 1287 659 praeterea
1305 624 1413 652 tertiam
1436 627 1540 658 partem
1560 622 1603 650 sui
1625 621 1745 657 imperii.

956 671 1024 701 Cum
1043 672 1095 699 hoc
1110 672 1222 707 publico
1242 671 1383 706 pmconio
1398 670 1438 698 sic
1459 670 1558 698 fuisset
1582 669 1746 704 promulga-

958 723 1027 750 tum,
1044 718 1136 745 adhuc
1161 717 1272 752 quidem
1296 717 1383 752 magis
1398 716 1601 744 concurrebant
1618 715 1699 750 magi,
1718 719 1747 742 et

958 762 1166 790 contendebant
1188 762 1324 793 invenire,
1346 761 1412 796 quid
1433 760 1485 788 sibi
1508 761 1611 788 vellent
1634 760 1745 787 litteras.

956 809 1144 837 Nihilominus
1161 812 1253 835 autem
1278 807 1386 835 stabant
1400 807 1571 834 dubitantes.

1001 855 1058 883 XI].
1078 855 1185 883 Interea
1204 861 1295 889 regem
1309 861 1409 889 angore
1425 853 1509 880 animi
1524 853 1635 888 plenum
1652 851 1747 879 videns

117 905 199 931 μενον
215 899 231 933 ή
245 895 329 925 αὐτοῦ
353 899 454 935 μάμμη
470 900 638 935 θεασαμένη,
657 900 860 935 ἀναλαμωνειν
874 909 903 928 τε

959 902 1019 937 ejus
1041 901 1113 930 avia.
1130 901 1214 936 cmpit
1234 904 1369 934 repetere,
1386 904 1414 927 et
1430 899 1463 926 de
1485 899 1596 926 Daniele
1613 898 1747 934 propheta

116 941 216 977 ἤρξατο
230 943 278 970 καὶ
295 943 327 970 τὰ
343 945 409 979 περὶ
429 945 476 972 τοῦ
495 946 638 981 προφήτου
657 947 758 982 Δανιὴλ
779 947 906 983 γνώριμα

116 988 262 1024 καθιστᾷν,
278 990 330 1016 ὅσα
346 990 384 1025 τῷ
402 991 509 1018 ἐκείνου
521 992 639 1026 πάππῳ,
653 992 692 1028 τῷ
705 993 906 1028 Ναϐουχοδονό-

116 1043 163 1069 σορ
178 1035 264 1071 φημὶ,
279 1036 323 1070 ἐφ’
335 1035 376 1068 οἷς
389 1036 511 1072 ἑώρακεν
522 1038 703 1074 ἀπορρήτοις,
715 1039 796 1071 αὐτὸς
813 1039 905 1067 διεσά-

115 1088 202 1114 ςησεν
215 1089 221 1095 ·
241 1079 319 1107 Ἐστι
332 1090 384 1113 τις,
397 1081 526 1116 λέγουσα,
539 1082 593 1109 ἀπὺ
611 1083 659 1118 τῆς
677 1083 807 1116 Ἰουδαίας
822 1086 906 1120 αίχμ-

116 1126 222 1157 ἀλωτος
248 1127 365 1155 ἐνταῦθα
384 1128 479 1164 ἀχθεὶς
495 1128 605 1164 (Δανιὴλ
622 1129 696 1164 αὺτῷ
708 1130 816 1165 ὄνομα),
837 1131 906 1167 ἀνὴρ

113 1172 199 1203 δεινὸς
216 1173 310 1208 εὑρεῖν
329 1174 363 1200 τά
380 1175 525 1210 ἀπόρρητα
545 1176 592 1202 καὶ
603 1175 662 1209 Θεῷ
679 1176 804 1212 γνώριμα
821 1178 904 1212 μόνῃ,

113 1219 141 1250 ὃς
158 1220 398 1254 Ναὸουχοδονόσορ
413 1221 451 1254 τῷ
464 1220 580 1255 βασιλεῖ,
593 1221 708 1256 μηδεννις
722 1223 804 1249 ἀλλον
819 1223 884 1258 δυνη
893 1238 904 1244 -

115 1265 206 1296 θέντος
219 1266 310 1305 είπεῑν
323 1266 387 1301 περὶ
396 1263 434 1292 ὢν
449 1267 534 1293 ἐδεῖτο
549 1267 656 1302 μαθεῖν,
671 1268 802 1304 ἐγνώρισε
817 1270 906 1296 πάντα

114 1309 204 1341 καλῶς
219 1310 266 1336 καὶ
283 1311 324 1342 εἰς
346 1311 405 1345 φῶς
422 1311 510 1346 ἤγαγε
524 1312 558 1338 τὰ
573 1312 746 1348 ζητούμενα’
763 1323 906 1351 μεταπεμ-

113 1355 235 1390 ψάμενος
247 1353 294 1382 οὖν
307 1356 390 1384 αὐτὸν
405 1357 533 1392 εὑρήσεις
546 1358 647 1389 εὐθέως
658 1358 672 1384 δ
683 1359 785 1392 γνῶναι
803 1360 904 1395 ζητεῖς.

114 1403 168 1429 Καὶ
186 1403 215 1434 ὃς
231 1402 347 1437 τάχιστα
360 1403 456 1430 τοῦτον
483 1406 662 1439 μετεκαλεϊτο
687 1407 735 1432 καὶ
754 1407 906 1442 διαλεχθεὶς

115 1449 164 1476 ὅσα
182 1448 297 1476 πύθοιτο
318 1450 382 1484 περὶ
398 1451 479 1477 αὺτοῦ
500 1451 547 1478 καὶ
563 1449 597 1488 ἧς
615 1451 672 1487 ἔχει
689 1453 784 1487 σοφίας
805 1454 850 1480 καὶ
869 1454 906 1486 ὡς

114 1494 143 1520 τὸ
160 1494 233 1520 Θεῖον
258 1495 332 1530 αὐτῷ
357 1495 468 1530 Πνεῦμα
492 1497 666 1531 συμπάρεστι
689 1499 737 1524 καὶ
763 1498 842 1533 μόνος
862 1499 906 1531 ἑξ-

115 1540 204 1574 ευρείν
239 1539 417 1572 ἱκανώτατος,
441 1539 459 1567 ἃ
484 1540 521 1575 μὴ
542 1542 598 1572 τοῖς
613 1540 702 1573 ἄλλοις
727 1542 767 1572 είς
783 1542 905 1569 ἐπίνοιαν

115 1585 236 1620 ἔρχεται,
252 1586 366 1622 φράζειν
382 1585 456 1620 αὺτῴ
467 1586 501 1612 τὰ
516 1587 699 1622 γεγραμμένα
720 1589 766 1614 καὶ
786 1587 904 1615 διαλύειν

114 1632 201 1666 ἠξίου,
223 1632 275 1658 κᾶν
300 1631 462 1666 σκυθρωπὸν
485 1629 514 1668 ᾗ,
535 1631 628 1666 φησὶν,
645 1632 676 1658 τὸ
701 1632 754 1659 ὑπὸ
772 1632 839 1659 Θεοῦ
858 1642 906 1668 ση‹

115 1677 297 1711 μαινόμενον·
319 1677 398 1704 τοῦτο
419 1677 475 1713 γὰρ
498 1678 642 1712 ποιήσαντι
662 1677 804 1714 πορφύραν
828 1679 906 1706 δώσω

114 1722 277 1749 ὲνῐύσασθαι
299 1723 346 1750 καὶ
368 1725 485 1758 χρύσεον
503 1724 569 1758 περὶ
588 1722 634 1750 τὸν
654 1723 755 1759 αὐχένα
772 1725 905 1760 στρεπτὸν

114 1769 159 1795 καὶ
173 1769 202 1794 τὺ
214 1769 306 1804 τρίτον
322 1769 370 1805 τῆς
383 1771 470 1805 ἀρχῆς
485 1770 580 1804 μέρος,
599 1769 683 1804 τιμὴν
697 1770 744 1797 καὶ
757 1771 839 1805 γέρας
855 1772 905 1806 τῆς

115 1815 210 1848 σοφίας
242 1815 383 1849 ἐσόμενον,
411 1815 448 1846 ὡς
475 1815 508 1842 ἂν
534 1815 564 1847 εξ
589 1815 679 1842 αὐτῶν
704 1815 905 1852 ἐπισημότατος

114 1860 198 1887 ἅπασι
211 1861 302 1894 γένοιο
317 1861 364 1888 καὶ
380 1861 572 1896 περίῦλεπτος.

148 1906 198 1933 ιΓ.
215 1907 316 1943 Δανιὴλ
328 1907 355 1934 δὲ
368 1908 417 1938 τὰς
434 1907 483 1942 μὲν
495 1908 599 1942 δωρεὰς
619 1909 702 1936 αὑτὸν
720 1909 794 1945 ἔχειν
809 1910 902 1946 ἠξίου·

113 1951 156 1978 τὸν
171 1954 228 1988 γὰρ
245 1953 327 1986 σοφὸν
344 1953 390 1979 καὶ
405 1953 475 1980 οεϊον
493 1953 591 1989 δώροις
605 1955 813 1991 οὺχ-ἁλώσιμον
833 1955 904 1983 εἶναι

113 1998 168 2024 Bai.
187 1999 291 2033 προῖκα
308 1998 336 2024 δὲ
359 1999 421 2030 τοὺς
440 1999 585 2034 δεομένους
605 2000 720 2035 ὠφελεῖν
743 2001 902 2037 βούλεσθαι·

115 2043 228 2079 μηνύειν
243 2043 271 2069 δὲ
286 2043 359 2078 αὐτῷ
372 2044 405 2070 si
419 2045 602 2080 γεγραμμένα
617 2046 662 2072 τοῦ
676 2045 734 2080 βίου
751 2055 903 2082 καταστρο-

114 2089 176 2125 φήν,
193 2090 238 2116 δτι
253 2089 321 2124 μηδὲ
335 2086 375 2121 οἷς
392 2089 406 2115 δ
424 2090 557 2124 πρόγονος
573 2091 656 2117 αὑτοῦ
670 2091 904 2128 Ναὸουχοδονὸσορ

111 2135 154 2162 διὰ
181 2136 234 2167 τὰς
262 2137 303 2168 είς
327 2135 392 2163 Θεδν
420 2135 514 2172 ὕϐρεις
539 2136 688 2173 έκολάρθη,
702 2137 808 2170 τούτοις
823 2139 903 2172 αὐτὸς

111 2182 214 2217 ιμαοεν
231 2182 355 2209 εὐσεϐεῖν
370 2183 418 2209 καὶ
437 2182 520 2218 μηδὲν
539 2182 589 2218 τῆς
606 2182 782 2219 ἀνθρωπίνης
797 2173 903 2218 φύσεως

956 947 981 974 ei
1005 946 1169 982 signiﬁcare,
1191 953 1252 980 quae
1274 945 1347 972 illius
1375 953 1445 977 avo,
1467 943 1744 974 Nabuchodonosori,

958 992 1082 1027 inquam,
1108 996 1221 1026 propter
1249 998 1281 1017 ea
1297 997 1357 1025 qua:
1374 990 1481 1017 viderat
1495 997 1604 1021 arcana,
1621 989 1645 1016 ei
1661 995 1747 1023 expo-

956 1042 1059 1070 suerat,
1082 1037 1131 1064 Est
1145 1036 1269 1071 quidam,
1283 1036 1390 1068 dicens,
1410 1036 1457 1071 qui
1479 1036 1530 1062 l'uit
1546 1035 1645 1062 ductus
1661 1035 1715 1062 huc
1730 1041 1746 1062 e

955 1082 1048 1110 Judaa
1073 1082 1209 1116 captivus,
1231 1080 1342 1108 nomine
1364 1080 1469 1112 Daniel,
1496 1080 1539 1107 vir
1561 1080 1690 1114 egregius
1711 1079 1745 1106 ad

957 1127 1124 1154 invenienda
1145 1133 1258 1157 arcana,
1276 1130 1303 1152 et
1317 1133 1378 1160 qua:
1391 1129 1456 1152 sunt
1472 1125 1521 1152 soli
1538 1125 1594 1152 Deo
1611 1124 1720 1159 cognita
1737 1132 1743 1150 ε

955 1174 1003 1209 qui
1027 1173 1083 1208 regi
1096 1172 1372 1202 Nabuchodmiosori.
1387 1179 1450 1198 cum
1464 1171 1556 1198 nullus
1571 1170 1642 1197 alius
1654 1173 1745 1204 posset

959 1220 1051 1247 dicere
1067 1220 1102 1247 de
1120 1219 1154 1246 iis
1167 1226 1228 1254 quae
1250 1217 1401 1252 quazrebat.
1417 1217 1508 1245 omnia
1525 1216 1640 1251 pulchre
1659 1215 1745 1251 signi-

958 1265 1062 1297 ﬁcavit,
1076 1270 1103 1292 ct
1117 1265 1205 1292 edidit
1222 1264 1249 1291 in
1266 1265 1354 1290 lucem
1369 1271 1401 1290 ca
1418 1270 1478 1298 qua‘.
1492 1263 1700 1297 quaerebantur.
1716 1261 1745 1287 Si

957 1319 1021 1339 eum
1040 1319 1106 1346 ergo
1131 1310 1322 1342 accersiveris,
1345 1310 1370 1337 id
1389 1309 1462 1344 quod
1485 1309 1555 1336 scire
1575 1308 1664 1342 cupis,
1683 1315 1744 1334 mox

959 1356 1096 1384 invenies.
1122 1355 1167 1382 Ille
1190 1363 1256 1382 vero
1279 1362 1342 1381 eum
1373 1353 1518 1382 celerrime
1541 1353 1669 1380 accersiit
1689 1361 1697 1379 :
1718 1356 1746 1379 et

956 1410 1019 1430 cum
1046 1402 1170 1433 dixisset,
1192 1409 1253 1436 qua:
1280 1401 1314 1427 de
1341 1401 1400 1435 ipso
1422 1404 1451 1427 et
1477 1400 1510 1427 de
1531 1399 1593 1434 ejus
1618 1398 1746 1426 audiebat

957 1448 1101 1484 sapientia,
1126 1451 1153 1474 et
1170 1446 1234 1481 quid
1250 1446 1361 1473 divinus
1381 1446 1416 1472 sit
1433 1453 1495 1472 cum
1515 1452 1548 1472 eo
1564 1444 1702 1479 Spiritus;
1718 1449 1746 1470 et

957 1496 994 1524 sit
1005 1495 1037 1522 ad
1061 1494 1257 1522 inveniendum
1282 1492 1357 1519 solus
1382 1492 1425 1519 vel
1449 1492 1567 1519 maxime
1583 1492 1698 1518 idoneus
1713 1497 1744 1517 ea

956 1549 1018 1577 quae
1041 1548 1097 1568 non
1118 1540 1234 1566 veniunt
1251 1539 1311 1566 aliis
1328 1538 1354 1565 in
1378 1543 1512 1570 mentem,
1535 1537 1648 1572 rogabat
1671 1541 1701 1564 ut
1719 1537 1745 1564 ei

956 1589 1101 1616 diceretet
1118 1587 1239 1614 solveret
1248 1594 1291 1618 ea,
1306 1593 1367 1620 quae
1382 1585 1484 1620 scripta
1500 1585 1609 1612 fuerant
1620 1594 1627 1618 ς
1638 1584 1744 1612 etiamsi

956 1634 1001 1665 sit,
1010 1634 1111 1668 inquit,
1120 1633 1298 1668 injucundum
1305 1637 1465 1666 etasperum
1473 1631 1547 1666 quod
1554 1639 1569 1658 a
1580 1631 1634 1658 Deo
1646 1630 1746 1665 signiﬁ-

955 1685 1045 1707 catur.
1055 1680 1110 1707 |Ioc
1118 1687 1184 1714 ergo
1192 1679 1214 1705 si
1223 1678 1332 1709 feceris,
1341 1678 1413 1705 dabo
1426 1677 1475 1704 tibi
1489 1685 1706 1713 purpuram,qua
1720 1682 1746 1705 te

956 1726 1056 1753 induas
1065 1735 1072 1752 :
1081 1731 1109 1753 et
1117 1731 1243 1761 torquem
1252 1732 1461 1759 aureum,quem
1470 1724 1540 1751 collo
1551 1728 1598 1751 tuo
1609 1725 1743 1759 imponas,

956 1777 983 1799 et
995 1772 1104 1799 tertiam
1115 1777 1218 1808 partem
1231 1772 1282 1799 mei
1294 1770 1412 1805 imperii,
1423 1771 1543 1798 futuram
1562 1771 1703 1806 praemium
1717 1775 1744 1798 et

956 1819 1090 1846 honorem
1109 1823 1162 1846 tua:
1183 1819 1326 1853 sapientia:
1342 1827 1348 1844 :
1364 1822 1395 1844 ut
1413 1825 1446 1845 ex
1468 1818 1535 1852 ipsis
1548 1818 1650 1845 evadas
1664 1818 1744 1853 longe

955 1865 1136 1896 clarissimus,
1153 1869 1181 1892 et
1193 1865 1228 1892 ab
1243 1864 1372 1891 omnibus
1389 1864 1594 1898 suspiciendus.

992 1910 1060 1938 Xlll.
1082 1911 1177 1938 Daniel
1193 1915 1285 1938 autem
1303 1910 1416 1946 rogabat
1436 1910 1562 1945 quidem,
1579 1914 1610 1937 ut
1625 1910 1678 1938 sibi
1695 1919 1743 1938 sua

956 1955 1072 1983 haberet
1109 1963 1235 1986 munera,
1260 1954 1350 1981 virum
1374 1955 1448 1982 enim
1471 1954 1623 1988 sapientem
1649 1959 1677 1981 et
1701 1954 1742 1980 di-

954 2001 1049 2029 vinum
1068 2009 1121 2028 non
1146 2008 1206 2029 esse
1230 2000 1395 2034 capiendum
1420 1999 1582 2026 muneribus
1603 2007 1610 2025 :
1627 2006 1657 2026 se
1677 2006 1745 2026 vero

954 2048 1039 2083 gratis
1053 2047 1122 2074 velle
1143 2048 1240 2082 juvare
1251 2054 1300 2073 eos
1314 2047 1360 2080 qui
1381 2053 1451 2080 opus
1471 2045 1600 2072 habeant.
1621 2045 1744 2072 Declarat

955 2099 1048 2121 autem
1064 2093 1089 2121 ei
1114 2101 1145 2120 ea
1159 2101 1220 2128 quze
1236 2092 1339 2126 scripta
1354 2092 1473 2122 inerant.
1491 2085 1589 2126 nempe
1606 2092 1667 2118 vitae
1687 2091 1744 2118 exi-

954 2144 1011 2168 tum
1024 2149 1030 2167 :
1041 2139 1113 2175 quod
1130 2147 1181 2167 nec
1197 2139 1229 2167 iis
1241 2138 1363 2173 quidem,
1374 2146 1434 2173 quae
1448 2145 1515 2165 avus
1526 2138 1586 2172 ejus
1595 2137 1743 2166 Nabucho-

954 2185 1077 2213 donosor
1102 2192 1198 2220 passus
1222 2187 1292 2217 erat,
1326 2184 1468 2218 suppliciis
1493 2188 1605 2218 propter
1627 2192 1690 2211 snas
1715 2184 1742 2211 in

113 2228 182 2264 πέρα
208 2228 334 2263 φρονεῖν·
360 2227 419 2254 ἀλλ’
434 2228 475 2254 ὄτι
493 2227 541 2254 καὶ
557 2227 794 2264 Ναϐουχοδονόσορ
818 2237 902 2264 μετα-

955 2232 1042 2259 Deum
1070 2231 1266 2263 contumelias,
1294 2231 1353 2265 ipse
1377 2230 1513 2257 didicerat
1535 2237 1595 2256 esse
1611 2230 1696 2264 pium,
1715 2235 1743 2257 et

112 2274 280 2305 πλασθέντος
306 2274 347 2305 είς
370 2272 472 2309 θηρίων
496 2273 636 2309 διαγωγήν
652 2274 696 2308 ἐφ’
714 2272 755 2306 οἷς
771 2275 901 2309 ὴσέσησε,

112 2322 156 2347 καὶ
181 2320 254 2356 μετά
279 2319 379 2351 πολλὰς
407 2319 511 2352 ἱκεσίας
534 2320 581 2346 καὶ
603 2319 711 2355 δεήσεις
734 2319 900 2354 έλεηθέντος,

110 2367 178 2394 ὥστε
192 2367 278 2394 πάλιν
292 2365 450 2392 ἐπανελθεῖν
472 2366 511 2397 είς
528 2365 573 2392 τὸν
588 2365 760 2399 ἀνθρώπινον
775 2365 833 2400 βίον
855 2366 902 2391 καὶ

109 2413 156 2448 τήν
171 2412 316 2449 βασιλείαν
333 2411 419 2446 αὐτὴν
432 2411 480 2438 καὶ
493 2412 536 2438 διὰ
553 2411 641 2438 ταῦτα
656 2411 703 2438 τὸν
719 2411 786 2437 Θεὸν
800 2410 836 2442 ὡς
853 2411 902 2446 τὴν

110 2459 222 2486 ἃπασαν
255 2458 352 2493 ἔχοντα
387 2457 504 2492 δύναμιν
536 2457 582 2485 καὶ
615 2456 817 2492 προνοούμενον
847 2457 902 2483 τῶν

110 2505 276 2540 ἀνθρώπων,
289 2504 352 2540 ἄχρι
369 2504 416 2530 καὶ
429 2503 714 2540 τελευτῆςῦμνοῦντος
724 2503 810 2539 λήθην
821 2503 902 2535 αὐτὸς

111 2552 188 2579 ἓλαδε
212 2550 318 2578 τούτων
342 2550 390 2577 καὶ
411 2550 496 2576 πολλά
517 2550 567 2584 μὶν
584 2550 797 2586 ἐϐλασφήμησεν
817 2551 856 2581 εἰς
871 2549 902 2576 ἰδ

113 2598 198 2629 Θείον,
217 2598 275 2629 τοῖς
290 2597 319 2623 δὲ
335 2597 460 2623 σκεύεσιν
475 2597 559 2623 αὐτοϋ
575 2596 644 2631 μετά
659 2597 714 2623 τῶν
730 2596 901 2623 παλλακίδων

113 2644 280 2679 διηχονεῖτοο
294 2642 382 2669 ταῦτα
403 2640 450 2669 οὖν
465 2642 570 2677 ὁρῶντα
586 2642 631 2668 τὸν
644 2642 722 2675 Θεὸν,
738 2642 900 2678 ὀργισθῆναι

115 2690 186 2725 αὐτῷ
208 2689 255 2716 καὶ
277 2689 322 2716 διὰ
343 2689 398 2715 τῶν
415 2688 618 2723 γεγραμμένων
637 2688 897 2723 προκαταγγέλλειν,

116 2734 152 2764 εἰς
165 2731 219 2760 οἷον
232 2734 315 2760 αὺτὺν
330 2733 518 2768 καταστρέψαι
533 2734 573 2759 δεῖ
593 2732 668 2764 τέλος
678 2742 684 2749 ι
705 2733 798 2767 ἐδήλου
818 2733 847 2760 δὲ
865 2734 900 2760 τὰ

118 2780 354 2815 γράμματα-τάδε-
363 2779 454 2814 μάνη,
472 2779 569 2812 θέκελ,
580 2780 672 2814 φαρές
683 2788 689 2794 ·
704 2779 782 2806 τοῦτο
796 2779 824 2805 δὲ
840 2779 898 2805 ἐλε-

118 2833 160 2859 γιν
176 2825 280 2854 Ἐλλάδι
299 2824 413 2862 γλώσσῃ
432 2826 586 2861 σημαίνειν,
612 2826 653 2852 ὅτι
683 2825 738 2852 Τὸν
753 2824 807 2858 τῆς
824 2824 899 2859 ζωῆς

115 2879 166 2900 σου
178 2875 292 2908 χρόνον
305 2873 471 2908 ἠρίθμηκεν
482 2873 498 2900 ὁ
513 2872 585 2904 Θεὸς
599 2872 646 2899 καί
663 2870 784 2907 σταθμῷ
803 2873 899 2906 περιέ-

955 2278 1025 2305 ultra
1037 2277 1148 2305 modum
1163 2277 1289 2303 humana:
1302 2281 1408 2303 natura:
1418 2283 1473 2302 non
1487 2282 1596 2302 sumere
1608 2275 1741 2309 spiritus:

954 2323 1002 2350 sed
1010 2323 1083 2357 quod
1097 2322 1180 2349 etiam
1193 2330 1255 2348 cum
1266 2320 1522 2348 Nabuchodonosor
1532 2324 1654 2346 mutatus
1669 2325 1742 2347 esset

954 2368 982 2395 in
1007 2368 1088 2394 vitam
1119 2367 1234 2394 ferinam
1257 2371 1402 2400 propterea
1416 2373 1478 2399 quae
1502 2365 1585 2399 impie
1609 2369 1741 2399 gesserat.

953 2417 980 2440 et
997 2417 1058 2448 post
1074 2413 1173 2439 multas
1188 2419 1284 2446 preces
1297 2415 1326 2438 et
1353 2411 1568 2446 supplicationes
1583 2410 1741 2437 misericor-

954 2459 1027 2486 diam
1038 2462 1111 2485 esset
1121 2462 1298 2488 consecutus.
1313 2461 1340 2484 et
1355 2456 1482 2483 rediisset
1498 2455 1531 2482 ad
1546 2455 1628 2482 vitam
1643 2455 1740 2482 huma-

953 2512 1016 2532 nam
1043 2509 1072 2531 et
1096 2503 1185 2539 ipsum
1208 2510 1345 2538 regnum:
1366 2506 1395 2529 et
1413 2505 1559 2536 propterea
1583 2501 1681 2532 Deum,
1710 2507 1740 2528 ut

952 2551 999 2586 qui
1012 2557 1123 2578 omnem
1141 2549 1256 2576 haberet
1271 2548 1432 2583 potentiam,
1447 2552 1474 2575 et
1489 2547 1630 2574 hominum
1644 2553 1738 2574 curam

952 2600 1071 2633 gereret,
1094 2603 1182 2630 usque
1198 2595 1233 2622 ad
1258 2599 1374 2622 mortem
1399 2594 1535 2626 laudaret,
1562 2593 1619 2627 ipse
1641 2599 1738 2619 eorum

952 2648 994 2670 est
1009 2641 1111 2670 oblitus
1126 2650 1132 2668 :
1150 2645 1178 2668 et
1194 2641 1280 2668 Deum
1296 2639 1408 2675 quidem
1423 2639 1519 2666 multis
1534 2638 1684 2664 insectatus
1696 2642 1738 2664 est

952 2688 1120 2721 maledictis,
1135 2687 1210 2714 vasis
1225 2691 1316 2714 autem
1329 2686 1390 2722 ejus
1411 2690 1441 2712 ut
1452 2684 1505 2712 sibi
1521 2683 1736 2713 ministraretur,

950 2735 1042 2762 etl‘ecit
1065 2733 1146 2760 simul
1170 2740 1233 2760 cum
1251 2731 1406 2767 pellicibus.
1425 2729 1488 2756 Ηωο
1507 2735 1573 2762 ergo
1596 2727 1734 2754 videntem

950 2781 1035 2808 Deum
1048 2780 1073 2808 ei
1084 2787 1143 2807 esse
1161 2779 1271 2810 iratum,
1281 2783 1309 2806 et
1325 2784 1373 2812 per
1386 2784 1418 2803 ea
1430 2783 1491 2810 quae
1507 2774 1608 2809 scripta
1624 2777 1699 2804 sunt,
1709 2773 1736 2800 ei

950 2827 1173 2862 praesigniﬁcare,
1195 2823 1284 2860 qualis
1299 2824 1334 2851 sit
1355 2823 1466 2850 futurus
1491 2821 1554 2848 vita:
1574 2819 1674 2847 exitus.
1693 2818 1735 2845 Si-

949 2872 1114 2908 gniﬁcabant
1132 2875 1224 2900 autem
1246 2870 1288 2898 ha:
1306 2869 1416 2901 litterae,
1435 2867 1523 2898 Mane.
1544 2864 1644 2899 Thecel,
1665 2863 1735 2892 Plia-

1828 1452 1837 1466 ε
