2024 3153
265 176 314 209 3¹]1

915 163 1058 195 MENSIS
1078 160 1229 193 IULIUS.

1844 159 1898 191 392

260 239 351 268 operae
368 229 488 266 pretium
503 231 546 255 est
570 226 615 254 hic
625 231 737 260 quoque
761 229 857 251 eorum
883 220 1053 268 meminisse,

1120 217 1267 251 τύγχανεν,
1282 215 1358 248 ἄξιον
1368 215 1486 242 ἐνταῦθα
1500 214 1546 242 καὶ
1562 214 1626 250 περὶ
1639 214 1730 241 αὐτῶν
1742 215 1898 251 μνησθῆναι

260 267 289 306 et
303 276 460 308 ostendere,
486 281 568 310 quam
591 276 665 300 esset
679 272 740 307 ejus
759 277 838 297 mens
860 276 930 304 pura
946 272 974 295 et
994 267 1051 294 Deo

261 326 354 360 digna.

297 368 391 398 XVIII.
408 367 429 394 A
444 374 542 402 magno
558 365 611 392 hoc
626 363 773 399 propheta,
789 370 851 389 cum
865 361 956 388 adhuc
969 360 1052 395 dege-

261 421 305 443 ret
326 415 449 442 Baltasar
483 413 508 439 in
532 417 605 439 terra
627 407 894 440 Chaldmorum,visi
911 411 975 435 sunt
987 414 1054 441 qua-

263 467 326 489 tuor
342 460 417 486 venti
431 457 492 485 caeli
508 457 534 483 in
549 463 625 483 mare
639 455 759 486 irruere,
775 457 804 481 et
817 457 937 487 quatuor
949 459 1054 487 magna:

262 507 358 535 bestia:
374 513 406 532 ex
422 512 455 532 eo
474 503 636 534 ascendere,
654 509 714 536 qua:
729 499 922 535 signiﬁcabant
935 503 1054 534 quatuor

263 560 363 588 magna
385 558 479 587 regna.
502 550 624 583 Quarum
641 556 696 576 una
713 548 825 583 quidem
840 547 899 574 visa
926 546 978 573 fuit
993 550 1054 572 tan-

264 607 348 634 quam
369 599 467 629 leaena,
485 601 513 623 et
528 596 589 631 ejus
612 602 709 630 penne
734 599 864 629 tanquam
887 593 996 628 aquilas.
1016 593 1055 620 Ea

265 644 442 680 significabat
477 649 593 678 regnum
624 641 827 669 Chaldaeorum.
857 640 926 668 Ursa
962 643 1054 666 autem

265 688 397 719 secunda,
420 694 481 722 quae
497 687 524 714 in
542 694 590 714 ore
607 686 659 713 tria
681 685 802 712 habebat
817 685 904 713 latera
918 694 924 711 :
938 685 985 712 cui
1003 692 1056 711 vox

266 742 375 771 quoque
389 733 566 765 audiebatur,
581 733 678 760 dicens
691 742 698 760 :
712 731 812 767 Surge,
829 731 943 759 comede
959 739 1057 759 carnes

266 780 378 810 multas,
397 786 429 806 ea
446 777 618 813 signiﬁcabat
641 784 756 812 regnum
774 776 916 803 Medorum
939 779 968 803 et
991 775 1058 802 Per—

266 833 370 853 sarum.
391 825 425 852 Et
439 824 530 856 tertia,
546 823 648 859 pardus
662 831 669 849 :
682 830 743 858 quae
755 821 838 850 etiam
858 821 1057 849 ostendebatur

267 872 375 899 habens
392 875 513 905 quatuor
536 876 641 904 pennas
662 868 784 895 volucris
804 875 886 902 supra
910 867 995 902 ipsam
1010 876 1016 893 :
1030 871 1058 894 et

267 917 295 945 in
311 925 344 945 ea
363 924 474 952 quoque
498 915 587 943 bestia
609 914 796 942 cernebantur
814 918 934 948 quatuor
956 913 1054 948 capita.
1073 906 1096 935 Β

268 964 394 998 Regnum
414 962 573 990 Graecorum
591 968 641 996 per
658 967 718 987 eam
742 959 958 995 signiﬁcabatur.
982 958 1058 992 Quo-

268 1017 329 1037 rum
341 1008 550 1043 potentissimos
561 1014 640 1042 reges
654 1006 724 1034 vidit
736 1010 831 1040 postea
845 1005 872 1032 in
886 1005 973 1032 forma
985 1005 1058 1032 arie-

268 1055 304 1082 tis
320 1059 349 1082 et
374 1054 456 1081 hirci.
472 1054 586 1080 Darium
608 1051 721 1087 quidem
739 1056 868 1086 tanquam
884 1051 1011 1083 arietem,
1031 1050 1059 1077 in

269 1100 399 1127 omnibus
416 1104 496 1127 terra:
512 1099 638 1134 partibus
652 1105 738 1125 cornu
761 1101 916 1132 petentem;
939 1096 1060 1124 Alexan-

268 1146 350 1173 drum
366 1153 433 1173 vero
457 1150 586 1180 tanquam
610 1144 718 1171 hircum
734 1144 761 1171 in
781 1151 845 1170 eum
861 1143 1060 1178 insurgentem,

268 1196 297 1219 et
313 1191 419 1218 viribus
434 1198 466 1218 ac
488 1190 591 1225 impetu
618 1188 826 1216 conculcantem
841 1192 869 1214 et
883 1192 1060 1222 prosternen-

270 1245 337 1266 tcm.
364 1238 495 1271 Quartam
520 1242 611 1265 autem
635 1236 752 1264 bestiam
772 1236 842 1263 vidit
865 1236 1061 1268 terribilemct

272 1283 448 1319 stupendam,
464 1288 491 1311 et
504 1283 660 1310 mirandum
674 1283 701 1309 in
722 1282 833 1309 modum
847 1282 945 1309 fortem
963 1282 1061 1318 :cujus

270 1331 353 1358 ferrei
366 1330 477 1366 quidem
491 1330 597 1362 dentes,
614 1337 720 1364 ungues
733 1333 825 1356 autem
847 1328 929 1355 aenei.
942 1328 981 1355 Ea
995 1336 1061 1356 vero

271 1376 419 1411 superabat
430 1384 537 1409 omnes,
551 1385 612 1411 qua:
626 1376 713 1411 ipsam
728 1379 939 1411 praecesserant,
952 1374 1061 1402 viribus

270 1427 299 1450 et
315 1423 429 1450 audacia
443 1431 450 1450 :
463 1423 668 1457 excedebatque
683 1425 712 1450 et
726 1421 943 1454 comminuehat,
956 1424 983 1448 et
996 1420 1061 1450 reli-

271 1475 340 1502 quas
356 1468 539 1495 conculcabat
560 1468 687 1503 pedibus.
699 1468 750 1495 Per
765 1468 824 1495 hazc
837 1470 939 1495 docens
950 1475 1062 1495 manum

274 1515 473 1547 Romanorum,
487 1522 548 1549 quae
558 1514 664 1549 jamdiu
679 1519 754 1542 tenet
769 1514 927 1549 imperium.
942 1514 972 1541 In
983 1515 1063 1549 cujus

274 1558 364 1592 capite
387 1558 580 1591 animadverti,
603 1559 693 1595 inquit
715 1559 860 1594 propheta,
884 1559 980 1586 decem
1002 1567 1060 1586 cor-

275 1610 330 1628 nua
346 1607 374 1629 et
389 1602 464 1630 aliud
480 1611 590 1638 quoque
603 1611 730 1638 parvum,
748 1604 821 1638 quod
836 1605 908 1631 inter
923 1612 956 1631 ea
970 1612 1066 1632 nasce-

276 1648 370 1679 batur,
385 1653 413 1676 et
431 1649 483 1676 tria
499 1657 532 1676 ex
551 1649 692 1684 prioribus
706 1650 844 1677 evellebat
857 1650 1067 1678 radicitusJam

277 1693 352 1720 enim
369 1694 394 1720 in
411 1693 470 1728 ipso
487 1695 539 1721 line
554 1694 670 1721 Romani
688 1694 809 1729 imperii,
825 1695 899 1729 quod
913 1701 1023 1723 secatur
1039 1695 1068 1722 in

280 1738 382 1765 multos
405 1739 586 1774 principatus,
607 1739 676 1766 dicit
701 1739 813 1774 quidem
839 1739 897 1766 fore
922 1744 952 1766 ut
972 1740 1068 1767 decem

279 1793 359 1819 reges
372 1785 454 1812 simul
470 1790 628 1820 exsurgant.
645 1786 701 1812 Hoc
722 1785 795 1812 enim
811 1785 982 1820 significabat
999 1786 1069 1813 visio

278 1830 373 1857 decem
399 1838 545 1864 cornuum,
568 1831 620 1858 tria
635 1835 727 1858 autem
742 1838 774 1857 ex
791 1830 833 1858 his
848 1832 941 1866 regnis
954 1839 969 1858 a
985 1839 1070 1866 parvo

279 1875 327 1903 illo
340 1882 427 1903 cornu
445 1876 570 1909 dissolvi,
594 1876 667 1911 quod
692 1876 824 1904 cernebat
848 1877 950 1904 habere
974 1878 1070 1905 oculos

280 1922 412 1956 hominis,
431 1927 460 1950 ct
477 1930 508 1950 os
521 1923 740 1958 magniloquum,
756 1928 784 1949 et
800 1928 995 1958 superaturum
1010 1932 1070 1952 esse

278 1969 377 1996 vitium
393 1968 517 1996 omnium
532 1969 673 2001 vitiorum,
686 1976 747 2003 quae
763 1968 841 1996 fuere
853 1977 868 1996 a
883 1969 994 2003 saeculo,
1010 1977 1072 2004 quae

280 2016 392 2052 quidem
407 2020 501 2050 aperte
518 2014 675 2051 signiﬁcant
691 2015 904 2043 Antichristum.

313 2063 384 2091 XIX.
402 2063 470 2091 Cum
488 2064 529 2090 sic
545 2071 610 2098 ergo
630 2063 657 2089 in
675 2063 781 2091 visione
804 2064 883 2091 valde
899 2063 998 2092 fuisset
1022 2064 1071 2092 ad-

282 2110 421 2137 mirabilis
441 2110 588 2144 propheta,
611 2109 680 2136 vidit
702 2110 785 2136 etiam
802 2110 936 2144 quosdam
956 2111 1072 2138 thronos

283 2157 471 2191 intelligentes
492 2155 597 2190 positos
613 2161 641 2182 et
661 2156 922 2190 Supramundanos:
942 2161 970 2184 et
985 2157 1072 2184 Deum

285 2202 390 2238 gloriae,
407 2206 537 2237 tanquam
557 2202 704 2237 Antiquum
725 2202 844 2234 dierum,
858 2202 1050 2237 praesidentem
1064 2212 1071 2231 :

1105 263 1154 289 καὶ
1167 262 1250 294 δεῖξαι
1268 263 1317 296 τῆς
1331 261 1379 288 τοῦ
1395 261 1493 297 ἀνδρὸς
1509 261 1630 292 διανοίας
1647 260 1678 287 τὸ
1699 261 1898 297 καθαρώτατόν

1106 317 1135 335 τε
1154 309 1200 335 καὶ
1214 307 1346 341 ἀξιόθεον.

1143 353 1196 381 IH'.
1213 353 1315 381 Ὣπται
1329 354 1367 389 τῷ
1381 353 1492 389 μεγάλῳ
1499 353 1586 388 τούτῳ
1600 355 1740 390 προφήτῃ,
1753 353 1900 390 Βαλτάσαρ

1107 401 1149 427 ἔτι
1177 402 1206 427 ἐν
1226 402 1258 434 τῇ
1271 400 1326 426 τῶν
1352 400 1496 427 Χαλδαίων
1519 400 1668 433 διάγοντος,
1683 401 1747 431 τοὺς
1761 401 1901 434 τέσσαρας

1107 447 1227 482 ἀνέμους
1241 446 1290 473 τοῦ
1304 446 1419 481 οὐρανοῦ
1441 446 1646 481 προσὸαλόντας
1660 447 1693 481 τῇ
1711 446 1834 483 θαλάσσῃ
1852 447 1901 473 καὶ

1108 494 1229 529 τέσσαρα
1254 494 1336 528 θηρία
1360 492 1467 528 μεγάλα
1493 492 1541 519 ἀπ’
1557 493 1644 527 αὐτῆς
1670 492 1866 525 ἀναϐαίνοντα,
1883 492 1901 519 ἃ

1109 540 1157 566 καὶ
1172 539 1221 571 τὰς
1245 540 1368 575 μεγάλας
1395 540 1532 574 τέσσαρας
1559 539 1702 573 βασιλείας
1723 539 1901 573 αῑνιττόμενα

1110 585 1156 621 ἦν,
1171 584 1208 613 ὢν
1222 587 1271 622 τὴν
1292 587 1343 621 μὲν
1353 586 1421 614 ὡσεὶ
1437 586 1549 613 λέαιναν
1563 583 1664 621 ὦφθαι,
1683 588 1729 613 καὶ
1743 587 1833 622 πτερὰ
1850 587 1903 613 αὑ-

1109 636 1158 669 τῆς
1169 634 1235 661 ὡσεὶ
1257 633 1337 661 ἀετοῦ
1348 642 1354 648 ·
1370 634 1425 660 τῶν
1441 634 1583 660 Χαλδαίων
1598 633 1667 669 αὕτη
1695 634 1744 669 τὴν
1761 634 1904 669 βασιλείαν

1111 681 1311 716 ὑπογράφουσα
1338 678 1386 716 ἦν·
1416 680 1503 716 ἄρκον
1531 680 1559 706 δὲ
1585 680 1634 716 τὴν
1663 680 1803 715 δευτέραν,
1837 681 1904 716 τρία

1111 727 1217 762 πλευρὰ
1228 727 1344 762 ἔχουσαν
1371 727 1399 753 ἐν
1424 727 1463 762 τῷ
1480 727 1605 762 στόματι,
1622 727 1691 762 πρὸς
1706 728 1739 763 ῆν
1762 728 1810 754 καὶ
1825 727 1904 763 φωνὴ

1110 774 1227 808 λέγουσα
1243 773 1386 809 διηκούετο
1396 780 1405 788 ⁸
1425 773 1580 808 1Δνάστηθι,
1596 773 1666 808 φάγε
1681 773 1786 809 σάρκας
1800 773 1906 805 πολλὰς

1110 836 1145 841 -
1157 821 1226 856 αὕτη
1244 821 1294 855 τὴν
1311 820 1414 855 Μήδων
1425 820 1472 846 καὶ
1486 820 1540 846 τῶν
1559 820 1673 855 Περσῶν
1688 820 1841 856 διῃνίττετο
1852 821 1904 856 βα-

1113 867 1216 894 σιλείαν
1229 874 1237 883 ⁸
1250 866 1298 893 καὶ
1313 866 1448 900 πάρδαλιν
1464 866 1514 901 τὴν
1529 866 1638 901 τρίτην,
1654 866 1717 901 ἥτις
1738 866 1786 893 καὶ
1813 867 1905 902 πτερὰ

1110 913 1233 948 τέσσαρα
1247 912 1373 940 πετεινοῦ
1389 913 1518 948 ὑπεράνω
1531 912 1616 947 αὐτῆς
1629 912 1767 939 ἐδείκνυτο
1781 912 1882 948 ἔχουσα
1896 920 1905 929 ⁸

1110 960 1158 986 καὶ
1173 960 1306 994 τέσσαρες
1316 959 1344 986 δὲ
1359 958 1414 985 τῶν
1428 959 1531 993 θηρίων
1547 959 1666 992 κεφαλαὶ
1686 959 1865 994 καθωρῶντο-
1887 959 1903 994 ὴ

1117 1006 1253 1041 Ἑλλήνων
1276 1005 1401 1040 βασιλεία
1418 1005 1451 1031 δι’
1464 1005 1552 1039 αὐτῆς
1567 1005 1704 1040 ἐδηλοῦτο·
1720 1001 1758 1032 ὧν
1775 1005 1841 1037 τοὺς
1860 1006 1906 1032 δυ-

1110 1053 1283 1084 νατωτάτους
1299 1052 1428 1087 βασιλέας
1451 1053 1480 1079 ὲν
1498 1051 1575 1088 κριοῦ
1594 1052 1640 1079 καὶ
1667 1051 1770 1087 τράγου
1798 1053 1904 1087 μορφῇ·

1111 1100 1224 1134 Δαρεῖον
1239 1100 1288 1134 μὲν
1299 1097 1343 1126 οἷα
1359 1099 1437 1134 κριὸν
1452 1099 1522 1126 κατὰ
1539 1098 1627 1125 πάντα
1642 1100 1677 1125 τὰ
1696 1099 1767 1133 μέρη
1782 1098 1833 1132 τῆς
1849 1099 1903 1133 γῆς

1112 1145 1292 1181 κυρίττοντα·
1317 1144 1393 1180 αὐτῷ
1418 1145 1446 1172 δὲ
1472 1145 1518 1172 τὸν
1536 1144 1711 1180 Ἀλέξανδρον
1734 1143 1777 1171 οἷα
1797 1145 1904 1180 τράγον

1113 1192 1330 1226 ἐπανιστάμενον
1357 1192 1404 1217 καὶ
1420 1192 1493 1226 ὁρμῇ
1521 1190 1612 1226 ἰσχύος
1632 1190 1828 1226 συμπατοῦντα
1856 1191 1905 1217 καὶ

1113 1236 1333 1264 καταδάλληντα·
1348 1237 1379 1263 τὸ
1397 1237 1529 1272 τέταρτον
1551 1236 1580 1263 δὲ
1597 1236 1692 1272 θηρίον
1713 1237 1829 1271 φοειρδν
1850 1234 1907 1263 εἶδε

1114 1283 1162 1310 καὶ
1174 1283 1315 1318 ἐκθαμϐον
1331 1283 1378 1310 καὶ
1399 1283 1511 1319 ἰσχυρὸν
1528 1283 1655 1318 περιττὰ,
1676 1279 1707 1309 οὗ
1728 1283 1837 1318 σιδηροὶ
1857 1283 1909 1318 μὲν

1113 1330 1137 1356 οἱ
1150 1330 1267 1363 ὀδόντες,
1284 1330 1309 1355 οἱ
1321 1329 1415 1364 ὄνυχες
1430 1330 1458 1355 δὲ
1469 1329 1523 1356 ἀπὸ
1536 1329 1650 1364 χαλκοῦ·
1663 1330 1712 1356 καὶ
1723 1329 1803 1356 τοῦτο
1819 1330 1908 1365 ὑπερ-

1114 1375 1226 1402 6άλλειν
1251 1375 1324 1410 ίσχύῖ
1339 1376 1377 1402 τὰ
1399 1377 1452 1410 πρὸ
1473 1374 1556 1401 αὐτοῦ
1573 1376 1662 1402 πάντα
1683 1375 1731 1401 καὶ
1749 1375 1908 1411 ίταμότητι,

1115 1423 1205 1449 ἐσθίον
1217 1423 1266 1449 καὶ
1281 1422 1413 1449 λεπτύνον
1425 1423 1473 1449 καὶ
1488 1423 1522 1449 τὰ
1540 1423 1670 1449 ἐπίλοιπα
1685 1424 1742 1455 τοῖς
1758 1424 1821 1449 ποσὶ
1835 1432 1909 1458 συμ-

1116 1468 1235 1496 πατοῦν·
1251 1469 1301 1503 τὴν
1316 1468 1378 1503 ἄρτι
1392 1469 1561 1503 κατέχουσαν
1577 1470 1656 1503 χεῖρα
1670 1469 1715 1496 διὰ
1727 1469 1821 1496 τούτου
1835 1469 1912 1497 διδα-

1118 1516 1252 1550 σκόμενος
1280 1515 1335 1541 τῶν
1353 1514 1516 1550 Ῥωμαίων·
1542 1511 1572 1541 οῦ
1597 1515 1666 1550 πρὸς
1686 1517 1719 1551 τῇ
1740 1516 1847 1552 κεφαλῇ
1861 1516 1912 1542 καὶ

1118 1562 1185 1588 δέκα
1209 1562 1312 1596 κέρατα
1336 1561 1513 1596 προσενόουν,
1527 1562 1612 1597 φησιν
1631 1562 1645 1587 ὁ
1669 1563 1834 1597 προφήτης·
1862 1563 1913 1590 καὶ

1121 1607 1220 1643 μικρὸν
1232 1607 1296 1634 ἄλλο
1322 1607 1426 1642 μεταξὺ
1442 1611 1546 1634 τούτων
1561 1607 1696 1642 φυόμενον
1715 1608 1763 1635 καὶ
1773 1608 1838 1643 τρία
1853 1608 1911 1635 τῶν

1120 1654 1260 1689 προτέρων
1277 1653 1405 1688 ἐκριζοῦν
1416 1661 1424 1669 ·
1440 1654 1491 1689 ήδη
1506 1654 1561 1689 γὰρ
1572 1655 1617 1681 ἐπ’
1629 1654 1703 1689 αὺτῷ
1718 1654 1757 1689 τῷ
1769 1654 1843 1681 τέλει
1861 1655 1912 1690 τῆς

1126 1696 1271 1731 Ῥωμαίων
1288 1697 1376 1732 ἀρχῆς
1401 1699 1440 1729 εἰς
1453 1698 1624 1734 πολυαρχίαν
1643 1700 1892 1735 κατατεμνομένης
1903 1720 1911 1733 ,

1120 1743 1185 1770 δέκα
1202 1744 1251 1778 μὲν
1267 1744 1472 1780 ἀναστήσεσθαι
1495 1745 1617 1779 βασιλεῖς
1639 1746 1708 1780 ὁμοῦ
1729 1746 1814 1779 λέγει’
1830 1747 1914 1774 τοῦτο

1120 1790 1177 1825 γὰρ
1192 1791 1208 1824 ἡ
1223 1789 1277 1816 τῶν
1292 1790 1358 1817 δέκα
1374 1792 1499 1825 κεράτων
1516 1791 1578 1826 ὄψις
1596 1792 1691 1827 ἐδήλου
1704 1800 1711 1807 ·
1725 1793 1800 1827 τρεῖς
1813 1793 1842 1819 δὲ
1857 1793 1913 1819 τῶν

1121 1836 1251 1863 τοιούτων
1265 1837 1411 1870 βασιλειῶν
1430 1837 1483 1863 ὑπὸ
1497 1837 1543 1864 τοῦ
1560 1838 1660 1874 μικροῦ
1674 1838 1789 1874 κέρατος
1803 1839 1914 1866 ἐκείνου

1122 1882 1320 1918 καταλυθῆναι,
1336 1882 1350 1909 ὃ
1366 1883 1412 1910 καὶ
1431 1883 1588 1918 ὀφθαλμοὺς
1603 1884 1676 1919 ἔχειν
1691 1885 1839 1920 ἀνθρώπου
1865 1885 1915 1912 καὶ

1123 1927 1212 1963 στόμα
1224 1927 1323 1954 λαλοῦν
1338 1928 1447 1963 μεγάλα
1467 1928 1514 1955 καὶ
1525 1929 1574 1963 τὴν
1585 1930 1686 1956 κακίαν
1701 1929 1814 1956 πάντων
1826 1931 1915 1966 ὑπερ-

1122 1972 1207 2000 οίσειν
1221 1973 1276 2000 τῶν
1287 1973 1333 2000 ἀπ’
1346 1973 1445 2005 αἰῶνος
1458 1973 1551 2000 κακῶν
1562 1973 1646 2009 ἐώρα,
1663 1975 1710 2000 τοῦ
1727 1974 1914 2010 ’Δντιχριστου

1124 2019 1212 2047 ταῦτα
1227 2020 1369 2056 προδήλως
1385 2021 1552 2055 σημαντικά.

1160 2062 1212 2091 ΙΘ’.
1227 2061 1291 2090 Ὧδε
1306 2064 1452 2099 τοιγαροῦν
1468 2064 1517 2099 τῆς
1531 2065 1760 2100 ὑπερφυεστάτης
1772 2067 1833 2098 ὅλος
1848 2066 1917 2102 ὁρά-

1126 2118 1196 2142 σεως
1225 2110 1346 2144 γεγονὼς
1374 2111 1388 2137 ὁ
1416 2111 1572 2146 προφήτης,
1590 2111 1703 2146 ἐθεώρει
1726 2112 1774 2139 καὶ
1801 2113 1918 2148 θρόνους

1126 2154 1238 2190 νοίρούς
1251 2164 1328 2186 τινας
1347 2155 1395 2182 καὶ
1410 2156 1614 2192 ὑπερκοσμίους
1631 2157 1791 2193 τιθεμένους
1808 2159 1857 2185 καὶ
1870 2160 1918 2186 τὸν

1124 2201 1191 2227 Θεὸν
1207 2201 1257 2236 τῆς
1269 2201 1348 2237 δόξης
1366 2199 1411 2228 οἶα
1434 2202 1552 2229 Παλαιὸν
1568 2203 1679 2239 ἡμερῶν
1691 2204 1918 2240 προκαθήμενον,

282 2249 330 2285 qui
345 2257 389 2282 eo,
406 2249 479 2284 quod
495 2249 530 2276 sit
554 2253 619 2276 ante
636 2249 746 2281 saecula,
763 2249 803 2276 sic
817 2249 923 2276 videnti
951 2250 1065 2277 volueril

1123 2246 1162 2282 τῷ
1179 2247 1344 2282 προαιώνιον
1359 2247 1441 2274 αὑτὸν
1459 2246 1539 2280 εἷναι,
1554 2248 1641 2281 οὕτως
1661 2250 1778 2285 ὀφθῆναι
1793 2251 1832 2287 τῷ
1854 2251 1917 2286 βλί-

282 2297 371 2324 videri
385 2305 391 2323 :
404 2297 484 2332 cujus
497 2296 580 2324 etiam
595 2295 787 2323 indumentum
804 2300 864 2323 erat
877 2296 982 2329 album,
999 2297 1074 2324 sicut

285 2344 331 2370 nix
355 2351 362 2370 :
384 2348 412 2370 et
438 2342 554 2377 capillus
579 2343 641 2377 ejus
665 2343 833 2371 cernebatur
856 2347 986 2379 tanquam
1012 2343 1075 2371 lana

288 2397 368 2424 pura.
388 2389 461 2417 Nihil
478 2389 551 2417 enim
566 2389 726 2421 obscurum,
740 2390 809 2417 nihil
827 2390 915 2422 triste,
931 2389 1001 2417 nihil
1014 2397 1075 2417 sor-

283 2437 379 2464 .lidum
403 2436 474 2470 apud
490 2445 583 2464 veram
602 2440 630 2465 ct
653 2445 778 2473 magnam
793 2442 821 2464 et
836 2437 953 2472 primam
969 2437 1071 2464 lucem.

285 2482 356 2515 Quin
373 2482 456 2508 etiam
469 2482 599 2509 thronum
616 2490 728 2517 quoque
741 2483 802 2518 ejus
817 2482 885 2510 dicit
899 2482 1074 2517 apparuisse,

287 2532 417 2562 tanquam
429 2527 565 2554 ﬂammam
586 2528 667 2563 ignis,
683 2534 710 2555 et
735 2534 808 2556 rotas
830 2529 921 2564 ignem
941 2529 1072 2556 emitten-

286 2579 338 2607 tes,
360 2578 388 2602 et
404 2573 518 2601 ﬂuvium
545 2574 615 2610 ignis
637 2580 700 2602 ante
722 2583 786 2602 eum
812 2575 993 2608 ﬂuentem,et
1009 2575 1075 2602 hor-

285 2619 374 2647 renda
397 2620 488 2647 omnia
506 2624 533 2647 et
555 2620 700 2652 terribilia,
723 2625 751 2648 ct
774 2620 948 2648 admirabilia
969 2620 1073 2652 omnia,

283 2671 312 2694 et
330 2674 390 2702 qua:
406 2660 660 2694 Deum'deccbant.
681 2666 751 2694 Mille
768 2667 842 2693 enim
859 2666 954 2698 millia,
973 2665 1074 2700 inquit,

286 2717 315 2739 et
330 2712 423 2739 decies
437 2712 511 2739 mille
529 2713 614 2739 millia
632 2712 658 2739 ei
676 2712 849 2744 assistentes,
866 2712 910 2746 pie
925 2710 1074 2738 admodum

288 2757 492 2784 ministrabant.
507 2757 609 2784 Deinde
620 2765 682 2785 cum
694 2757 816 2784 nubibus
838 2762 966 2791 tanquam
977 2751 1076 2783 Filium

288 2801 417 2834 hominis,
437 2803 535 2830 Filium
551 2803 597 2830 Dei
613 2803 681 2830 dixit
697 2810 726 2830 se
744 2802 847 2829 vidisse
863 2802 1030 2835 venientem,
1049 2807 1078 2829 et

274 2854 352 2888 _eum
369 2849 401 2875 ad
426 2849 534 2876 Patrem
557 2857 645 2884 usque
660 2853 786 2880 euntem,
803 2852 831 2874 et
849 2852 977 2883 tanquam
994 2848 1028 2876 ab
1044 2857 1078 2876 eo

291 2893 435 2927 dilectum,
458 2901 520 2921 cum
537 2903 570 2923 eo
589 2895 739 2922 honoriliee
763 2893 915 2928 sedentem,
929 2899 958 2923 et
973 2895 997 2923 ei
1015 2896 1077 2923 uni-

1126 2301 1205 2320 ποντι
1221 2293 1398 2328 βουληθέντα,
1426 2291 1455 2321 οὗ
1481 2295 1528 2322 καὶ
1553 2295 1584 2322 τὸ
1599 2296 1702 2331 ἔνδυμα
1721 2296 1829 2330 λευκὸν,
1849 2297 1918 2325 ὡσεὶ

1126 2339 1194 2375 χιὼν
1208 2340 1255 2366 καὶ
1267 2341 1317 2375 τὴν
1329 2341 1411 2376 τρίχα
1423 2341 1474 2375 τῆς
1489 2342 1612 2378 κεφαλῆς
1622 2343 1690 2369 ὡσεὶ
1704 2343 1777 2379 ἔριον
1793 2344 1917 2380 καθαρὸν

1126 2386 1259 2421 ὁρᾶσθαι·
1281 2386 1357 2413 οὐδὲν
1370 2387 1424 2422 γὰρ
1437 2386 1574 2422 ἀλαμπὲς,
1604 2389 1682 2416 οἰδὲν
1706 2389 1829 2425 κατηφὲς
1854 2390 1918 2417 οὐδὲ

1128 2433 1223 2468 ῥυπῶν
1242 2433 1319 2468 παρὰ
1335 2434 1374 2468 τῷ
1395 2434 1506 2470 μεγάλῳ
1530 2435 1578 2462 καὶ
1599 2435 1721 2471 ἀληθινῷ
1743 2437 1790 2463 καὶ
1815 2438 1919 2472 πρώτῳ

1127 2478 1197 2513 φωτί
1207 2486 1216 2494 ”
1232 2479 1300 2506 ἀλλὰ
1312 2479 1359 2506 καὶ
1372 2479 1418 2506 τὸν
1432 2480 1527 2515 θρόνον
1538 2480 1621 2507 αὐτοῦ
1634 2481 1671 2512 ὥς
1684 2482 1772 2517 πυρὸς
1781 2480 1842 2509 εἷπε
1855 2482 1920 2517 φαι-

1128 2525 1221 2551 νεσθαι
1240 2524 1327 2559 φλόγα
1344 2525 1392 2552 καὶ
1408 2526 1524 2561 τροχοὺς
1539 2526 1595 2562 πῦρ
1610 2527 1742 2562 ἀφιέντας
1761 2530 1809 2555 καὶ
1832 2537 1920 2556 ποτα-

1129 2570 1180 2605 μὸν
1194 2570 1280 2605 πυρὸς
1294 2570 1451 2606 ἔμπροσθεν
1466 2572 1564 2607 ῥέοντα
1579 2573 1628 2599 καὶ
1640 2572 1729 2600 πάντα
1748 2573 1814 2608 φοόε
1819 2574 1855 2609 ρὰ
1870 2575 1919 2601 καὶ

1129 2615 1230 2650 φρικτὰ
1254 2616 1300 2643 καὶ
1316 2617 1404 2643 πάντα
1424 2617 1571 2652 θαυμαστὰ
1592 2618 1640 2645 καὶ
1653 2618 1809 2654 θεοπρεπῆ·
1831 2619 1919 2654 χίλιαι

1128 2663 1182 2698 γὰρ
1194 2663 1326 2698 χιλιάδες,
1341 2664 1418 2698 φησὶ,
1434 2664 1481 2691 καὶ
1497 2665 1594 2699 μυρίαι
1606 2665 1739 2700 μυριάδες
1753 2665 1830 2701 αὐτῷ
1845 2675 1919 2701 παρ-

1129 2710 1248 2736 εστῶσαι
1274 2710 1452 2742 πανευλαὸὦς
1469 2711 1668 2747 ἐλειτούργουν.
1687 2709 1754 2738 Εἶτα
1771 2712 1841 2748 μετὰ
1862 2713 1919 2740 τῶν

1129 2757 1248 2790 νεφελῶν
1270 2757 1308 2788 ὡς
1322 2757 1386 2784 Υἱὺν
1403 2757 1549 2792 ἀνθρώπου
1564 2757 1609 2784 τὸν
1625 2757 1689 2784 Υιδν
1703 2757 1853 2793 ἐρχόμενον
1870 2757 1919 2784 ιιοῦ

1128 2803 1197 2829 Θεοῦ
1217 2801 1294 2830 εἶπεν
1308 2804 1375 2839 όρᾷν
1398 2804 1447 2830 καὶ
1462 2803 1555 2830 τοῦτον
1568 2804 1632 2840 ἄχρι
1653 2803 1699 2830 τοῦ
1720 2803 1828 2838 Πατρδς
1845 2804 1920 2830 ἰόντα

1130 2850 1178 2876 καὶ
1202 2849 1241 2881 ὠς
1262 2850 1405 2885 ἀγαπητὸν
1420 2850 1495 2886 αὺτῷ
1510 2851 1627 2885 ἐντίμως
1646 2850 1859 2885 συνεδριάςοντα
1872 2851 1920 2877 καὶ

1130 2896 1216 2932 τούτῳ
1229 2897 1279 2931 τὴν
1290 2897 1354 2931 ὃλην
1367 2896 1489 2930 ἐξουσίαν
1505 2898 1552 2925 καὶ
1563 2899 1612 2933 τὴν
1625 2897 1767 2932 βασιλείαν
1780 2898 1835 2924 τῶν
1850 2898 1921 2924 πάν-
