2024 3153
124 162 175 193 393

654 165 742 195 VITA
762 161 1016 196 S.PROPHET/E
1036 161 1227 192 DANIELIS.

1704 161 1757 192 39L

126 229 179 246 των
198 219 345 255 διδομένην
364 219 411 247 καὶ
426 219 476 256 τὴν
489 221 574 256 τιμήν
585 227 592 235 ·
611 222 642 248 οὐ
662 221 717 256 μὴν
732 220 800 247 ἀλλὰ
813 220 861 247 καὶ
879 219 918 255 βί-

970 223 1078 244 νειιειιιιι
1107 220 1272 252 potestatem
1299 220 1325 243 ct
1351 224 1465 252 regnum
1493 218 1616 246 omnium
1644 217 1703 245 dari
1729 225 1757 247 ct

125 265 205 297 ἥλους
226 266 411 301 ἀνοιγομένας
438 267 484 293 καὶ
514 266 618 302 κρύφια
649 265 840 302 φανερούμενα
871 266 918 292 καὶ

125 313 215 339 πάντα
232 312 328 347 γυμνὰ
358 311 398 347 τῷ
425 313 505 347 κριτῇ
535 312 582 339 καὶ
597 312 833 348 τετραχηλισμένα
848 321 918 347 παρ-

127 358 232 385 εστῶτα
254 358 369 385 καὶτῶν
386 358 435 392 μὲν
450 358 539 386 ἄλλων
558 359 607 394 τὴν
624 359 748 392 ἐξουσίαν
763 367 918 393 καταργουι

129 404 214 438 μένην
239 405 287 431 καὶ
315 405 366 440 τὴν
384 405 483 439 ἀρχὴν·
509 406 597 432 ἐκεῖνο
626 405 654 432 δὲ
678 406 709 431 τὸ
733 405 918 440 πονηρότατον

126 449 221 485 θηρίον
244 450 292 478 καὶ
310 450 359 486 τὴν
373 450 473 478 κακίαν
492 451 673 485 ἀσύγκριτον,
688 451 703 478 ὃ
720 452 767 478 καὶ
785 451 830 477 τδν
849 450 919 486 μετὰ

127 496 180 523 τῶν
195 496 284 530 ἁγίων
301 497 436 530 ἐτόλμησε
453 497 572 532 πόλεμον
586 498 632 524 καὶ
645 497 733 532 στόμα
747 497 844 524 λαλοῦν
860 495 918 532 εἶχε

127 541 236 576 μεγάλα
252 542 480 578 ὲξαναιρούμενον
495 543 543 570 καὶ
560 544 600 574 εἰς
619 543 716 570 καῦσιν
732 545 818 578 πυρὸς
836 543 919 570 ἄσϐε-

128 596 190 614 στον
219 589 481 624 παραπεμπόμενον
493 597 500 605 ·
516 589 642 616 ἐντεῦθεν
653 589 681 616 δὲ
696 589 744 625 τὴν
764 589 918 624 μεγαλοσύ-

127 643 174 669 νην
201 634 251 660 καὶ
277 635 328 670 τὴν
358 635 413 661 τῶν
438 635 506 662 ὅλων
532 635 672 670 βασιλείαν
688 636 728 667 εις
746 635 847 667 αἰῶνας
861 637 919 667 τοῖς

127 680 212 714 ἁγίοις
229 681 435 716 δεδωρημένην.

162 725 205 753 K'.
220 727 278 753 Καὶ
298 727 329 754 οὐ
350 727 438 754 ταῦτα
455 727 538 762 μόνον
551 727 586 763 (ὦ
606 727 744 763 μακαρίας
761 727 860 762 ὅψεως)
875 737 920 754 τσ-

129 772 222 800 θέοται
235 774 346 809 Δανιὴλ,
359 774 428 801 ἀλλὰ
441 775 488 802 καὶ
504 775 726 810 προσευχόμενος
744 775 813 810 μετά
831 775 918 802 ταῦτα

130 820 172 845 καὶ
186 820 310 854 ῥήμασιν
324 821 545 857 ἐξομολογήσεως
558 821 603 848 τὸν
618 822 793 857 ὑπεράγαθον
807 822 919 856 ἐξευμε-

130 865 268 900 νιζόμενος
284 875 290 882 ·
309 867 413 902 Ἧμην,
442 868 520 903 φησὶ,
549 869 581 894 τὸ
602 867 664 902 ἑξῆς
694 869 723 894 ἐν
750 867 860 900 Συύτοις
884 869 916 903 τῇ

970 264 1196 297 honorem.Quin
1213 264 1296 291 etiam
1315 263 1439 292 iibrosei
1455 273 1514 292 esse
1532 271 1652 301 apertos,
1670 271 1697 294 et
1710 275 1758 294 oc-

969 311 1044 338 culta
1062 310 1087 338 ei
1104 318 1164 338 esse
1187 310 1343 342 manifesta,
1361 316 1388 338 et
1405 312 1497 339 omnia
1514 313 1622 340 adstare
1638 314 1711 341 nuda
1729 319 1757 341 ct

970 356 1078 384 detecta
1091 366 1099 383 :
1113 361 1141 384 et
1160 357 1276 384 aliorum
1296 357 1408 392 quidem
1433 358 1536 385 aboleri
1553 363 1716 391 potestatem
1729 366 1758 388 et

970 401 1117 436 imperium
1139 410 1145 428 :
1167 402 1240 428 illam
1263 406 1355 429 autem
1370 403 1516 437 pessimam
1534 403 1648 431 bestiam
1663 411 1691 432 et
1705 405 1757 432 im-

971 447 1109 483 probitate
1132 448 1390 483 incomparabilem,
1406 456 1467 483 quae
1490 449 1574 476 movit
1591 450 1692 477 bellum
1708 451 1758 478 ad-

970 501 1068 521 versus
1099 498 1221 525 sanctos,
1252 499 1280 522 et
1307 502 1339 522 os
1365 494 1473 527 habuit,
1503 495 1577 530 quod
1606 504 1702 530 magna
1730 503 1759 524 et

970 540 1090 574 superba
1115 541 1292 576 loquebatur,
1318 541 1439 568 deletam
1457 546 1485 568 et
1517 543 1706 570 transmissam
1723 543 1757 570 ad

971 586 1043 621 ignis
1064 586 1321 622 conﬂagrationem,
1339 588 1386 623 qui
1403 595 1545 623 nunquam
1561 589 1758 623 exstinguitur.

970 628 1074 661 Deinde
1103 641 1168 661 vero
1194 635 1365 670 majestatem
1380 640 1409 662 et
1431 635 1624 663 universorum
1643 644 1758 671 regnum

970 677 1065 706 datum
1086 680 1190 708 sanctis
1211 680 1238 708 in
1256 686 1402 708 aeternum.

1005 724 1065 752 XX.
1083 726 1179 761 Neque
1191 734 1258 754 vero
1271 727 1328 755 haec
1340 728 1428 755 solum
1442 727 1470 764 (ο
1489 729 1596 756 beatam
1610 729 1761 758 visionem‘

969 771 1038 798 vidit
1053 771 1148 799 Daniel
1165 781 1171 798 :
1191 772 1238 800 sed
1265 781 1349 801 orans
1366 781 1476 809 quoque
1498 780 1603 809 postea,
1622 780 1650 804 et
1666 777 1760 804 verbis

969 816 1152 844 confessionis
1167 818 1278 852 placans
1302 827 1364 846 eum
1389 819 1437 854 qui
1460 824 1502 847 est
1520 828 1627 849 summe
1646 822 1757 850 bonus:

971 862 1062 895 Eram.
1081 863 1181 898 inquit,
1200 864 1343 900 deinceps,
1360 865 1448 898 Susis,
1471 875 1532 902 qua.-
1542 872 1584 896 est
1599 870 1760 904 metropolis

130 912 300 946 μητροπόλει
317 912 460 948 Περσίδος,
479 913 527 939 καὶ
540 913 577 945 ὡς
593 912 706 947 ἐξῆλθον
720 913 761 945 εἰς
776 913 808 940 τὸ
824 912 917 940 πεδίον

970 907 1100 942 Persidis,
1125 914 1153 936 et
1179 915 1324 945 postquam
1351 919 1479 947 egressus
1502 921 1563 940 sum
1587 914 1614 942 in
1632 922 1759 950 campum

130 957 197 991 μετά
212 958 261 984 καὶ
278 957 333 986 τῶν
349 958 476 994 ἑταίρων,
492 959 547 986 ἰδοὺ
563 959 676 994 σεισμὸς
690 959 777 994 μέγας
789 959 898 994 ἐγένετο
908 968 914 974 ·

129 1007 173 1031 καὶ
196 1006 342 1040 φυγόντων
367 1006 421 1033 τῶν
445 1007 494 1034 σὺν
516 1008 590 1042 ἐμοὶ,
616 1007 698 1042 μόνος
717 1007 917 1042 ἁπολὲλειμμαι

129 1050 198 1077 κατὰ
223 1051 314 1086 στόμα
346 1051 448 1078 πεσών.
467 1052 521 1079 Καὶ
544 1052 598 1079 ἰδού
618 1061 660 1085 τις
686 1053 810 1089 ἑστηκὼς
828 1053 918 1088 ἣψατό

131 1105 179 1131 μου
195 1097 244 1124 καὶ
260 1098 394 1133 ἀνέστησε
409 1099 457 1125 καὶ
470 1100 504 1126 τὰ
519 1099 650 1134 μέλλοντα
664 1099 851 1135 συμϐήσεσθαι
862 1101 917 1132 τοῖς

129 1143 252 1176 πολίταις
269 1145 341 1179 μετὰ
357 1145 459 1178 πολλὰς
480 1146 549 1178 ὅσας
566 1146 784 1182 ὲμυσταγώγησε
810 1147 916 1181 γενεάς.

130 1189 191 1216 Ὀδε
207 1190 265 1225 ἄρα
280 1188 358 1223 οὗτος
381 1190 415 1227 ἦν
436 1193 451 1219 ό
468 1193 556 1228 μέγας
571 1194 618 1220 καὶ
634 1193 787 1228 πρώτιστος
803 1193 857 1221 τῶν
872 1194 918 1220 οὐο

126 1238 230 1272 ρανίων
246 1238 392 1274 δυνάμεων
406 1239 537 1275 Γαϐριὴλ,
555 1241 584 1272 ὃς
608 1241 656 1266 καὶ
679 1240 827 1268 ἀναστάντι
843 1240 919 1276 αὐτῷ

124 1285 269 1319 δειχθῆναι
294 1287 372 1319 κριδν
391 1286 522 1320 ἐσήμαινε
543 1287 639 1321 μέγαν,
659 1286 746 1313 πολλὰ
762 1287 813 1322 μὲν
835 1288 919 1313 ἐκπε-

126 1331 236 1365 φυκότα
251 1331 368 1366 κέρατα,
382 1331 537 1359 τελευταῖον
558 1332 586 1359 δὲ
604 1332 686 1360 αὑτὸν
704 1332 734 1360 ἐν
751 1333 918 1369 ὑψηλότερον

129 1376 224 1412 ἔχοντα.
239 1384 247 1392 ’
270 1377 368 1404 ἔπειτα
383 1377 538 1413 ἀναϐλέψας
555 1379 605 1414 μὲν
626 1380 666 1411 εις
680 1379 731 1414 τὴν
746 1379 839 1412 Λύσιν,
856 1379 919 1407 θεά-

128 1422 228 1449 σασθαι
252 1423 354 1458 τράγον
373 1424 425 1460 ἔφη
444 1424 492 1451 ἀπ’
506 1425 591 1460 αὐτῆς
605 1425 638 1452 δι’
657 1425 738 1460 ἀέρος
755 1426 916 1461 φερόμενον·

128 1469 301 1506 συρράξαντα
317 1470 345 1497 δὲ
365 1470 406 1505 τῷ
421 1471 492 1506 κριῷ
507 1472 624 1503 καὶτοῖς
641 1472 739 1507 κέρασι
756 1472 918 1508 κυρίξαντα,

126 1516 166 1547 δὶς
177 1516 345 1544 καταϐαλεῖν
355 1518 437 1544 αὐτὸν
446 1518 495 1544 ἐπὶ
513 1519 565 1553 γῆν
580 1519 627 1545 καὶ
642 1519 783 1554 πατῆσαι·
798 1516 858 1546 εττα
872 1518 918 1546 τὸν

128 1562 229 1596 τράγον
251 1563 316 1589 ἰδεῖν
343 1563 376 1589 ἐκ
394 1562 441 1590 τοῦ
459 1563 587 1598 μετώπου
617 1564 747 1599 μέγιστον
775 1564 918 1599 ἀναφύντα

968 961 1032 980 cum
1057 954 1251 986 familiaribus.
1275 964 1340 984 ecce
1356 958 1445 986 factus
1471 963 1512 986 est
1537 967 1653 995 magnus
1679 966 1760 990 terra:

968 1005 1071 1033 motus,
1089 1006 1118 1028 et
1134 1001 1305 1037 fugientibus
1323 1004 1357 1031 iis
1382 1005 1430 1040 qui
1455 1014 1563 1033 mecum
1582 1013 1673 1040 erant,
1694 1009 1758 1036 reli-

966 1052 1028 1074 ctus
1042 1054 1102 1074 sum
1122 1048 1206 1076 solus.
1221 1049 1328 1077 Etecce
1343 1051 1456 1086 quidam
1473 1057 1550 1080 stans
1565 1061 1608 1081 me
1625 1055 1723 1090 tetigit,
1731 1061 1760 1083 et

968 1091 1034 1120 fecit
1050 1101 1164 1129 surgere
1179 1103 1186 1122 :
1200 1099 1229 1122 et
1245 1103 1307 1130 qua:
1321 1097 1430 1125 civibus
1445 1097 1525 1125 erant
1541 1105 1674 1128 eventura
1696 1107 1760 1136 post

969 1139 1069 1166 multas
1096 1141 1289 1176 generationes
1311 1143 1426 1179 mystice
1447 1145 1598 1173 enarravit.
1620 1147 1646 1174 ls
1666 1152 1760 1176 autem

968 1189 1028 1212 erat
1046 1192 1162 1221 magnus
1181 1187 1227 1215 ille
1243 1194 1270 1216 et
1293 1189 1400 1224 primus
1418 1191 1573 1219 ctelestium
1591 1198 1760 1228 potestatum

969 1230 1092 1260 Gabriel.
1110 1233 1164 1267 Qui
1187 1235 1272 1263 etiam
1288 1237 1353 1269 sibi,
1375 1245 1439 1265 cum
1457 1239 1637 1272 surrexisset,
1656 1241 1762 1276 signiﬁ-

970 1277 1043 1304 cavit
1052 1277 1142 1307 fuisse
1163 1287 1292 1315 magnum
1307 1286 1451 1309 ostensum
1467 1283 1594 1316 arietem,
1611 1284 1656 1312 cui
1676 1285 1762 1313 multa

967 1323 1082 1357 quidem
1097 1331 1176 1352 enata
1191 1332 1271 1355 erant
1287 1329 1548 1363 cornua';1habebat
1564 1337 1657 1359 autem
1675 1331 1760 1360 unum

970 1366 1062 1395 altius.
1088 1369 1121 1396 Et
1144 1369 1203 1398 haec
1237 1373 1348 1406 quidem
1372 1381 1436 1401 cum
1466 1376 1632 1410 aspexisset.
1664 1378 1704 1404 ait
1730 1386 1760 1406 se

970 1413 1073 1442 vidisse
1099 1415 1128 1443 in
1159 1416 1314 1446 Occidente
1330 1419 1450 1454 hircum,
1466 1422 1514 1457 qui
1531 1422 1595 1450 inde
1619 1423 1762 1452 ferebatur

968 1466 1021 1494 per
1040 1468 1132 1489 aerem
1155 1471 1162 1490 :
1188 1463 1381 1500 conﬂigentem
1399 1474 1466 1494 vero
1481 1476 1543 1495 cum
1559 1469 1660 1503 ariete,
1675 1475 1702 1498 et
1721 1470 1764 1499 bis

968 1511 1058 1533 cornu
1076 1513 1228 1542 petentem,
1242 1510 1331 1546 ipsum
1351 1512 1428 1540 humi
1445 1515 1628 1548 prostravisse
1646 1520 1674 1543 et
1695 1525 1763 1544 con-

971 1551 1107 1580 culcasse.
1138 1554 1242 1583 Deinde
1271 1557 1374 1585 vidisse
1405 1558 1524 1592 hircum,
1556 1561 1600 1588 cui
1630 1569 1761 1597 magnum

127 1594 224 1643 κέρας,
240 1606 271 1636 οὗ
289 1594 466 1642 κλασθέντοςξ
481 1594 685 1646 ἀναϐλαστῆσαι
703 1594 840 1647 τέσσαραξ
855 1611 918 1638 καθ’

971 1604 1057 1625 cornu
1076 1601 1243 1629 nascebatur
1269 1603 1296 1630 in
1323 1603 1414 1632 fronte
1431 1613 1437 1631 :
1452 1613 1507 1640 quo
1532 1606 1630 1639 fracto,
1658 1609 1762 1644 germi-

127 1655 244 1681 ἕκαστον
269 1655 325 1682 τῶν
346 1656 456 1691 ἀνέμων
473 1656 685 1692 ὲκτετραμμένα
698 1665 705 1672 υ
734 1657 764 1689 ἐξ
780 1656 872 1683 αὐτῶν
888 1655 917 1682 δὲ

127 1702 256 1737 ἀνασχεῖν
272 1702 319 1729 καὶ
332 1702 396 1730 ἄλλο
411 1702 592 1738 βραχύτερον,
607 1703 621 1730 ὃ
635 1703 681 1730 καὶ
691 1703 808 1738 αὐξῆσαι
824 1703 918 1738 ἔλεγεν

127 1749 142 1775 ὀ
157 1748 246 1775 ταῦτα
262 1749 369 1781 δεικνὺς
383 1749 430 1776 καὶ
445 1750 615 1785 πολεμήσειν
631 1749 714 1776 αὐτοῦ
734 1750 765 1776 τὸ
780 1750 856 1781 ἔθνος
872 1750 919 1776 καὶ

127 1797 176 1832 τὴν
190 1797 272 1824 πόλιν
284 1797 399 1832 αἱρῆσαι
410 1796 462 1824 ἀνὰ
477 1798 577 1832 κράτος
595 1798 642 1824 καὶ
656 1799 746 1825 πάντα
760 1798 796 1825 τὰ
811 1798 857 1825 τοῦ
873 1799 918 1825 v6-

128 1852 179 1879 μου
196 1843 337 1878 περιελεῖν
350 1852 357 1858 ·
384 1843 432 1870 καὶ
459 1843 547 1870 ταῦτα
571 1844 616 1871 ἐπὶ
632 1845 740 1880 ἡμέρας
761 1844 851 1880 χιλίας
871 1845 919 1872 καὶ

125 1890 268 1922 διακοσίας
295 1890 456 1926 ἐνενήκοντα
478 1890 521 1922 ἓξ.
549 1891 642 1918 Ταῦτα
669 1892 719 1926 μὲν
747 1891 811 1918 ἰδεῖν
833 1893 862 1919 ἑν
879 1892 917 1928 τῷ

126 1937 212 1972 πεδίῳ
235 1936 276 1971 τῷ
299 1937 328 1963 ὲν
357 1937 466 1969 Σούτοις
487 1937 501 1963 ὁ
513 1938 623 1973 ,Δανιὴλ
642 1938 746 1973 ἔγραψε
758 1946 766 1954 ο
784 1939 876 1975 κρῖναι
889 1938 918 1965 δὲ

126 1983 201 2018 αὐτῷ
229 1983 281 2018 τὴν
306 1982 367 2018 ὕψιν
385 1982 440 2009 τῶν
456 1983 630 2019 ὀρασθέντων
653 1984 748 2019 ἐδήλου
778 1984 825 2010 τὸν
852 1984 918 2011 Θεὸν

125 2029 212 2061 οὕτως
226 2038 234 2046 ⁸
248 2030 296 2057 τὸν
314 2029 364 2065 μὲν
378 2030 433 2064 γὰρ
448 2030 525 2066 κριὸν
539 2030 679 2065 βασιλείας
693 2030 743 2061 τὰς
756 2031 856 2064 Μήδων
872 2032 920 2057 καὶ

126 2076 241 2111 Περσῶν
259 2077 404 2112 σημαίνειν
421 2076 496 2112 αὐτῷ
510 2077 625 2111 ἔφασκε,
637 2078 670 2103 τὰ
689 2076 717 2103 δὲ
735 2077 839 2112 κέρατα
855 2078 918 2110 τοὺς

127 2124 278 2159 μέλλοντας
296 2123 462 2158 βασιλεύειν.
480 2124 552 2150 Αὐτὸ
566 2123 594 2150 δὲ
611 2123 642 2150 τὸ
655 2125 741 2158 κέρας
759 2123 789 2150 τὺ
803 2123 917 2159 ἔσχατον

125 2169 208 2196 αὐτὸν
233 2169 382 2203 σημαίνειν
405 2169 451 2196 τὸν
468 2169 580 2204 ἔσχατον
595 2169 708 2204 βασιλέα
722 2177 729 2184 ⁸
753 2169 847 2196 τοῦτον
863 2169 917 2205 γὰρ

125 2216 172 2242 καὶ
188 2215 305 2242 διοίσειν
322 2215 400 2249 ἔλεγε
425 2215 480 2241 τῶν
496 2214 608 2246 λοιπῶν,
626 2214 733 2249 πλούτῳ
747 2223 776 2240 τε
793 2215 839 2241 καὶ
855 2214 917 2250 δόξῃ

126 2262 171 2288 καὶ
191 2263 225 2295 τῇ
242 2261 311 2296 ἄλλῃ
328 2261 494 2296 περιφανείᾳ
505 2268 512 2276 ’
538 2261 584 2287 τὸν
597 2260 624 2287 δὲ
637 2261 737 2295 τράγον
754 2259 862 2295 δηλοῦν,
879 2261 915 2292 ὼς
932 2273 956 2302 D

126 2308 177 2333 τῶν
201 2307 340 2343 Ἑλλήνων
368 2316 412 2339 τις
438 2306 588 2342 βασιλεύων
614 2306 702 2339 ἔσται,
717 2305 746 2338 ὃς
767 2306 805 2341 τῷ
825 2306 917 2342 Πέρσῃ

126 2353 276 2389 συμϐαλὼν
298 2353 340 2385 δὶς
363 2355 496 2388 κρατήσει
515 2354 546 2387 τῇ
565 2353 639 2389 μάχῃ
661 2353 708 2379 καὶ
723 2353 919 2388 παραλήψεται

126 2401 172 2436 τὴν
186 2401 339 2436 ἡγεμονίαν
355 2399 475 2427 ἃπασαν.
493 2398 646 2434 Δηλοῡσθαι
673 2398 702 2425 δὲ
728 2399 780 2425 ὑπὸ
807 2398 854 2425 τοῦ
872 2408 919 2433 με-

126 2447 209 2480 γάλου
225 2447 345 2480 κέρατος
374 2445 421 2472 τοῦ
440 2446 469 2471 ἐν
481 2445 520 2480 τῷ
537 2445 656 2480 μετώπῳ
679 2444 727 2470 τοῦ
743 2444 848 2479 τράγου
873 2444 917 2471 τὸν

127 2493 235 2527 πρῶτον
250 2492 375 2526 βασιλέα.
391 2489 458 2518 Εἶτα.
485 2492 530 2518 καὶ
558 2491 606 2526 τὴν
623 2491 678 2517 τῶν
692 2492 833 2525 τεσσάρων
853 2491 919 2518 ἅνα-

127 2539 276 2574 6λάστησιν
288 2537 422 2573 βασιλέων
438 2537 603 2568 ἐκπεσόντος
615 2536 719 2563 ἐκείνου
734 2543 744 2553 θ
761 2538 793 2572 τῇ
807 2536 835 2563 δὲ
850 2537 919 2572 πρὸς

127 2585 158 2611 τὰ
185 2584 311 2619 τέσσαρα
337 2583 458 2618 κλίματα
483 2582 533 2617 τῆς
560 2583 613 2617 γῆς
641 2582 731 2609 αὐτῶν
757 2582 917 2617 ἀποστροφῇ

127 2628 241 2655 ἑκάστου
253 2628 317 2658 τοὺς
327 2627 465 2662 διαδόχους
481 2627 551 2661 μετὰ
562 2627 607 2653 τὸν
618 2628 735 2653 θάνατον
746 2627 791 2653 τοῦ
807 2626 917 2663 πρώτου

128 2674 259 2708 βασιλέως
272 2674 497 2706 ὲξεικονίζεσθαι,
511 2673 557 2699 καὶ
572 2675 616 2699 τὸν
631 2674 670 2703 εἰς
683 2673 781 2704 αὐτοὺς
796 2674 906 2709 διαμερι

129 2722 194 2756 σμὲν
207 2720 378 2756 δηλοῦσθαιο
406 2721 534 2754 γενέσθαι
560 2721 588 2747 δὲ
612 2721 659 2747 καί
686 2729 748 2747 τινα
764 2721 858 2757 ἕτερον
887 2722 919 2748 ἐκ

130 2768 229 2796 τούτων
255 2767 378 2802 βασιλέα,
404 2767 499 2801 ἀναιδῆ
521 2767 571 2802 μὲν
592 2767 629 2803 τῷ
648 2766 798 2802 προσώπῳ,
827 2767 920 2794 ἰκανὸν

131 2811 157 2838 δὲ
183 2814 306 2840 συνιέναι
338 2812 533 2848 προϐλήματα,
553 2812 583 2843 ὃς
612 2813 660 2838 καὶ
683 2812 751 2847 δόλῳ
778 2812 921 2848 διαφθερεῖ

134 2859 243 2890 mum;
271 2860 318 2886 καὶ
345 2860 393 2886 ἐπὶ
417 2859 540 2895 ἀπωλείᾳ
553 2859 658 2886 πολλῶν
676 2860 825 2895 στήσεται·
843 2861 922 2887 πολε-

135 2905 212 2940 μήσει
226 2914 256 2933 τε
274 2907 304 2933 τὸ
321 2906 396 2938 ἔθνος
421 2907 468 2934 καὶ
485 2909 548 2938 τοῖς
564 2907 663 2941 νόμους
683 2907 774 2935 αὐτῶν
800 2907 922 2944 ἰσχυρῶς

281 2955 423 2992 ,Ρδτιιοιη
448 2955 506 2985 Gtt.
531 2953 618 2986 CXV.

971 1651 1054 1672 nasse
1068 1651 1200 1681 quatuor,
1216 1656 1298 1676 versa
1320 1650 1352 1677 ad
1367 1651 1492 1686 singulos
1509 1658 1617 1681 ventos.
1635 1653 1674 1681 Ex
1692 1655 1762 1691 ipsis

971 1696 1064 1719 autem
1086 1699 1213 1721 exortum
1229 1703 1291 1723 esse
1306 1696 1380 1724 aliud
1398 1705 1509 1733 quoque
1526 1699 1660 1731 brevius:
1686 1702 1761 1736 quod

970 1737 995 1765 is
1005 1739 1052 1772 qui
1066 1739 1240 1774 ostendebat,
1258 1741 1368 1770 dicebat
1381 1743 1440 1771 fore
1453 1748 1481 1770 ut
1496 1749 1644 1777 cresceret,
1657 1750 1685 1773 et
1701 1748 1763 1783 ejus

970 1788 1080 1818 gentem
1096 1785 1168 1813 bello
1181 1786 1335 1821 invaderet,
1351 1793 1379 1816 et
1392 1789 1533 1819 civitatem
1548 1791 1574 1818 vi
1590 1798 1712 1829 caperet,
1733 1799 1763 1822 et

970 1837 1145 1866 qua-cunque
1179 1838 1244 1860 sunt
1272 1834 1350 1870 legis,
1381 1836 1490 1864 tolleret
1517 1845 1523 1864 :
1551 1837 1636 1874 idque
1663 1839 1764 1869 diebus

971 1876 1046 1904 mille
1065 1878 1192 1907 ducentis
1215 1884 1244 1908 ct
1267 1882 1415 1917 nonaginta
1434 1891 1492 1910 sex.
1508 1883 1572 1911 Haec
1596 1885 1709 1920 quidem
1733 1895 1764 1916 se

972 1922 1076 1950 vidisse
1089 1924 1117 1951 in
1136 1932 1244 1962 campo,
1265 1928 1312 1962 qui
1337 1931 1380 1954 est
1407 1928 1494 1962 Susis,
1518 1930 1629 1966 scripsit
1645 1931 1762 1959 Daniel:

971 1967 1056 1994 Deum
1084 1975 1177 1997 autem
1205 1979 1316 2003 eorum,
1339 1980 1400 2007 qua:
1421 1973 1598 2008 adspexerat,
1626 1975 1763 2002 visionem

970 2013 1079 2042 dicebat
1097 2017 1137 2043 sic
1161 2017 1215 2044 sibi
1240 2018 1407 2046 declarasse.
1427 2019 1495 2046 Nam
1517 2021 1632 2047 arietem
1648 2021 1764 2056 quidem

970 2060 1080 2088 dicebat
1098 2062 1254 2097 significare
1269 2071 1352 2099 regna
1372 2064 1516 2092 Medorum
1537 2070 1565 2093 et
1586 2066 1733 2094 Persarum
1751 2077 1759 2099 ;

970 2114 1076 2134 cornua
1094 2113 1200 2142 autem,
1229 2117 1278 2137 eos
1307 2110 1355 2145 qui
1384 2117 1466 2138 erant
1490 2114 1642 2147 reguaturi.
1671 2113 1762 2149 ipsum

970 2161 1037 2181 vero
1053 2162 1139 2182 cornu
1156 2156 1296 2189 ultimum,
1312 2157 1449 2193 signiﬁcat
1462 2158 1552 2194 ipsum
1572 2160 1700 2188 ultimum
1719 2169 1764 2188 re-

971 2208 1044 2236 gem.
1063 2201 1176 2229 Dicebat
1195 2203 1269 2230 enim
1285 2204 1358 2238 lore,
1378 2209 1408 2232 ut
1424 2205 1448 2232 is
1476 2210 1620 2241 praestaret
1643 2208 1762 2240 caeteris,

972 2253 1000 2276 ct
1016 2249 1121 2278 divitiis
1139 2256 1167 2278 et
1186 2251 1273 2286 gloria
1290 2257 1318 2279 et
1334 2253 1389 2280 alio
1403 2253 1562 2287 splendore.
1580 2255 1693 2282 Hircum
1711 2264 1761 2283 au-

972 2299 1037 2328 tem,
1056 2296 1213 2331 significare
1229 2298 1353 2325 futurum
1376 2307 1409 2326 ex
1427 2299 1530 2327 Graecis
1553 2309 1646 2335 regem
1664 2310 1764 2336 quem-

971 2342 1045 2373 dam,
1080 2343 1128 2377 qui
1153 2343 1197 2370 bis
1224 2351 1286 2371 cum
1303 2345 1386 2372 Persa
1408 2345 1570 2380 conﬂigens,
1591 2353 1654 2373 eum
1673 2355 1763 2383 pugna

970 2388 1105 2421 vinceret,
1132 2393 1160 2416 et
1183 2390 1343 2417 universum
1372 2397 1527 2419 assumeret
1552 2393 1763 2428 principatum:

971 2435 1123 2470 significari
1142 2443 1208 2463 vero
1226 2444 1240 2463 a
1258 2444 1357 2472 magno
1370 2445 1468 2470 cornu,
1485 2438 1558 2474 quod
1572 2444 1614 2467 est
1630 2440 1657 2467 in
1673 2441 1763 2469 fronte

971 2481 1053 2513 hirci,
1077 2482 1198 2516 primum
1229 2491 1330 2518 regem.
1353 2484 1458 2512 Deinde
1481 2486 1564 2513 etiam
1581 2491 1673 2514 ortum
1692 2495 1762 2522 qua-

971 2532 1035 2555 tuor
1052 2536 1159 2563 regum,
1181 2537 1244 2557 cum
1275 2530 1320 2558 ille
1335 2531 1498 2559 excessisset
1515 2541 1521 2558 :
1541 2533 1762 2568 uniuscujusque

970 2580 1063 2603 autem
1096 2584 1192 2604 eorum
1224 2578 1406 2606 conversione
1438 2578 1471 2605 ad
1500 2584 1620 2614 quatuor
1651 2580 1763 2607 climata

970 2627 1050 2651 terra:
1066 2624 1186 2653 describi
1203 2633 1379 2654 successores
1397 2631 1458 2661 post
1475 2632 1592 2654 mortem
1619 2627 1700 2662 primi
1720 2635 1767 2655 re-

970 2671 1022 2706 gis,
1032 2677 1059 2698 et
1071 2670 1220 2707 signiﬁcari
1234 2671 1331 2698 factam
1346 2672 1380 2699 ab
1388 2672 1429 2699 eis
1441 2672 1614 2700 divisionem.
1627 2672 1761 2699 Futurum

971 2723 1062 2745 autem
1076 2718 1160 2744 alium
1175 2725 1285 2752 quoque
1300 2718 1447 2752 quemdam
1462 2727 1495 2745 ex
1510 2719 1544 2745 iis
1559 2726 1666 2752 regem.
1682 2719 1761 2745 vultu

971 2763 1084 2797 quidem
1111 2763 1471 2797 impudentemzidoneum
1499 2770 1566 2789 vero
1594 2763 1628 2790 ad
1659 2762 1764 2790 intelli-

973 2810 1061 2845 genda
1084 2809 1256 2845 problemata
1282 2809 1350 2844 :qui
1366 2813 1393 2836 et
1409 2809 1474 2836 dolo
1491 2809 1593 2837 multos
1612 2809 1764 2842 interimet,

973 2860 1001 2883 et
1020 2857 1104 2884 stabit
1120 2856 1154 2884 ad
1183 2855 1326 2884 interitum
1344 2855 1495 2883 multorum
1520 2855 1655 2883 :bellabit
1671 2860 1765 2884 autem

975 2903 1109 2932 adversus
1127 2908 1250 2940 gentem,
1273 2907 1301 2931 et
1320 2910 1417 2931 eorum
1433 2902 1508 2938 leges
1532 2902 1641 2930 fortiter
1665 2901 1771 2938 dissolq

1566 2949 1602 2982 13
