2024 3153
150 197 202 228 397

675 201 765 231 VITA
785 202 814 231 S.
833 201 1046 232 PROPHET.’E
1067 203 1259 235 DAXIELIS.

1723 208 1776 243 393

150 252 308 278 εδείινυσαν
321 253 449 285 εἰσόδους,
463 254 495 280 δι’
508 251 545 280 ὧν
558 255 686 286 εἰσιόντες
700 256 805 292 πρώην,
820 257 926 291 ἀνήλου¹

989 258 1058 285 dunt
1075 260 1199 288 occultos
1214 263 1314 295 aditus,
1333 271 1381 297 per
1393 272 1462 299 quos
1474 274 1562 300 nuper
1577 266 1774 302 ingredientes.

149 297 180 322 τὰ
196 297 383 332 προτιϐέμενα
396 307 402 313 “
420 300 507 326 ταῦτα
520 301 534 326 ὁ
548 300 673 334 βασιλεὺς
688 302 758 334 ἰδὼν,
772 303 856 337 ὀργῆς
868 303 937 338 ὁμοῦ

149 343 195 368 καὶ
217 343 351 378 αἰσχύνης
366 345 507 378 ὑπόπλεως
526 347 632 380 γίνεται
647 349 694 374 καὶ
710 349 758 383 τῆς
777 349 857 384 μέχρι
877 351 937 376 τότε

149 388 379 424 διαλανθανούσης
406 391 488 418 αὐτὸν
512 393 619 427 ἀπάτης
643 395 707 425 τοὺς
733 396 814 429 lapsi;
837 396 939 429 ἀμυνό-

149 443 239 468 μενος.
267 435 391 468 ἅπαντας
417 437 514 469 αὐτοὺς
543 439 658 472 ἀναιρεῖ,
687 440 732 466 τὸν
751 441 823 467 ναὸν
842 441 870 467 δὲ
890 441 938 468 καὶ

148 479 193 506 τὸν
222 480 279 515 Βὴλ
311 482 423 510 ἔκδοτον
453 484 493 514 si;
518 485 708 521 καταστροφὴν
742 487 863 522 παρέσχε
897 487 935 523 τῷ

148 526 257 559 Δανιὴλ.

182 570 246 598 ΚΓ.
265 572 351 599 Τοῦτο
366 574 475 607 πρῶτον
493 575 674 608 Βαϐυλωνίοις
689 577 703 602 ὀ
716 578 814 614 Δανιὴλ
834 578 935 605 ἐπιδεί-

149 617 192 649 ξας
207 619 385 654 κατόρθωμα,
398 619 506 652 οὐδενὸς
516 621 571 648 τῶν
583 622 612 648 lv
627 631 655 649 τε
669 625 775 650 συνέσει
791 624 838 651 καὶ
857 626 936 660 ἀγχι-

147 664 202 698 νοὶα
219 663 439 699 Θαυμαζομένων
455 667 672 701 ἀπολειπόμενον
698 667 759 697 εἷτα
782 671 829 697 καὶ
843 671 935 697 δεύτε-

147 717 191 742 ρον
204 709 370 744 ἐπιτίθησιν·
387 711 481 746 οὐγὰρ
491 712 569 745 μόνον
580 714 604 739 ol
621 714 781 750 ἀναίσθητοι
798 711 872 742 οὗτοι
888 716 933 743 τὸν

146 755 311 790 ἀναίσθητον
332 756 458 786 ἐσέϐοντο
477 758 543 794 Βὴλ,
562 759 630 786 ἀλλὰ
646 761 693 787 καὶ
717 761 852 795 δράκοντά
873 771 934 790 τινα

147 801 231 834 μέγαν
248 802 443 836 ὲμφωλεύοντα
460 805 527 840 οῐκῳ
542 806 597 833 τινὶ
611 807 817 842 θεραπεύοντες,
827 809 864 841 ὡς
880 809 933 845 θεῷ

145 848 304 882 προσεῖχον
320 848 403 884 ἔργον
424 850 504 877 τοῦτο
532 851 562 878 τὺ
586 853 682 888 νοητοῦ
711 853 868 888 δράκοντος,
883 855 932 882 τοῦ

147 892 193 925 μὲν
210 892 279 920 Θεοῦ
294 895 348 920 τῶν
358 895 426 922 ὅλων
442 897 570 933 ὰφιστᾷν,
585 898 671 934 θηρίῳ
684 900 711 926 δὲ
727 900 830 927 πείθειν
845 910 932 937 προσ-

992 306 1189 334 ιοηευιιιοϋιιηι
1210 315 1242 334 ea
1264 316 1324 343 quas
1339 311 1557 344 apponebantur.
1575 313 1637 340 Ilaec
1651 321 1713 341 cum
1727 322 1774 341 rex

992 352 1116 385 vidisset,
1131 353 1169 380 ira
1183 354 1264 381 simul
1281 355 1401 389 repletur
1417 361 1445 384 et
1459 357 1575 391 pudore,
1587 362 1615 385 et
1638 359 1774 387 ulciscens

990 397 1146 425 sacerdotes
1163 404 1275 434 propter
1284 408 1344 427 eam
1359 409 1419 435 qure
1433 402 1466 428 ad
1490 403 1542 430 hoc
1560 411 1647 438 usque
1662 409 1772 440 tempus

990 443 1102 474 latebat.
1123 444 1258 475 fraudem.
1272 453 1321 472 eos
1345 454 1441 474 omnes
1472 447 1623 479 interimit;
1643 451 1774 485 templum

989 493 1079 516 autem
1095 494 1122 516 et
1138 490 1184 517 Bel
1209 491 1326 525 prmbuit
1340 492 1519 519 cvertendum
1535 493 1650 521 Danieli.

1024 577 1120 605 XXIII.
1137 578 1205 606 Cum
1231 579 1325 607 Daniel
1352 580 1508 616 Babyloniis
1533 581 1587 608 hoc
1612 581 1773 616 praeclarum

987 623 1106 657 primum
1136 625 1303 652 ostendisset
1331 625 1444 658 factum,
1469 626 1542 661 quod
1566 627 1642 654 nullo
1662 635 1771 660 eorum,

988 675 1049 703 quas
1075 674 1188 704 propter
1212 670 1420 705 intelligentiam
1444 676 1471 699 et
1487 672 1589 707 ingenii
1613 680 1729 700 acumen
1745 673 1773 699 in

987 712 1169 740 admiratione
1190 714 1336 746 habentur,
1356 720 1398 743 est
1422 716 1547 745 inferius,
1566 717 1666 744 deinde
1687 712 1771 744 etiam

987 759 1140 787 secundum
1149 760 1254 795 adjicit.
1271 761 1329 788 Non
1343 762 1432 788 solum
1442 765 1515 790 enim
1541 763 1585 790 isti
1604 763 1681 790 nullo
1692 763 1772 797 plane

987 811 1069 832 sensu
1082 806 1198 840 praediti,
1214 807 1291 834 nullo
1308 815 1389 834 sensu
1405 809 1549 843 praeditum
1564 809 1609 836 Bel
1622 809 1770 836 colebant:

986 850 1035 877 sed
1065 851 1148 878 etiam
1166 859 1294 886 magnum
1320 854 1468 888 quemdam
1498 854 1657 884 draconem,
1675 854 1722 889 qui
1743 854 1771 880 in

985 895 1068 922 domo
1087 897 1206 931 quadam
1225 899 1415 932 delitescebat,
1439 903 1568 934 tanquam
1595 900 1677 927 deum
1698 900 1771 927 colc-

146 939 251 965 χεῖσϐαι
266 942 445 978 πονηροτάτῳ
455 952 461 959 ⁸
476 945 607 979 πειρᾶται
626 945 691 980 γοῦν
705 947 755 974 κάν
770 947 856 982 τούτῳ
874 949 926 974 Κύ-

985 942 1061 971 bant.
1078 944 1136 971 Hoc
1151 952 1221 979 opus
1236 949 1278 972 est
1291 946 1362 980 ejus,
1379 947 1425 981 qui
1445 946 1628 981 intelligentia
1651 947 1771 981 percipi-

144 991 188 1016 ρος
204 984 252 1010 τοῦ
267 986 368 1020 Δανιὴλ
385 987 433 1014 καὶ
456 989 493 1020 ὡς
513 990 620 1025 ἀληθῶς
635 992 750 1020 ἐσθίοντι
765 995 811 1020 καὶ
825 996 928 1022 πίνοντι

142 1029 187 1074 {cal
212 1030 296 1061 ζῶντι
321 1032 375 1067 θεῷ
393 1037 554 1068 προσκυνεῖ-ι
571 1039 719 1072 παρηγγύα
733 1046 741 1054 ·
762 1040 798 1065 Οὐ
816 1040 869 1074 γὰρ
885 1041 927 1073 ἂν,

141 1071 253 1118 {genesi},
279 1074 344 1110 ἔχῃς
370 1078 467 1111 εἰπεῖν,
482 1079 522 1106 δτι
550 1071 704 1114 κᾶννοῧτος
730 1084 779 1110 οὐκ
795 1071 929 1118 εςὲτιόεδξ

141 1116 194 1148 ζῶν
208 1120 247 1165 ’.ό
261 1119 310 1165 δέ’-⁸
325 1122 420 1158 Κυρίῳ
432 1124 470 1158 τῷ
485 1125 544 1160 Θεῷ
573 1135 623 1160 μου
651 1130 834 1164 προσκυνήσω
845 1139 852 1146 '
882 1116 930 1165 pd;

141 1170 184 1193 νος
197 1163 251 1198 γὰρ
268 1161 346 1197 οὗτος
359 1167 467 1202 ἀληθῶς
481 1169 545 1202 ζῶν,
557 1171 591 1198 δι’
608 1169 638 1198 οὗ
660 1173 752 1208 ζῶμεν
774 1175 820 1201 καὶ
840 1177 930 1203 κινού.-

142 1208 210 1242 μεοα
229 1210 275 1255 sui
291 1211 374 1246 ἐσμέν
391 1221 396 1228 ·
413 1215 426 1240 ὁ
441 1214 469 1240 δὲ
484 1215 593 1250 δράκων
609 1215 683 1250 οὗτος
698 1219 797 1250 ζοϐόλος
811 1220 870 1255 ὗφις
883 1222 930 1250 καὶ

142 1254 270 1289 πονηρὸς,
289 1255 469 1290 λυμαίνεσθαι
486 1260 534 1294 μὲν
550 1262 638 1294 εἰδὼς,
653 1263 770 1298 ὠφελεῖν
784 1265 812 1292 δὲ
834 1267 929 1294 οὐδένα

139 1299 250 1332 δυνατὸς
262 1301 312 1329 ὧν.
326 1303 356 1330 ΕΞ
371 1303 393 1330 δ’
405 1305 445 1331 ὅτι
463 1307 508 1332 καὶ
527 1307 622 1342 ονητός
639 1310 697 1336 ἐστι
715 1311 816 1344 γνῶναι
828 1312 926 1346 Θέλεις,

140 1348 185 1373 καὶ
199 1348 250 1383 τὴν
267 1348 349 1382 φύσιν
367 1350 496 1386 φθαρτὸς,
522 1353 582 1380 ἀλλ’
596 1356 626 1380 οὐ
644 1356 694 1390 μὲν
708 1355 755 1383 οὖν
774 1357 834 1389 θεὸς
851 1360 930 1386 οὐδα-

140 1393 207 1426 μῶς.
224 1395 384 1430 ἐπίτρεψον,
401 1394 423 1424 ὦ
437 1398 559 1434 βασιλεῦ,
578 1401 657 1435 κάγὼ
678 1402 771 1430 τοῦτον
791 1405 928 1440 μαχαῖρας

137 1440 200 1466 ἄνευ
215 1441 264 1468 καὶ
285 1443 384 1477 ῥάϐδου
402 1448 573 1476 κατακτενῶ.
607 1449 817 1482 Ἐπινεὺσαντος
837 1451 883 1478 οὖν
900 1453 929 1479 ἐν

137 1486 224 1521 τούτῳ
251 1488 301 1514 τοῦ
329 1489 474 1525 βασιλέως,
494 1493 594 1520 πίσσαν
609 1495 677 1530 όμοῦ
702 1498 751 1522 καὶ
780 1497 864 1532 σνέαρ
881 1499 930 1526 καὶ

138 1533 234 1568 τρίχας
251 1535 265 1560 ὁ
281 1535 435 1571 θαυμαστὸς
458 1536 535 1572 οὗτος
558 1541 628 1576 ἀνὴρ
653 1543 785 1578 ἑστηκὼς,
804 1542 862 1572 εἶτα
882 1547 928 1573 καὶ

137 1579 226 1612 μάζας
241 1582 412 1616 πεποιηκὼς,
431 1585 472 1616 είς
483 1586 514 1612 τὸ
528 1587 615 1622 στόμα
634 1589 739 1624 καθῆκε
752 1591 799 1617 τοῦ
814 1591 929 1626 δράκον-

135 1634 189 1657 τος.
217 1627 248 1653 '0
262 1627 290 1654 δὲ
300 1629 395 1662 φαγὼν
407 1631 541 1666 ῥήγνυται
555 1636 737 1670 παραχρῆμα.
755 1637 825 1672 Πρὸς
841 1638 926 1666 ταῦτα

134 1671 158 1696 οἱ
184 1671 241 1697 τῶν
269 1672 450 1701 Βαϐυλωνίων
477 1676 749 1713 δεισιδαιμονέστατοι
765 1680 872 1716 βαρέως
889 1683 927 1710 δι-

135 1717 305 1751 ενέγκοντες,
322 1719 362 1754 τῷ
379 1720 486 1755 βασιλεῖ
494 1731 523 1749 τε
539 1724 692 1759 προσῆλθον
705 1727 752 1752 καὶ
767 1727 812 1753 τὸν
825 1729 926 1762 Δανιὴλ

134 1762 321 1798 ἐξῃτήσαντο·
337 1763 407 1800 ἦσαν
430 1767 484 1802 γὰρ
506 1768 626 1804 ἀτέχνως
655 1770 707 1796 ὑπὸ
733 1771 780 1798 τοῦ
806 1773 926 1806 ἀφανοῦς

134 1809 282 1844 δράκοντος
302 1810 521 1847 ὑποϐεϐλημένοι
537 1816 583 1840 καὶ
598 1815 698 1851 πολλὴν
708 1816 775 1851 ὅσην
792 1819 863 1845 κατὰ
877 1819 925 1846 τοῦ

133 1857 278 1891 προφήτου
293 1857 343 1891 τὴν
359 1859 459 1892 μανίαν
471 1859 621 1892 ὡδίνοντες.
637 1863 770 1897 Προσίασι
781 1865 871 1891 τοίνυν
885 1866 924 1901 τῷ

133 1901 261 1935 βασιλεῖ·
288 1904 414 1939 Παράδος
433 1907 500 1940 ἡμῖν
515 1907 559 1932 τὸν
572 1908 681 1944 Δανιὴλ,
701 1909 825 1943 λέγοντες
836 1920 842 1926 ·
863 1912 887 1938 εἱ
902 1912 924 1938 δ’

131 1946 187 1979 οὖν,
202 1948 274 1975 ἀλλά
288 1957 318 1975 σε
333 1950 545 1986 ἀποκτενοῦμεν,
563 1953 647 1988 Δῆλος
661 1955 713 1989 γὰρ
725 1957 791 1991 ἡμῖν
802 1957 856 1983 ἀπὸ
870 1957 924 1984 τῶν

131 1994 221 2027 ἔργων
235 1994 413 2028 καθίστασαι,
431 1997 472 2023 ὅτι
498 1999 545 2025 καὶ
569 2000 651 2031 αὐτὸς
666 2001 716 2036 ήδη
738 2003 770 2028 τὰ
790 2003 924 2030 Ἰουδαίων

131 2042 252 2073 φρονεῖς.
273 2042 381 2077 Ἀμέλει
404 2044 451 2071 καὶ
472 2047 639 2080 παραδίδωτι
660 2047 753 2075 τοῦτον
775 2050 815 2080 είς
828 2051 923 2084 χεῖρας

131 2085 221 2112 αὐτῶν
235 2088 250 2113 ό
267 2087 402 2122 βασιλεὺς,
421 2090 470 2125 οὐχ
482 2091 554 2117 ἑκὼν
567 2091 654 2122 ἄλλως
670 2094 729 2120 οὐδὲ
750 2094 921 2130 βουλόμενος,

130 2132 302 2166 παραδίδωσι
318 2133 341 2159 δ’
355 2134 401 2161 οὖν
416 2136 490 2170 ὅμως
503 2145 510 2152 ·
525 2138 548 2163 ol
569 2137 597 2164 δὲ
612 2138 740 2171 λάϐοντες
755 2141 794 2171 εις
811 2142 857 2167 τὸν
869 2141 922 2168 τῶν

129 2177 245 2205 λεόντων
261 2179 363 2206 λάκκον
377 2181 457 2214 εὐθὺς
473 2183 600 2210 καθιᾶσιν
611 2192 617 2199 ·
638 2185 709 2212 ἑπτὰ
725 2186 752 2213 δὲ
765 2184 835 2222 ἦσαν
848 2186 921 2215 οὗτοι

130 2223 174 2250 τὸν
191 2225 322 2260 ἀριθμὸν,
335 2223 376 2257 οἷς
392 2227 438 2253 δύο
453 2237 484 2255 τι
515 2229 630 2264 σώματα
659 2231 707 2258 καὶ
732 2233 857 2267 πρόϐατα
875 2235 920 2261 δύο

941 1609 963 1639 C

982 994 1028 1017 tur
1039 990 1180 1024 draconis,
1191 991 1328 1019 abducere
1337 992 1448 1026 quidem
1458 1000 1473 1019 a
1486 993 1543 1020 Deo
1555 993 1746 1020 universorum
1760 1000 1769 1019 :

980 1037 1147 1070 persuadere
1155 1042 1258 1069 autem,
1268 1042 1298 1065 ut
1306 1039 1464 1066 adhaereant
1473 1039 1568 1066 bestiae
1582 1039 1768 1073 nequissimae.

981 1082 1114 1110 Tentatur
1140 1091 1206 1119 ergo
1231 1084 1258 1111 in
1278 1084 1330 1111 hoc
1347 1092 1458 1119 quoque
1475 1085 1571 1111 Daniel
1590 1093 1605 1112 a
1629 1085 1720 1120 Cyro:
1741 1089 1770 1112 ct

977 1127 1092 1162 iubebat
1108 1134 1138 1156 ut
1155 1136 1219 1156 eum
1235 1129 1365 1157 edoraret
1382 1134 1512 1164 tanquam
1534 1139 1598 1158 vere
1616 1132 1768 1160 comeden-

980 1177 1034 1200 tem
1059 1179 1086 1201 et
1117 1174 1255 1202 bibentem
1282 1180 1310 1203 et
1331 1177 1471 1204 viventem
1491 1177 1583 1204 deum.
1603 1177 1663 1205 Non
1686 1184 1766 1213 potes

979 1220 1065 1253 enim,
1075 1220 1178 1253 aiebat,
1191 1221 1283 1249 dicere
1294 1222 1367 1249 hunc
1378 1230 1431 1249 non
1447 1230 1508 1250 esse
1517 1223 1601 1250 deum
1614 1223 1766 1250 viventem.

979 1266 1027 1293 Ille
1050 1273 1151 1300 autem,
1181 1269 1339 1302 Dominum,
1357 1269 1458 1304 inquit,
1479 1277 1569 1297 meum
1590 1270 1721 1297 adorabo.
1741 1270 1767 1298 Is

979 1313 1052 1340 enim
1070 1318 1113 1341 est
1145 1315 1220 1342 solus
1233 1323 1297 1342 vero
1318 1316 1424 1348 vivens,
1441 1324 1490 1350 per
1508 1324 1590 1351 quem
1608 1317 1727 1344 vivimus
1738 1320 1767 1343 et

979 1367 1122 1387 movemur
1138 1365 1168 1388 et
1182 1369 1277 1389 sumus
1288 1363 1308 1389 ¹.
1325 1362 1374 1390 llic
1394 1371 1460 1390 vero
1487 1370 1602 1398 serpens
1627 1367 1669 1390 est
1682 1363 1765 1391 draco

979 1411 1130 1433 venenatus
1145 1410 1173 1434 ct
1203 1408 1302 1440 malus,
1319 1409 1366 1442 qui
1382 1409 1434 1436 scit
1447 1409 1560 1443 quidem
1578 1416 1691 1441 nocere,
1716 1415 1764 1436 ne-

979 1450 1046 1477 mini
1064 1456 1155 1478 autem
1174 1457 1264 1486 potest
1293 1453 1433 1488 prodesse.
1454 1454 1532 1486 Quod
1548 1454 1571 1481 si
1603 1454 1672 1481 velis
1692 1454 1767 1481 scire

978 1502 1041 1522 eum
1055 1495 1136 1522 etiam
1149 1504 1209 1524 esse
1229 1498 1384 1530 mortalem,
1395 1502 1423 1525 et
1440 1497 1468 1524 in
1480 1506 1561 1532 quem
1582 1503 1680 1526 natura
1691 1499 1764 1526 cadit

979 1541 1118 1575 interitus,
1137 1550 1191 1570 non
1218 1547 1309 1570 autem
1330 1545 1423 1576 deum,
1445 1545 1584 1579 permitte,
1610 1552 1627 1572 ο
1649 1552 1708 1578 rex,
1736 1549 1764 1572 et

978 1595 1028 1622 ego
1049 1595 1113 1615 eum
1131 1589 1255 1616 occidam
1273 1591 1332 1617 sine
1347 1590 1438 1625 gladio
1455 1595 1483 1617 et
1498 1591 1586 1626 virga.
1611 1591 1679 1618 Cum
1697 1599 1764 1618 vero

978 1633 1003 1660 ei
1029 1642 1077 1661 rex
1103 1635 1156 1662 hoc
1179 1635 1331 1668 annuisset,
1344 1641 1373 1663 et
1390 1637 1478 1671 picem
1495 1637 1577 1664 simul
1602 1641 1630 1664 et
1651 1637 1761 1672 adipem

976 1684 1005 1707 et
1019 1680 1088 1715 pilos
1099 1681 1217 1708 coxisset
1227 1681 1271 1709 hic
1280 1682 1322 1708 vir
1331 1681 1512 1715 admirabilis,
1524 1687 1554 1710 et
1562 1682 1662 1710 deinde
1677 1683 1762 1710 etiam

975 1726 1044 1753 olas
1070 1727 1191 1759 fecisset,
1213 1728 1324 1755 demisit
1351 1727 1379 1755 in
1395 1735 1429 1755 os
1439 1728 1578 1756 draconis.
1605 1729 1653 1756 Ille
1668 1733 1760 1756 autem

976 1780 1038 1800 cum
1057 1774 1232 1806 comedisset,
1263 1775 1409 1802 confestim
1438 1776 1586 1810 rumpitur.
1616 1775 1679 1804 Nec
1700 1784 1760 1804 cum

975 1819 1094 1853 graviter
1115 1820 1241 1847 tulissent
1265 1821 1425 1856 quicunque
1450 1829 1484 1848 ex
1503 1821 1660 1857 Babyloniis
1683 1826 1763 1849 erant

975 1864 1163 1898 superstitiosi
1190 1869 1219 1892 et
1251 1865 1325 1892 falsae
1354 1867 1480 1901 religioni
1504 1867 1602 1899 dediti,
1618 1867 1651 1893 ad
1670 1874 1762 1902 regem

975 1915 1151 1937 accesserunt
1168 1917 1196 1938 et
1212 1912 1351 1946 petierunt
1367 1913 1515 1940 Danielem.
1532 1913 1615 1940 Erant
1628 1913 1702 1940 enim
1717 1921 1760 1940 re-

976 1963 1039 1982 vera
1059 1956 1180 1992 instigati
1196 1965 1210 1984 a
1223 1957 1352 1990 dracone,
1366 1958 1413 1993 qui
1429 1966 1484 1985 non
1513 1959 1586 1986 cadit
1613 1959 1664 1986 sub
1680 1964 1761 1993 aspe-

974 2006 1061 2034 ctum,
1087 2007 1115 2029 et
1134 2003 1267 2031 adversus
1295 2004 1456 2039 prophetam
1488 2012 1616 2039 magnum
1637 2004 1759 2032 furorem

973 2052 1168 2082 conceperant,
1187 2049 1279 2083 etiam
1302 2049 1505 2084 parturiebant.
1523 2049 1668 2077 Accedunt
1693 2057 1759 2085 ergo

973 2094 1006 2120 ad
1028 2102 1131 2128 regem,
1147 2094 1294 2123 dicentes:
1321 2095 1411 2123 Trade
1427 2096 1508 2124 nobis
1534 2096 1694 2129 Danielem;
1716 2096 1760 2123 sin

973 2140 1075 2171 minus,
1097 2145 1123 2168 te
1136 2141 1306 2169 occidemus.
1323 2142 1383 2170 3am
1398 2143 1470 2169 enim
1493 2142 1574 2169 nobis
1588 2150 1622 2169 ex
1637 2143 1692 2169 tuis
1717 2142 1759 2169 fa-

973 2188 1026 2214 ctis
1036 2188 1124 2214 evasit
1154 2187 1341 2219 manifestum,
1360 2192 1386 2215 te
1409 2195 1519 2222 quoque
1550 2188 1638 2222 ipsum
1661 2188 1759 2215 eadem

973 2233 1075 2261 sentire
1099 2241 1160 2268 quae
1177 2233 1275 2261 .Iudmi.
1296 2234 1365 2261 Eum
1384 2234 1476 2268 itaque
1492 2233 1576 2260 tradit
1593 2242 1639 2261 rex
1656 2233 1682 2260 in
1698 2241 1758 2260 ma-

129 2270 272 2316 ήμερηῖία
287 2272 373 2306 τροφὴ
386 2274 535 2308 τετύπωτο,
550 2276 578 2302 ιν
592 2274 621 2308 ἒξ
635 2277 663 2303 δὲ
681 2279 741 2310 ταῖς
758 2279 833 2311 ὅλαις
847 2281 916 2316 ὴμέ-

977 2288 1021 2307 ius
1041 2287 1147 2311 eorum,
1164 2288 1219 2306 non
1236 2280 1326 2307 libens
1347 2280 1449 2314 alioqui
1467 2287 1517 2306 nec
1539 2279 1645 2310 volens,
1673 2279 1757 2306 tradit

131 2323 190 2349 ραις
206 2312 252 2347 αἷς
273 2317 287 2342 ὁ
308 2317 412 2350 δίκαιος
427 2319 519 2352 αὐτοῖς
534 2322 775 2357 συγκαθείργνυτο,
789 2312 875 2352 ἄσιτοι
888 2327 918 2352 τὸ

131 2363 260 2396 παράπαν
287 2363 334 2390 καὶ
353 2365 456 2399 τροφῆς
467 2366 626 2401 ἡστινοσοῦν
647 2369 775 2402 ἄγευστοι
794 2371 920 2398 καταλεί-

131 2407 247 2441 φθησαν,
265 2409 310 2435 ἵνα
334 2410 374 2444 τῷ
398 2410 469 2446 λιμῷ
500 2411 549 2446 μὲν
570 2413 738 2448 πιεζόμενοι,
758 2415 868 2451 ἀπάσης
891 2417 919 2442 δὲ

129 2452 209 2487 ἄλλης
227 2456 331 2490 τροφῆς
352 2456 530 2491 ἀποροῦντες,
551 2458 602 2485 κᾶν
619 2459 675 2494 ἔχοι
693 2460 754 2486 τινὰ
774 2461 888 2496 δύναμιν
904 2462 919 2488 ὁ

131 2500 272 2534 προφήτης
287 2500 435 2535 εἴργουσιν
451 2503 543 2535 αὐτοῖς
555 2504 604 2540 τὴν
617 2505 716 2540 ὁρμὴν.
733 2506 793 2532 ἀλλ’
805 2505 851 2534 οὖν
866 2508 919 2534 ὐπδ

129 2545 172 2581 τοῦ
192 2545 276 2580 λιμοῦ
292 2547 449 2582 κινούμενοι
462 2548 609 2584 βιαίτερον,
628 2551 679 2585 τὴν
690 2552 771 2585 γένυν
782 2553 858 2588 αὐτῷ
869 2563 916 2580 τα-

130 2590 194 2622 χέως
213 2591 367 2618 ἐπιϐάλωσι
391 2593 437 2619 καὶ
451 2593 634 2628 λαφύξωνται.
651 2597 685 2622 Τί
701 2595 747 2624 οὖν
769 2599 782 2624 ὁ
796 2599 914 2634 Κύριοςς

130 2634 201 2671 Ἀρα
234 2639 294 2669 τοῖς
320 2639 425 2673 θηρίοις
456 2641 545 2676 ψυχὴν
573 2642 822 2679 ὲξομολογουμένην
840 2646 915 2681 αὐτῷ

131 2683 328 2727 παραδίδωσινς
346 2685 454 2720 ἢσὼζει
471 2687 519 2721 μὲν
532 2688 565 2715 ἐκ
582 2688 718 2722 στόματος
732 2689 857 2724 λεόντων,
877 2692 915 2727 τῷ

130 2725 197 2762 λιμῷ
212 2729 242 2756 δὲ
260 2731 403 2762 πιέζεσθαι
430 2734 604 2767 καταλείπεις
631 2734 647 2770 ἢ
670 2735 773 2770 τροφὴν
804 2737 853 2772 μὲν
876 2725 917 2769 είς

132 2773 228 2807 βρῶσιν
245 2776 338 2810 ὀρέγει
359 2778 403 2805 διά
426 2787 498 2811 τινος
516 2781 571 2807 τῶν
587 2781 739 2815 ἀλλογενῶν
751 2782 797 2808 καὶ
817 2783 914 2818 ἀπερι-

130 2822 254 2855 τμὴτωη
278 2822 378 2850 πολλοῦ
401 2833 433 2858 γε
459 2826 506 2853 καὶ
520 2826 570 2858 δεῖ,
587 2827 644 2854 ἀλλ’
665 2827 709 2856 ἵνα
737 2828 781 2855 διὰ
805 2829 914 2857 πάντων

171 2914 179 2930 ³
201 2915 263 2942 Act.
280 2922 347 2948 xvu,
364 2916 408 2943 28.

968 2330 1072 2352 tamen.
1085 2325 1125 2352 Illi
1142 2332 1205 2352 vero
1221 2333 1283 2352 cum
1305 2333 1369 2352 cum
1395 2325 1576 2358 accepissent,
1589 2332 1685 2351 rursus
1707 2325 1756 2352 de-

967 2370 1081 2397 mittunt
1094 2370 1121 2396 in
1139 2370 1228 2396 laeum
1244 2370 1367 2396 leonum.
1382 2370 1402 2396 Ii
1417 2374 1497 2396 erant
1509 2374 1614 2404 septem
1628 2377 1754 2401 numero,

968 2416 1070 2451 quibus
1079 2420 1106 2442 et
1119 2416 1175 2442 duo
1187 2423 1302 2450 corpora
1319 2420 1347 2442 et
1363 2416 1422 2442 dum
1435 2422 1501 2442 oves
1516 2415 1633 2450 singulis
1657 2415 1756 2443 diebus

967 2465 1047 2489 erant
1061 2460 1197 2496 deputatas
1208 2460 1241 2487 ad
1252 2468 1346 2488 eorum
1358 2461 1530 2488 alimentum.
1543 2460 1596 2488 Sex
1608 2464 1700 2488 autem
1714 2466 1756 2489 to-

971 2507 1006 2535 tis
1022 2507 1129 2538 diebus,
1144 2506 1346 2541 quibusjustus
1362 2506 1413 2533 fuit
1429 2514 1491 2533 cum
1511 2507 1551 2534 eis
1566 2506 1700 2540 inclusus,
1713 2516 1757 2536 re-

969 2552 1026 2580 licti
1039 2557 1103 2580 sunt
1115 2552 1321 2587 omninojcjuni
1333 2557 1360 2579 et
1371 2553 1460 2579 omnis
1472 2553 1596 2580 alimenti
1607 2558 1754 2588 expertes:

969 2604 999 2625 ut
1015 2598 1084 2625 fame
1098 2598 1208 2632 quidem
1223 2598 1357 2632 oppressi.
1376 2603 1403 2625 et
1420 2598 1495 2625 omni
1509 2599 1564 2626 alio
1580 2600 1753 2627 nutrimento

966 2649 1101 2676 carentes,
1127 2644 1234 2672 etiamsi
1260 2645 1395 2679 propheta
1412 2645 1529 2672 haberet
1554 2646 1676 2679 aliquam
1694 2646 1752 2673 vir-

965 2695 1063 2722 tutem.
1077 2698 1138 2726 quae
1149 2697 1246 2717 eorum
1260 2695 1369 2717 arceret
1382 2691 1527 2724 impetum,
1544 2696 1571 2717 at
1586 2690 1659 2718 fame
1674 2695 1750 2718 certe

966 2737 1077 2772 impulsi
1087 2736 1243 2768 violentius,
1254 2736 1378 2764 maxillas
1394 2735 1523 2763 celeriter
1532 2736 1559 2762 in
1572 2743 1636 2763 eum
1649 2735 1752 2763 immit-

967 2786 1058 2810 terent
1081 2789 1113 2810 ac
1128 2781 1327 2816 discerperent.
1354 2781 1425 2815 Quid
1437 2789 1503 2816 ergo
1518 2781 1672 2809 Dominus?
1685 2781 1753 2809 Tra—

966 2830 1042 2857 ditne
1058 2829 1124 2858 feris
1141 2830 1339 2864 animam,qu:e
1351 2836 1414 2857 eum
1429 2827 1594 2856 conﬁtetur?
1605 2833 1752 2857 autservat
