2024 3153
246 182 300 214 399

897 184 1039 214 MENSIS
1054 184 1205 216 IULIUS.

1817 191 1870 222 έθθ

244 239 356 275 quidem
369 246 401 265 ex
420 246 466 266 ore
480 239 608 266 leonum?
626 240 766 274 Relinquit
781 246 872 268 autem
886 249 948 269 eum
961 241 1032 267 l‘ame

1086 240 1142 266 τότε
1168 241 1374 275 παντοδὺναμον
1389 241 1472 268 αὑτοῦ
1501 242 1552 277 τῆς
1579 243 1670 279 ίσχυος
1697 245 1743 272 καὶ
1765 245 1796 272 τὸ
1817 247 1870 273 τῶν

246 286 411 313 moriturum
423 294 429 316 ι
443 289 490 312 aut
500 285 659 313 alimentum
668 287 778 321 quidem
787 287 889 322 praebet
901 288 933 315 ad
940 295 1029 316 esum.

245 332 292 359 sed
322 339 371 366 per
399 331 578 366 alienigenam
603 332 721 367 aliquem
743 338 770 360 et
787 333 1032 361 incircumcisum?

245 377 361 405 Multum
374 377 463 405 abest.
478 377 530 404 Sed
543 381 572 404 ut
585 385 634 412 per
646 379 738 406 omnia
754 379 959 414 omnipotentes
973 379 1032 414 ejus

245 422 320 449 vires
337 427 364 449 et
397 421 544 449 insﬂalulis
575 422 764 451 misericordia
783 425 861 452 ﬁeret
875 424 1031 455 manifesta.

245 467 338 494 divina
352 467 463 502 quidem
480 475 562 494 mauu
583 467 768 496 obstruunlur
787 477 834 496 ora
850 470 971 500 leonum,
990 469 1031 496 rel

245 512 371 547 protinus
387 513 437 547 ipsi
455 513 562 548 scipsos
586 515 773 548 comprimunt
796 522 828 542 ac
853 515 1028 547 contrahunt,

245 559 360 593 angulos
388 559 549 592 subeuntes,
563 564 590 587 et
605 567 656 587 nec
670 568 779 588 sacrum
805 568 905 595 corpus
917 561 1030 588 omnino

245 604 380 633 audentes
391 606 544 641 attingere:
564 606 611 633 sed
628 607 879 642 tanquamquidam
895 608 1030 635 satellites

244 650 370 678 benevoli
397 659 428 679 ac
448 652 551 683 ﬁdeles,
568 660 648 680 suum
673 660 764 688 regem
782 653 981 688 custodientes,
1003 657 1032 681 et

245 698 370 732 urgebat,
386 704 485 726 metus.

281 744 374 772 XXIV.
404 745 469 772 Erat
499 750 590 774 autem
612 747 681 774 alius
696 748 807 782 quidam
840 749 974 784 propheta
1003 750 1030 777 in

243 791 348 818 Judzea.
365 791 389 818 ls
406 795 465 818 erat
476 799 554 820 sacer
567 792 705 826 Habacuc,
721 802 803 829 quem
816 795 873 822 scio
884 795 952 823 satis
970 803 1030 823 om-

239 838 327 864 nibus
344 845 403 865 esse
429 843 536 866 notum.
552 839 576 867 ls
589 847 664 875 ergo,
689 849 752 868 cum
779 849 876 876 panem
904 841 930 868 in
953 842 1030 870 disco

245 884 454 913 comminuisset
470 890 497 913 et
508 887 554 921 jus
566 887 590 914 ei
607 887 776 921 immisisset,
790 888 884 915 abibat
900 893 929 915 ut
947 888 1031 916 ferret

1084 288 1235 324 οἰκτιρμῶν
1253 288 1410 324 ἀπόρρητον
1427 290 1584 324 καταφανὲς
1601 291 1723 325 γένηται,
1748 293 1868 327 ἐμφράτ-

1085 342 1160 360 τεται
1176 334 1225 367 μὲν
1239 333 1300 369 θείᾳ.
1316 334 1431 369 παλάμῃ
1445 334 1558 361 λεόντων
1574 336 1708 371 στύματα,
1725 338 1827 372 μᾶλλον
1844 339 1870 365 δὲ

1086 379 1132 404 καὶ
1149 379 1216 413 πρὸς
1234 379 1350 410 ἑαυτοὺς
1365 379 1556 406 συστέλλονται
1570 382 1630 412 ταῖς
1644 382 1758 415 γωνίαις
1782 392 1859 418 παρα

1084 423 1209 458 δυόμενοι
1232 424 1278 451 καὶ
1295 425 1359 460 μηδ’
1372 425 1440 457 ὅλως
1459 426 1532 462 ἱεροῦ
1549 426 1675 462 σώματος
1691 428 1871 464 παραψαῦσαι

1085 470 1250 504 τολμῶντες,
1268 471 1324 498 ἀλλ’
1340 471 1435 507 ὥσπερ
1449 472 1594 508 δορυφόροι
1605 473 1677 504 τινὲς
1694 473 1767 500 εὖνοί
1779 483 1809 500 τε
1825 476 1870 501 καὶ

1085 516 1242 542 πιστότατοι
1253 516 1299 543 τδν
1310 517 1415 544 ἑαυτῶν
1422 518 1600 551 φυλάττοντες
1609 519 1733 553 βασιλέα,
1744 519 1790 546 καὶ
1802 519 1870 554 μηδὲ

1085 561 1131 587 τοῦ
1147 561 1226 596 λιμοῦ
1245 562 1396 597 μνησθῆναι
1423 563 1476 590 ὑπὸ
1503 563 1551 590 τοῦ
1576 564 1770 600 περικειμένου
1795 564 1871 596 δέους

1086 608 1177 638 αὐτοῖς
1191 608 1428 644 συγχωρούμενοι.

1052 661 1122 689 quos
1150 661 1201 681 nec
1235 653 1313 682 famis
1329 655 1441 690 quidem
1455 656 1613 684 meminisse
1625 657 1746 691 sinebat,
1760 658 1808 693 qui
1822 666 1872 686 eos

1118 749 1181 776 KA’.
1196 745 1250 774 Ἦν
1265 748 1293 775 δέ
1309 756 1351 780 τις
1365 748 1446 780 ἄλλος
1458 748 1602 784 προφήτης
1613 749 1643 775 ἐν
1666 749 1792 785 Ἰουδαίᾳ,
1805 750 1819 776 ό
1837 751 1871 776 Ξε-

1081 795 1128 831 ρὸς
1145 794 1307 830 Ἀμϐακοὺμ
1323 793 1409 826 οὗτος,
1425 795 1454 821 ὃν
1473 795 1611 830 γνώριμον
1629 793 1699 822 εἶναι
1719 797 1804 822 πᾶσιν
1820 797 1871 823 kn-

1082 842 1195 875 ίσταμαι
1209 847 1216 855 ·
1239 837 1317 871 οὗτος
1334 838 1381 867 οὖν
1398 841 1498 875 ἄρτους
1521 841 1550 866 ὲν
1565 842 1660 868 πίνακι
1677 841 1830 876 διαθρύψας
1843 842 1873 868 τὸ

1078 885 1174 920 ἕψημα
1197 894 1226 912 τε
1250 885 1357 918 τούτοις
1383 885 1532 919 ἐπιϐαλὼν,
1558 887 1644 922 ἀπῄει
1669 887 1791 921 κομίζων
1815 888 1872 918 τοῖς

244 931 278 958 ad
305 939 459 965 messores;
475 937 534 960 erat
550 933 623 960 enim
644 938 752 969 tempus
772 934 886 962 aestatis.
910 935 1031 969 Angelus

1086 932 1224 967 θερισταῖς
1243 932 1349 967 (θέρους
1365 933 1418 968 γὰρ
1438 929 1472 967 ἦν
1485 933 1499 959 ό
1512 933 1628 968 καιρός),
1645 932 1760 967 ἄγγελος
1773 934 1800 960 δὲ
1817 935 1874 960 Κυ-

244 982 335 1006 autem
355 979 463 1006 Domini
478 979 502 1006 ei
520 979 657 1014 apparuit,
674 980 795 1015 etjussit
821 988 884 1007 eum
909 979 936 1007 id
959 980 1032 1008 ferre

245 1024 411 1059 Babylonem
424 1024 458 1051 ad
472 1024 622 1052 Danielcm.
638 1024 707 1052 Cum
720 1025 743 1052 is
757 1032 822 1052 vero
833 1025 1030 1060 ignorantiam,

244 1074 271 1096 et
284 1077 343 1098 esse
354 1071 502 1098 maximum
515 1070 586 1105 quod
600 1070 745 1098 intercedit
757 1071 889 1105 spatium,
905 1075 933 1099 et
947 1079 1030 1106 quam

245 1115 355 1143 dillicile
379 1121 452 1144 esset
469 1117 643 1151 imperatum,
660 1117 824 1152 adduceret,
839 1119 967 1154 protinus
981 1127 1031 1146 an-

245 1161 323 1196 gelus
338 1169 443 1189 comam
461 1163 558 1198 capitis
569 1164 764 1198 apprehendit,
775 1169 802 1192 et
813 1169 951 1193 momento
963 1170 1032 1192 lem-

245 1208 322 1242 poris
337 1208 441 1244 impetu
470 1209 598 1237 ducentis
616 1211 730 1246 spiritus
743 1219 881 1246 expansus
894 1212 969 1239 stetit
983 1219 1032 1239 su-

245 1263 295 1289 per
320 1255 409 1283 lacum
435 1264 441 1282 :
460 1260 488 1283 et
505 1257 652 1291 appellavit
667 1258 715 1285 Dei
732 1258 866 1290 vinctum,
883 1263 911 1286 et
938 1258 1008 1285 dixit
1025 1267 1030 1285 :

245 1300 347 1335 Accipe
370 1302 440 1329 hanc
466 1309 583 1334 ccenam,
598 1310 680 1337 quam
696 1303 768 1330 Deus
787 1303 820 1330 ad
845 1308 870 1330 te
887 1304 972 1336 misit,
993 1303 1031 1330 tui

247 1355 372 1383 magnam
386 1356 480 1376 curam
495 1356 604 1384 gerens.
622 1349 684 1377 Haec
700 1349 838 1378 Habacuc.
856 1351 969 1386 Magnus
982 1358 1031 1377 au-

246 1397 302 1420 tem
320 1394 413 1421 Daniel
441 1395 468 1422 in
495 1395 661 1423 contritione
685 1397 798 1431 spiritus
817 1400 845 1424 et
876 1396 1032 1424 humilitate

244 1439 344 1467 animae
361 1449 366 1467 :
382 1440 505 1468 Meminit
520 1449 586 1469 vero
607 1442 659 1470 mei
676 1442 759 1474 Deus,
777 1442 928 1477 respondit,
943 1442 1033 1469 ﬁdelis

245 1493 299 1513 vox
328 1490 370 1513 est
400 1495 495 1514 revera
522 1487 629 1519 famuli,
648 1488 786 1522 quomodo
809 1487 899 1515 bonus
922 1495 1032 1522 quoque

247 1530 379 1558 Dominus
391 1531 453 1566 ejus
465 1539 559 1559 curam
573 1532 653 1566 gerit.
666 1532 781 1565 Deinde,
796 1540 858 1560 cum
871 1533 1031 1567 accepisset,

247 1577 369 1605 comedit
386 1586 393 1604 :
410 1577 468 1612 ipse
481 1583 574 1605 autem
591 1578 732 1610 Habacuc,
747 1586 808 1605 cum
824 1578 920 1606 eadem
936 1585 1032 1605 rursus

1086 978 1145 1014 ρίου
1166 979 1321 1013 ἐπιφανεὶς,
1348 979 1531 1013 μετακομίσαι
1554 979 1634 1005 τοῦτο
1660 980 1697 1010 είς
1723 979 1872 1005 Βαὸυλῶνι

1083 1025 1123 1060 τῷ
1140 1025 1239 1060 Δανιὴλ
1263 1025 1413 1052 ἐπέταττε·
1437 1024 1483 1051 τοῦ
1505 1025 1533 1050 δὲ
1558 1024 1606 1060 τὴν
1633 1024 1745 1058 ἄγνοιαν
1771 1024 1820 1051 καὶ
1845 1025 1874 1051 τὸ

1084 1070 1213 1105 πάμπολυ
1228 1067 1300 1096 εἶναι
1315 1069 1345 1095 τὸ
1363 1069 1466 1104 μεταξὺ
1487 1068 1626 1104 διάστημα
1640 1069 1669 1095 τὺ
1686 1070 1828 1104 ἀμήχανόν
1842 1078 1872 1095 τε

1085 1116 1307 1152 προϐαλλομένου
1336 1115 1383 1142 τοῦ
1407 1115 1606 1150 ἐπιτάγματος,
1624 1115 1723 1141 αὐτίκα
1739 1116 1806 1150 πρὸς
1826 1117 1873 1142 τοῦ

1084 1164 1201 1198 ἀγγέλου
1227 1163 1276 1197 τὴν
1303 1163 1391 1197 κόμην
1419 1162 1602 1198 ὲπιληφθῆναι
1624 1163 1674 1197 τῆς
1696 1163 1819 1198 κεφαλῆς
1844 1164 1873 1189 ὲν

1084 1210 1184 1245 ἀκαρεῖ
1198 1219 1227 1236 τε
1243 1208 1282 1244 τῷ
1301 1208 1382 1244 ῥοίζῳ
1394 1209 1440 1236 τοῦ
1457 1209 1569 1243 ἄγοντος
1582 1209 1739 1244 πνεύματος
1753 1210 1873 1236 ἐκπετα-

1086 1256 1185 1283 σθέντα
1202 1255 1295 1282 ἐπάνω
1308 1255 1404 1289 στῆναι
1418 1255 1464 1281 τοῦ
1475 1255 1576 1282 λάκκου
1590 1257 1636 1282 καὶ
1650 1256 1872 1291 προσαγορεῦσαι

1084 1301 1130 1328 τὸν
1157 1301 1267 1336 δέσμιον
1297 1302 1356 1328 ἐκεῖ
1373 1302 1420 1328 τοῦ
1451 1301 1536 1328 Θεοῦ·
1558 1303 1604 1328 καὶ
1630 1302 1706 1334 δέξαι
1737 1303 1815 1329 τουτὶ
1841 1303 1872 1329 τὸ

1083 1346 1201 1379 δεῖπνον,
1217 1348 1320 1380 εἰπεῖν,
1341 1348 1355 1374 ὁ
1387 1347 1452 1379 Θεός
1480 1356 1520 1374 σοι
1549 1347 1620 1382 μάλα
1653 1348 1800 1382 κηδόμενος
1829 1348 1872 1381 ἑξ-

1085 1393 1241 1420 απέστειλε.
1254 1393 1346 1420 Ταῦτα
1361 1394 1375 1420 ό
1394 1394 1566 1428 Ἀμϐακούμ.
1587 1394 1616 1420 ’0
1629 1394 1715 1429 μέγας
1730 1395 1757 1421 δὲ
1772 1393 1872 1429 Δανιὴλ

1085 1439 1115 1464 ὲν
1144 1438 1274 1474 συντριϐῇ
1309 1439 1463 1473 πνεύματος
1491 1440 1539 1465 καὶ
1567 1439 1734 1465 ταπεινώσει
1762 1439 1872 1474 ψυχῆς·

1091 1485 1227 1520 Ἐμνήσθη
1253 1485 1282 1511 δέ
1306 1494 1356 1519 μου
1375 1485 1388 1510 ὁ
1414 1484 1490 1516 Θεός,
1511 1485 1678 1520 ἀπεκρίνατο
1691 1491 1698 1498 ·
1716 1484 1813 1511 πιστοῦ
1834 1485 1875 1520 τῷ

1084 1531 1141 1558 δντι
1170 1531 1334 1566 θεράποντος
1365 1531 1381 1566 ἡ
1407 1531 1493 1565 φωνὴ,
1510 1531 1604 1566 ὥσπερ
1624 1532 1679 1566 ἄρα
1706 1531 1753 1558 καὶ
1768 1531 1873 1565 ἀγαθοῦ

1085 1577 1221 1604 Δεσπότου
1235 1578 1251 1612 ἡ
1267 1577 1330 1611 περὶ
1346 1577 1426 1603 αὑτὸν
1440 1577 1553 1611 πρόνοια
1567 1585 1574 1593 ·
1593 1574 1652 1603 εἶτα
1665 1577 1713 1604 καὶ
1725 1577 1874 1611 δεξάμενος

248 1622 349 1650 virtute
368 1623 435 1650 illud
450 1624 614 1650 immensum
644 1624 837 1651 transvolasset
859 1623 988 1658 spatium,
1007 1623 1033 1658 (ο

1087 1621 1204 1656 ἔφαγενυ
1222 1611 1304 1648 αὖτὶν
1315 1622 1343 1648 δὲ
1359 1622 1530 1657 παραχρῆμα
1548 1622 1594 1648 τὸν
1613 1622 1776 1657 ’Δμϐακοὶιμ
1793 1622 1874 1652 αὖθις

248 1669 430 1701 celeritatem,
441 1677 458 1697 o
467 1669 586 1697 divinam
600 1670 801 1704 pernicitatem)
815 1675 954 1698 momento
966 1675 1036 1697 tem-

248 1715 326 1750 poris
337 1714 374 1742 ita
400 1722 450 1742 suo
464 1715 516 1742 fuit
530 1715 591 1742 loco
607 1716 762 1747 restitutus,
776 1720 806 1743 ut
827 1716 949 1742 nondum
963 1723 1034 1750 prte-

250 1761 370 1789 teriisset
383 1761 450 1788 hora
467 1761 575 1796 prandii
591 1761 769 1789 messoribus.
788 1761 877 1796 Atque
899 1762 951 1789 hoc
971 1761 1034 1796 qui-

249 1807 312 1835 dem
325 1814 387 1834 cum
399 1807 436 1834 sit
451 1807 532 1842 plane
548 1807 633 1835 solius
644 1808 689 1834 Dei
703 1815 771 1842 opus
783 1812 810 1834 et
822 1808 882 1842 ejus
895 1807 1036 1834 immensae

250 1854 391 1887 potentiae,
407 1853 494 1888 majus
508 1861 540 1881 ex
562 1861 592 1881 se
614 1854 697 1881 habet
713 1854 888 1886 miraculum,
905 1861 988 1888 quam
1005 1858 1036 1881 ut

250 1899 277 1926 id
304 1901 390 1934 possit
414 1899 524 1934 assequi
550 1907 642 1927 sermo
657 1900 698 1928 vel
721 1900 863 1934 cogitatio.
886 1900 974 1935 Atque
988 1907 1036 1927 sex

249 1946 360 1982 quidem
376 1946 435 1974 dies
450 1946 490 1974 sic
505 1946 684 1979 transierunt,
703 1946 844 1979 Danielcm
855 1946 882 1973 in
894 1946 954 1974 lacu
970 1954 1036 1974 con-

249 2000 400 2023 servantes.
416 1994 503 2031 Cyrus
518 2000 608 2023 autem
622 1995 739 2030 septimo
753 1995 798 2022 die
814 1995 892 2026 ahiit,
918 1999 948 2022 ut
966 1993 1035 2021 ami-

248 2049 311 2068 cum
323 2042 380 2077 jam
397 2042 505 2077 lugeret
519 2046 668 2068 mortuum.
683 2041 751 2068 Cum
769 2048 834 2068 vero
851 2040 1035 2075 despcxisset,

248 2094 277 2116 et
292 2089 405 2116 vidisset
422 2089 511 2123 ipsum
526 2089 668 2116 sedentem
681 2089 707 2114 in
722 2088 782 2114 lacu
798 2088 924 2118 illaesum,
937 2093 1036 2121 magna

250 2142 317 2161 voce
332 2134 455 2161 laudavit
470 2134 555 2160 Deum
570 2141 660 2160 rerum
675 2132 891 2164 admirabilium,
910 2137 937 2159 et
950 2131 1037 2166 magis

251 2188 333 2216 quam
350 2180 428 2214 prius
439 2179 556 2209 Darius;
572 2185 599 2206 et
618 2179 695 2205 illum
723 2179 835 2213 quidem
853 2179 929 2205 illinc
956 2186 1036 2213 quam

251 2227 371 2261 priurum
386 2226 506 2253 extraxit
525 2234 531 2252 :
548 2233 595 2252 eos
609 2229 711 2257 autem,
725 2225 772 2259 qui
804 2224 829 2252 ei
849 2230 950 2252 temere
966 2224 1038 2252 invi-

1086 1669 1119 1702 τῇ
1133 1667 1201 1702 αὐτῇ
1229 1667 1343 1702 δυνάμει
1367 1668 1398 1694 τὸ
1425 1668 1522 1703 μυρίον
1547 1668 1634 1694 ὲκιῖνο
1659 1667 1808 1704 διάστημα,
1834 1669 1876 1695 δι·

1086 1714 1211 1741 απτάντα
1227 1713 1259 1748 (ὣ
1273 1713 1319 1740 τοῦ
1333 1713 1442 1748 τάχους,
1454 1713 1476 1739 ὢ
1491 1714 1540 1748 τῆς
1557 1713 1630 1745 θείας
1641 1713 1768 1748 ὀξύτητος
1782 1715 1788 1741 ι
1800 1718 1810 1749 )
1828 1713 1876 1740 οὓ-

1086 1768 1140 1790 τως
1166 1759 1195 1785 ἐν
1211 1759 1277 1793 ῥιπῇ
1309 1758 1377 1792 πρὸς
1394 1758 1440 1784 τὸν
1456 1759 1557 1784 οἰκεῖον
1579 1759 1753 1794 ἀνασωθῆναι
1778 1760 1873 1791 τόπον,

1085 1804 1123 1836 ὡς
1147 1803 1184 1839 μὴ
1207 1803 1430 1839 παρελκυσθῆναι
1454 1803 1504 1838 τὴν
1520 1804 1595 1839 ὥραν
1614 1805 1661 1831 τοῦ
1684 1805 1797 1840 ἀρίστου
1817 1807 1876 1837 τοῖς

1087 1851 1226 1886 θερισταῖς
1239 1858 1246 1865 ·
1262 1850 1347 1876 τοῦτο.
1357 1850 1406 1885 μὲν
1421 1849 1468 1876 οὖν
1485 1851 1566 1885 μόνου
1590 1851 1717 1886 καθαρῶς
1740 1851 1822 1886 ἔργον
1845 1851 1876 1878 ὃν

1086 1897 1133 1924 τοῦ
1161 1896 1228 1924 Θεοῦ
1260 1897 1306 1924 καὶ
1334 1897 1384 1932 τῆς
1410 1897 1617 1932 παντοδυνὰμου
1635 1897 1734 1932 ῥοπῆς,
1759 1897 1876 1924 αὐτόθεν

1086 1943 1143 1978 ἔχει
1160 1943 1190 1969 τὺ
1204 1942 1297 1977 θαῦμα
1312 1943 1328 1978 ἢ
1345 1941 1415 1969 κατὰ
1425 1942 1503 1976 λόγου
1516 1942 1563 1969 καὶ
1575 1943 1681 1978 φρενῶν
1696 1943 1821 1977 δύναμιν,
1841 1943 1875 1969 'H

1086 1990 1153 2024 ἕκτη
1172 1989 1220 2024 μὲν
1243 1988 1289 2015 οὖν
1315 1988 1405 2020 οὕτως
1427 1988 1598 2024 ἐπεραίνετο,
1612 1989 1658 2015 τὸν
1677 1988 1777 2024 Δανιὴλ
1792 1990 1822 2016 ὲν
1836 1989 1876 2024 τῷ

1087 2035 1181 2069 λάκκῳ
1196 2034 1373 2069 διατηροῦσα.
1386 2033 1476 2069 Κύρος
1487 2034 1515 2060 δὲ
1528 2036 1559 2070 τῇ
1571 2034 1673 2071 ἑϐδόμῃ
1691 2035 1773 2070 ἀπῄει
1784 2034 1822 2066 ὡς
1832 2043 1877 2061 τε-

1089 2078 1205 2114 ονηκότα
1227 2079 1277 2115 ήδη
1296 2079 1341 2105 τὸν
1361 2078 1438 2113 φίλον
1458 2079 1618 2114 πενθήσων’
1641 2079 1766 2114 ἐγκύψας
1785 2079 1814 2105 δὲ
1829 2080 1878 2106 καὶ

1090 2126 1152 2152 ἰδὼν
1167 2126 1248 2152 αὐτὸν
1261 2127 1290 2152 έν
1301 2126 1340 2160 τῷ
1351 2126 1445 2161 λάκκῳ
1461 2126 1615 2161 καθήμενον
1632 2126 1749 2161 ἀϐλαϐῆ,
1769 2125 1878 2161 μεγάλῃ

1089 2173 1165 2206 φωνῇ
1184 2172 1228 2198 τὸν
1244 2171 1298 2197 τῶν
1320 2171 1481 2206 θαυμασίων
1502 2171 1580 2206 ὕμνει
1596 2172 1662 2197 Θεὸν
1676 2172 1724 2198 καὶ
1742 2171 1844 2206 μᾶλλον
1858 2171 1877 2206 ἢ

1089 2218 1202 2252 Δαρεῖος
1218 2217 1248 2243 τὸ
1265 2217 1398 2252 πρότερον
1409 2226 1416 2233 ·
1433 2217 1480 2244 καὶ
1497 2218 1544 2243 τὸν
1562 2215 1612 2251 μὲν
1632 2216 1738 2242 ἐκεῖθεν
1753 2216 1878 2242 ἀνείλκυ-

251 2273 363 2306 debant,
389 2272 523 2300 continuo
538 2271 649 2298 demisit
679 2270 853 2298 devorandos
871 2279 885 2298 a
899 2270 1033 2298 leonibus.

1092 2271 1138 2289 σεν
1155 2263 1184 2290 ἐν
1208 2263 1310 2298 σπουδῇ
1324 2269 1332 2277 ·
1357 2263 1422 2294 τοὺς
1436 2262 1465 2288 δὲ
1484 2262 1573 2297 μάτην
1588 2261 1662 2296 αὐτῷ
1681 2261 1879 2296 βασκαίνοντας

251 2320 297 2347 Sic
327 2319 412 2346 etiam
431 2318 458 2345 in
479 2318 607 2354 gentibus
636 2317 814 2353 cognoscitur
833 2317 906 2345 Deus
934 2317 1038 2352 judicia

252 2365 366 2398 faciens,
383 2370 413 2392 ut
430 2365 456 2392 iu
474 2364 604 2400 operibus
619 2371 753 2391 manuum
773 2364 896 2398 ipsorum
913 2371 1039 2398 compre—

254 2411 412 2439 hendantur
435 2415 606 2445 peccatores,
623 2409 774 2445 providens
789 2409 870 2436 modo
891 2409 1036 2436 inetl‘abili.

253 2458 316 2485 Fuit
337 2465 403 2492 ergo
426 2462 519 2491 postea
536 2456 631 2484 Daniel
649 2460 677 2483 et
692 2455 763 2491 regis
780 2457 932 2487 convictor,
949 2455 1037 2482 hono—

255 2511 368 2538 remque
383 2507 410 2529 et
428 2502 542 2537 gloriam
559 2503 631 2537 apud
645 2501 734 2537 ipsum
748 2506 792 2529 est
804 2506 973 2529 consecutus
990 2508 1039 2527 su‘

253 2557 301 2584 pra
314 2555 410 2576 omnes
423 2547 483 2583 ejus
497 2547 606 2575 amicos.

287 2639 370 2672 XXV.
385 2639 439 2668 Sed
453 2645 481 2668 et
495 2647 590 2667 rursus
606 2639 776 2667 admirabilis
792 2638 886 2666 Daniel
908 2642 1039 2664 consueta

253 2689 368 2720 faciens,
384 2692 413 2716 et
436 2694 618 2722 perseverans
635 2685 662 2712 in
687 2685 721 2713 ab
743 2685 823 2712 initio
837 2689 928 2718 coepta
952 2683 1039 2711 absti-

254 2736 356 2765 nentia.
370 2741 467 2762 rursus
485 2733 584 2761 talibus
609 2732 708 2766 dignus
722 2735 764 2758 est
781 2730 892 2758 habitus
916 2735 1040 2757 contem-

254 2781 432 2816 plationibus.
447 2780 497 2808 Fui
509 2781 594 2808 enim.
607 2778 697 2812 inquit
708 2778 764 2808 ille,
782 2781 838 2804 tres
853 2777 960 2804 dierum
975 2777 1042 2805 heb-

255 2826 386 2854 domadas
415 2826 553 2861 jejunans.
571 2825 671 2852 Panem
685 2824 758 2850 enim
770 2823 969 2851 desideriorum
985 2831 1039 2852 non

253 2873 371 2904 comedi,
387 2877 415 2900 et
427 2880 490 2899 caro
504 2876 532 2899 et
550 2871 643 2898 vinum
657 2877 710 2897 non
722 2869 833 2897 intravit
847 2870 873 2897 in
885 2878 915 2898 os
926 2878 1016 2898 meutn
1031 2880 1037 2898 :

254 2925 282 2948 et
310 2923 449 2956 unguento
466 2926 520 2947 non
541 2917 579 2946 lui
596 2921 708 2951 unctus,
725 2917 813 2945 donec
826 2917 929 2953 impleti
948 2920 1040 2946 essent

1092 2310 1205 2345 ἑτοίμην
1223 2309 1304 2341 εὐθὺς
1320 2310 1376 2340 τοῖς
1392 2309 1484 2335 λέουσι
1508 2308 1611 2343 καθῆκε
1637 2307 1720 2342 βοράν
1734 2315 1740 2322 ·
1757 2306 1828 2333 οὕτω
1845 2306 1879 2342 δὴ

1091 2356 1143 2382 κὰν
1159 2356 1215 2387 τοῖς
1234 2354 1325 2381 ἔθνεσι
1339 2353 1506 2388 γινώσκεται
1524 2353 1627 2388 Κύριος
1649 2353 1775 2388 κρίματα
1791 2353 1879 2378 ποιῶν

1091 2403 1119 2429 ὲν
1133 2403 1188 2433 τοῖς
1205 2402 1295 2437 ἔργοις
1308 2410 1337 2427 τι
1355 2401 1408 2427 τῶν
1421 2401 1520 2436 χειρῶν
1535 2399 1625 2426 αὐτῶν
1635 2400 1764 2435 ἀρρήτως
1776 2399 1878 2424 οἰκονο-

1094 2448 1162 2483 μῶν,
1178 2448 1240 2478 τοὺς
1255 2446 1434 2482 ἁμαρτωλοὺς
1455 2445 1710 2481 συλλαμϐάνεσθαι·
1728 2442 1762 2479 ἦν
1779 2443 1826 2470 οὖν
1849 2444 1881 2470 τδ

1094 2495 1162 2530 μετὰ
1174 2493 1260 2521 ταῦτα
1275 2494 1289 2519 ὁ
1299 2493 1400 2528 Δανιὴλ
1413 2493 1570 2527 συμϐιωτής
1583 2500 1612 2517 τε
1623 2491 1669 2517 τοῦ
1686 2491 1820 2526 βασιλέως
1832 2491 1881 2518 καὶ

1092 2541 1174 2575 τιμῆς
1192 2541 1257 2575 mp?
1271 2540 1345 2575 αὐτῷ
1361 2540 1408 2566 καὶ
1421 2539 1499 2574 δόξης
1511 2538 1581 2574 ὑπὲρ
1595 2538 1700 2568 πάντας
1719 2536 1801 2563 αὑτοῦ
1817 2537 1881 2567 τοὺς

1095 2587 1187 2621 φίλους
1202 2586 1427 2620 καταξιούμενος.

1130 2632 1192 2659 κε’.
1218 2632 1299 2658 Ἀλλὰ
1316 2631 1371 2666 γὰρ
1382 2631 1429 2658 καὶ
1444 2630 1528 2657 πάλιν
1542 2629 1641 2664 Δανιὴλ
1655 2629 1670 2655 ὁ
1683 2627 1834 2663 θαυμάσιος
1846 2627 1880 2653 τὰ

1095 2678 1196 2714 συνήθη
1212 2677 1298 2705 ποιῶν
1310 2678 1356 2703 καὶ
1367 2677 1418 2711 τῆς
1429 2676 1458 2709 ἐξ
1469 2676 1555 2712 ἀρχῆς
1568 2675 1696 2710 ἐχόμενος
1706 2674 1880 2709 ἐγκρατείας,

1093 2730 1223 2757 τοιούτων
1238 2727 1315 2760 αὖθις
1326 2727 1435 2762 ἠξιοῦτο
1446 2727 1494 2752 καὶ
1506 2726 1560 2751 τῶν
1572 2725 1693 2760 θεωρίων
1703 2731 1710 2739 ·
1723 2723 1799 2758 ήμην
1815 2722 1880 2757 γὰρ,

1093 2777 1195 2808 ἐκεῖνός
1213 2784 1290 2811 φησι,
1317 2775 1392 2809 τρεῖς
1419 2772 1570 2806 ἑϐδομάδας
1589 2769 1702 2806 ἡμερῶν
1727 2768 1880 2803 νηστεύων.

1096 2824 1196 2860 Ἄρτον
1220 2823 1274 2857 γὰρ
1301 2820 1453 2855 ἐπιθυμιῶν
1481 2819 1533 2846 οὐκ
1552 2819 1655 2852 ἔφαγον
1678 2817 1726 2843 καὶ
1746 2816 1815 2852 κρέα
1834 2815 1879 2841 καὶ

1093 2866 1164 2900 οἶνος
1186 2868 1236 2895 οὐκ
1263 2865 1388 2901 εἰσῆλθεν
1409 2866 1449 2897 εἰς
1465 2864 1495 2891 τὺ
1513 2864 1600 2898 στόμα
1618 2871 1679 2897 μου,
1695 2862 1740 2888 καὶ
1757 2861 1880 2894 ἄλειμμα

1093 2915 1142 2943 οὐκ
1171 2913 1325 2950 ηλειψάμην
1346 2911 1396 2945 ἓως
1423 2910 1589 2948 πληρώσεως
1616 2908 1700 2945 τριῶν
1725 2905 1881 2941 ἑϐδομάδων
