2024 3153
161 141 210 170 ιρι

634 180 637 187 _
674 145 766 175 VITA
785 145 814 175 Β.
838 145 1051 178 ΡΗΟΡΗΕΤΔΕ
1072 149 1264 183 DANIELIS.

1735 155 1788 186 402

162 197 286 232 ἡμερῶν.
297 197 352 225 Καὶ
363 198 390 225 ἐν
400 198 492 235 ἡμέρᾳ
501 198 610 236 εἰκοστῇ
621 201 667 227 καὶ
678 201 798 238 τετάρτῃ
816 202 862 229 τοῦ
878 200 946 238 πρώ-

1004 205 1062 232 dies
1075 206 1156 233 trium
1172 206 1374 236 hebdomadum
1387 219 1394 244 ;
1405 215 1432 238 et
1444 211 1572 239 vicesimo
1585 217 1613 239 et
1624 216 1723 247 quarto
1740 212 1785 239 dio

161 252 207 270 τον
227 245 324 278 μηνξς.
344 244 399 278 ἐγὼ
417 246 492 281 ήμην
510 247 628 282 ἐχόμενα
645 247 692 274 τοῦ
707 249 833 284 ποταμοῦ
845 249 893 276 τοῦ
905 258 952 284 με-

162 291 246 322 γάλου
261 291 369 326 Χωμὰρ
381 293 428 319 καὶ
439 291 494 328 ἦρα
505 294 567 325 τοὺς
580 293 736 329 ὀφθαλμούς
747 303 798 329 μου
812 295 859 322 καὶ
868 292 949 322 εἷδον”

162 336 208 362 καὶ
223 337 278 363 ἰδοὺ
293 337 364 372 ἀνὴρ
381 338 554 373 ἐνδεδυμένος
575 339 666 375 βαδδὶν
681 341 728 366 καὶ
741 341 757 376 ἡ
769 339 855 374 ὀσφῦς
867 340 950 367 αὐτοῦ

161 383 373 418 περιεζωσμένη
388 385 416 410 ἐν
428 385 532 420 χρυσίῳ
540 386 652 420 Ὸφᾶιτζ,
667 386 713 413 καὶ
726 387 756 413 τὸ
772 386 851 420 σῶμα
867 386 950 412 αὑτοῦ

161 427 227 453 ὡσεὶ
241 427 371 463 Θαρσεῖς,
387 430 434 456 καὶ
458 430 488 456 τὸ
507 431 650 465 πρόσωπον
673 431 756 458 αὐτοῦ
774 431 841 457 ὡσεὶ
856 431 951 466 ὅρασις

161 475 319 509 ἀστραπῆς,
329 471 375 502 καὶ
383 476 407 502 οἱ
417 476 551 512 ὀρθαὶ.μοὶ
569 477 653 503 αὑτοῦ
665 477 730 503 ὡσεὶ
740 477 882 512 λαμπάδες
898 485 952 503 πυ-

163 521 221 556 ρὸς,
237 523 286 547 καὶ
301 522 326 547 οι
350 521 495 556 βραχίονες
511 523 593 548 αὑτοῦ
606 523 653 549 καὶ
665 523 699 549 τὰ
716 523 797 557 σκέλη
807 522 845 553 ὡς
856 523 951 557 ὅρασις

162 567 265 602 χαλκοῦ
284 568 450 601 στίλῦοντος,
470 569 517 595 καὶ
528 569 545 604 ή
561 569 637 604 φωνὴ
649 569 703 595 τῶν
718 569 806 603 λόγων
817 569 900 595 αὐτοῦ
913 569 950 600 ὡς

161 614 236 648 φωνὴ
257 614 349 648 ὄχλου.
364 614 458 641 Ταῦτα
474 612 544 641 εἶδον
564 615 610 641 καὶ
628 617 644 650 ὴ
661 617 738 650 texti,-
759 624 810 650 μου
826 615 950 648 ἐξέλιπεν

161 662 208 688 ἀπ’
222 661 304 695 ἐμοῦ,
322 661 368 686 καὶ
384 661 401 696 ἡ
415 661 479 693 δόξα
495 669 546 696 μου
562 663 735 698 μετεστράφη
745 663 785 693 είς
801 661 950 696 διαφθορὰν

161 709 206 734 καὶ
222 708 306 739 εὐθὺς
322 709 368 734 ἐπὶ
381 707 431 743 τὴν
447 709 499 743 γῆν
513 708 622 734 πίπτω·
644 708 690 734 καὶ
707 708 761 734 ἰδοῦ
784 708 845 743 χεὶρ
868 709 951 735 ἁπτο-

161 755 230 789 μένη
255 762 306 789 μου
336 754 383 780 καὶ
400 754 496 790 ἦγειρέ
515 763 549 788 με
569 754 617 782 ἐπὶ
639 754 673 781 τὰ
699 754 802 788 γόνατά
817 763 867 789 μου
889 754 948 785 καὶ,

160 801 243 832 Σύνες
257 801 298 827 !...
316 799 394 835 φησὶ,
417 801 485 835 πρός
508 809 553 835 με,
566 800 676 836 Δανιὴλ,
694 801 764 835 ἀνὴρ
783 801 948 835 ἐπιθυμιῶν,

161 847 206 873 καὶ
220 845 300 881 στῆθι
332 846 378 872 ἐπὶ
401 847 434 881 τῇ
462 846 556 873 στάσει
581 854 643 880 μου,
659 846 699 872 ὄτι
724 845 772 872 νῦν
791 846 949 881 ἀπεστάλην

161 892 215 926 ἐγὼ
233 892 302 926 πρὶς
327 891 368 924 σὲ,
383 892 424 918 ὄτι
442 892 495 918 ἀπὸ
519 891 569 926 τῆς
584 892 692 927 ἡμέρας
710 892 760 927 τῆς
774 891 898 927 πρώτης,
914 889 948 927 ἦς
966 881 985 908 Β

160 939 264 970 ἔδωκας
280 939 329 974 τὴν
344 939 459 972 καρδίαν
474 947 522 965 σου
536 939 740 974 ταπεινωθῆναι
758 938 880 965 ἐναντίον
900 938 947 965 τοῦ

161 985 264 1019 Κυρίου
285 984 333 1011 τοῦ
347 984 415 1011 Θεοῦ
433 993 492 1018 σου,
509 985 685 1020 ὴκούσθησαν
704 985 729 1011 οξ
746 984 820 1018 λόγοι
837 993 884 1021 σου
902 984 948 1011 καὶ

159 1031 214 1063 ἐγὼ
226 1028 310 1066 ἦλθον
324 1031 392 1066 πρὸς
413 1031 443 1057 σέ
461 1031 510 1057 καὶ
525 1031 539 1057 ὁ
549 1031 642 1065 ἄρχων
655 1030 702 1066 τῆς
721 1029 862 1065 βασιλείας
878 1030 948 1066 Περ-

159 1078 213 1104 σῶν
234 1077 346 1112 ἑστήκει
365 1077 395 1109 ἐξ
410 1076 534 1108 ἐναντίας
548 1085 600 1112 μου
621 1077 709 1104 εἴκοσι
735 1077 781 1109 καὶ
803 1077 869 1112 μίαν
881 1076 948 1111 ἡμί-

159 1134 220 1161 ραν.
237 1125 294 1152 Καὶ
309 1125 357 1152 νῦν
374 1124 501 1158 ὰνδρίζου
522 1124 570 1151 καὶ
588 1124 676 1159 ῐσχυε,
693 1124 734 1150 ὅτι
748 1124 803 1158 ἐγὼ
818 1124 887 1159 μετὰ
900 1122 947 1149 σοῦ

159 1171 238 1205 εἰμι’
252 1170 372 1197 ἐνταῦθα
390 1169 478 1197 πολλὰ
505 1169 555 1205 μὲν
582 1169 637 1196 τῶν
656 1169 797 1204 ἐσομένων
819 1170 833 1195 ὁ
851 1169 948 1204 φανεὶς

159 1217 276 1252 ἄγγελος
310 1217 349 1252 τῷ
376 1216 505 1252 προφήτῃ
538 1217 715 1251 μυσταγωγεῖ
749 1215 814 1250 περί
838 1223 868 1241 τε
899 1214 948 1249 τῆς

162 1263 276 1300 Περσῶν
308 1263 449 1299 βασιλείας
481 1262 529 1290 καὶ
562 1262 738 1293 καταλύσεως
762 1262 810 1289 καὶ
836 1261 877 1292 είς
901 1259 948 1292 οὓς

160 1310 256 1345 tam;
289 1310 495 1345 μεταπίπτειν·
533 1309 629 1336 ἔπειτα
660 1308 687 1336 δὲ
723 1308 771 1335 καὶ
802 1308 868 1342 περὶ
896 1306 947 1341 τῆς

160 1357 321 1393 βασιλίσσης
342 1357 439 1389 Νότου,
455 1355 473 1384 ἃ
499 1356 546 1383 καὶ
573 1355 660 1390 πέρας
675 1355 756 1382 ἔλαϐε
778 1353 848 1389 μετὰ
861 1352 947 1380 ταῦτα

160 1403 206 1430 καὶ
218 1405 277 1435 τοῖς
289 1403 469 1438 καλουμένοις
480 1403 688 1434 Μακκαὸαῖκοῐς
703 1401 852 1437 ἐνεγράφη.

193 1459 266 1494 κε’.
284 1461 340 1486 Οὐκ
355 1461 386 1487 ἐκ
398 1460 500 1487 τούτων
519 1460 547 1488 δὲ
559 1461 649 1495 μόνον.
662 1461 730 1488 ἀλλὰ
745 1461 793 1488 καὶ
804 1462 834 1494 ἐξ
845 1462 947 1498 ἐτέρων

159 1508 173 1532 ὸ
185 1506 286 1541 Δανιὴλ
302 1506 391 1541 μέγας
406 1515 436 1533 τε
452 1507 502 1542 τὴν
515 1507 633 1542 θεωρίαν
656 1507 703 1534 καὶ
724 1507 877 1543 θαυμάσιος
897 1509 946 1544 τὴν

1003 250 1083 285 primi
1095 253 1207 286 mensis,
1219 261 1269 288 ego
1282 254 1410 282 sedebant
1428 265 1511 292 prope
1527 265 1655 293 magnum
1671 257 1785 284 ﬂuvium

1002 296 1166 331 Chobar;et
1178 299 1276 326 sustuli
1289 301 1384 328 oculos
1396 310 1479 334 meos,
1497 308 1522 330 et
1537 303 1602 330 vidi.
1619 303 1652 330 Et
1667 311 1731 331 ecce
1744 304 1786 330 vir

1003 343 1116 370 indutus
1131 352 1207 371 sacra
1223 346 1302 377 stola,
1320 351 1347 374 et
1363 347 1472 374 lumbus
1485 349 1543 383 ejus
1561 350 1700 377 accinctus
1717 357 1786 377 auro

1003 389 1126 424 Ilophatz
1145 400 1150 417 :
1165 396 1191 418 et
1211 399 1311 426 corpus
1323 393 1383 425 ejus
1406 398 1535 428 tanquam
1551 394 1672 427 Tharsis,
1686 400 1713 422 et
1726 396 1786 422 vul-

1002 442 1046 463 ttts
1064 437 1124 471 ejus
1145 442 1274 473 tanquam
1292 445 1420 474 aspectus
1434 441 1551 475 fulguris
1571 450 1577 468 :
1597 446 1625 468 et
1640 442 1712 469 oculi
1727 442 1788 476 ejus

1002 488 1131 518 tauquam
1146 485 1286 519 lampades
1304 486 1384 520 ignis,
1413 492 1439 514 et
1457 487 1570 514 brachia
1592 488 1652 523 ejus
1671 493 1699 515 et
1713 489 1787 516 tibia:

1003 532 1131 563 tanquam
1148 535 1278 565 aspectus
1291 532 1355 560 aeris
1383 533 1593 567 resplendcutis,
1609 538 1637 560 et
1650 541 1700 560 vox
1725 541 1786 560 ver-

1002 575 1099 602 borum
1121 577 1181 611 ejus
1202 581 1330 612 tanquam
1347 586 1396 605 vox
1414 579 1512 606 turbae.
1529 578 1591 606 Haec
1606 578 1674 611 vidi,
1690 584 1717 606 et
1730 579 1786 606 vir.

1003 625 1047 649 tus
1059 630 1118 650 mea
1133 623 1234 651 defecit
1253 632 1267 651 a
1287 633 1340 656 me,
1353 629 1381 651 et
1399 625 1487 660 gloria
1505 631 1564 651 mea
1580 632 1713 652 conversa
1734 624 1788 652 fuit

1002 668 1030 695 in
1046 669 1187 697 Iuturitum
1205 679 1211 696 :
1229 675 1255 697 et
1267 671 1399 698 continuo
1412 671 1479 699 cado
1506 672 1531 698 in
1549 675 1661 705 terram,
1677 676 1705 699 et
1723 679 1788 698 ecce

1002 723 1099 742 manus
1114 723 1156 743 me
1171 721 1294 751 tangens,
1308 722 1336 744 οι
1352 717 1439 744 ετοκίι
1454 725 1496 744 me
1509 725 1592 752 SIIpCI‘
1611 725 1698 753 genua
1709 725 1785 749 mea;

1001 765 1028 788 et
1040 761 1168 795 Attende,
1178 763 1276 798 inquit.
1285 763 1318 790 ad
1332 771 1386 795 me,
1398 763 1502 795 Daniel,
1515 763 1556 790 vir
1571 763 1786 794 desideriorum,

1001 811 1029 834 et
1046 812 1086 834 sta
1104 808 1130 834 in
1143 808 1260 836 statione
1277 817 1335 836 mea
1352 818 1356 835 :
1375 809 1504 844 quoniam
1528 816 1601 836 nunc
1622 816 1672 844 ego
1687 809 1788 837 missus

1001 860 1061 879 sum
1076 853 1108 880 ad
1125 856 1150 880 te
1166 862 1173 883 :
1190 853 1321 888 quoniam
1348 862 1362 880 a
1381 854 1470 888 primo
1484 854 1537 885 die,
1554 861 1608 888 quo
1623 853 1725 880 dedisti
1739 861 1789 880 cor

1001 904 1089 931 tuum,
1106 904 1135 926 ut
1148 899 1334 927 humiliareris
1351 907 1442 926 coram
1462 899 1577 927 Domino
1595 900 1650 927 Deo
1667 905 1725 931 tuo.
1737 907 1787 934 ego

1000 945 1061 972 veni
1078 947 1110 972 ad
1131 950 1156 973 te
1177 954 1183 972 :
1201 950 1228 972 et
1244 946 1373 981 princeps
1386 946 1461 982 regni
1474 946 1617 973 Persarum
1630 946 1707 973 stetit
1719 953 1786 974 con-

1000 995 1042 1019 tra
1071 1000 1113 1019 me
1140 992 1235 1027 viginti
1255 998 1283 1020 et
1310 1000 1394 1019 unum
1413 993 1496 1020 diem.
1515 991 1547 1019 Et
1565 1000 1638 1019 nunc
1657 997 1717 1020 esto
1744 993 1787 1020 vir

1000 1038 1079 1065 fortis
1109 1043 1136 1065 et
1167 1038 1307 1072 robustus,
1325 1038 1454 1073 quoniam
1475 1046 1526 1074 ego
1541 1046 1601 1065 sum
1616 1043 1717 1070 tecum,
1736 1038 1787 1066 Hic

1000 1085 1085 1111 multa
1105 1084 1215 1119 quidem
1233 1084 1334 1118 futura,
1357 1084 1404 1119 qui
1432 1085 1560 1120 apparuit
1577 1084 1701 1119 angelus,
1716 1086 1786 1119 'pro-

999 1131 1089 1166 phetaa
1113 1131 1228 1166 mySIiee
1259 1130 1387 1157 enuntiat
1411 1130 1445 1158 de
1476 1137 1561 1165 regno
1589 1131 1734 1157 Persarum
1758 1135 1786 1157 et

998 1177 1059 1212 ejus
1073 1177 1217 1204 eversione
1229 1185 1236 1204 :
1249 1181 1276 1205 et
1286 1177 1318 1204 ad
1326 1185 1395 1212 quos
1405 1182 1466 1205 erat
1479 1177 1672 1204 deventurum.
1683 1176 1786 1204 Deinde

998 1222 1082 1250 etiam
1095 1222 1129 1249 de
1148 1222 1241 1258 regina
1256 1222 1361 1255 Austri,
1376 1230 1437 1258 qua:
1463 1222 1574 1257 quidem
1595 1227 1689 1258 postea
1704 1223 1784 1249 linem

1000 1272 1178 1303 acceperunt,
1193 1273 1221 1296 et
1239 1268 1341 1304 scripta
1358 1272 1423 1296 sunt
1438 1268 1465 1295 in
1484 1268 1574 1301 libris,
1587 1268 1635 1304 qui
1651 1272 1783 1296 vocantur

999 1313 1226 1343 Machabteorum.
1701 1319 1709 1325 '

1034 1462 1127 1490 XXVI.
1141 1463 1201 1490 Non
1215 1471 1248 1490 ex
1261 1463 1304 1490 his
1316 1468 1408 1490 autem
1421 1463 1497 1496 solis,
1513 1463 1561 1490 sed
1574 1464 1656 1490 etiam
1665 1471 1699 1490 ex
1711 1463 1782 1494 aliis.

998 1508 1093 1535 Daniel
1111 1509 1237 1543 apparuit
1254 1516 1368 1544 magnus
1384 1509 1412 1535 in
1437 1509 1669 1543 contemplatione
1682 1512 1709 1536 et
1735 1509 1782 1535 ad-

160 1551 269 1576 σύνεσιν
284 1550 406 1585 ἀνεφάνη
422 1558 430 1566 ·
455 1551 502 1577 καὶ
516 1551 559 1578 ἵνα
574 1552 659 1578 τᾶλλα
673 1553 815 1588 παρῶμεν,
833 1553 901 1580 ἀλλὰ
917 1554 946 1580 τδ

998 1552 1141 1580 mirandus
1159 1553 1348 1588 intelligentia.
1368 1553 1399 1579 Et
1415 1558 1444 1580 ut
1459 1553 1511 1580 alia
1525 1553 1695 1586 omittamus,
1709 1554 1782 1589 quod

160 1597 231 1622 κατὰ
260 1596 310 1630 τὴν
336 1597 427 1630 κρίσιν
456 1596 610 1631 Σωσάννης,
636 1597 650 1623 ὃ
681 1598 787 1626 πολλῶν
811 1598 946 1633 πρότερόν

157 1645 228 1677 ἐστι,
240 1645 300 1675 νέος
317 1643 366 1677 ὢν,
381 1644 520 1679 εἴργαστο,
535 1645 596 1671 τίνα
612 1645 696 1680 ἄλλην
711 1646 846 1678 συνέσεως
861 1647 946 1683 ὑπερ-

159 1692 240 1726 ὃολὴν
252 1691 396 1718 ἀπολείπει
411 1701 418 1724 ;
437 1692 488 1718 Ἦν
506 1692 604 1728 πιστὴν
617 1693 667 1728 μὲν
682 1692 722 1729 τῷ
736 1693 813 1729 άνδρι
827 1694 946 1729 γενομέ-

159 1747 219 1774 νην,
235 1737 352 1765 θάνατον
368 1737 397 1764 δὲ
413 1739 628 1773 κατακριθεῖσαν
638 1740 671 1766 ἐκ
687 1740 872 1774 συκοφαντίας
885 1740 945 1768 ἀδι-

161 1785 287 1819 κωτάτης
303 1785 357 1811 τῶν
369 1785 532 1817 ἀκολάστοις
547 1786 698 1821 ὀφθαλμοῖς
715 1787 816 1822 μᾶλλον
836 1787 945 1823 ἐκείνην

159 1832 337 1867 θεασαμένων
355 1833 539 1867 παραπλήσιά
552 1841 582 1859 τε
596 1833 635 1868 τῷ
655 1833 754 1868 Ἰωσὴφ
772 1834 946 1861 κινδυνεύου-

159 1887 207 1905 σαν
220 1878 383 1913 ὑποστῆναι,
393 1880 407 1905 ὀ
421 1879 524 1905 ἐκεῖνον
539 1879 598 1905 τότε
617 1879 770 1914 ῥυσάμενος
782 1879 829 1906 χαὶ
842 1880 946 1913 ταύτην

159 1923 190 1957 δὴ
201 1923 364 1959 παραδόξως
382 1923 425 1950 διὰ
438 1923 538 1958 Δανιὴλ
553 1923 648 1958 ῥύεται
669 1925 738 1959 σοφῇ
757 1924 847 1959 κρίσει
864 1932 946 1951 κακο-

158 1970 266 2005 τεχνίαν
290 1969 344 1996 τῶν
371 1970 566 2006 πρεσϐυτέρων
590 1970 753 2003 ἐλέγξαντος
773 1970 820 1997 καὶ
846 1970 946 2002 αὐτοὺς

160 2017 260 2051 μᾶλλον
276 2016 369 2050 ἀξίους
386 2016 502 2043 θανάτου
522 2016 660 2050 δείξαντος
684 2025 714 2043 τε
742 2017 789 2043 καὶ
817 2017 945 2051 γενέσθαι

159 2063 433 2098 παρασκευάσαντος.

192 2120 258 2149 KZ'.
272 2121 351 2148 Οὖτω
370 2120 505 2153 συνέσεως
519 2120 599 2156 ἔχων,
616 2120 687 2147 οὕτω
705 2121 818 2157 χάριτος
830 2122 877 2148 καὶ
894 2130 943 2157 με-

158 2169 252 2202 γέθους
266 2167 389 2203 θεωριῶν
404 2167 572 2201 κατηξίωται
586 2176 592 2183 ·
607 2167 678 2194 αὐτά
699 2176 729 2194 τε
752 2168 785 2194 τὰ
807 2168 855 2195 τοῦ
875 2169 944 2196 Θεοῦ

997 1598 1032 1625 de
1054 1599 1178 1626 Susanna
1199 1598 1300 1626 factum
1319 1604 1361 1626 est
1387 1599 1535 1634 judicium,
1553 1599 1627 1634 quod
1654 1599 1700 1627 diu
1718 1604 1782 1627 ante

996 1645 1074 1678 fecit,
1090 1653 1152 1673 cum
1172 1650 1246 1673 esset
1263 1646 1354 1673 adhuc
1375 1646 1494 1680 juvenis,
1512 1646 1642 1681 quidnam
1670 1646 1783 1681 reliquit

997 1694 1195 1730 intelligentiae,
1218 1701 1273 1729 quo
1290 1694 1316 1721 id
1341 1694 1426 1728 possit
1453 1694 1604 1728 superare?
1633 1693 1697 1726 Quae
1720 1694 1781 1728 qui.

997 1741 1060 1769 dem
1074 1748 1137 1768 cum
1153 1740 1249 1768 fuisset
1265 1741 1365 1768 marito
1381 1740 1480 1773 Ildelis,
1498 1745 1586 1768 morte
1601 1746 1691 1768 autem
1709 1745 1782 1768 esset

997 1787 1125 1815 damnata
1140 1795 1174 1814 ex
1189 1787 1360 1822 iniquissima
1378 1787 1516 1814 calumnia
1537 1794 1631 1814 eorum
1644 1787 1691 1820 qui
1708 1787 1780 1813 Illam

997 1832 1145 1868 impudicis
1154 1837 1317 1868 aspexerant
1329 1833 1426 1865 oculis,
1439 1837 1467 1860 et
1482 1838 1541 1861 erat
1557 1833 1656 1860 similia
1670 1841 1782 1868 passura

998 1880 1031 1907 iis
1046 1887 1108 1914 qua
1123 1879 1225 1912 Joseph
1243 1887 1340 1914 passus
1354 1884 1406 1911 est.
1422 1880 1469 1914 qui
1492 1880 1569 1907 illum
1588 1885 1653 1906 tunc
1669 1881 1782 1914 eripuit,

997 1926 1020 1953 is
1037 1933 1097 1953 eam
1112 1933 1223 1960 quoque
1234 1926 1434 1953 admirabiliter
1453 1931 1605 1961 servatper
1618 1927 1757 1954 Danielem
1775 1937 1782 1953 :

996 1971 1043 2007 qui
1058 1972 1298 2007 sapientejudicio
1325 1972 1466 2000 seniorum
1487 1973 1607 2000 convicit
1626 1973 1783 2008 malignita-

997 2022 1061 2051 tem,
1078 2022 1106 2045 et
1123 2025 1171 2046 eos
1191 2018 1277 2053 magis
1303 2022 1392 2046 morte
1418 2018 1516 2054 dignos
1539 2018 1670 2051 ostendit,
1695 2023 1722 2046 et
1755 2024 1784 2046 ut

996 2069 1112 2092 mortem
1125 2068 1284 2099 paterentur
1300 2063 1402 2092 eil‘ecit.

1031 2120 1137 2148 XXVII.
1155 2120 1224 2148 Cum
1242 2124 1318 2148 tanta
1335 2124 1409 2149 esset
1427 2121 1621 2157 intelligentia,
1636 2125 1710 2148 tanta
1721 2130 1782 2156 gra-

996 2168 1034 2195 tia
1049 2172 1077 2195 et
1093 2173 1147 2195 lant
1163 2168 1268 2203 magnis
1294 2168 1393 2203 dignus
1419 2173 1460 2195 est
1489 2168 1599 2196 habitus
1615 2171 1783 2204 contempla-

158 2215 260 2250 κρύφια
282 2215 329 2241 καὶ
342 2215 392 2249 τῆς
407 2213 498 2249 δίττης
515 2213 562 2241 τοῦ
578 2213 659 2249 λόγου
670 2215 823 2250 παρουσίας
837 2215 944 2252 μυστή-

997 2213 1119 2241 tionibus
1151 2221 1296 2248 :cumque
1319 2214 1377 2248 ipsa
1405 2213 1453 2241 Dei
1480 2221 1589 2246 arcana,
1608 2218 1636 2242 et
1663 2215 1783 2249 duplcis

159 2271 201 2296 ρια
216 2261 257 2297 τῷ
272 2260 408 2294 πνεύματι
423 2260 639 2296 καταθεωρήσας
652 2269 659 2276 ·
686 2261 734 2288 καὶ
762 2262 812 2288 ὅσα
836 2261 865 2288 δὲ
889 2261 943 2288 τῶν

159 2307 244 2334 ἄλλων
261 2305 463 2340 ἀξιολογώτατα
485 2306 532 2333 καὶ
551 2306 600 2333 ὅσα
621 2307 690 2342 πρὸς
714 2307 754 2343 τῷ
774 2307 822 2334 τοῦ
846 2308 944 2340 αίῶνος

157 2353 226 2379 τέλει
249 2352 441 2387 συμῦήσεσθαι
461 2353 552 2388 μέλλει
574 2353 620 2380 καὶ
643 2354 693 2389 τὴν
708 2354 770 2380 τότε
786 2353 876 2389 θλίψιν
896 2355 944 2381 καὶ

158 2400 204 2433 τὴν
227 2400 260 2425 ἐκ
291 2398 342 2433 γῆς
365 2398 492 2434 χώματος
520 2399 702 2431 ἐξανάστασιν
721 2399 775 2426 τῶν
791 2399 942 2436 ἀνθρώπων

156 2445 202 2479 τὴν
217 2445 272 2471 τῶν
286 2445 374 2479 ἁγίων
391 2453 420 2471 τε
438 2444 516 2477 δόξαν
531 2445 579 2472 καὶ
591 2445 640 2481 τὴν
655 2445 710 2472 τῶν
726 2446 832 2472 ἀσεϐῶν
846 2446 943 2481 αἰσχύ-

156 2499 201 2525 νην
215 2490 265 2526 τὴν
280 2490 410 2518 οὐδέποτε
434 2490 583 2526 λήγουσαν,
607 2491 642 2519 τὰ
667 2491 735 2527 βάθη
753 2501 782 2518 τε
798 2492 844 2519 τοῦ
861 2493 940 2526 Θεοῦ,

156 2535 214 2561 καθ’
228 2535 290 2562 ὅσον
311 2533 399 2562 οἷόντε
425 2536 464 2571 τῷ
495 2537 584 2572 σάρκα
613 2538 798 2572 περικειμένῳ
823 2537 866 2565 διὰ
893 2538 941 2564 τοῦ

155 2583 321 2615 ἐρευνῶντος
346 2582 415 2608 αὐτὰ
440 2582 597 2618 πνεύματος
610 2584 738 2618 ἐγνωκώς
752 2592 758 2599 ·
777 2585 875 2611 ἔπειτα
893 2585 940 2611 τοῦ

155 2630 254 2665 δεσμοῦ
268 2630 360 2661 λυθεὶς
383 2630 430 2656 καὶ
450 2630 500 2666 τὴν
514 2631 566 2666 γῆν
584 2631 669 2667 ήδέως
681 2633 714 2666 τῇ
735 2633 769 2667 γῇ
789 2632 939 2666 παραδοὺς,

157 2678 222 2712 πρὸς
252 2677 282 2703 ὃν
316 2676 408 2704 ἐπόθει
445 2677 513 2704 Θεὸν
548 2678 562 2704 ὁ
596 2678 651 2705 τῶν
681 2680 836 2714 ἐπιθυμιῶν
870 2680 940 2716 ἀνὴρ

155 2723 248 2758 quam,
262 2724 355 2755 αὐτοῖς
377 2732 407 2750 τε
437 2725 494 2756 τοῖς
516 2725 591 2759 τρισὶ
618 2725 665 2752 καὶ
683 2725 770 2760 φίλοις
788 2727 867 2752 παισὶ
894 2727 939 2752 καὶ.

158 2772 310 2806 προφήταις
339 2771 380 2803 είς
409 2772 452 2798 ἀεὶ
479 2771 567 2798 συνὼν
593 2772 640 2799 καὶ
670 2773 736 2807 μηδέ
763 2772 842 2808 ήμῶν
869 2772 940 2799 κατά

157 2824 185 2848 γε
213 2818 242 2844 τὸ
270 2817 415 2852 περιέπειν
438 2818 485 2844 καὶ
502 2818 609 2853 βοηθεῖν
626 2819 820 2854 ἀφιστάμενος,
841 2819 881 2850 είς
896 2819 939 2845 δό-

154 2862 199 2895 ξαν
215 2864 334 2899 Πατρδς,
354 2863 428 2898 Υἰοῦ,
442 2865 487 2892 καὶ
507 2865 583 2899 ἀγῖου
606 2865 763 2899 Πνεύματος
789 2866 836 2899 τῆς
854 2865 937 2895 ὑπερ-

995 2259 1078 2287 Verbi
1096 2259 1231 2287 adventus
1249 2259 1377 2295 mysteria
1393 2260 1492 2294 spiritu
1512 2265 1585 2287 esset
1611 2260 1782 2294 contempla-

995 2309 1040 2333 tus
1056 2314 1062 2332 :
1077 2306 1144 2340 quin
1153 2305 1233 2333 etiam
1246 2313 1417 2340 quascunque
1429 2310 1491 2333 sunt
1506 2306 1567 2333 aliis
1580 2306 1666 2340 pluris
1679 2306 1782 2333 facien-

994 2351 1040 2384 da,
1068 2356 1096 2379 et
1115 2359 1285 2387 quaecunque
1315 2356 1378 2378 sunt
1396 2355 1529 2378 eventura
1547 2351 1573 2378 in
1600 2351 1653 2378 ﬁne
1677 2352 1782 2384 saeculi,

995 2402 1023 2425 et
1041 2405 1112 2430 eam,
1126 2406 1187 2433 quae
1217 2402 1283 2425 tunc
1307 2398 1372 2428 erit,
1387 2396 1575 2429 aﬂlictionem,
1592 2403 1620 2425 et
1638 2398 1782 2425 hominum
1817 2415 1824 2426 ,μ

993 2451 1027 2471 ex
1038 2448 1117 2471 terra:
1134 2451 1232 2479 aggere
1249 2444 1494 2476 resurrectionem,
1507 2448 1534 2470 et
1549 2449 1706 2472 sanctorum
1722 2445 1782 2479 glo-

993 2492 1072 2523 riam,
1091 2493 1120 2517 et
1149 2490 1296 2525 impiorum
1322 2489 1511 2525 ignominiam,
1544 2498 1606 2526 qua
1639 2499 1781 2526 nunquam

993 2537 1104 2569 desinit,
1131 2541 1160 2564 et
1184 2535 1231 2564 Dei
1249 2535 1396 2571 profunda,
1417 2542 1549 2571 quantum
1582 2538 1708 2572 potestis
1734 2538 1781 2572 qui

992 2588 1035 2611 est
1062 2590 1144 2612 carne
1163 2583 1288 2615 indutus,
1305 2576 1355 2618 per
1380 2583 1438 2617 ipsa
1454 2588 1624 2610 scrutantem
1650 2584 1779 2618 spiritum

993 2630 1178 2665 cognovisset,
1204 2629 1305 2656 deinde
1323 2629 1434 2656 vinculo
1458 2630 1576 2662 solutus,
1604 2633 1677 2656 terra
1700 2634 1780 2656 terra)

992 2677 1110 2704 libenter
1133 2676 1245 2708 tradita,
1260 2676 1293 2703 ad
1310 2676 1407 2708 Deum,
1431 2683 1512 2710 quem
1536 2675 1721 2704 desiderabat,
1739 2676 1780 2702 vir

992 2723 1193 2752 desideriorum
1202 2721 1281 2754 abiit,
1295 2729 1358 2748 cum
1371 2721 1412 2748 his
1424 2721 1512 2748 tribus
1527 2725 1554 2747 et
1574 2720 1671 2748 amicis
1685 2721 1778 2755 pueris

991 2774 1017 2798 et
1036 2769 1180 2805 prophetis
1196 2771 1329 2804 perpetuo
1346 2774 1524 2800 conversans,
1549 2771 1577 2794 et
1596 2775 1647 2794 nec
1665 2774 1679 2793 τι
1696 2766 1776 2794 nobis

990 2817 1111 2853 quidem,
1127 2816 1200 2852 quod
1215 2815 1248 2843 ad
1266 2813 1469 2842 defendendum
1486 2819 1513 2840 ct
1539 2813 1722 2848 arljuvandnm
1732 2818 1774 2841 at-

990 2865 1076 2897 tinet,
1101 2864 1259 2893 abscedens.
1282 2861 1321 2890 Ad
1348 2860 1462 2896 gloriam
1483 2860 1570 2889 Patris
1594 2864 1621 2887 et
1654 2861 1714 2888 Filii
1746 2866 1773 2887 ct
