2024 3153
242 167 294 198 407

897 170 1040 200 MENSIS
1056 170 1204 203 IULIUS.

1815 171 1872 204 εος

241 223 323 250 minis
339 222 507 258 convictum,
526 228 672 261 postquam
694 225 753 262 ipse
780 226 814 254 ab
827 225 905 254 initio
919 225 1031 254 didicis-

1085 227 1114 254 τὸ
1131 229 1228 263 μαθεῖν
1246 229 1327 257 αὑτὸν
1343 230 1375 257 ἐκ
1392 230 1546 265 προοιμίων
1567 230 1617 265 τὴν
1630 229 1725 256 τούτου
1743 228 1810 263 πρὸς
1823 231 1872 256 τὸν

241 273 283 296 set
299 269 360 303 ejus
388 270 415 297 in
444 269 590 299 Dominum
624 276 750 300 nostrum
775 272 867 300 Iesum
893 272 1030 300 Christum

239 316 367 343 virtutem
387 321 414 344 et
429 316 509 345 fidem
526 317 630 345 ﬁrmam
646 322 672 346 et
693 318 872 352 immobilem,
889 318 968 353 jubet
984 326 1031 345 ex-

240 367 347 389 tensum
367 370 438 391 saeve
458 364 524 391 caedi
538 365 633 392 nervis
647 365 767 393 bubulis.
784 365 862 397 Quod
877 372 937 391 cum
950 372 1029 399 quam

239 408 359 443 primum
376 408 477 436 factum
491 415 575 441 esset.
591 415 619 438 et
635 415 754 445 quatuor
779 411 881 438 milites
904 415 1029 437 sanctum

239 454 416 482 verberarent
439 456 540 484 multas
568 456 661 490 horas,
676 462 704 484 et
730 457 830 484 defessi
859 462 960 489 essent,
985 457 1030 484 alii

240 506 330 528 autem
353 502 499 529 duodecim
532 503 633 530 milites
646 504 679 531 ad
695 504 719 530 id
743 503 840 531 mutati
867 507 966 535 essent,
995 510 1030 530 ne

240 546 295 573 ulla
312 547 422 581 quidem
441 548 553 575 inventa
568 553 609 576 est
627 550 736 577 macula
749 549 776 576 in
800 557 915 585 corpore
942 549 1030 577 sancti

240 591 363 620 Platonis
386 601 392 619 :
426 594 494 621 adeo
513 599 543 621 ut
570 602 667 622 omnes
695 595 806 630 quidem
837 595 1029 630 obstupefacti,

241 646 325 673 supra
344 639 457 666 modum
472 639 600 667 admirati
620 639 734 674 fuerint,
756 646 783 668 ct
802 650 817 669 a
842 649 872 669 se
897 642 1031 669 discesse-

239 686 312 719 rint;
327 685 385 721 ipse
398 691 494 714 autem
508 686 629 714 alacrius
644 691 671 715 et
703 687 872 714 constantius
902 694 1031 722 perseve-

239 733 343 760 raverit
365 733 394 761 in
414 733 588 760 confessione
604 733 717 767 Christi,
734 738 761 761 et
774 741 823 769 per
852 734 953 761 multas
971 734 1030 761 alli-

239 778 346 805 ctiones
363 778 651 814 contenderitingredi
668 779 822 814 inreguum
843 777 902 811 Dei,
917 778 944 805 in
958 778 1030 813 quod

240 831 296 851 non
310 824 383 851 cadit
394 824 533 852 interitus.

274 869 308 897 ν.
329 870 399 897 Dixit
416 864 583 906 Agrippinus
596 880 602 898 :
615 871 671 906 Ego
687 871 735 898 tibi
753 871 867 899 consulo
886 875 917 898 ut
942 872 1030 898 amico

239 919 270 942 ut
285 922 400 943 mortem
417 916 528 951 quidem
545 917 678 949 declines,
702 919 736 944 ad
753 917 834 944 vitam
866 922 958 945 autem
984 925 1030 945 ac-

239 958 330 986 cedas.
354 959 428 986 Dixit
457 964 567 987 sanctus
596 960 700 987 Plato:
731 961 814 988 Recte
841 961 983 994 admones.
1012 969 1030 989 ο

238 1004 402 1040 Άετίρρῑηε.
417 1005 505 1040 Fugio
520 1006 593 1033 enim
611 1011 728 1034 mortem
755 1012 898 1040 aeternam,
933 1013 962 1035 et
995 1008 1030 1035 ad

238 1051 323 1079 vitam
339 1059 382 1078 me
401 1051 513 1079 confero
531 1052 736 1087 sempiternam.
751 1052 823 1079 Dixit
838 1052 1002 1088 Agrippinus
1020 1061 1028 1080 :

239 1096 299 1131 Dic,
317 1097 502 1129 cacodmmon,
519 1102 586 1132 quot
598 1102 662 1125 sunt
678 1097 799 1125 mortes?
829 1098 902 1125 Dixit
919 1102 1030 1126 sanctus

243 1143 322 1170 Plato
339 1151 346 1170 :
363 1143 428 1171 Duae
447 1151 455 1171 :
472 1151 527 1170 una
547 1144 657 1179 quidem
674 1144 707 1171 ad
721 1148 830 1179 tempus
844 1153 851 1177 ;
870 1144 953 1171 altera
966 1151 1031 1171 vero

239 1193 355 1217 aeterna.
370 1189 409 1216 lta
429 1190 523 1222 etiam,
538 1190 599 1217 dua:
614 1190 678 1217 vita:
693 1199 700 1217 :
714 1198 768 1217 una
794 1190 904 1225 quidem
920 1190 1029 1223 brevis;

239 1233 324 1261 altera
341 1241 407 1261 vero
432 1235 608 1269 sempiterna.
640 1234 714 1262 Dixit
739 1235 907 1270 Agrippinus
935 1245 943 1264 :
972 1236 1031 1263 Diis

240 1279 375 1312 sacrifica,
389 1285 417 1308 et
433 1281 540 1308 declina
564 1281 709 1309 cruciatus.
723 1281 794 1308 Dixit
811 1287 922 1308 sanctus
937 1281 1030 1309 Plato:

240 1325 295 1353 Fac
309 1326 374 1357 cito,
391 1333 407 1353 ο
438 1327 599 1362 Agrippine,
616 1327 644 1354 id
663 1327 735 1362 quod
762 1326 811 1354 tibi
829 1327 945 1355 videtur.
974 1327 1032 1363 Ego

239 1371 314 1398 cnim
329 1379 472 1406 nunquam
489 1373 625 1400 sacrifico.
639 1372 733 1408 Neque
753 1373 827 1400 enim
842 1373 925 1408 ignis,
941 1380 1032 1408 neque

239 1426 317 1451 crux,
335 1426 424 1453 neque
443 1419 483 1446 ira
498 1418 659 1450 bestiarum,
676 1426 766 1454 neque
780 1419 880 1446 ablatio
894 1419 1033 1446 membro-

239 1471 301 1490 rum
318 1464 398 1491 nohis
413 1465 583 1499 persuadent
603 1472 618 1492 a
635 1465 690 1493 Deo
707 1465 770 1493 vivo
786 1465 913 1493 deﬁcere.
940 1464 1033 1499 Neque

240 1508 314 1536 cnim
328 1509 466 1545 diligimus
491 1510 565 1545 quod
594 1518 666 1538 nunc
681 1515 722 1538 est
737 1510 867 1538 saeculum
887 1519 894 1537 :
917 1510 967 1538 sed
986 1511 1032 1545 qui

239 1563 289 1591 pro
308 1564 352 1584 me
369 1561 411 1584 est
425 1562 549 1585 mortuus
565 1561 593 1584 et
609 1558 773 1588 resurrexit,
791 1557 943 1584 Christum.

281 1600 329 1628 Vl.
348 1600 396 1629 His
417 1602 529 1635 auditis,
545 1602 709 1637 Agrippinus
720 1602 802 1637 jussit
814 1609 875 1630 eum
892 1601 986 1630 reduci
1002 1602 1030 1629 in

241 1654 392 1675 carcerem.
418 1648 594 1682 Sequebatur
617 1652 710 1676 autem
735 1648 821 1676 multa
844 1648 923 1676 turba
950 1648 1031 1675 Chri-

242 1693 404 1727 stianorum,
418 1698 530 1729 propter
547 1695 607 1729 ejus
622 1699 743 1723 sanctam
764 1700 789 1722 et
802 1695 946 1730 gloriosam
964 1702 1031 1722 con~

243 1739 402 1768 fessionem.
436 1740 525 1768 Fortis
540 1746 631 1768 autem
650 1746 678 1768 et
710 1741 900 1777 magnanimus
931 1741 1031 1769 Christi

243 1790 346 1822 martyr
360 1785 446 1821 [Plato
472 1787 554 1822 jussit
570 1787 627 1814 sibi.
644 1787 702 1814 ﬁeri
735 1787 886 1815 silentium.
903 1788 936 1815 Et
954 1792 1032 1822 post-

244 1839 325 1866 quam
369 1832 420 1867 ipsi
454 1838 597 1860 cessarunt
634 1841 648 1860 a
677 1833 806 1864 tumultu,
831 1841 898 1861 voce
926 1835 1032 1862 sublata

245 1877 314 1905 dixit
342 1878 408 1906 eis:
446 1878 503 1907 Viri
535 1879 581 1914 qui
597 1879 737 1907 Christum
766 1879 889 1916 diligitis,
911 1886 939 1908 et
966 1881 1033 1908 estis

244 1928 382 1953 amatores
412 1926 547 1958 veritatis,
573 1933 628 1954 non
651 1926 704 1954 levi
720 1926 754 1954 de
779 1935 860 1955 causa
887 1928 955 1956 adeo
980 1928 1033 1956 hoc

244 1974 386 1999 certamen
401 1980 408 1999 :
422 1972 471 2000 sed
489 1977 603 2007 propter
616 1972 773 2000 ellectorem
790 1974 848 2001 cali
863 1979 890 2002 et
907 1979 986 2002 terrae
1006 1979 1034 2002 et

243 2015 367 2043 omnium
388 2023 449 2051 quae
466 2020 532 2044 sunt
544 2016 573 2044 in
587 2017 637 2044 eis.
655 2015 694 2044 Ne
714 2024 762 2045 vos
777 2025 842 2054 ergo
856 2018 1032 2051 conturbent,

244 2069 323 2096 rogo,
345 2069 377 2089 ea
397 2069 458 2097 qua:
483 2062 563 2090 ﬁunt.
582 2063 674 2091 Multae
701 2064 775 2090 enim
800 2068 866 2091 sunt
883 2064 1035 2099 aﬂliuianes

240 2108 387 2141 juslorum,
408 2113 432 2135 et
448 2116 481 2136 ea:
493 2109 530 2136 eis
552 2110 670 2136 omnibus
698 2109 818 2137 liberabit
844 2110 913 2142 ipso:
943 2109 1036 2136 Domi-

247 2162 296 2180 nus
306 2154 325 2181 ι.
339 2153 439 2181 Adeste
451 2154 485 2182 de
505 2160 616 2188 caetero,
632 2160 660 2183 et
669 2156 859 2191 confugiamus
887 2163 982 2184 omnes
998 2157 1035 2184 si-

245 2196 302 2223 mul
315 2197 348 2224 ad
362 2202 483 2232 portum,
500 2199 546 2233 qui
576 2199 655 2226 nullis
672 2199 790 2234 agitatur
815 2200 1034 2234 tempestatibus,

246 2251 345 2278 nempe
356 2243 509 2277 Christum,
521 2248 549 2271 ct
564 2244 599 2272 ad
615 2249 732 2280 petram,
747 2253 828 2279 quum
845 2253 958 2280 magnus
968 2245 1036 2273 dixit

247 2289 394 2325 Apostolus
411 2297 419 2317 :
434 2290 515 2318 Petra
524 2295 614 2318 autem
630 2296 688 2318 erat
701 2290 819 2318 Christus
832 2292 851 2318 ’.
866 2290 906 2318 Ne
915 2299 978 2326 ergo
989 2300 1034 2319 cc<

246 2335 385 2368 damus,o
409 2336 513 2370 dilecti,
535 2336 676 2374 periculis,
687 2344 747 2372 quae
774 2336 962 2371 suscipiuntur
988 2344 1037 2372 pro

249 2384 350 2418 pietate
365 2393 371 2411 :
396 2392 457 2412 cum
473 2385 602 2416 sciamus,
616 2384 690 2420 quod
701 2385 845 2420 passiones
862 2384 943 2419 hujus
970 2389 1038 2412 tem-

249 2432 324 2464 poris
341 2438 396 2457 non
409 2436 475 2458 sunt
489 2430 589 2466 dignae,
604 2439 666 2466 qua:
685 2430 862 2458 conferantur
873 2438 934 2458 cum
954 2430 1039 2465 gloria

249 2484 310 2511 qua:
322 2480 364 2503 est
383 2476 410 2503 in
427 2476 506 2503 nobis
521 2476 667 2504 revelanda
679 2476 700 2503 ³.
711 2476 773 2503 Haec
787 2483 853 2511 ergo
875 2484 936 2503 cum
950 2475 1039 2503 dixis-

249 2527 292 2549 set
304 2521 405 2549 Christi
418 2525 519 2556 martyr
532 2521 619 2556 Plato,
643 2525 674 2549 et
708 2521 806 2554 turbis,
832 2529 893 2556 quae
914 2522 1038 2555 aderant,

251 2568 402 2595 addidisset
410 2566 543 2598 animum,
559 2572 586 2594 et
597 2571 716 2594 mentem
728 2575 824 2595 eorum
838 2568 1043 2599 confirmasset,

250 2615 392 2649 ingressus
407 2617 450 2640 est
463 2620 601 2641 carcerem
615 2613 693 2640 hctus
711 2618 738 2640 et
764 2614 848 2641 Deum
875 2613 1040 2646 gloriﬁcans.

252 2662 394 2697 Ingressus
429 2665 532 2692 autem,
553 2662 628 2687 humi
661 2659 722 2687 ﬁxis
738 2659 863 2694 genibus,
896 2658 1039 2686 Dominum

250 2715 378 2743 precatus
409 2711 462 2740 est,
489 2708 529 2735 sic
543 2708 637 2735 dicens
661 2715 670 2734 :
692 2707 807 2733 Domine
831 2705 896 2732 Jesu
915 2704 1034 2738 Christe,

252 2755 373 2782 omnium
392 2758 501 2782 creator
519 2758 546 2782 ct
555 2754 656 2790 opifex,
680 2758 707 2780 et
734 2753 781 2787 qui
801 2757 845 2778 tua
868 2749 1038 2786 providentia

255 2808 348 2828 curam
360 2801 431 2837 geris
458 2800 659 2831 universorum,
688 2799 735 2832 qui
764 2797 893 2825 omnibus
922 2796 976 2824 tuis
1001 2796 1040 2823 fa-

313 2891 320 2908 '
336 2892 410 2921 Psal.
425 2894 520 2924 xum,
536 2891 580 2920 20.
637 2889 646 2904 ³
663 2890 670 2916 l
688 2889 750 2918 Cor.
767 2898 793 2923 ι,
826 2889 851 2916 ι.

1083 273 1187 308 Κύριον
1202 276 1281 310 ἡμῶν
1302 276 1405 311 Ἰησοῦν
1426 276 1544 310 Χριστὸν
1566 277 1668 311 ἀρετήν
1680 284 1709 302 τε
1730 276 1777 302 καὶ
1801 275 1872 302 ἀσά-

1083 320 1178 348 λευτον
1203 321 1313 354 πίστιν,
1338 323 1575 358 παρεκελεύσατο,
1598 323 1692 350 τοῦτον
1719 322 1872 349 ὲκταθέντα

1082 365 1215 401 δέρμασιν
1234 367 1319 403 ὠμοῖς
1343 370 1390 395 καὶ
1416 368 1498 404 potet;
1514 368 1680 400 αίκίζεσθαι.
1703 369 1758 394 Καὶ
1772 368 1871 394 τούτου

1082 412 1230 446 γενομένου
1246 414 1295 439 καὶ
1305 414 1448 449 τεσσάρων
1464 414 1638 449 στρατιωτῶν
1652 414 1810 439 τυπτόντων
1824 414 1874 440 τὸν

1082 457 1160 491 ἅγιον
1177 459 1223 484 ἐπὶ
1240 459 1352 490 πολλαῖς
1375 459 1462 494 ὥραις
1487 460 1534 486 καὶ
1559 459 1743 486 ἀτονισάντων
1769 458 1874 492 ἑτέρων

1083 503 1257 537 στρατιωτῶν
1266 503 1372 531 δώδεκα
1384 505 1568 539 ἁλλαγέντων,
1580 504 1641 530 οὐδὲ
1654 505 1668 530 ό
1682 504 1763 539 τυχὸν
1777 503 1874 534 σπίλος

1082 548 1182 584 εὑρέθη
1203 549 1232 575 ἐν
1258 549 1297 584 τῷ
1327 549 1436 585 σώματι
1455 550 1503 576 τοῦ
1526 549 1603 584 ἁγίου
1628 549 1785 581 Πλάτωνος,
1800 548 1874 575 ὥστε

1082 595 1186 626 πάντας
1203 595 1391 629 ὲκπῖαγέντας
1407 595 1559 630 θαυμάσαι,
1576 595 1657 621 αὑτὸν
1678 595 1707 621 δὲ
1732 594 1874 629 προθυμό-

1081 647 1161 674 τερον
1176 639 1304 674 ἐμμεῖναι
1329 641 1361 675 τῇ
1379 640 1428 666 τοῦ
1453 640 1572 674 Χριστοῦ
1596 639 1743 674 ὁμολογίᾳ,
1762 639 1809 665 καὶ
1827 638 1874 664 δια

1083 685 1188 711 πολλῶν
1215 685 1333 720 θλίψεων
1350 686 1502 712 σπεύδοντα
1525 685 1656 712 εἰσελθεῖν
1681 687 1720 717 είς
1748 686 1797 721 τὴν
1822 685 1874 712 τοῦ

1082 730 1151 757 Θεοῦ
1168 731 1307 766 ἄφθαρτον
1324 731 1475 766 βασιλείαν.

1118 862 1156 890 E'.
1178 863 1358 898 Ἀγριππῖνος
1374 862 1450 890 εἶπεν
1461 872 1467 878 ·
1489 862 1559 897 Ἐγώ
1575 872 1616 890 σοι
1634 864 1761 898 παραινῶ
1779 863 1876 889 ἐκκλί-

1082 918 1126 936 ναι
1139 909 1186 936 τὸν
1211 909 1327 936 θάνατον
1344 911 1390 937 καὶ
1413 910 1599 945 προσδραμεῖν
1614 911 1646 945 τῇ
1672 910 1739 944 ζωῇ.
1758 910 1877 936 Πλάτων

1081 954 1152 983 εἵπε·
1174 956 1273 988 Καλῶς
1294 958 1450 992 παραινεῖς,
1467 953 1489 983 ὧ
1511 957 1687 992 Ἀγριππῖνα·
1707 956 1801 990 φεύγω
1816 956 1875 991 γὰρ

1081 1002 1128 1029 τὸν
1151 1003 1260 1030 αἰώνιον
1280 1003 1394 1030 θάνατον
1407 1005 1454 1030 καὶ
1468 1003 1636 1038 προσφεύγω
1655 1004 1687 1038 τῇ
1705 1003 1783 1036 ἀϊδίῳ
1802 1002 1874 1036 ζωῇ.

1087 1048 1267 1082 Ἀγριππῖνος
1291 1045 1385 1075 εἶπεν·
1404 1048 1488 1079 Εἰπὲ,
1513 1048 1690 1082 κακόδαιμον,
1716 1047 1794 1073 πόσοι
1817 1048 1876 1073 εἱσι

1083 1093 1212 1126 θάνατοι;
1239 1093 1352 1121 Πλάτων
1370 1092 1448 1121 εἷπε·
1475 1095 1543 1120 Δύο·
1574 1095 1588 1120 ό
1621 1093 1670 1128 μὲν
1691 1093 1882 1128 πρόσκαιρος,

1081 1139 1096 1166 ό
1132 1139 1161 1165 δὲ
1189 1139 1316 1172 αἰώνιος’
1344 1140 1430 1172 οὓτως
1451 1140 1479 1166 δὲ
1510 1140 1557 1167 καὶ
1588 1139 1656 1171 ζωαὶ
1684 1140 1745 1166 δύο·
1770 1140 1786 1174 ἡ
1822 1139 1882 1172 μὲν

1083 1186 1282 1222 ὀλιγοχρόνιος,
1319 1187 1335 1222 ή
1362 1186 1391 1213 δὲ
1420 1186 1547 1218 ἀείζωος.
1566 1185 1744 1220 Ἀγριππῖνος
1775 1183 1874 1211 εἶπεν·

1082 1232 1170 1259 Θύσον
1207 1233 1263 1264 τοῖς
1290 1233 1371 1265 θεοῖς,
1410 1233 1456 1259 καὶ
1487 1233 1537 1262 τὰς
1564 1232 1701 1267 τιμωρίας
1734 1231 1875 1258 ἕκκλινον.

1083 1278 1197 1305 Πλάτων
1236 1278 1330 1305 εἶπεν·
1358 1279 1435 1305 Ποίει
1474 1279 1504 1305 τὸ
1533 1278 1630 1305 δοκοῦν
1670 1286 1711 1305 σοι
1749 1278 1882 1313 ἀπηνέςν

1082 1324 1137 1359 ἐγὼ
1151 1325 1205 1360 γὰρ
1218 1326 1249 1351 οὐ
1265 1325 1336 1351 θύω·
1350 1325 1412 1352 οὕτε
1431 1325 1485 1360 γὰρ
1495 1326 1589 1360 πυρὸς,
1603 1324 1665 1351 οὔτε
1678 1325 1792 1360 Θηρίων,
1807 1324 1876 1351 οὔτε

1084 1371 1171 1406 θυμοῦ
1199 1372 1279 1407 μερὶς
1305 1372 1464 1407 ποιήσουσίν
1489 1380 1523 1407 με
1551 1372 1703 1406 ἀποστῆναι
1725 1371 1779 1397 ἀπὸ
1803 1371 1885 1397 Θεοῦ-

1083 1417 1200 1450 ζῶντος·
1211 1418 1243 1444 οὺ
1256 1417 1311 1452 γὰρ
1321 1418 1365 1444 τὸν
1382 1418 1429 1444 νῦν
1440 1417 1539 1452 ἀγαπῶ
1555 1417 1653 1449 αἰῶνα,
1666 1417 1736 1444 ἀλλὰ
1749 1417 1794 1443 τὸν
1809 1417 1879 1452 μέλ-

1083 1464 1164 1491 λοντα
1180 1464 1226 1490 καὶ
1248 1464 1294 1490 τὸν
1310 1464 1380 1499 ὑπὲρ
1404 1464 1471 1499 ἐμοῦ
1485 1462 1673 1491 ’ἀποθανόντα
1690 1463 1808 1498 Χριστὸν
1824 1463 1878 1490 καὶ

1084 1510 1248 1538 ἀναστάντα.

1119 1598 1165 1633 ς’.
1183 1599 1238 1626 Καὶ
1263 1599 1276 1625 ό
1298 1598 1477 1634 ’Δγριππίνος
1494 1599 1564 1626 αὐτὰ
1589 1598 1710 1630 ἀκούσας
1726 1599 1878 1625 ἐκέλευσεν

1082 1646 1164 1673 αὑτὸν
1179 1644 1370 1680 ἀναληφθῆναι
1390 1646 1419 1671 ὲν
1446 1645 1485 1680 τῷ
1510 1645 1710 1680 δεσμωτηρίῳ·
1739 1645 1816 1679 ulla;
1844 1646 1878 1672 δὲ

1082 1691 1166 1722 πολὺς
1180 1690 1325 1726 ἠκολούθει
1339 1691 1393 1717 τῶν
1406 1690 1578 1725 Χριστιανῶν
1595 1691 1643 1717 ἐπὶ
1658 1693 1690 1725 τῇ
1706 1691 1772 1726 ἁγῖᾳ
1788 1691 1876 1717 αὑτοῦ

1083 1737 1131 1764 καὶ
1147 1737 1245 1772 ἐνδόξῳ
1271 1737 1410 1772 ὁμολογίᾳ.
1446 1737 1474 1762 ’0
1497 1736 1525 1762 δὲ
1551 1737 1731 1771 μεγαλόφρων
1751 1737 1799 1763 καὶ
1824 1737 1878 1763 ἀν-

1082 1783 1172 1818 δρεῖος
1182 1783 1228 1810 τοῦ
1242 1783 1363 1818 Χριστοῦ
1381 1783 1487 1818 μάρτυς
1504 1783 1650 1809 ἐκέλευσεν
1665 1782 1739 1818 αὐτῷ
1756 1783 1878 1818 ἡσυχίαν

1082 1830 1211 1864 γενέσθαι
1225 1830 1273 1856 καὶ
1293 1829 1366 1863 μετὰ
1377 1830 1423 1856 τοῦ
1441 1829 1600 1856 παύσασθαι
1611 1829 1710 1860 αὐτοὺς
1727 1829 1773 1856 τοῦ
1789 1829 1879 1864 θορύ-

1083 1875 1143 1907 ϐου,
1163 1876 1270 1911 ἐπάρας
1285 1876 1335 1910 τὴν
1357 1875 1426 1901 ίδίαν
1439 1876 1530 1910 φωνὴν
1554 1873 1646 1901 εἶπεν·
1665 1875 1779 1910 ’Ἄνδρες
1800 1874 1879 1908 φιλὸο

1083 1931 1190 1957 χριστοι
1209 1922 1256 1948 καὶ⁹
1275 1922 1324 1956 τῆς
1341 1921 1472 1956 ἀληθείας
1489 1921 1616 1956 ἐρασταὶ,
1637 1921 1667 1947 οὗ
1692 1920 1799 1954 φαύλης
1815 1920 1879 1946 ἓνε-

1083 1977 1131 1995 κεν
1148 1968 1238 1998 αἰτίας
1258 1968 1304 1994 ἐπὶ
1318 1968 1393 1994 τόνδε
1409 1968 1526 2004 πάρειμι
1535 1967 1640 2001 ἀγῶνα,
1654 1967 1712 1994 ἀλλ’
1722 1967 1816 1994 ἕνεκεν
1826 1966 1877 1992 τοῦ

1084 2013 1202 2049 Ποιητοῦ
1219 2013 1336 2050 οὐρανοῦ
1352 2014 1399 2040 καὶ
1409 2015 1460 2048 γῆς
1476 2013 1523 2039 καὶ
1535 2013 1644 2039 πάντων
1656 2012 1711 2038 τῶν
1726 2013 1754 2038 ἐν
1768 2012 1876 2042 αὐτοῖς.

1084 2061 1131 2095 Μὴ
1139 2061 1229 2087 τοίνυν
1241 2061 1316 2096 ἡμᾶς
1327 2059 1487 2094 θορυὸεἰτω,
1499 2058 1703 2094 παρακα).ὦ,τὺ
1714 2058 1875 2092 γενόμενον·

1085 2105 1201 2133 [lauat
1213 2107 1268 2141 γὰρ
1277 2107 1306 2132 al
1315 2107 1434 2140 θλίψεις
1448 2105 1507 2132 τῶν
1519 2105 1655 2137 δικαίων,
1664 2105 1714 2131 καὶ
1724 2105 1758 2131 ἐκ
1767 2104 1878 2131 πασῶν

1082 2152 1209 2185 ῥύσεται
1236 2152 1348 2184 αὐτοὺς
1365 2153 1381 2178 ό
1400 2152 1519 2186 Κύριος.
1545 2151 1626 2177 Ἀλλὰ
1650 2151 1727 2177 δεῦτε
1750 2150 1853 2181 πάντες
1868 2158 1875 2164 ·

1087 2198 1155 2232 ὁμοῦ
1189 2198 1397 2232 καταφύγωμεν
1433 2199 1479 2225 ἐπὶ
1515 2199 1560 2224 τὸν
1582 2198 1750 2233 ἀχείμαστον
1774 2197 1875 2231 λιμένα

1049 2230 1075 2260 D
1088 2230 1208 2279 Χριστοῦ
1233 2230 1281 2272 καλ.
1379 2245 1493 2279 πέτραν,
1523 2245 1555 2278 ἥν
1573 2246 1587 2271 ὁ
1601 2230 1699 2279 ⁷μέγας
1714 2230 1878 2274 Ἀπὸστολος

1088 2289 1179 2317 εἶπεν·
1200 2290 1235 2318 Ἠ
1248 2290 1282 2316 δὲ
1294 2291 1387 2324 πέτρα
1401 2288 1440 2324 ἦν
1455 2291 1470 2317 ό
1489 2291 1606 2323 Κύριος.
1621 2290 1666 2323 Μὴ
1682 2289 1803 2322 ἐνδῶμεν
1819 2290 1876 2319 τοῖς

1089 2337 1160 2372 ὑπὲρ
1184 2337 1326 2368 εὐσεϐείας
1351 2335 1494 2368 κινδύνοις,
1520 2336 1620 2367 εἰδότες
1644 2336 1685 2362 ὅτι
1700 2335 1748 2361 οὐκ
1763 2335 1827 2366 ἄξια
1842 2335 1878 2361 τὰ

1089 2385 1244 2420 παθήματα
1253 2383 1301 2410 τοῦ
1312 2383 1359 2410 νῦν
1372 2383 1468 2419 καιροῦ
1484 2383 1554 2417 πρὸς
1568 2383 1618 2418 τὴν
1635 2381 1785 2416 μέλλουσαν
1797 2381 1878 2413 δόξαν

1090 2430 1321 2465 ἀποκαλυφθῆναι
1337 2431 1377 2461 είς
1395 2430 1480 2464 ἡμᾶς.
1504 2428 1598 2455 Ταῦτα
1621 2427 1708 2454 εἰπὼν
1726 2427 1772 2454 καὶ
1787 2435 1879 2462 παρα-

1090 2477 1230 2512 θαρσύνας
1244 2476 1308 2507 τοὺς
1331 2475 1516 2510 περιεστῶτας
1528 2473 1635 2509 ὄχλους,
1661 2473 1709 2500 καὶ
1729 2472 1878 2508 πληρώσας

1090 2522 1140 2558 τὴν
1157 2521 1332 2549 διδασκαλίαν
1349 2521 1476 2555 είσῆλθεν
1489 2521 1529 2552 εὶς
1552 2520 1583 2546 τὸ
1604 2518 1810 2553 δεσμωτήριον·
1829 2517 1878 2544 καὶ

1091 2567 1233 2598 εἰσελθὼν,
1246 2567 1302 2598 θεὶς
1317 2566 1351 2593 τὰ
1370 2566 1471 2600 γόνατα
1487 2565 1580 2596 αὑτοῦ,
1594 2565 1623 2598 ἐξ
1641 2564 1706 2599 ὃλης
1724 2564 1774 2598 τῆς
1787 2563 1877 2597 ψυχῆς

1092 2612 1234 2644 στενάξας,
1252 2610 1355 2646 ηὔξατο
1378 2611 1447 2646 πρὸς
1469 2611 1515 2637 τὸν
1539 2609 1642 2645 Κύριον
1659 2609 1746 2643 λέγων
1771 2607 1877 2638 οὕτως·

1098 2659 1129 2687 ’0
1144 2658 1254 2685 πάντων
1270 2657 1384 2692 κτίστης
1409 2657 1457 2683 καὶ
1486 2655 1664 2692 δημιουργὸς,
1692 2655 1706 2681 6
1729 2654 1784 2681 τῶν
1809 2654 1879 2680 ὅλων

1096 2704 1172 2736 Θεὸς,
1190 2705 1203 2730 6
1221 2704 1304 2730 πᾶσιν
1318 2704 1375 2734 τοῖς
1391 2702 1496 2732 δούλοις
1514 2710 1560 2728 σου
1581 2700 1630 2736 τὴν
1645 2699 1786 2734 ὑπομονὴν
1803 2707 1877 2734 χαρι-

1096 2752 1220 2786 ζόμενος,
1232 2750 1343 2784 χάρισαι
1354 2749 1402 2776 καὶ
1415 2749 1489 2783 ἐμοὶ,
1504 2748 1543 2783 τῷ
1561 2747 1647 2782 δούλῳ
1662 2756 1709 2773 σου
1726 2746 1876 2780 ὑπομονὴν,

1099 2797 1146 2825 καὶ
1164 2796 1354 2830 ἐξωπόστειλον
1369 2794 1488 2830 Μιχαὴλ,
1506 2794 1552 2821 τὸν
1567 2792 1738 2829 ἀρχάγγελόν
1757 2800 1816 2823 σου,
1837 2790 1880 2816 ’ίνει

909 2890 918 2904 ³
944 2889 1022 2917 Rom.
1040 2895 1098 2921 vui,
1119 2887 1162 2915 l8.
