2024 3153
139 169 192 200 409

782 171 869 201 νιΤΛ
893 172 924 202 S.
946 172 1146 204 PLATONIS.

1710 147 1764 202 uo

142 228 258 262 ρὐηταῑ
272 236 305 262 με
322 228 356 255 ἐκ
370 227 418 255 τοῦ
435 229 601 264 κακοτέχνου
618 229 664 256 καὶ
679 229 819 263 ἀπατηλοῦ
837 230 923 265 ὄφεως

980 231 1060 258 mulis
1072 231 1242 258 tolerantiam
1258 232 1365 267 largiris
1381 237 1407 259 et
1423 232 1577 263 victoriam,
1607 230 1672 258 mihi
1693 238 1762 265 quo-

140 273 333 307 Ἀγριππίνου,
351 273 394 300 ἴνα
410 274 516 308 γνῶσιν
533 275 646 306 πάντες,
663 275 703 300 ὃτι
722 275 747 300 0i
764 275 807 301 διὰ
825 275 927 310 χειρῶν

138 318 290 352 ἀνθρώπων
305 319 512 353 γενόμενοιθεοὶ
525 320 601 347 οὐδέν
615 321 693 352 εἰσιν,
704 319 772 346 ἀλλὰ
793 321 825 347 σὺ
848 320 928 354 μόνος

138 360 162 389 εἷ
172 363 369 398 δεδοξασμένος
381 365 420 395 είς
437 365 498 396 τοὺς
513 365 615 396 αἰῶνας
629 365 685 391 τῶν
697 365 815 392 αἰώνων.
829 365 927 400 Ἀμήν.

981 285 1033 312 que
1046 277 1142 305 humili
1155 282 1183 305 et
1200 278 1306 313 abjecto
1321 279 1416 313 largire
1430 278 1463 305 ad
1485 278 1565 305 tinent
1587 285 1672 312 usque
1694 277 1763 304 tole-

982 321 1110 353 rantiam,
1129 325 1157 348 et
1173 323 1266 349 emitte
1279 322 1474 356 archangelum
1494 325 1572 348 tuum
1590 320 1762 351 Michaelem,

981 371 1011 394 ut
1026 374 1070 394 me
1085 367 1182 395 liberet
1193 375 1207 393 a
1222 367 1307 394 fallaci
1323 372 1351 394 et
1367 367 1502 394 malitioso
1517 370 1645 401 serpente
1665 365 1765 402 Agrip-

138 411 213 444 pino,
233 415 263 437 ut
278 416 445 445 Cognoscant
460 419 555 438 omnes
574 420 629 438 non
646 420 706 440 esse
729 412 804 444 deos.
821 413 865 447 qui
882 413 950 440 fiunt
971 421 1019 448 per
1037 421 1133 441 manus
1150 414 1303 447 hominum,
1320 413 1367 440 sed
1384 419 1409 440 te
1423 413 1510 440 solum
1524 420 1585 440 esse
1604 413 1700 445 Deum,
1717 412 1763 448 qui

120 487 123 490 γ
138 464 167 484 es
182 456 291 490 patiens
306 461 334 483 et
350 457 441 484 mutue
457 457 660 489 misericordia,
681 462 708 484 et
726 457 894 493 gloriﬁcatus
910 458 937 484 in
948 459 1058 486 saecula.
1076 459 1175 487 Amen.

171 504 209 530 Z'.
225 502 305 529 Μετὰ
323 503 352 528 δὲ
373 503 482 537 ἡμέρας
506 504 575 529 ἑπτὰ
599 504 798 538 προκαθεσθεὶς
814 505 828 530 ὁ
844 503 923 538 βικά-

140 557 194 584 ριος
211 549 394 583 ’Δγριππτνος
409 549 437 574 ἐν
452 550 482 584 τῇ
499 549 625 584 βασιλικῇ
639 550 768 585 ἄντικρυς
783 549 830 576 τοῦ
843 549 921 582 Θεοῦ,

138 594 281 620 ἐκέλευσεν
307 595 483 629 παραστῆναι
501 594 547 620 τὸν
568 595 706 631 μάρτυρα.
737 595 767 622 'O
782 596 810 622 δὲ
826 595 922 630 βοηθὸς

140 640 294 673 Βικεντίνος
310 641 363 676 ἔφη
375 649 381 657 ·
405 642 434 669 ’0
449 644 506 674 τοῖς
522 643 613 677 νόμοις
627 643 681 670 τῶν
691 637 827 678 ’βασιλέων
842 644 922 671 ἀπει-

138 688 192 714 θῶν
221 689 270 714 καὶ
292 687 444 722 ἀντιλέγων
468 689 525 719 τοῖς
555 689 700 723 ἡμετέροις
731 689 924 724 προστάγμασι

138 734 261 766 Πλάτων,
282 734 296 760 ὸ
311 736 360 768 τῆς
379 734 531 769 θρησκείας
542 734 596 760 τῶν
610 734 783 769 Χριστιανῶν
799 735 925 769 ὑπερμα-

137 789 181 816 χος
194 781 313 816 ἕστηκεν
336 780 389 815 πρὸ
409 780 457 806 τοῦ
485 779 610 814 βήματος
636 788 695 812 σου,
725 780 814 815 κύριε.
837 780 891 807 Καὶ
911 782 925 808 ὁ

143 828 325 862 ’Δγριππῖνος
337 826 504 862 προσέταξεν
530 826 697 861 προτεθῆναι
710 826 819 853 ποικίλα
837 822 924 862 βασα-

139 875 278 909 νιστήρια,
298 873 400 909 λέσητα
416 873 543 908 χαλκοῦν,
562 873 609 899 καὶ
626 873 735 907 τίγανα,
763 873 810 900 καὶ
829 875 924 909 χεῖρας

139 920 261 954 σιδηρᾶς,
285 919 332 946 καὶ
358 918 544 950 άνακλάστας,
563 918 610 944 καὶ
639 918 820 950 καταπέλτας,
839 918 926 945 ὀϐελί-

141 974 220 997 σκους
236 966 306 998 ὀξεῖ,
324 966 372 991 καὶ
384 963 522 998 ὀγκίνουτ,
546 964 593 990 καὶ
614 963 697 998 ἔτερα
721 963 818 995 πολλὰ,
838 963 927 998 οἰόμε-

138 1020 180 1042 vo;
204 1011 250 1038 διὰ
268 1010 372 1037 τούτων
398 1009 601 1044 καταπλήττειν
617 1009 662 1036 τὸν
688 1009 831 1045 μάρτυρα,
852 1009 925 1042 ὅπως

138 1059 212 1086 θύσει
225 1060 282 1090 τοῖς
306 1059 389 1091 θεοῖς,
418 1059 566 1094 ἐξαιρέτως
589 1059 617 1086 δὲ
644 1058 683 1094 τῷ
708 1059 857 1086 Ἀπόλλωνι
878 1059 926 1086 καί

138 1113 202 1140 φησι
219 1104 288 1140 πρὸς
303 1105 385 1131 αὐτόν
396 1112 403 1120 ·
420 1104 490 1138 Ἐγὼ
514 1105 655 1140 θεωρήσας
674 1113 720 1132 σου
744 1105 792 1140 τῆς
817 1105 924 1139 ἡλικίας

138 1151 166 1177 τὸ
197 1150 273 1182 νέον,
303 1149 350 1176 καὶ
380 1150 537 1184 φειδόμενός
570 1158 616 1176 σου
647 1150 695 1185 τῆς
722 1150 769 1176 τοῦ
800 1150 926 1185 σώματος

137 1195 242 1231 ἀκμῆς,
260 1195 310 1230 τῆς
325 1203 356 1221 τε
367 1195 421 1222 τῶν
436 1195 566 1230 πατέρων
582 1194 721 1229 εὐγενείας
735 1195 926 1230 ἐπιγινώσκων

139 1250 167 1268 σε
182 1241 260 1274 ἀξιον
280 1241 356 1274 ὄντα,
373 1242 439 1276 πρὶν
457 1241 538 1268 πάλιν
558 1241 695 1277 ἄρξασθαι
712 1241 766 1268 τῶν
786 1241 923 1276 βασάνων,

139 1287 319 1322 συμϐουλεύω
338 1296 392 1321 σοι,
413 1287 484 1313 ὥστε
502 1288 556 1314 τῶν
572 1287 674 1314 θυσιῶν
697 1287 924 1322 ἀπογευσάμενον

138 1330 275 1362 σώζεσθαι
291 1330 352 1365 μεθ’
369 1331 460 1364 ἡμῶν,
483 1331 572 1358 εἰδότα
591 1331 670 1358 τοῦτο
693 1332 733 1358 ὅτι
759 1332 848 1363 οὐδεὶς
868 1331 924 1358 τῶν

137 1377 320 1404 ἀντειπόντων
343 1385 389 1412 μοι
404 1377 519 1412 ἔζησενο
545 1377 640 1413 ὥσπερ
665 1378 746 1406 πάλιν
768 1378 855 1410 οὐδεὶς
870 1379 924 1404 τῶν

138 1423 317 1450 ἀκουσάντων
339 1422 516 1458 ἀπεστερήθη
536 1416 597 1450 τῶν
621 1423 685 1459 παρ’
701 1424 769 1460 ἐμοῦ
789 1424 925 1458 ἐπαγγελ-

137 1469 238 1495 οέντων
255 1468 331 1502 αὐτῷ
343 1476 350 1483 ·
375 1468 408 1494 σὺ
423 1468 526 1502 τοίνυν,
541 1470 565 1495 εὶ
582 1469 668 1500 θέλεις
686 1478 737 1504 μου
752 1469 868 1496 ἀκοῦσαι
885 1470 923 1502 ὠς

139 1514 203 1539 Edico
221 1514 327 1548 πατρὸς
352 1513 444 1546 καλῶς
461 1522 503 1541 σοι
519 1514 763 1549 συμϐουλεύοντος,
789 1516 921 1551 μονογενῆ

1017 505 1077 533 Vll.
1091 506 1199 541 Septem
1205 511 1297 534 autem
1306 511 1369 540 post
1377 506 1472 533 diebus
1479 504 1630 540 praesidens
1637 503 1765 540 Agrippi-

976 558 1028 578 nus
1044 552 1160 579 vicarius
1176 552 1203 579 in
1216 552 1325 580 basilica
1340 559 1372 579 ex
1385 552 1499 578 adverso
1511 549 1596 582 Jovis.
1611 550 1690 585 jussit
1704 549 1763 576 sisti

976 602 1133 634 martyrem.
1150 598 1220 625 Dixit
1231 606 1295 625 vero
1306 597 1445 633 apparitor
1456 596 1614 624 Vincentius
1627 605 1635 623 :
1649 595 1700 628 Qui
1710 603 1764 622 non

976 650 1054 679 paret
1067 645 1260 679 imperatorum
1277 644 1397 679 legibus,
1428 648 1455 671 et
1470 642 1664 677 vestrisjussis
1684 650 1766 677 repu-

975 693 1050 726 gnat,
1068 691 1155 723 Plato,
1168 691 1214 726 qui
1231 691 1411 718 estdefensor
1437 690 1528 725 impi:e
1547 689 1765 716 Christianorum

976 735 1123 772 religionis,
1136 740 1189 763 stat
1200 741 1263 764 ante
1275 742 1349 764 tuum
1362 736 1490 769 tribunal,
1502 737 1622 764 domine.
1636 735 1712 762 Tunc
1729 736 1766 762 Α-

976 783 1117 817 grippinus
1126 783 1209 818 jussit
1218 782 1323 810 diversa
1334 786 1360 809 et
1370 772 1655 816 variajtormentorum
1665 789 1765 816 genera

977 833 1040 856 ante
1067 829 1155 864 ipsum
1179 828 1261 855 statui
1287 837 1293 855 :
1322 828 1438 856 lebetcm
1477 835 1594 860 aeneum,
1616 828 1766 863 sartagines

982 875 1098 907 ferreas,
1119 874 1269 902 candentes
1281 879 1381 907 crates,
1390 882 1488 902 manus
1510 873 1624 906 ferreas,
1643 874 1766 909 catapul—

978 925 1029 951 tas,
1045 925 1139 947 acutos
1153 920 1296 952 obeliscos,
1317 928 1412 952 uncos,
1446 925 1529 952 rotas,
1557 924 1584 948 et
1606 919 1689 946 multa
1713 919 1765 946 alia

979 966 1123 999 terribilia,
1156 966 1317 993 existimans
1341 966 1446 998 infelix,
1474 973 1504 993 se
1533 973 1581 1000 per
1617 965 1675 992 haec
1704 973 1766 992 esse

978 1013 1137 1040 territurum
1163 1016 1321 1047 martyrem,
1354 1017 1384 1039 ut
1409 1012 1462 1039 diis
1489 1011 1549 1046 ejus
1576 1011 1762 1042 sacriﬁcaret.

976 1058 1115 1093 praecipue
1129 1062 1221 1085 autem
1237 1057 1367 1092 Apollini,
1385 1057 1431 1092 qui
1463 1057 1539 1092 pellit
1555 1057 1589 1085 ad
1612 1057 1764 1088 interitum.

976 1104 1079 1132 etdicit
1091 1104 1115 1132 ei
1134 1113 1140 1131 :
1157 1103 1343 1140 Egoquidem,
1359 1103 1522 1130 charissime
1537 1102 1625 1134 Plato,
1640 1107 1765 1130 contem-

977 1150 1058 1186 plans
1075 1155 1149 1177 tuam
1161 1149 1314 1185 juvenilem
1326 1154 1445 1180 aetatem,
1465 1153 1493 1175 et
1504 1156 1621 1183 parcens
1636 1148 1696 1175 ﬂori
1726 1148 1767 1175 tui

977 1197 1111 1232 corporis,
1124 1202 1151 1223 et
1167 1195 1258 1231 sciens
1274 1200 1417 1230 parentum
1449 1200 1559 1222 tuorum
1581 1194 1764 1225 nobilitatem,

977 1242 1026 1270 tibi
1040 1241 1155 1269 consulo
1167 1241 1325 1277 priusquam
1344 1248 1440 1267 rursus
1454 1239 1580 1274 incipiam
1591 1244 1616 1266 te
1626 1243 1764 1272 torquere,

976 1292 1006 1315 ut
1037 1287 1152 1323 gustatis
1179 1286 1319 1314 sacriﬁciis
1351 1285 1480 1317 serveris,
1501 1290 1528 1312 et
1547 1285 1585 1313 sis
1598 1285 1739 1313 nobiscum
1756 1293 1763 1311 :

975 1334 1028 1362 hoc
1047 1340 1156 1368 quoque
1166 1333 1268 1365 sciens,
1285 1332 1357 1367 quod
1385 1332 1477 1359 nullus
1494 1339 1614 1366 unquam
1636 1332 1705 1359 vixit
1731 1339 1764 1358 ex

976 1381 1010 1409 iis
1023 1381 1068 1415 qui
1081 1380 1148 1407 mihi
1166 1387 1220 1406 non
1235 1383 1383 1414 paruerunt
1397 1386 1404 1404 :
1421 1378 1559 1413 quomodo
1571 1386 1666 1405 rursus
1675 1378 1767 1405 nullus

975 1434 1009 1454 ex
1024 1426 1056 1453 iis
1066 1425 1112 1460 qui
1122 1424 1188 1452 mihi
1204 1428 1363 1459 paruerunt,
1372 1424 1397 1451 ei
1408 1431 1423 1450 a
1431 1431 1472 1450 mc
1482 1423 1622 1458 promissis
1629 1423 1707 1450 bonis
1717 1423 1768 1451 fuit

975 1473 1109 1508 privatus.
1127 1471 1198 1506 Ergo
1207 1475 1236 1498 tu
1245 1477 1364 1505 quoque,
1381 1477 1397 1496 ο
1415 1470 1518 1504 optime
1529 1467 1616 1502 Plato,
1633 1469 1654 1496 si
1670 1469 1764 1496 volue-

976 1517 1014 1546 ris
1025 1524 1069 1545 me
1083 1516 1189 1550 audire,
1207 1521 1337 1551 tanquam
1357 1520 1462 1550 patrem
1483 1515 1640 1550 proprium,
1661 1514 1764 1542 bonum

136 1559 276 1594 θυγατέρα
285 1559 401 1594 ἀδελφοῦ
411 1569 462 1593 μου
471 1560 537 1595 ἔχω’
548 1560 651 1596 ταύτην
659 1561 788 1596 ὲκδίδωμί
801 1570 843 1588 σοι
856 1561 923 1596 πρὸς

977 1564 1026 1591 tibi
1043 1563 1153 1591 dantem
1184 1561 1342 1593 consilium,
1371 1561 1460 1589 habeo
1474 1561 1583 1589 unicam
1602 1561 1694 1589 fratris
1710 1560 1764 1588 mei

135 1607 224 1642 γάμον
246 1606 359 1638 ἐπιδοὺς
377 1607 445 1642 αὐτῇ
462 1608 563 1642 προῖκα
588 1607 722 1643 πολυτελῆ
745 1609 792 1634 καὶ
809 1608 874 1635 ἴδιόν
891 1617 922 1634 σε

135 1652 314 1688 ἁναγορεύσω
329 1654 435 1680 τέκνον.
459 1653 488 1679 '0
502 1653 530 1680 δὲ
546 1656 682 1688 μακάριος
710 1654 858 1690 ἀθλοφόρος
876 1654 923 1681 καὶ

138 1699 247 1734 μάρτυς
262 1698 310 1725 τοῦ
326 1697 446 1734 Χριστοῦ
459 1698 570 1725 Πλάτων
585 1699 703 1733 γελάσας
718 1697 795 1726 εἶπεν
806 1707 813 1716 ’
830 1699 922 1727 Ἀθλιε

136 1745 182 1772 καὶ
200 1744 392 1780 μισάνθρωπε,
406 1744 453 1771 καὶ
468 1745 559 1777 πάσης
574 1744 748 1780 δικαιοσύνης
766 1745 856 1781 ἐχθρὲ,
871 1738 923 1772 in:-

135 1791 223 1826 ηρὲτα
248 1790 298 1817 τοῦ
323 1790 450 1817 διαϐόλου
473 1791 521 1817 καὶ
547 1791 667 1825 ὕπουργὲ
685 1791 733 1817 τοῦ
758 1791 878 1823 Σατανᾶ,
899 1793 923 1819 εί

135 1837 202 1868 ὅλως
221 1836 376 1872 ἐϐουλόμην
395 1837 435 1868 είς
464 1836 554 1871 γάμον
585 1837 673 1863 ἐλθεῖν
696 1838 745 1863 καὶ
769 1838 924 1871 ἀγαγέσθαι

135 1884 256 1916 γυναῖκα
278 1883 326 1908 καὶ
349 1881 453 1916 διάγειν
474 1884 503 1909 ὲν
521 1882 709 1917 περισπασμῷ
727 1883 775 1909 τοῦ
794 1883 923 1918 βιωτικοῦ

136 1929 232 1956 τούτου
250 1928 368 1960 καπνοῦ,
395 1929 424 1954 οὗ
453 1928 614 1961 καττλξίωκα
632 1928 665 1955 ἃν
684 1928 723 1963 τῷ
748 1928 922 1964 φροντίζοντι

135 1975 188 2001 τῶν
202 1975 379 2010 πραγμάτων
401 1983 452 2009 μου
470 1973 564 2001 λαϐεῖν
580 1976 698 2008 γυναῖκα
717 1974 766 2009 τὴν
786 1974 924 2010 θυγατέρα

137 2021 183 2048 τοῦ
211 2020 332 2054 ἀδελφοῦ
358 2029 416 2053 σου,
442 2021 489 2047 καὶ
503 2019 628 2055 βελτίονα
648 2020 676 2047 δὲ
699 2020 784 2056 ἄλλην
806 2021 822 2056 ἢ
840 2021 924 2057 αὐτὴν

136 2068 243 2103 ἠγόμην
262 2067 302 2098 είς
317 2067 415 2101 γάμον.
433 2066 498 2092 Τότε
515 2068 528 2093 ὁ
548 2065 682 2100 σὺσχολος
693 2067 742 2094 τοῦ
754 2067 862 2094 Σατανᾶ
877 2069 925 2094 καὶ

137 2115 273 2150 ὑπουργὸς
288 2113 335 2140 τοῦ
362 2113 464 2147 πατρδς
491 2113 575 2140 αὑτοῦ
606 2114 655 2140 τοῦ
685 2113 809 2141 ausam
833 2114 924 2149 πάσης

136 2160 235 2191 κακίας
252 2160 348 2195 γέμων
363 2159 412 2186 καὶ
428 2159 528 2191 παντὸς
552 2160 592 2186 ἰοῦ
607 2160 655 2186 καὶ
669 2160 746 2187 δόλου
781 2169 813 2195 με
819 2169 924 2196 μεστω-

139 2208 229 2242 μένος,
242 2207 370 2242 καθάπερ
377 2215 419 2238 τις
428 2206 497 2234 λέων
511 2206 591 2242 φόνον
603 2207 798 2242 ὲρευγόμενος,
812 2206 923 2234 ἐκέλευ-

139 2262 182 2280 σεν
198 2253 344 2289 ἐνεχθῆναι
359 2253 517 2289 κρὰὃὸατον
536 2252 654 2287 χαλκοῦν
674 2253 723 2279 καὶ
739 2252 924 2288 κατατεθῆναι

138 2301 176 2332 εἰς
191 2300 275 2327 αὐτὸν
289 2300 336 2326 τὸν
360 2299 489 2335 μάρτυρα
507 2299 554 2325 καὶ
575 2299 768 2334 ὐποκαυθῆναι
792 2299 859 2334 πῦρ,
877 2299 925 2327 καὶ

139 2346 265 2380 γενέσθαι
288 2345 443 2380 ἀνθρακιὰν
460 2344 592 2380 μεγάλην,
621 2345 668 2370 καὶ
694 2344 824 2380 ῥένεσθαι
839 2344 925 2379 αὐτὴν

140 2391 230 2427 ἐλαίῳ,
243 2391 292 2418 καὶ
303 2390 411 2426 ρητίνῃ,
430 2390 478 2418 καὶ
493 2390 633 2425 ἀσφάλτῳ,
652 2390 698 2416 καὶ
714 2390 803 2425 κηρῷ,
817 2391 865 2416 καὶ
873 2391 925 2425 ῥα-

140 2436 258 2469 ΰδὶζεθαι
267 2436 348 2462 αὐτὸν
358 2435 531 2472 λεπτοτέροις
544 2435 662 2471 ῥάϐδοις,
673 2435 716 2461 ἵνα
725 2435 777 2461 ὑπὸ
784 2434 830 2462 τοῦ
840 2435 927 2468 πυρὸς

140 2485 184 2512 καὶ
197 2485 251 2512 τῶν
274 2485 387 2519 πληγῶν
398 2485 415 2519 ἡ
428 2484 568 2519 οἰκονομία
588 2485 642 2512 τῶν
660 2484 822 2519 σπλάγχνων
842 2482 924 2510 αὐτοῦ

140 2530 311 2566 γυμνωοεϊσα
324 2530 461 2565 ἀφόρητον
473 2529 546 2565 αὐτῷ
559 2531 726 2566 περιποιήσῃ
737 2529 784 2565 τὴν
795 2530 921 2565 βάσανον.

173 2576 213 2604 ιγ.
239 2576 420 2611 Αίκιζομένου
443 2576 470 2602 δὲ
489 2576 584 2608 αὐτοῦ,
614 2577 768 2612 Σωφρόνιος
783 2584 920 2611 κομεντα-

141 2624 231 2658 ρήσιος
248 2623 322 2657 ἔφη’
338 2622 486 2654 Πανάθλιε,
517 2622 645 2658 πείσθητι
672 2622 711 2658 τῷ
733 2623 852 2658 βικαριῳ
875 2623 923 2649 καὶ

141 2669 218 2696 θύσον
233 2670 291 2700 τοῖς
310 2668 395 2700 θεοῖς,
409 2669 456 2694 καὶ
468 2668 498 2694 τὸ
508 2668 601 2700 κακῶς
617 2668 765 2695 ἀποθανεῖν
777 2668 921 2704 κέρδηοον.

141 2714 171 2740 Τί
189 2715 355 2747 ἀντιλέγεις,
374 2713 448 2741 ἄθλιε
462 2722 470 2747 ;
493 2715 548 2750 Οὐχ
561 2715 626 2750 ὁρᾷς
641 2715 674 2741 τὰ
687 2715 856 2749 προκείμενα
875 2715 924 2749 βα-

143 2762 304 2796 σανιστήρια
320 2761 364 2787 διὰ
378 2761 425 2794 σέ;
445 2761 560 2788 Πλάτων
581 2760 659 2788 εἶπεν
672 2769 679 2777 ·
706 2761 777 2795 Ἐγὼ
792 2762 822 2788 τὸ
841 2761 923 2797 σῶμά

144 2815 190 2841 μου
207 2807 251 2833 διὰ
267 2806 388 2841 Χριστὸν
411 2807 471 2834 ὅλον
500 2807 658 2842 παρέδωκα.
674 2807 707 2833 Ίί
725 2806 772 2833 οὖν
797 2815 847 2840 μου
872 2808 923 2834 οὐκ

143 2853 302 2886 ἀφίστασαι,
319 2854 474 2888 σκρινιὰριε
496 2854 542 2879 τοῦ
568 2853 678 2880 Σατανᾶ
706 2854 754 2879 καὶ
778 2853 857 2888 ἐχθρὲ
875 2855 922 2889 τῆς

142 2899 288 2933 ἁληθείας;
315 2899 430 2925 Σεαυτδν
452 2899 613 2935 νουθέτησιν
635 2901 684 2935 τῆς
712 2899 816 2934 πλάνης
844 2901 923 2932 em,-

974 1609 1057 1637 flliam
1078 1618 1085 1637 :
1103 1616 1162 1636 eam
1179 1608 1226 1635 tibi
1241 1607 1313 1635 dabo
1328 1607 1356 1634 in
1368 1607 1584 1639 matrimonium,
1611 1606 1689 1634 valde
1707 1614 1765 1633 rna-

975 1662 1055 1690 gnam
1065 1654 1091 1680 ei
1099 1653 1208 1681 tradens
1217 1653 1321 1685 dotem,
1331 1657 1358 1680 et
1371 1657 1397 1679 te
1405 1660 1496 1680 meum
1510 1652 1650 1687 proprium
1661 1652 1765 1679 vocabo

974 1701 1070 1728 tilium.
1087 1700 1185 1728 Beatus
1200 1703 1291 1727 autem
1306 1702 1334 1726 et
1345 1706 1438 1727 revera
1450 1698 1527 1727 fortis
1540 1699 1640 1726 athleta
1662 1698 1764 1725 Christi

974 1746 1051 1774 Plato
1083 1746 1174 1774 ridens
1197 1746 1267 1773 dixit
1288 1745 1394 1773 :Miser
1417 1749 1444 1772 et
1472 1745 1615 1772 hominum
1644 1744 1763 1777 inimice,

975 1792 1012 1819 ﬁli
1033 1792 1144 1824 diaboli,
1162 1797 1189 1819 et
1207 1791 1370 1819 administer
1383 1791 1502 1823 Satanm,
1519 1790 1542 1818 si
1561 1790 1658 1818 vellem
1687 1790 1765 1826 jungi

974 1839 1159 1871 matrimonio,
1179 1842 1205 1865 ct
1219 1838 1319 1865 ducere
1333 1844 1457 1869 uxorem,
1468 1842 1494 1864 et
1507 1837 1608 1872 degere
1624 1837 1651 1864 in
1682 1837 1765 1864 dece-

974 1885 1077 1920 ptione,
1091 1885 1246 1920 implicatus
1259 1886 1334 1911 fumo
1348 1883 1431 1918 hujus
1469 1883 1615 1910 mundana:
1632 1883 1704 1915 vitae,
1720 1883 1764 1910 di-

975 1938 1110 1966 gnarerne
1128 1930 1170 1957 vel
1185 1930 1212 1957 in
1230 1937 1322 1957 rerum
1339 1937 1462 1956 mearum
1476 1929 1663 1956 sollicitudine
1688 1929 1765 1957 acci-

976 1983 1041 2012 pere
1069 1983 1181 2003 uxorem
1198 1975 1290 2003 fratris
1315 1975 1354 2002 tui
1374 1976 1468 2007 ﬁliam.
1485 1979 1532 2002 aut
1561 1975 1630 2002 tales
1665 1975 1766 2002 habere

976 2022 1099 2053 ancillas,
1129 2021 1217 2056 qualis
1244 2026 1287 2061 est
1315 2021 1371 2049 lilia
1384 2021 1475 2048 fratris
1490 2021 1540 2054 tui,
1557 2025 1604 2048 aut
1630 2028 1662 2048 ea
1682 2021 1764 2048 etiam

976 2067 1209 2102 meliores,utego
1222 2075 1281 2095 eam
1296 2067 1392 2095 ducam
1417 2075 1530 2095 uxorem
1543 2066 1643 2094 TTunc
1657 2066 1764 2094 Satanae

975 2115 1156 2142 scholasticus
1193 2119 1221 2142 et
1252 2114 1414 2142 administer
1451 2114 1537 2149 patris
1564 2114 1624 2148 ejus
1653 2113 1764 2148 diaboli,

976 2161 1075 2196 plenus
1092 2161 1167 2188 omni
1187 2160 1252 2188 vitio
1264 2165 1292 2188 et
1307 2161 1428 2195 repletus
1439 2159 1513 2187 omni
1530 2168 1631 2196 genere
1661 2159 1765 2194 impro-

976 2208 1080 2238 bitatis.
1096 2215 1151 2235 non
1159 2215 1239 2234 secus
1248 2215 1280 2235 ac
1296 2207 1379 2235 draco
1395 2206 1530 2242 quispiam
1546 2210 1593 2233 aut
1610 2206 1652 2233 leo
1661 2206 1763 2233 czedem

940 2246 964 2275 Ῑ)
976 2258 1117 2285 eructans,
1132 2253 1272 2289 grabatum
1288 2253 1369 2288 jussit
1385 2252 1475 2279 alIerri
1489 2259 1606 2284 aetteum,
1623 2256 1649 2278 et
1663 2251 1689 2278 in
1706 2252 1765 2286 ipso

977 2299 1076 2334 deponi
1092 2303 1238 2333 martyrem
1254 2307 1261 2324 :
1279 2302 1307 2325 et
1323 2298 1362 2325 sic
1376 2298 1466 2332 ignem
1490 2297 1613 2328 accendi,
1640 2301 1668 2323 et
1705 2296 1764 2323 fieri

977 2353 1105 2381 magnum
1115 2352 1243 2371 acervum
1255 2351 1416 2378 prunarum,
1432 2349 1551 2376 eumque
1574 2342 1681 2376 aspergi
1700 2342 1760 2369 oleo

976 2395 1003 2417 et
1024 2390 1114 2417 resina
1131 2395 1157 2416 et
1172 2388 1308 2416 bitumine
1336 2392 1364 2415 et
1386 2395 1460 2419 cera,
1483 2392 1511 2414 et
1525 2395 1586 2414 eum
1599 2387 1665 2414 cazdi
1681 2387 1763 2422 virgis

978 2435 1176 2467 subtilissimis,
1194 2440 1224 2462 ut
1243 2442 1257 2461 a
1273 2434 1358 2469 plagis
1370 2438 1395 2461 et
1411 2434 1472 2469 igne
1488 2433 1589 2460 nudata
1602 2434 1660 2468 ejus
1674 2433 1763 2460 visce-

976 2489 1036 2509 rum
1048 2485 1186 2509 structura
1200 2481 1225 2508 ei
1244 2480 1417 2508 intolerabile
1433 2484 1599 2507 tormentum
1617 2479 1726 2507 ctIit-iat.

1011 2580 1080 2609 Vill.
1097 2580 1167 2608 Cum
1185 2580 1231 2608 diu
1244 2584 1338 2607 autem
1366 2579 1519 2607 crederetur
1550 2584 1663 2615 martyr,
1694 2578 1763 2605 dixit

976 2626 1147 2662 Sophronias
1155 2625 1423 2654 commentariensis:
1435 2624 1633 2655 Infelicissime.
1646 2631 1712 2658 pare
1723 2623 1761 2649 vi-

975 2673 1060 2705 cario,
1073 2677 1100 2700 et
1113 2672 1165 2700 diis
1178 2671 1312 2704 sacriﬁca,
1325 2675 1352 2698 et
1361 2678 1395 2698 ne
1407 2671 1476 2698 male
1491 2670 1626 2701 moriaris,
1637 2669 1759 2696 lucrifae.

974 2719 1044 2752 Quid
1075 2718 1264 2747 contradicis?
1293 2716 1354 2744 Non
1382 2716 1458 2744 vides
1472 2720 1565 2751 parata
1594 2719 1704 2748 propter
1735 2718 1765 2740 te

976 2764 1135 2792 tormenta?
1152 2764 1224 2791 Dixit
1240 2768 1352 2791 sanctus
1365 2755 1440 2790 P1510
1457 2770 1463 2788 :
1490 2762 1546 2796 Ego
1563 2765 1646 2788 totum
1671 2768 1761 2787 meum

976 2814 1075 2845 corpus
1101 2814 1213 2845 propter
1244 2808 1383 2836 Christum
1413 2807 1521 2834 tradidi.
1549 2805 1604 2833 Cur
1615 2813 1678 2840 ergo
1704 2813 1765 2832 non

975 2844 1129 2888 desistispo
1142 2844 1250 2884 Satana-
1261 2854 1414 2886 scriniarie,
1427 2858 1454 2880 et
1482 2852 1594 2880 inimice
1610 2852 1734 2879 veritatis
1747 2851 1765 2876 ’ἶ
1800 2844 1807 2852 ’

976 2901 1104 2935 Tcipsutn
1120 2904 1245 2937 admone,
1258 2906 1286 2930 ut
1303 2901 1336 2929 ab
1355 2908 1447 2928 errore
1460 2900 1587 2928 desistas.
1610 2897 1664 2934 Ego
1686 2898 1766 2926 enin»
