2024 3153
275 152 328 184 4ιὸ

919 152 1061 183 MENSIS
1080 151 1228 182 IULIUS.

1842 154 1899 186 “6

276 200 367 239 ﬁcare,
396 207 484 234 solum
520 214 587 243 nega
608 207 784 239 Cruuitixum,
810 212 838 235 et
865 212 891 235 te
911 207 1053 235 dimittam.

1110 206 1203 238 θῦσαι,
1227 207 1343 242 ἀρνησαι
1359 208 1404 233 τδν
1417 206 1638 242 ἐσταυρωμένον,
1660 207 1706 234 καὶ
1727 208 1838 235 ἀπολύω
1852 219 1896 236 σε.

274 253 346 279 Dixit
372 256 484 280 sanctus
499 251 577 279 Plato
595 252 638 280 :0
661 261 708 280 cor
737 260 906 287 perversum,
929 256 958 279 et
980 259 1057 279 mens

271 297 416 330 exstincta,
430 303 458 325 et
466 298 557 324 anima
578 298 656 325 malis
670 299 778 331 tradita,
795 303 822 325 et
836 306 898 333 qua
910 299 982 325 nihil
1011 306 1058 325 co-

272 344 339 378 gitat
365 344 437 378 quod
462 344 547 371 Deum
582 344 690 371 deceat.
719 345 787 378 Quid
801 349 852 377 est,
869 345 941 380 quod
966 345 1058 372 dicis?

268 390 324 422 Qui
341 389 406 415 mihi
425 394 466 416 tot
477 389 609 416 beneﬁcia
618 390 965 423 conciliavit,Servatorem
979 391 1058 418 Chri-

271 441 343 462 stum
360 435 465 470 negabo
478 441 590 470 propter
600 441 636 466 te,
652 444 668 463 ο
689 437 834 464 crudivore
853 442 880 465 ct
907 437 1004 464 vindex
1021 437 1058 464 si-

272 482 468 512 mulat-mrum,
481 488 625 516 rerumque
635 482 815 510 inanimarum
824 488 851 510 et
863 488 996 510 mutarum
1009 483 1056 510 dc-

272 527 374 559 fensor,
390 531 416 553 et
431 532 546 562 patrone
575 528 688 559 erroris,
719 534 747 555 ut
777 530 873 556 reddar
898 529 991 561 miser,
1006 529 1055 556 libi

271 573 365 600 similis
390 577 417 599 et
431 573 540 606 iniquus
556 573 567 598 ?
589 577 682 600 etnon
696 573 795 601 sufﬁcit
826 575 872 601 tibi
889 575 974 601 solum
996 582 1057 601 esse

271 620 363 650 talem,
391 618 438 645 sed
473 625 521 645 eos
541 618 623 644 etiam
667 618 713 651 qui
743 619 797 653 jam
831 619 906 646 relati
942 624 1006 646 sunt
1028 620 1055 646 in

269 671 413 690 numerum
440 663 554 690 militum
590 663 702 695 Christi,
757 664 798 691 vis
840 672 901 692 esse
968 665 1056 692 socios

270 715 322 738 tua:
365 709 521 744 impietatis.
571 710 598 736 in
630 710 725 736 eadem
757 710 798 737 via
841 710 970 738 interitus
995 715 1054 738 stu-

270 756 339 783 dens
352 762 399 782 eos
415 755 602 790 supplantare,
621 755 667 789 qui
685 760 757 783 recta
777 756 818 782 via
845 756 1056 790 ingrediuntur?

270 802 385 829 Discede
401 809 414 828 a
431 810 485 833 me,
498 802 544 836 qui
571 803 697 836 operaris
727 802 913 837 iniquitatem.
931 801 1056 830 Statuisti

269 848 342 876 enim
357 848 425 875 alios
441 856 551 883 qucque
566 848 598 875 ad
616 855 676 875 eam
689 848 809 875 trahere.
825 848 941 876 Confido
960 854 1054 876 autem

269 895 297 922 in
319 894 373 921 Deo
388 902 458 926 meo,
475 894 547 929 quod
563 901 617 921 non
629 894 712 921 faciet
731 900 855 922 sanetum
866 903 944 922 suum
963 896 1055 923 videre

269 940 420 967 interitum.
453 940 524 967 Dixit
552 941 736 976 Agrippinus:
769 941 904 973 Quoniam
936 943 973 968 tui
995 949 1055 969 sum

269 986 422 1018 misertus,
457 986 569 1013 evasisti
610 986 732 1013 insolens
765 993 797 1013 ac
830 987 1053 1021 contumeliosus,

269 1032 351 1059 stulta
366 1031 481 1066 loquens
494 1036 522 1058 et
535 1036 632 1059 emotae
662 1032 774 1065 mentis;
792 1039 842 1067 ego
858 1038 948 1060 autem
961 1038 987 1061 te
1002 1034 1056 1062 cito

267 1083 322 1106 tam
335 1079 463 1115 gravibus
472 1079 585 1106 alliciant
602 1080 753 1114 suppliciis,
771 1085 799 1107 ut
818 1088 851 1107 ex
886 1081 973 1116 teipso
989 1081 1054 1108 mihi

267 1126 361 1153 dicas:
395 1125 432 1152 Da
471 1126 548 1158 mihi,
575 1130 605 1152 ut
631 1125 936 1162 sacriﬁcem.Egregius
963 1131 1054 1154 autem

267 1171 369 1199 Christi
389 1171 492 1198 athleta
512 1171 587 1198 Plato
600 1171 690 1198 dixit:
707 1171 833 1199 Christus
849 1177 889 1199 est
922 1172 1003 1206 Deus,
1024 1178 1051 1200 et

267 1226 322 1246 non
335 1222 511 1246 estsanclum
541 1218 601 1253 ejus
631 1226 730 1245 nomen
745 1219 911 1254 negandum.
927 1218 986 1247 Non
1011 1223 1053 1246 est

266 1272 385 1299 aequum,
402 1269 432 1292 ut
452 1272 502 1300 ego
525 1264 682 1299 relinquens
698 1264 798 1292 fontem
817 1265 888 1295 vitaz,
898 1265 984 1293 colam
1000 1266 1054 1292 dm-

267 1311 359 1339 mnnia
374 1315 402 1338 et
415 1310 497 1337 libem
516 1310 662 1345 lapidibus,
689 1318 804 1345 quorum
833 1311 942 1346 quidem
966 1315 1054 1338 mater

267 1361 310 1384 est
326 1364 381 1383 ars.
397 1356 424 1383 Si
443 1355 514 1383 enim
529 1363 583 1382 non
601 1355 718 1383 fuissent
729 1361 802 1383 artes
815 1356 932 1384 iuventte
959 1357 992 1384 ab
1005 1357 1054 1385 ho-

268 1402 398 1437 minibus,
416 1409 472 1429 non
488 1401 571 1428 eratis
584 1401 651 1428 deos
668 1401 796 1433 habituri,
811 1401 859 1429 sed
878 1402 956 1436 plane
970 1404 1054 1430 eratis

268 1447 355 1475 futuri
369 1447 428 1475 sine
445 1447 509 1474 diis.
523 1445 600 1474 Tunc
618 1447 796 1483 Agrippinus,
811 1448 896 1475 multa
910 1448 950 1475 ira
967 1449 1054 1483 reple-

267 1499 311 1521 tus
324 1498 434 1529 propter
447 1493 573 1520 ﬁduciam
590 1498 616 1520 ct
637 1493 744 1521 dicendi
771 1493 924 1521 libertatem
949 1500 1053 1530 marty-

266 1541 315 1572 ris,
332 1540 450 1567 surrexit
471 1548 488 1568 e
504 1540 683 1566 thronosuo:
702 1544 729 1566 ct
741 1547 822 1574 quam
849 1541 984 1568 citissime
1009 1541 1052 1568 in-
1066 1555 1089 1586 ε

266 1586 348 1613 dutus
378 1585 531 1613 fibulatorio
541 1585 620 1620 jubet
636 1585 755 1620 sphteras
772 1587 884 1613 accendi
898 1586 1011 1619 ferreas,
1026 1592 1054 1615 et

265 1632 330 1667 poni
366 1632 394 1658 in
410 1631 470 1666 ejus
501 1631 667 1658 mammillis.
692 1630 809 1658 )linistri
836 1636 927 1659 autem
947 1632 1054 1661 Satanae

266 1679 321 1705 cito
339 1677 464 1705 fecerunt
479 1685 511 1704 ea
523 1685 582 1711 qua:
594 1677 771 1713 jubebantur.
798 1677 974 1713 Sphaararum
1002 1686 1052 1706 au-

267 1730 321 1751 tem
342 1724 413 1759 ignis
444 1723 494 1750 luit
526 1727 601 1750 tanta
632 1723 814 1755 vehementia,
833 1728 862 1750 ut
888 1732 943 1751 non
965 1724 1052 1751 solum

266 1768 614 1804 opparerentejuslatera,
641 1769 689 1796 sed
719 1769 800 1796 etiam
831 1775 1053 1806 corrumperetur

267 1815 375 1840 interna
391 1814 451 1848 ejus
485 1813 622 1840 viscerum
656 1819 806 1846 structura,
834 1819 865 1842 ut
891 1823 940 1850 per
972 1823 1053 1843 nares

265 1861 326 1894 eius
342 1864 369 1886 et
387 1859 529 1886 cerebrum
539 1859 654 1887 emissus
664 1860 749 1887 fuerit
770 1861 862 1888 fumus
874 1869 906 1889 ex
925 1862 1015 1890 calore
1026 1862 1050 1889 ei

266 1913 315 1941 per
331 1905 451 1940 sphmras
468 1913 594 1932 accenso.

302 1951 360 1978 ΧΠ.
375 1951 473 1978 Beatus
489 1956 579 1978 autem
596 1951 684 1983 Plato,
701 1951 748 1986 qui
760 1951 814 1987 jam
833 1960 848 1980 a
865 1952 958 1980 multis
971 1960 1052 1988 repu-

266 2003 338 2025 tatus
358 1997 446 2024 fuerat
461 2004 521 2024 esse
533 2002 669 2030 mortuus,
687 1997 756 2025 dixit
784 1999 951 2034 Agrippino:
965 1999 1051 2026 Parva

264 2046 329 2069 sunt
359 2047 403 2069 tua
434 2046 581 2074 tormenta,
598 2049 614 2069 0
629 2048 709 2077 potor
740 2044 892 2078 sanguinis,
907 2048 933 2070 et
956 2044 1052 2071 bestiis

265 2088 384 2115 moribus
398 2087 507 2118 similis,
522 2091 549 2114 et
563 2094 634 2114 smve
649 2088 738 2119 canis,
764 2088 786 2114 si
803 2088 994 2115 consideretur
1010 2088 1050 2115 ira

265 2139 311 2161 tua
326 2139 352 2160 et
379 2133 547 2160 immanitas.
584 2133 627 2160 lla
648 2138 693 2160 tua
718 2134 771 2161 erit
795 2141 890 2169 parva,
916 2139 1049 2161 tormenta

265 2184 357 2205 autem
374 2181 419 2204 tua
442 2178 497 2204 sint
522 2185 630 2212 magna.
655 2176 722 2204 Nam
747 2185 796 2212 per
819 2181 964 2209 tormenta,
991 2185 1050 2213 quas

1110 253 1222 279 Πλάτων
1236 250 1313 279 εἶπεν
1324 260 1330 268 ·
1340 250 1375 278 Ὠ
1387 252 1486 287 καρδία
1502 253 1719 289 διεστραμμένη,
1733 254 1779 281 καὶ
1791 254 1897 282 διάνοια

1109 299 1272 334 ὲσὸεσμένη,
1283 299 1331 325 καὶ
1341 299 1412 334 ψυχὴ
1424 300 1520 331 κακοῖς
1530 299 1670 335 δεδομένη,
1682 302 1728 328 καὶ
1740 301 1817 328 οὐδὲν
1829 303 1897 336 πρέ-

1108 352 1159 370 πον
1175 344 1213 378 τῷ
1239 344 1299 378 Θεῷ
1313 344 1500 379 διανοουμένη,
1518 345 1545 371 τί
1571 346 1644 372 ἐστιν
1659 345 1673 372 ὅ
1698 346 1805 381 λέγεις;
1835 347 1897 374 Τῶν

1107 389 1241 417 τοσούτων
1256 390 1423 425 εὐεργεσιῶν
1439 390 1570 425 πρόξενόν
1591 401 1638 426 μοι
1664 393 1813 427 γενόμενον
1837 393 1896 419 Σω-

1108 436 1308 471 τῆραΧριστδν
1323 437 1478 472 ἀρνήσομαι
1496 437 1539 463 διὰ
1559 438 1601 470 σέ,
1620 438 1764 472 αἰμοὸὁρε,
1782 439 1828 465 καὶ
1841 439 1897 465 τῶν

1107 482 1223 508 εἰδώλων
1239 482 1342 514 ἕκδικε,
1363 483 1411 509 καὶ
1425 482 1479 508 τῶν
1496 483 1608 518 ἀψύχων
1634 486 1681 511 καὶ
1700 485 1816 519 ἀφώνων
1829 494 1898 521 προ-

1108 528 1204 561 στάτα,
1223 529 1270 554 καὶ
1299 529 1349 562 τῆς
1380 528 1487 564 πλάνης
1524 531 1669 565 συνήγυρε,
1704 531 1747 558 ἵνα
1771 532 1897 566 γένωμαι

1106 574 1200 608 ὅμοιός
1226 582 1283 603 σου.
1317 574 1477 609 παράνομος
1498 576 1546 601 καὶ
1564 576 1614 602 οὐκ
1644 577 1728 611 ἀρκεῖ
1743 585 1783 604 σοι
1813 579 1897 611 μόνος

1107 618 1176 645 εἶναι
1192 619 1323 652 τοιοῦτος,
1339 619 1407 646 ἀλλὰ
1423 620 1470 646 καὶ
1482 619 1546 652 τοὺς
1555 621 1607 655 ἤδη
1624 622 1897 657 στρατολογηθέντας

1106 663 1144 699 τῷ
1163 664 1274 698 Χριστῷ
1289 664 1435 695 κοινωνοὺς
1462 665 1512 699 τῆς
1528 665 1657 698 ἀσεὸείας
1672 675 1720 693 σου
1737 667 1826 700 θέλεις
1856 667 1896 694 εἷ-

1106 718 1160 742 ναι,
1177 711 1218 741 εἰς
1233 709 1282 745 τὴν
1298 710 1384 745 αὐτὴν
1398 710 1540 741 ἀπωλείας
1555 711 1614 738 ὁδὸν
1628 711 1752 739 σκελὶσαι
1768 714 1897 740 σπεύδων

1105 755 1166 786 τοὺς
1185 755 1328 786 ὁδεύοντας
1343 756 1391 790 τὴν
1404 755 1515 782 εὐθεῖαν
1528 756 1606 789 ὀδόν;
1626 757 1745 784 Ἀπόστα
1762 759 1811 785 ἀπ’
1824 759 1896 793 ἐμοῦ

1106 802 1120 827 ἀ
1137 800 1185 836 τὴν
1209 801 1324 835 ἀνομίαν
1351 801 1536 836 ἐργαζόμενος
1551 810 1558 817 ·
1587 802 1744 838 προῄρησαι
1762 805 1818 840 γὰρ
1846 806 1896 830 καὶ

1106 845 1202 872 ἄλλους
1218 847 1258 877 εις
1275 846 1361 880 αὐτὴν
1376 846 1501 879 ἑλκύσαι,
1515 847 1562 873 καὶ
1579 847 1672 883 θαῤῥῶ
1687 848 1727 883 τῷ
1742 849 1802 884 Θεῷ
1829 859 1894 884 μου,

1105 892 1146 918 ὅτι
1164 891 1194 918 οὐ
1212 892 1250 927 μὴ
1262 893 1370 927 ποιήσει
1383 893 1429 919 τὸν
1443 893 1518 919 ὅσιον
1532 893 1616 920 αὑτοῦ
1643 895 1707 920 ἰδεῖν
1729 895 1894 930 διαφθοράν.

1111 937 1290 973 Ἀγριππίνος
1306 937 1377 973 ἔφη·
1412 939 1522 974 Ἐπειδὴ
1552 938 1674 974 ᾧκτειρά
1694 948 1734 973 σε,
1760 941 1896 977 ὑϐριστὴς

1105 984 1151 1010 καὶ
1164 983 1321 1018 μωρολόγος
1336 984 1383 1010 καὶ
1399 984 1585 1020 φρενοϐλαϐὴς
1599 985 1725 1019 γέγονας,
1745 986 1801 1020 ἐγώ
1816 995 1846 1012 σε
1865 989 1896 1013 ἐν

1105 1029 1181 1063 τάχει
1196 1029 1343 1064 τιμωρίαις
1358 1029 1491 1064 χαλεπαῖς
1516 1031 1682 1066 παραδώσω,
1702 1033 1745 1059 ἵνα
1771 1041 1817 1068 μοι
1843 1034 1895 1067 ἀφ’

1104 1074 1202 1100 ἑαυτοῦ
1221 1075 1322 1110 ειπῇς·
1343 1075 1392 1106 Δός
1409 1083 1454 1109 μοι
1483 1075 1526 1101 ἵνα
1548 1075 1633 1104 θύσω.
1664 1076 1693 1102 ’0
1708 1077 1736 1103 δὲ
1766 1080 1897 1111 γενναῖος

1103 1119 1151 1146 τοῦ
1170 1119 1291 1154 Χριστοῦ
1313 1120 1434 1155 ἀθλητὴς
1451 1118 1530 1147 εἶπεν
1544 1128 1551 1135 ·
1589 1122 1685 1149 Ἔστιν
1711 1123 1725 1149 ὁ
1743 1123 1811 1155 Θεός
1839 1132 1894 1158 μου

1104 1166 1152 1193 καὶ
1170 1165 1355 1201 ἀνεξάρνητςν
1372 1166 1451 1193 ἔσται
1466 1167 1497 1193 τὺ
1511 1167 1597 1202 ὀνομα
1620 1167 1651 1194 τὸ
1677 1168 1756 1202 ἇγιον
1782 1169 1866 1196 αὐτοῦ
1880 1178 1891 1184 -

1103 1214 1152 1240 οὐκ
1166 1213 1240 1239 ἐστιν
1267 1213 1313 1240 οὖν
1341 1213 1390 1249 τὴν
1408 1214 1501 1249 πηγὴν
1526 1215 1575 1250 τῆς
1601 1213 1674 1250 ζωῆς
1701 1216 1891 1243 καταλιπόντα

1104 1257 1250 1292 προσέχειν
1264 1257 1416 1291 δαιμονίοις
1432 1259 1478 1285 καὶ
1498 1259 1624 1286 σπένδειν
1637 1259 1734 1292 λίθοις,
1753 1258 1790 1288 ὧν
1804 1262 1893 1296 μητέ-

1105 1311 1151 1337 ρες
1169 1303 1283 1337 τέχναι·
1302 1303 1348 1329 καὶ
1366 1303 1419 1339 γὰρ
1433 1305 1529 1339 τέχναι
1556 1305 1631 1340 παρὰ
1642 1305 1696 1332 τῶν
1722 1307 1893 1342 ἀνθρώπων,

1103 1349 1128 1374 εἰ
1143 1348 1180 1383 μὴ
1198 1346 1268 1383 ἦσαν
1285 1350 1482 1385 ὲφευρημέναι,
1499 1351 1550 1377 οὐκ
1567 1351 1695 1386 ἐμέλλετε
1710 1353 1788 1385 θεοὺς
1804 1353 1892 1388 ἔχειν,

1104 1394 1173 1420 ἀλλὰ
1184 1395 1317 1430 ὑπάρχειν
1332 1395 1416 1422 ἄθεοι.
1438 1395 1467 1422 '0
1482 1396 1511 1422 δὲ
1531 1397 1709 1432 ’Δγριππῖνος
1724 1398 1810 1433 θυμοῦ
1822 1399 1894 1434 πλη-

1105 1439 1178 1470 σοεὶς
1192 1439 1235 1466 διά
1263 1439 1312 1475 τὴν
1337 1441 1494 1476 παρρησίαν
1511 1441 1559 1467 τοῦ
1585 1442 1736 1478 μάρτυρος,
1757 1443 1893 1478 ἐξανέστη

1104 1485 1152 1512 τοῦ
1174 1485 1271 1521 θρόνου
1305 1486 1352 1511 καὶ
1385 1486 1415 1512 τὸ
1447 1484 1625 1522 φιόλατλόριον
1653 1490 1891 1524 περισχισάμενος

1105 1532 1208 1568 σπουδῇ
1225 1532 1310 1567 πολλῇ
1324 1532 1433 1559 κελεύει
1457 1533 1577 1568 σφαίρας
1591 1535 1703 1571 σιδηρᾶς
1726 1537 1891 1572 πυρωθῆναι

1105 1578 1151 1604 καὶ
1163 1578 1275 1613 τεθῆναι
1293 1579 1332 1610 εις
1349 1579 1398 1610 τὰς
1414 1580 1557 1615 μασχάλας
1572 1580 1667 1608 αὐτοῦ.
1691 1582 1722 1607 Ui
1738 1581 1765 1608 δὲ
1784 1583 1892 1616 ὑπηρέ-

1103 1632 1149 1651 ται
1163 1624 1210 1651 τοῦ
1225 1625 1334 1652 Σατανᾶ
1350 1625 1449 1652 θᾶττον
1480 1627 1514 1653 τὰ
1532 1627 1713 1654 κελευσθέντα
1739 1629 1831 1660 αὐτοῖς
1851 1629 1892 1655 {t-

1104 1670 1271 1705 ςπράττοντο
1281 1679 1287 1686 ·
1302 1671 1420 1706 τοσαύτη
1431 1672 1485 1706 γὰρ
1497 1672 1648 1708 σφοδρότης
1660 1673 1691 1700 ὲκ
1703 1673 1757 1700 τῶν
1765 1675 1892 1710 σφαιρῶν

1103 1716 1211 1750 ἐγένετο
1224 1717 1270 1743 τοῦ
1288 1718 1386 1753 πυρὸς,
1402 1717 1471 1744 ὥστε
1487 1718 1523 1753 μὴ
1541 1719 1623 1753 μόνον
1648 1719 1821 1755 ἀναφανῆναι
1839 1721 1891 1752 τὰς

1102 1762 1224 1798 πλευρὰς
1250 1763 1344 1795 αὑτοῦ,
1362 1763 1430 1790 ἀλλὰ
1448 1764 1494 1790 καὶ
1526 1765 1576 1800 τὴν
1599 1764 1705 1792 ἔνδοθεν
1732 1767 1891 1801 οἰκονομίαν

1101 1809 1154 1836 τῶν
1173 1809 1334 1844 σπλάγχνων
1349 1810 1431 1836 αὑτοῦ
1453 1810 1603 1845 φθαρῆναι,
1623 1811 1676 1843 ἕως
1690 1812 1735 1838 διὰ
1749 1813 1804 1839 τῶν
1833 1822 1887 1848 μυ-

1102 1856 1211 1890 κτήρων
1221 1855 1301 1882 αὑτοῦ
1317 1855 1363 1882 καὶ
1375 1855 1422 1882 τοῦ
1433 1857 1586 1890 ἐγκεφάλου
1600 1858 1613 1883 6
1629 1858 1731 1889 καπνὸς
1741 1859 1891 1893 ἀνεφέρετο

1101 1901 1133 1927 ὲκ
1144 1901 1193 1935 τῆς
1202 1901 1510 1937 ὑπαφθήσηςαύτῶνδιά
1517 1902 1569 1928 τῶν
1577 1903 1700 1938 σφαιρῶν
1710 1904 1889 1939 θερμότητας.

1137 1945 1189 1973 IB'.
1208 1944 1238 1972 ’0
1251 1945 1280 1972 δὲ
1295 1947 1431 1982 μακάριος
1445 1947 1558 1974 Πλάτων
1575 1949 1623 1983 ἤδη
1639 1949 1779 1983 νομισθεὶς
1793 1950 1891 1976 τεθνά-

1101 2001 1156 2023 ναι,
1172 1989 1248 2018 εἶπεν
1268 1992 1336 2027 πρὸς
1349 1993 1393 2019 τὸν
1415 1993 1610 2028 Ἀγριππῖνον·
1628 1995 1735 2030 Μικραί
1753 1995 1800 2022 σού
1819 1997 1891 2023 εἰσιν

1102 2039 1130 2065 αἱ
1145 2037 1268 2073 βάσανοι,
1283 2039 1421 2074 αἱμοπότα
1436 2040 1484 2066 καὶ
1502 2039 1668 2075 θηριότροπε
1693 2043 1739 2068 καὶ
1766 2042 1890 2077 ἀνήμερς

1102 2084 1176 2111 κύων
1188 2084 1258 2120 πρὸς
1280 2085 1326 2110 τὺν
1352 2085 1438 2120 θυμόν
1454 2094 1501 2112 σου
1525 2086 1573 2113 καὶ
1603 2087 1772 2122 ἀγριότητα⁸
1802 2087 1861 2115 ἀλλ’
1877 2090 1891 2115 ὁ

1102 2131 1187 2164 θυμός
1205 2138 1252 2156 σου
1267 2131 1337 2158 ἔστω
1354 2131 1463 2167 μικρὸς,
1480 2132 1509 2158 αἱ
1524 2132 1552 2158 δὲ
1569 2132 1683 2166 βάσανοι
1699 2141 1745 2159 σου
1763 2133 1890 2160 ἔστωσαν

1103 2173 1220 2208 μεγάλαι
1234 2182 1241 2189 ·
1257 2175 1349 2210 γνώσῃ
1368 2176 1421 2211 γὰρ
1433 2176 1477 2203 διὰ
1493 2177 1547 2203 τῶν
1563 2178 1700 2212 βασάνων,
1714 2175 1752 2204 ὧν
1774 2179 1890 2212 ἐπάγεις

264 2224 332 2251 mihi
346 2224 478 2255 intentas,
503 2230 652 2258 cognosces
683 2223 835 2258 potentiam
865 2223 978 2256 Christi,
1004 2224 1050 2259 qui

1104 2226 1149 2253 μοι
1164 2217 1214 2253 τὴν
1237 2219 1352 2254 δύναμιν
1381 2221 1430 2246 τοῦ
1456 2220 1555 2256 βοηθοῦ
1578 2231 1628 2256 μου
1657 2223 1788 2259 Χριστοῦ.
1810 2223 1840 2250 ’0
1861 2223 1891 2250 δὲ

263 2272 332 2301 mihi
351 2272 403 2299 fert
419 2272 562 2299 auxilium.
587 2271 733 2306 Apparitor
743 2278 833 2299 autem
842 2272 956 2300 veniens
968 2280 1051 2309 prope

263 2323 388 2347 sanctum
396 2318 547 2350 Platonem,
560 2317 628 2345 dixit
639 2318 661 2345 ci
675 2318 770 2350 :Pare,
782 2326 798 2345 ο
810 2318 991 2353 bomo,jussis
1002 2319 1054 2347 im-

263 2365 398 2401 peratoris
405 2369 432 2392 et
446 2364 499 2392 diis
514 2365 647 2398 sacriﬁca,
658 2364 817 2398 etlueril‘ac,
829 2373 863 2392 ne
873 2365 942 2393 male
954 2366 1053 2394 moria~

263 2410 311 2437 ris.
323 2410 383 2437 Non
400 2415 478 2444 potes
493 2411 566 2437 enim
581 2414 698 2437 mortem
712 2410 845 2446 effugere,
867 2411 919 2438 nisi
935 2419 966 2439 ea
978 2412 1051 2440 [ευθ-

264 2455 314 2488 ris,
332 2462 392 2489 qua:
407 2462 422 2482 a
438 2462 482 2482 me
499 2455 548 2482 tibi
565 2456 638 2483 dicta
649 2461 723 2483 sunt.
737 2456 789 2489 Qui
808 2462 900 2484 autem
913 2463 975 2485 erat
986 2466 1051 2486 vere

264 2509 363 2537 magno
383 2507 410 2529 et
442 2502 551 2530 excelso
577 2503 670 2530 animo
690 2507 718 2531 et
740 2512 805 2532 vere
832 2504 936 2533 Christi
964 2506 1049 2539 Plato,

265 2548 447 2582 apparitorem
463 2547 572 2581 quidem
584 2556 638 2575 non
667 2549 760 2584 parvis
787 2549 928 2577 incessens
955 2556 1051 2578 contu-

264 2593 362 2624 meliis,
376 2593 402 2619 ei
420 2601 450 2620 os
464 2593 601 2620 obstruxit
625 2599 753 2629 tanquam
782 2594 852 2621 malo
866 2595 1028 2623 consiliario
1042 2604 1049 2622 :

264 2639 390 2666 interrito
398 2643 488 2665 autem
505 2638 604 2673 spiritu
614 2644 641 2666 ct
651 2641 744 2666 animo
760 2639 902 2673 immobili,
917 2645 944 2668 et
960 2645 1050 2668 mente

265 2692 319 2712 non
336 2684 506 2719 perturbata,
519 2684 613 2712 oculos
624 2685 651 2711 in
667 2685 767 2713 castum
791 2685 937 2717 extollens,
963 2685 1050 2713 dixit:

264 2731 380 2758 Donum
403 2733 489 2757 meum
514 2731 574 2758 dedi
592 2732 626 2758 ad
651 2731 805 2766 ﬂugella,et
826 2738 906 2765 genus
930 2739 1001 2758 meas
1017 2734 1051 2759 ad

264 2777 359 2810 alapas
374 2784 382 2803 :
402 2776 497 2809 [aciem
512 2781 601 2803 autem
626 2784 711 2803 meum
724 2784 774 2803 non
799 2777 882 2802 auerti
897 2785 912 2804 ιι
927 2777 1051 2804 dedecore

262 2827 400 2855 ιρκιονωιι
416 2823 446 2850 ¹¹.
459 2824 498 2851 Ne
511 2823 658 2851 discesserit
671 2831 686 2849 α
702 2831 752 2857 me,
785 2823 902 2857 Domine,
920 2826 1042 2859 quoniam

319 2883 341 2899 “
357 2883 409 2912 lsn.
427 2892 452 2914 ι.
466 2886 491 2913 6.

1105 2264 1200 2299 βοηθὸς
1212 2265 1369 2300 προσελθὼν
1381 2267 1494 2302 πλησίον
1506 2268 1554 2294 τοῦ
1567 2269 1646 2303 ἁγίου
1659 2268 1802 2300 Πλάτωνος
1812 2267 1891 2296 εἶπεν

1102 2310 1188 2346 αὐτῷ’
1205 2311 1336 2346 Πείσθητι
1346 2314 1402 2345 τοῖς
1415 2315 1612 2350 προστάγμασι
1627 2316 1673 2342 τοῦ
1685 2316 1890 2352 αὐτοκράτορος

1102 2359 1152 2385 καὶ
1169 2357 1251 2384 θῦσον
1262 2360 1317 2390 τοῖς
1333 2359 1413 2391 θεοῖς,
1431 2362 1478 2387 καὶ
1493 2362 1523 2387 τὸ
1537 2362 1631 2394 κακῶς
1652 2363 1802 2390 ἀποθανεῖν
1823 2365 1889 2399 κέρ-

1105 2403 1197 2437 δησον.
1216 2404 1253 2430 Ού
1265 2404 1320 2439 γὰρ
1347 2405 1460 2432 δύνασαι
1475 2408 1628 2441 ἀποφυγεῖν
1640 2408 1685 2434 τὸν
1702 2409 1827 2442 θάνατον,
1841 2410 1890 2436 ἐὰν

1103 2449 1140 2484 μὴ
1155 2449 1259 2485 ἀνάσχῃ
1275 2450 1328 2476 τῶν
1340 2451 1489 2486 λεχθέντων
1504 2461 1546 2479 σοι
1566 2454 1632 2488 παρ’
1645 2454 1724 2489 ἐμοῦ.
1746 2455 1776 2482 '0
1793 2455 1821 2481 δὲ
1841 2464 1889 2490 με-

1101 2495 1247 2529 γαλόψρων
1264 2496 1311 2522 καὶ
1323 2497 1438 2532 εὐγενὴς
1450 2499 1482 2534 τῇ
1500 2499 1574 2535 ψυχῇ
1599 2500 1646 2526 καὶ
1666 2500 1776 2535 ἀληθῶς
1794 2501 1890 2532 δοῦλος

1100 2539 1148 2566 τοῦ
1159 2541 1280 2575 Χριστοῦ
1293 2542 1407 2569 Πλάτων
1421 2543 1467 2570 τὸν
1494 2545 1546 2579 μὲν
1561 2545 1658 2581 βοηθὸν
1672 2547 1703 2572 οὐ
1722 2547 1830 2582 μικρῶς
1844 2548 1890 2573 ιν-

1101 2584 1226 2620 υὸρίσας,
1238 2586 1419 2623 ἐπεστόμισεν
1435 2589 1473 2621 ὼς
1495 2591 1734 2627 κακοσύμὸουλον,
1760 2593 1890 2628 ἀτρέπτῳ

1100 2631 1128 2657 δι
1148 2632 1305 2667 φρονήματι
1318 2634 1364 2660 καὶ.
1384 2635 1579 2672 ὰμετακινήτῳ
1594 2639 1628 2672 τῇ
1650 2637 1722 2673 ψυχῇ
1746 2638 1794 2664 καὶ
1821 2639 1876 2666 ἀτα

1104 2679 1178 2714 ράχῳ
1195 2680 1227 2714 τῇ
1242 2679 1344 2715 διανοίᾳ
1358 2680 1502 2714 ἀνατείνας
1515 2683 1578 2714 τοὺς
1600 2683 1758 2719 ὀφθαλμοὺς
1782 2686 1824 2716 εις
1839 2686 1890 2711 τὸν

1100 2725 1215 2760 οὐρανὸν
1232 2723 1308 2752 εἶπεν
1322 2734 1328 2742 ·
1346 2727 1402 2754 Τὸν
1416 2728 1513 2755 νῶτόν
1527 2738 1585 2764 μου
1605 2730 1702 2758 ἔδωκα
1720 2733 1764 2764 εις
1777 2732 1889 2766 μάστι-

1100 2780 1164 2807 γας,
1179 2774 1232 2805 τὰς
1247 2773 1281 2800 δὲ
1294 2775 1439 2809 a'taro’rac
1458 2777 1692 2812 εὶςραπίσμςιτα·
1709 2778 1742 2805 τὸ
1751 2779 1786 2805 δὲ
1793 2781 1890 2813 πρόσ-

1096 2821 1176 2847 ωπόι·
1188 2829 1247 2855 μου
1267 2822 1322 2848 οὐκ
1344 2822 1498 2858 ἀπέφρύά
1524 2825 1583 2852 ἀπὸ
1610 2826 1759 2860 αἰσχύνης
1773 2826 1889 2860 ἐμπτυη
