2024 3153
150 172 196 202 Ili
782 169 868 200 VITA
896 169 927 198 S.
950 166 1146 197 PLATONIS.

1722 168 1774 201 418

149 227 279 263 σμάτωνν
290 228 334 261 μὴ
347 225 487 261 ἀποστῇς
497 226 547 253 ἀπ’
558 226 643 262 ἐμοῦ,
654 226 756 260 Κύριε,
771 226 815 253 ὅτι
836 225 938 260 0.5191(-

990 223 1140 258 aﬂiictiotm
1157 231 1234 258 prope
1248 225 1289 256 ";
1305 232 1336 250 ne
1349 225 1416 259 forte
1430 225 1518 252 dicunt
1550 230 1653 260 gcnlu:
1665 225 1714 253 Ubi
1738 231 1775 254 ut

150 274 247 308 ἐγγὺς,
264 274 308 307 μή
333 281 406 300 ποτε
429 272 557 300 ειπωσιν
582 272 618 299 τὰ
638 273 725 306 ἔθνη,
742 271 804 298 Ποῦ
820 271 904 298 ἐστιν
921 272 936 297 ό

150 320 216 352 Θεὸς
227 319 444 352 αὑτοῦ;Αὑτὸς
461 316 519 350 οὖν,
538 318 637 352 Κύριε,
657 318 746 353 Ἰησοῦ
759 317 871 352 Χριστὲ,
889 317 919 342 εὑ

151 367 265 400 Μκησον
277 366 317 396 είς
333 365 394 399 ἐμὲ,
410 364 453 390 ἵνα
467 363 579 394 τελείως
589 363 639 398 τὴν
655 363 804 398 τυραννίδα
819 362 865 388 τοῦ
878 362 938 389 δια-

150 411 227 437 ϐόλου
241 410 384 444 διαφυγὼν
406 409 540 444 παραστῶ
573 408 612 444 τῷ
636 407 740 443 βήματι
771 416 817 434 σου
832 407 870 441 τῴ
888 415 935 440 φο-

149 457 232 492 δερῷ,
261 457 306 482 τὸν
331 454 415 482 καλὸν
443 455 538 489 ἀγῶνα
566 453 792 488 ἀγωνισάμενος·
814 453 856 479 σοὶ
884 452 938 487 γὰρ

151 503 251 538 πρέπει
265 502 313 528 καὶ
328 502 357 527 ὲν
380 500 543 535 ἐκκλησίαις
571 500 616 526 καὶ
639 499 669 525 ὲν
688 499 772 525 παντὶ
796 498 872 533 τόπῳ
889 499 938 533 τῆς

150 549 309 579 δεσποτείας
324 556 372 573 σου
386 547 466 582 τιμὴ,
485 546 597 581 κράτος,
617 545 810 580 μεγαλωσύνη,
828 545 876 572 νῦν
891 545 938 571 καὶ

152 596 196 621 ἀεὶ
213 595 263 620 καὶ
279 595 319 624 είς
334 594 397 624 τοῦς
410 593 521 623 αἰῶνας.
541 592 594 618 Καὶ
607 591 711 618 πολλῶν
725 591 939 617 ἐπακουσάντων

149 641 178 668 τὸ
200 641 300 675 Ἀμὴν,
320 640 430 674 ἐσείσθη
448 640 462 666 ὁ
476 639 559 670 τόπος
578 639 630 674 τῆς
656 639 800 674 βασιλικῆς
817 642 863 664 καὶ
878 637 938 665 οὐδὲ

149 688 233 718 οὓτως
248 688 366 721 συνῆκεν
389 687 404 712 ό
427 687 617 721 Ἀγριππῖνος,
635 686 676 712 ὅτι
701 685 885 721 βοηθούμενος
904 683 938 720 ἦν

149 734 222 766 παρὰ
236 733 285 760 τοῦ
302 732 435 767 Χριστοῦ,
451 733 509 759 ἀλλ’
525 730 585 759 εἶπε
611 733 679 768 πρὸς
698 733 780 760 αὐτόν
794 740 801 747 ⁸
825 732 937 765 ’Δνὸσιε,

149 779 191 806 διὰ
209 778 236 804 τί
253 777 326 804 οὕτω
350 778 533 812 ἁπονενόησαι
563 777 612 804 καὶ
639 778 668 804 οὗ
694 778 773 813 φείδῃ
799 777 846 804 τοῦ
872 777 937 804 ίδίου

151 824 289 859 σώματος,
307 824 377 858 ὁρῶ-ι
395 824 476 850 αὐτὸν
490 824 576 855 οὕτως
603 823 740 860 διαφόρως
761 824 938 858 τιμωρούμε-

150 879 208 897 νον·
228 870 356 904 πείσθητι
372 869 418 896 οὖν
433 878 478 904 μοι
494 870 541 896 καὶ
565 869 646 896 θῦσον
659 871 715 901 τοῖς
739 869 821 902 θεοῖς,
839 870 883 896 ἴνα
899 869 937 904 μὴ

150 916 244 947 κακῶς
266 915 420 950 ἀποθάνῃς.
443 916 556 943 Πλάτων
579 914 657 942 εἶπεν
671 923 678 930 ”
699 913 782 942 Εἶπέν
800 924 840 942 σοι
870 915 937 941 πολ-

149 960 241 994 λάκις,
257 961 306 986 καὶ
321 961 369 987 νῦν
386 969 428 987 σοι
455 960 538 994 λέγω,
565 961 608 987 ὅτι
622 961 690 987 Θεοῦ
707 960 808 992 ζῶντος
832 961 936 996 λάτρης

149 1006 207 1041 είμὶ
224 1007 272 1033 καὶ
287 1006 385 1032 τούτου
402 1006 435 1032 τὰ
455 1007 581 1041 δόγματα
594 1006 758 1041 καταλείψαι
770 1007 800 1033 οὑ
817 1007 937 1041 δύναμαι

149 1053 266 1082 καὶτοῖς
284 1052 412 1087 ματαίοις
430 1053 459 1078 τὸ
482 1051 569 1088 ονομα
590 1052 682 1086 ἔχουσι
706 1052 777 1083 θεοῖς
803 1053 858 1084 τοῖς
877 1052 936 1078 κίδ-

148 1097 240 1133 δηλοις
255 1098 360 1129 τούτοις
378 1098 569 1133 προσκυνῆσαι
587 1098 634 1124 καὶ
661 1099 793 1133 μυσαροῖς
819 1098 938 1129 εἰδώλοις

147 1143 198 1169 οὐκ
210 1142 358 1178 ἀνέχομαι.
385 1141 465 1169 Ἀλλὰ
479 1141 541 1168 καθ’
554 1142 661 1176 ἡμέραν
685 1142 714 1167 οὺ
737 1141 881 1176 παύσομαι
899 1141 938 1176 τῷ

147 1187 208 1222 Θεῷ
223 1187 456 1222 προσευχόμενος,
472 1187 656 1222 προσπίπτων
677 1187 724 1213 καὶ
745 1187 873 1221 δεόμενος
888 1187 938 1221 τῆς

147 1233 215 1268 παρ’
245 1232 329 1259 αὐτοῦ
360 1233 491 1268 ἀληθινῆς
515 1232 655 1267 σωτηρίας
688 1233 790 1267 τυχεῖν,
817 1233 853 1258 Σὺ
887 1232 937 1264 δὲ,

153 1279 330 1313 ’Δγριππῖνε,
344 1279 470 1314 ματαίοις
485 1278 607 1310 είδώλοις
619 1278 818 1313 προστετηκὼς
831 1278 878 1305 καὶ
891 1278 938 1304 τὸν

147 1324 211 1352 νοῦν
231 1325 419 1360 σεσυλημένος
438 1325 484 1352 τὸν
511 1326 552 1356 είς
578 1324 745 1358 θεογνωσίαν
765 1333 794 1351 σε
824 1324 938 1351 ἕλκοντα

146 1370 225 1406 παρὰ
250 1369 299 1397 τοῦ
315 1371 420 1406 πατρός
443 1379 490 1398 σου
507 1371 555 1398 τοῦ
570 1371 690 1404 Σατανᾶ,
709 1371 757 1397 καὶ
771 1371 839 1402 ὅλως
855 1369 938 1397 αὑτοῦ

146 1416 308 1450 γενόμενο;,
337 1417 386 1443 καὶ
404 1417 445 1445 είς
462 1416 512 1452 τὴν
531 1417 591 1443 ὁδον
615 1417 665 1452 τῆς
692 1416 764 1451 ζωῆς
786 1416 876 1443 ἐλθεῖν
901 1415 938 1451 μὴ

147 1461 313 1497 βουλόμενος
326 1463 366 1493 είς
383 1462 467 1490 αίῶνα
483 1462 556 1497 παρὰ
570 1461 618 1488 τοῦ
630 1462 697 1488 θεοῦ
711 1461 757 1488 τοῦ
774 1461 939 1497 βοηθοῦντος

147 1516 200 1542 μου
212 1508 400 1544 τιμωρηθήσῃ
416 1508 454 1539 ὡς
468 1507 620 1542 ἐνυϐρίζων
634 1508 699 1539 τοὺς
715 1507 827 1538 δούλους
841 1506 936 1539 αὑτοῦ,

152 1553 281 1588 οἰόμενος
295 1553 457 1587 μεταϐαλεῖν
479 1553 568 1579 αὐτῶν
599 1553 648 1589 τὴν
672 1553 712 1584 είς
739 1552 805 1580 Θεὸν
832 1552 938 1588 ἀγαθὴν

150 1600 327 1634 προαίρεσιν.

182 1646 235 1672 II".
261 1646 442 1681 Ἀγριππῖνος
458 1645 522 1680 ἔφη’
536 1645 599 1678 Ἴδε,
613 1645 736 1677 Πλάτων,
753 1645 804 1672 ὅσα
816 1653 845 1672 σε
858 1644 939 1672 εἴασα

149 1692 341 1727 φλυαρίσαντα
369 1691 579 1726 μωρολογῆσαι·
613 1691 683 1726 πλὴν
703 1692 727 1718 εί
753 1691 800 1718 καὶ
828 1691 940 1722 ἀνάξιος

149 1739 288 1774 ὑπάρχεις
304 1737 358 1765 τῶν
374 1738 440 1772 παρ’
456 1737 534 1772 ἡμῶν
545 1737 631 1771 λόγων
644 1738 657 1763 ε
672 1737 689 1764 ἀ
713 1737 764 1772 τὴν
777 1737 940 1772 θρασύτητα

149 1792 196 1810 σου
213 1784 262 1810 καὶ
281 1783 472 1818 ἀμετάϐλητον
497 1783 613 1819 καρδίαν
625 1792 632 1798 ·
645 1783 761 1810 ἄκουσον
776 1784 844 1818 ὅπερ
865 1783 937 1817 λέγω

149 1837 210 1856 σοι.
224 1829 361 1860 Πολλάκις
388 1828 475 1855 πολλὰ
491 1828 600 1862 ἀκήκοα
627 1828 742 1856 τοιαῦτα
770 1829 824 1855 τῶν
841 1829 938 1864 ὁμολο-

149 1875 272 1910 γούντων
288 1875 333 1901 τὸν
349 1873 501 1907 Γαλιλαῖον,
523 1875 570 1902 καὶ
582 1875 670 1906 οὐδεὶς
688 1874 818 1909 ἀνέλυσεν
834 1875 866 1901 ἐκ
886 1874 940 1901 τῶν

149 1919 223 1955 ὴμῶν
235 1919 340 1954 χειρῶν
357 1919 423 1951 ζῶν,
436 1920 461 1945 εἰ
476 1919 514 1954 μὴ
529 1919 645 1954 ἐπείσθη
657 1919 704 1946 καὶ
714 1919 826 1947 ἔθυσεν.
844 1919 876 1946 Et
893 1917 940 1945 οὖν

151 1967 189 2000 μὴ
202 1965 294 1996 Θέλεις
319 1965 485 2000 ἀνασχέσθαι
508 1974 558 2000 μου
588 1966 636 1992 καὶ
661 1965 742 1992 οὖσαι
772 1967 827 1996 τοῖς
857 1965 938 1998 Θεοί’,

149 2013 231 2049 βλέπε
251 2013 275 2040 τί
295 2012 405 2047 μέλλεις
419 2012 534 2047 πάσχειν
546 2020 554 2027 ο
572 2012 619 2038 καὶ
634 2012 689 2047 γὰρ
717 2011 804 2038 πολλὰ
827 2011 941 2046 βασανι-

150 2061 253 2096 στήρια
279 2058 408 2094 μένουσίν
438 2066 480 2085 σε.
503 2058 535 2084 '0
565 2057 643 2092 ἅγιος
660 2057 708 2084 τοῦ
737 2057 805 2084 Θεοῦ
833 2059 941 2093 μάρτυς

150 2107 266 2134 [ἰλὰτων
283 2105 402 2139 γελάσας
418 2102 495 2131 εἶπεν
508 2111 514 2118 ·
535 2103 640 2137 ’Λολιε,
654 2104 701 2130 καὶ
711 2103 881 2139 ταλαίπωρε,
893 2104 941 2131 καὶ

151 2151 344 2187 μισανθρωπε,
363 2150 410 2176 καὶ
425 2150 560 2184 ἀνήμερε,
578 2149 626 2175 καὶ
651 2149 741 2184 πάσης
766 2149 940 2184 παρανομίας

151 2195 270 2231 αρληγὲ,
281 2195 407 2228 ἀλλότριε
419 2194 465 2221 τοῦ
479 2194 557 2227 Θεοῦ,
568 2194 616 2220 καὶ
630 2194 756 2229 ὑπηρέτα
764 2193 812 2220 τοῦ
823 2194 939 2227 Σατανᾶ,

990 270 1057 297 Deus
1071 278 1161 296 eorum
1180 270 1200 285 "
1213 270 1224 296 ?
1238 269 1298 296 Tibi
1313 277 1378 305 ergo
1391 271 1505 304 placeat,
1522 280 1538 298 ο
1572 272 1626 298 Do.
1641 273 1686 300 ine
1709 274 1731 300 J-
1743 283 1774 301 sn

988 315 1114 346 Christe.
1130 320 1158 342 ut
1170 323 1220 351 ego
1237 316 1355 343 famulus
1370 321 1443 349 tuus,
1475 317 1594 352 perfecte
1623 319 1775 347 adversaiii

987 361 1122 397 effugiens
1140 362 1323 397 tyrannidem,
1339 370 1402 389 cum
1415 363 1527 389 audacia
1537 367 1564 389 et
1582 363 1678 391 ﬁducia
1695 366 1776 392 sistar

988 413 1051 435 ante
1064 413 1140 435 tuutn
1164 409 1284 435 tribunal
1304 408 1437 440 terribile,
1452 409 1503 436 hoc
1521 411 1636 443 pulchro
1648 411 1776 439 confecto

988 454 1151 481 certamine.
1168 453 1207 481 'I‘e
1223 454 1295 481 enim
1311 454 1390 482 decet
1403 459 1431 481 et
1445 455 1472 481 in
1498 454 1627 482 Ecclesiis
1649 460 1676 482 et
1701 457 1776 484 omni

989 499 1048 527 loco
1064 503 1117 526 tua:
1132 500 1330 527 dominationis
1355 500 1453 535 gloria,
1482 500 1579 532 bon0r,
1607 502 1728 535 potentia
1749 506 1777 529 ct

990 545 1129 578 majeslas.
1148 552 1222 572 nunc
1241 549 1400 580 etsemper,
1418 550 1445 572 et
1475 545 1502 572 in
1535 545 1633 572 saecula
1666 547 1778 574 saculo-

990 597 1060 616 rnm.
1086 590 1120 616 Et
1135 598 1197 618 cum
1226 590 1302 617 multi
1316 591 1469 618 audiissent
1484 612 1491 624 ,
1515 591 1612 622 Amen.
1633 597 1723 620 motus
1736 598 1778 620 est

989 635 1065 662 locus
1086 636 1228 663 basilicae:
1246 641 1274 663 et
1287 644 1321 663 ne
1341 637 1381 664 sic
1403 637 1514 672 quidem
1541 638 1676 665 intellexit
1695 639 1777 666 miser

989 684 1164 719 Agrippinus,
1181 685 1253 718 quod
1268 685 1397 712 Christus
1411 686 1436 712 ei
1452 686 1540 713 ferret
1570 687 1713 718 auxilium,
1729 687 1777 714 sed

989 729 1059 755 dixit
1075 729 1100 756 ei
1114 738 1120 755 :
1139 729 1235 763 Impie,
1248 737 1297 756 cur
1309 737 1338 756 es
1353 729 1421 756 adeo
1438 736 1536 758 emota:
1555 736 1665 763 mentis,
1684 736 1775 758 etnon

989 774 1077 809 parcis
1096 777 1142 801 tuo
1154 775 1275 808 corpori.
1292 782 1354 802 cum
1372 775 1398 802 id
1415 775 1505 803 videas
1519 776 1601 802 variis
1616 777 1704 803 modis
1715 781 1770 803 tam

989 820 1086 847 acerbe
1102 819 1242 847 cruciari?
1257 821 1326 848 Pare
1340 828 1405 856 ergo
1429 822 1508 854 mihi,
1527 827 1555 849 et
1568 822 1691 850 sacriﬁca
1725 823 1777 850 diis

990 867 1212 898 intemeratis,ne
1227 867 1297 894 male
1312 867 1450 895 moriaris.
1468 869 1587 895 Sanctus
1599 868 1674 896 Plato
1690 870 1774 896 dixit:

953 898 974 927 Β
991 912 1046 939 Dixi
1060 913 1109 940 tibi
1125 920 1208 946 saepe,
1225 913 1291 947 quin
1310 913 1392 940 etiam
1410 921 1485 940 nunc
1503 914 1550 941 tibi
1569 914 1641 947 dico,
1659 923 1702 942 mc
1717 923 1777 942 esse

989 958 1034 985 Dei
1051 959 1196 990 cultorem,
1218 967 1268 986 nec
1285 964 1315 986 ut
1346 960 1408 994 ejus
1436 961 1545 987 decreta
1574 961 1706 992 deseram.
1734 970 1777 988 me

988 1004 1109 1038 possein
1136 1004 1259 1031 animum
1277 1006 1418 1038 inducere,
1447 1014 1497 1032 nec
1526 1010 1555 1032 ut
1579 1014 1627 1033 eos
1653 1006 1776 1039 adorent),

987 1050 1034 1084 qui
1063 1054 1166 1077 temere
1199 1057 1299 1077 nomen
1333 1051 1434 1078 habent
1465 1053 1590 1084 deorum,
1613 1058 1777 1079 suntautem

988 1095 1140 1122 adulterina
1153 1100 1180 1122 et
1189 1096 1356 1123 exsecranda
1365 1096 1522 1124 simulacra.
1534 1097 1588 1125 Sed
1602 1105 1654 1124 non
1665 1099 1778 1125 cessabo

989 1141 1016 1168 iu
1029 1141 1088 1168 dies
1101 1142 1210 1169 assidue
1241 1142 1296 1170 Deo
1313 1151 1374 1170 meo
1394 1144 1537 1177 procidere
1563 1148 1590 1171 et
1610 1152 1672 1171 eum
1688 1152 1777 1178 orare.

989 1192 1019 1215 ut
1034 1188 1151 1215 salutem
1160 1191 1194 1215 ab
1211 1196 1244 1215 eo
1260 1196 1424 1224 consequtur.
1443 1188 1484 1216 Tu
1501 1195 1607 1222 autem,
1628 1191 1779 1226 Agrippini,

990 1239 1117 1269 tyranne,
1131 1235 1208 1262 vanis
1222 1234 1318 1262 aIIixus
1347 1236 1512 1268 simulacris,
1527 1241 1555 1264 et
1581 1244 1597 1264 a
1632 1242 1709 1271 patre
1732 1244 1779 1264 tuo

989 1280 1087 1308 Satana
1095 1281 1324 1315 privatusmente.
1334 1290 1394 1316 qum
1409 1287 1435 1309 te
1449 1283 1616 1310 trahebatad
1631 1283 1675 1310 Ilei
1687 1283 1780 1319 cogni-

990 1325 1104 1358 tionem,
1121 1331 1149 1354 et
1163 1331 1236 1354 totus
1251 1328 1378 1355 redactus
1395 1328 1422 1355 in
1438 1329 1497 1363 ejus
1515 1334 1689 1364 potestatem,
1703 1335 1730 1357 et
1745 1330 1780 1357 ad

988 1371 1060 1399 viam
1076 1373 1139 1399 vitae
1157 1373 1252 1400 nolens
1269 1374 1429 1405 ascendere,
1449 1375 1475 1401 in
1489 1380 1621 1402 aatemum
1654 1376 1779 1410 punicris

988 1424 1003 1444 ο
1017 1417 1139 1452 Deo,’qui
1153 1418 1219 1445 mihi
1232 1419 1286 1446 [ert
1300 1427 1390 1454 opem.
1418 1420 1505 1452 Quem
1534 1422 1701 1449 contumelia
1723 1421 1782 1449 alii-

988 1463 1074 1495 ciens,
1089 1464 1148 1498 ejus
1162 1472 1257 1492 servos
1271 1465 1354 1493 variis
1388 1467 1532 1494 tormentis
1549 1467 1670 1501 subjicis,
1687 1469 1781 1495 existi-

988 1516 1068 1536 mans
1084 1513 1110 1536 te
1126 1515 1294 1538 minatur-um
1310 1519 1405 1539 earum
1420 1513 1521 1540 bonum
1539 1513 1565 1540 in
1581 1513 1665 1541 Deum
1681 1521 1781 1549 propo-

989 1554 1085 1582 situm.

1024 1643 1094 1671 XIII.
1106 1644 1275 1680 Agrippinus
1291 1645 1360 1673 dixit
1374 1654 1382 1673 :
1396 1646 1475 1680 Vide,
1495 1645 1584 1677 Plato.
1602 1655 1683 1682 quam
1697 1647 1780 1674 multa

989 1690 1038 1718 sivi
1055 1695 1080 1718 te
1094 1696 1242 1726 nugantem
1256 1691 1340 1719 stulta
1354 1692 1455 1719 dicere.
1474 1691 1526 1719 Sed
1541 1692 1591 1720 etsi
1605 1692 1643 1720 sis
1654 1693 1781 1728 indignus

989 1736 1090 1764 nostris
1107 1737 1282 1764 sermonibus
1299 1742 1409 1773 propter
1425 1742 1499 1765 tuam
1518 1738 1661 1765 audaciam
1691 1743 1718 1766 et
1733 1746 1781 1765 cor

989 1781 1181 1815 immutabilcﬂ
1196 1783 1259 1810 audi
1289 1784 1361 1818 quod
1416 1784 1465 1810 tibi
1493 1783 1575 1811 dico:
1597 1783 1674 1818 Swpe
1690 1784 1781 1811 audivi

990 1828 1072 1854 multa
1095 1829 1232 1862 ejusmodi
1258 1830 1292 1856 ab
1310 1829 1343 1856 iis
1365 1830 1410 1864 qui
1443 1830 1612 1858 conﬁtentur
1625 1830 1780 1862 Gallzeum.

990 1881 1041 1900 nec
1057 1873 1129 1901 ullus
1146 1875 1262 1902 recessit
1273 1875 1353 1902 vivus
1372 1883 1386 1902 ιι
1407 1875 1476 1902 meis
1499 1876 1637 1907 manibus,
1651 1876 1703 1902 nisi
1721 1884 1782 1910 per-

990 1925 1088 1946 suasus
1112 1919 1149 1946 sit
1170 1924 1199 1946 et
1227 1920 1400 1948 sacriﬁt-arit.
1428 1920 1457 1947 Si
1484 1928 1549 1956 ergo
1572 1929 1627 1948 non
1645 1922 1685 1949 vis
1713 1922 1782 1948 mihi

991 1971 1094 1991 morem
1110 1972 1219 1999 gerere,
1247 1970 1274 1992 et
1299 1965 1352 1993 diis
1374 1966 1541 1999 sacriﬁcare,
1566 1967 1627 1994 vide
1651 1967 1716 2002 quid
1744 1967 1783 1994 III

990 2018 1135 2045 passurus.
1150 2010 1189 2038 Te
1204 2011 1277 2038 enim
1289 2012 1373 2039 multa
1391 2017 1504 2040 manent
1521 2017 1668 2046 tormenta,
1686 2013 1710 2041 si
1725 2021 1781 2041 non

990 2056 1129 2083 audiveris
1137 2064 1180 2084 me
1191 2057 1237 2083 tibi
1248 2057 1447 2085 consulentem.
1459 2057 1576 2085 Sanctus
1584 2063 1674 2085 autem
1681 2059 1782 2086 Christi

990 2107 1090 2137 martyr
1101 2102 1251 2129 I’latodixit
1263 2111 1268 2128 :
1282 2102 1378 2129 Intclix
1395 2103 1591 2134 ctinhumatte,
1610 2108 1638 2130 et
1657 2105 1783 2133 homines

992 2147 1097 2175 habens
1107 2147 1179 2179 odio.
1188 2153 1317 2175 etauctor
1325 2156 1355 2175 ac
1363 2149 1490 2184 princeps
1497 2149 1586 2176 omnis
1596 2149 1756 2184 iniquitatis.
1767 2158 1782 2178 a

992 2193 1047 2220 Deo
1061 2194 1151 2221 aliene
1164 2198 1190 2221 ct
1208 2194 1334 2221 minister
1346 2194 1464 2226 Saluum,
1492 2199 1520 2222 et
1549 2195 1634 2222 hxeres
1655 2196 1723 2230 ignis
1735 2204 1782 2231 ge-

151 2243 200 2268 καὶ
214 2242 264 2276 τῆς
282 2239 397 2276 γεέννης
408 2239 457 2266 τοῦ
487 2240 573 2276 πυρὸς
588 2239 755 2275 κληρονόμε,
782 2240 829 2265 καὶ
846 2240 937 2275 πάσης

994 2239 1101 2272 bonum,
1115 2246 1142 2267 et
1157 2240 1240 2275 digne
1264 2241 1338 2268 omni
1351 2241 1475 2275 suplicio.
1490 2248 1545 2267 non
1559 2249 1601 2268 me
1622 2246 1725 2268 terrent
1738 2246 1782 2268 tua

150 2289 241 2324 δεινῆς
257 2288 396 2318 κολάσεως
422 2287 493 2320 ἄξιε,
507 2287 537 2312 οὺ
555 2286 679 2312 πείθουσί
696 2294 730 2321 με
747 2286 772 2312 ot
788 2286 861 2320 λόγοι
877 2293 936 2312 σου·

151 2336 175 2361 εί
192 2334 276 2369 γιρὸ
291 2333 357 2368 ἐμὸς
382 2333 522 2367 Δεσπότης
545 2332 662 2367 Χριστος
687 2332 719 2358 τὸ
745 2331 843 2358 ἑαυτοῦ
870 2330 941 2366 αἷμα

151 2380 260 2416 ἐξέχεεν
293 2380 364 2416 ὑπὲρ
385 2379 464 2415 ὲμοῦ,
482 2380 526 2406 ἵνα
543 2379 598 2405 ἀπὸ
634 2379 724 2412 πάσης
749 2378 865 2413 ἀνομίας
895 2378 942 2404 τὸν

152 2427 255 2462 κόσμον
269 2425 354 2452 αὐτοῦ
369 2425 556 2461 λυτρώσηται,
583 2426 661 2459 πόσῳ
688 2423 792 2459 μᾶλλον
818 2424 900 2458 ἡμεῖς
917 2424 941 2450 ot

152 2472 312 2508 ἁμαρτωλοὶ
323 2471 469 2507 ὀφείλομεν
484 2471 669 2506 ἀποθνήσκειν
686 2471 758 2506 ὑπὲρ
784 2471 877 2503 αὐτοῦ,
897 2471 940 2497 ἴνα

153 2520 204 2546 κᾶν
215 2519 261 2546 διὰ
277 2519 374 2545 τούτου
385 2518 560 2553 εὐγνώμονες
602 2518 732 2554 ὀφθῶμεν
747 2517 786 2553 τῷ
815 2518 941 2553 ὑμετέρῳ

153 2566 289 2601 Δεσπὴτῃ.

189 2613 238 2640 1Δ’.
265 2612 296 2638 '0
308 2612 336 2639 δὲ
356 2612 538 2647 Ἀγριππῖνος
555 2611 725 2646 προσέταξεν
744 2610 943 2646 λωροτομηθῆ-

154 2667 198 2685 ναι
215 2659 296 2686 αὑτὸν
307 2659 395 2684 εἰπών
408 2666 415 2673 ·
444 2658 475 2684 Εί
490 2658 546 2693 ἄρα
575 2657 707 2693 βοηθήσει
733 2657 815 2683 αὐτὸν
831 2657 844 2683 6
875 2656 942 2689 Θεδς

153 2704 196 2739 ἐφ’
216 2700 238 2738 ᾧ
252 2704 369 2736 ἐλπίζει,
386 2703 441 2730 τῶν
460 2704 488 2730 δὲ
502 2703 651 2739 βασιλικῶν
665 2703 814 2735 διατάξεων
832 2702 943 2728 καὶτῶν

153 2751 296 2787 ἡμετέρων
315 2750 538 2785 προσταγμάτων
555 2748 751 2784 καταφρονῶν.
771 2744 850 2774 Καὶὸ
863 2747 942 2781 ἅγιος

154 2797 270 2824 Πλάτων
298 2794 421 2827 ἀκούσας
441 2794 527 2821 ταῦτα
553 2792 652 2820 εἶπεν·
682 2792 871 2820 ’Ᾱναιδέττατε
897 2793 944 2818 καὶ

206 2887 228 2904 ⁸⁸
247 2885 319 2914 Petti.
336 2893 393 2918 xxx,
411 2884 454 2918 il,
473 2884 514 2911 l2.
588 2883 609 2899 "
621 2883 693 2911 Psai.
709 2890 824 2914 until,
839 2881 880 2910 10.

993 2286 1088 2318 verba,
1105 2293 1155 2312 nec
1168 2286 1249 2313 minae
1261 2286 1326 2313 mihi
1342 2286 1520 2320 persuadent.
1538 2285 1612 2313 Meus
1629 2287 1703 2313 enim
1732 2286 1770 2314 Do

994 2331 1086 2358 minus
1100 2339 1149 2365 pro
1164 2339 1207 2358 me
1216 2339 1295 2358 suum
1307 2331 1403 2358 eIIudit
1423 2331 1594 2365 sanguinem,
1607 2336 1636 2358 ut
1652 2332 1782 2359 mundum

994 2376 1142 2403 redimeret
1158 2376 1192 2403 ab
1203 2376 1277 2403 omni
1290 2376 1450 2410 iniquitate:
1470 2381 1573 2410 quanto
1606 2378 1694 2412 magis
1731 2386 1784 2405 nos

994 2425 1153 2456 peccatores
1168 2421 1302 2448 debemus
1312 2421 1430 2456 proipso
1443 2422 1523 2453 mori,
1555 2427 1584 2450 ut
1598 2423 1639 2449 vel
1656 2431 1705 2458 per
1730 2423 1783 2450 hoc

993 2466 1062 2502 grati
1074 2471 1102 2494 et
1132 2466 1258 2494 beneﬁcii
1285 2475 1421 2494 memores
1436 2467 1636 2501 conspiciamur
1670 2470 1784 2496 Domino

994 2517 1088 2540 nostro
1101 2512 1166 2540 Jesu
1176 2512 1296 2540 Christo.

1029 2609 1101 2636 XIV.
1118 2608 1243 2637 Vicarius
1260 2614 1350 2637 autem
1368 2609 1536 2645 Agrippinus
1551 2616 1612 2636 cum
1633 2608 1690 2635 haec
1705 2607 1783 2634 audi—

995 2655 1089 2688 visset,
1133 2659 1160 2682 et
1186 2663 1285 2691 magno
1321 2656 1412 2683 furore
1445 2659 1519 2682 esset
1554 2654 1685 2688 percitis,
1702 2653 1785 2686 jussit

994 2708 1057 2728 eum
1089 2701 1155 2728 credi
1191 2701 1267 2733 loris.
1297 2701 1412 2728 dicens:
1430 2699 1576 2726 Videamus
1602 2706 1637 2725 an
1662 2698 1731 2725 Deus
1750 2698 1785 2725 sit

995 2747 1021 2774 ei
1049 2754 1129 2782 opem
1156 2746 1272 2778 laturus,
1306 2747 1403 2781 inquo
1433 2752 1550 2780 sperans
1597 2744 1784 2780 imperatorias

997 2792 1208 2821 constitutiones
1221 2793 1409 2820 contemnitet
1423 2796 1516 2819 nostra
1541 2791 1627 2826 iussa.
1668 2789 1784 2818 Sanctus
