2024 3153
277 143 330 174 423

936 141 1078 171 MENSIS
1094 141 1245 172 IULIUS.

1847 142 1900 173 Ci.

278 204 308 225 ut
338 205 386 232 par
400 201 470 228 erat,
491 197 580 224 audes
608 205 682 224 nunc
697 198 784 233 loqui,
817 198 924 225 \‘iolans
954 198 1052 232 jussun

1113 197 1144 223 τὰ
1159 198 1361 233 προστάγματα
1376 198 1430 224 τῶν
1441 198 1580 232 βασιλέων.
1590 197 1678 225 Θῦσον
1693 199 1841 231 τοῗςθεοίς,
1857 201 1904 226 καὶ

277 242 493 278 imperatorum?
512 242 576 269 Liba
586 250 651 278 ergo
664 243 725 274 diis,
748 248 774 271 et
790 247 816 271 te
845 244 995 271 dimittam.
1014 243 1061 269 Di-

277 291 316 318 xit
332 293 443 317 sanctus
452 290 530 317 Plato
547 290 595 316 :Si
617 298 676 322 nos,
703 291 748 325 qui
765 291 808 325 pie
831 290 915 318 Deum
937 290 1062 320 colimus,

276 337 416 372 punimur,
434 341 462 363 ut
478 336 525 371 qui
540 336 730 364 existimemur
750 337 835 371 impii,
851 344 900 364 vos
917 337 961 372 qui
978 335 1062 362 Deum

275 375 441 416 abhorretis,
470 388 497 410 et
519 390 631 418 corpus,
660 384 733 418 quod
761 389 803 411 est
829 384 937 415 iisdem,
964 384 1063 418 quibus

275 437 335 459 vos.
351 430 499 456 obnoxium
516 429 749 464 perpessionibus,
767 430 1021 457 immisericorditer
1037 435 1063 457 et

275 472 386 508 indigne
398 473 503 500 cteditis
517 482 524 500 :
539 474 676 509 quomodo
703 474 900 501 damnabimini
928 475 956 502 in
987 475 1062 509 justo

276 516 322 544 Dei
334 518 449 553 judicio.
466 518 493 545 in
510 518 564 551 die,
584 519 610 545 in
628 527 680 553 qua
699 519 833 553 judicabit
853 520 926 546 Deus
953 520 1061 546 occulta

274 563 417 592 hominum
435 564 489 591 ⁵⁵⁸2
506 565 577 592 Dixit
588 564 771 600 Agrippinus:
784 565 852 593 Fero
864 570 889 592 te
905 565 1061 600 loquentem

274 610 405 637 audacter
432 614 459 637 et
487 611 668 638 conﬁdenter.
701 611 842 643 Miserere,
865 619 882 637 ο
899 611 1061 638 charissime

274 656 361 688 Plato,
385 662 438 684 ιιιιε
466 656 588 684 ﬂorentis
614 657 717 690 aetatis;
741 657 792 684 hoc
809 657 881 684 enim
910 657 958 684 tibi
986 657 1062 684 dedit

273 701 394 733 fortuna,
411 709 471 736 qua:
480 706 521 728 est
533 702 656 731 eiusdem
669 703 789 730 nominis
804 711 811 736 ;
825 702 929 738 aspicio
943 702 1016 730 enim
1035 707 1061 731 te

274 748 352 773 talem
369 755 430 774 csse
455 747 587 780 futurum,
602 749 691 782 qualis
715 749 759 776 ille
776 749 827 776 fuit
840 748 1060 784 sapientissimus

272 795 359 822 Plato.
391 795 457 822 Nam
488 804 550 823 cum
582 797 679 823 fuisset
710 795 838 830 princeps
869 793 1058 828 philosophiae,

271 840 385 868 deorum
410 842 537 877 dogmata
553 842 707 869 constituit.
733 841 917 874 Quamobrem
937 840 1056 875 benigne

273 890 361 913 tecum
377 887 481 921 loquor,
494 892 520 914 et
533 888 646 914 consulo
660 892 689 914 ut
702 887 739 914 sis
757 886 891 921 benignus
907 885 934 912 in
952 885 1018 912 deos
1038 893 1045 911 :

271 931 382 967 etleges
399 933 543 968 suscipias,
556 941 624 968 quas
640 933 691 968 ipsi
719 932 841 959 tulerunt
867 932 1055 966 imperatores,

271 983 298 1004 et
312 979 381 1005 meis
401 987 497 1013 pareas
511 980 756 1007 admonitionibus.
767 978 794 1005 Si
812 978 877 1006 mihi
896 983 985 1005 autem
1001 985 1056 1004 non

274 1023 411 1055 parueris,
428 1025 498 1051 scias
509 1029 613 1059 aperte,
631 1025 690 1052 fore
712 1028 739 1050 ut
758 1031 808 1058 ego
838 1028 863 1051 te
878 1030 971 1056 cogam
1005 1022 1056 1049 hoc

1114 243 1224 270 ἀπολύω
1240 252 1279 270 σε.
1300 244 1330 270 ὐ
1344 243 1421 277 ἅγιος
1437 243 1547 270 Πλάτων
1563 242 1640 271 εἶπεν
1650 253 1657 260 ·
1675 244 1705 270 EI
1718 245 1799 279 ἡμεῖς
1814 245 1906 271 0'03:-

1115 287 1224 321 ὗοῦντες
1245 290 1347 316 ἀνόσιοι
1368 289 1561 324 ὑπονοούμενοι
1583 290 1762 324 κολαζόμεθα,
1781 290 1838 321 πῶς
1862 299 1904 316 σοι

1114 334 1346 369 καταδικασθῆναι
1364 334 1407 371 οἵῃ
1424 335 1452 361 ὲν
1467 336 1499 370 τῇ
1518 335 1703 371 δικαιοκρισίᾳ
1722 335 1769 361 τοῦ
1785 335 1853 361 61εοῦ
1873 336 1905 361 ὲν

1114 382 1145 415 τῇ
1162 381 1264 415 ἡμέρᾳ,
1278 382 1305 407 ἐν
1356 382 1445 417 κρινεῖ
1458 381 1472 407 ό
1489 381 1554 412 Θεὸς
1566 382 1600 408 τὰ
1612 383 1721 417 κρυπτὰ
1733 381 1788 408 τῶν
1799 381 1905 416 ἀνθρά-

1114 434 1192 458 πων;
1217 427 1395 461 Ἀγριππίνος
1415 427 1466 462 ἔφη
1479 434 1486 442 ·
1511 427 1656 461 ’Δνέχομαί
1676 436 1724 453 σου
1745 428 1903 462 παῤῥησια-

1115 471 1239 505 ζομένου,
1256 472 1399 507 οἰκτείρων
1411 481 1457 498 σου
1472 473 1520 507 τῆς
1534 471 1642 508 ἡλικίας
1658 473 1730 503 νέον,
1743 473 1776 498 δι’
1793 474 1826 507 ἣν
1839 474 1904 507 ἐχα-

1119 517 1212 553 ρίσατό
1229 526 1270 544 σοι
1287 517 1447 552 ὁμωνυμίαν
1463 519 1478 552 ἡ
1494 518 1561 553 τύχη
1574 525 1581 533 ³
1596 519 1643 544 καὶ
1657 519 1712 553 γὰρ
1726 519 1846 544 τοιοῦτόν
1874 527 1901 544 σε

1113 563 1222 590 ἔσεσθαι
1240 563 1392 599 προσδοκῶ,
1412 562 1467 596 οἷος
1485 565 1590 595 ἐκεῖνος
1609 565 1622 590 ὁ
1640 565 1753 591 Πλάτων
1766 572 1772 579 ·
1795 565 1902 598 φιλοσο-

1114 610 1179 644 φίας
1189 610 1242 645 γὰρ
1254 610 1375 645 ἀρχηγὸς
1386 610 1515 644 γεγονὼς,
1528 609 1562 636 τὰ
1571 611 1625 636 τῶν
1638 610 1706 637 θεῶν
1720 611 1902 644 συνεστήσατο

1113 655 1235 690 δόγματα
1247 675 1255 688 ,
1271 656 1311 682 διδ
1328 656 1375 682 καὶ
1391 657 1471 691 λόγου
1492 655 1591 683 πολλοῦ
1609 657 1777 692 μεταδιδωμί
1795 665 1836 683 σοι
1854 657 1903 682 καὶ

1113 703 1216 728 εὐνοεῖν
1238 711 1266 728 σε
1282 703 1329 729 ἐπὶ
1346 704 1401 734 τοῖς
1416 704 1487 735 θεοῖς
1502 703 1680 737 συμϐουλεύω
1695 703 1741 729 καὶ
1759 703 1902 729 ἀνελέσθαι

1113 755 1142 773 σε
1156 747 1202 773 τὸν
1217 747 1310 781 νόμον,
1326 747 1355 774 ὃν
1372 748 1396 774 οἱ
1414 748 1616 783 αὐτοκράτορες
1632 747 1738 773 ἔθεντο·
1754 747 1901 782 πεισθῆναι

1113 793 1141 820 δὲ
1159 794 1206 821 καὶ
1221 796 1280 826 ταῖς
1297 795 1377 829 ἐμαῖς
1393 795 1597 830 παραινέσεσιν.
1615 795 1645 821 Εἰ
1660 795 1689 821 δὲ
1708 793 1746 830 μὴ
1761 794 1901 825 πεισθεὶς,

1111 839 1228 873 γίνωσκε
1246 840 1287 866 ὅτι
1304 841 1458 874 ἀναγκάσαι
1478 849 1508 866 σε
1523 840 1575 875 ἔχω
1591 840 1730 875 διαφόροις
1748 841 1795 866 καὶ
1819 848 1901 874 στρε-

1117 884 1270 919 6λωτέραις
1285 885 1432 921 τιμωρίαις
1446 885 1525 912 τοῦτο
1538 886 1661 920 ποιῆσαι,
1675 885 1712 917 ὡς
1723 885 1901 920 ψευδώνυμον

1112 931 1228 965 ὸτθέντα
1264 931 1405 963 Πλάτωνος
1438 932 1484 958 τοῦ
1516 932 1648 967 μεγίστην
1678 932 1838 967 φιλοσοφίαν
1870 931 1900 957 ὲν

1112 977 1265 1011 ἀνθρώποις
1281 978 1455 1013 κτησαμένου
1465 997 1472 1010 ,
1496 977 1652 1013 ἁγνὼμονός
1665 987 1722 1005 τσου
1747 978 1900 1013 δειχθέντος

1111 1022 1175 1057 περὶ
1190 1023 1252 1053 τοὺς
1268 1022 1355 1054 θεούς.

269 1066 361 1095 facere
376 1069 493 1097 diversis
514 1076 542 1097 et
556 1071 661 1098 acerbis
677 1071 829 1106 suppliciis,
845 1074 875 1097 ut
893 1069 937 1104 qui
957 1069 1025 1096 falso
1041 1068 1079 1096 sis
1099 1069 1250 1104 appellatus
1277 1069 1351 1097 Plato
1368 1079 1375 1097 :
1392 1070 1461 1106 ejus,
1477 1071 1600 1106 inquam,
1626 1070 1737 1098 nomine
1753 1075 1896 1105 suscepto.

271 1115 315 1150 qui
333 1116 404 1143 inter
414 1117 540 1146 homines
553 1119 698 1146 maximam
714 1119 764 1146 sibi
779 1118 884 1154 paravit
906 1116 1115 1152 philosophiam,
1144 1125 1206 1144 cum
1219 1123 1249 1144 tu
1272 1118 1300 1144 in
1317 1118 1382 1145 deos
1397 1118 1518 1154 ingratus
1537 1118 1667 1146 evaseris.

307 1162 401 1190 XVIII.
420 1164 522 1192 Christi
539 1171 630 1192 autem
663 1174 743 1194 verus
761 1174 794 1192 ac
804 1172 949 1200 germanus
973 1164 1055 1191 miles

270 1207 345 1235 Plato
358 1209 426 1236 dixit
446 1218 452 1236 :
474 1210 558 1237 Valde
573 1219 699 1247 magnum
711 1211 894 1238 solmcismum
922 1210 1053 1242 admittis,

269 1255 461 1290 oAgrippine.
477 1264 572 1283 errans
586 1257 612 1284 in
641 1258 767 1285 veritate.
795 1257 862 1284 Nam
892 1265 953 1283 cum
978 1260 1055 1291 pater

270 1305 333 1328 tuus
350 1300 466 1329 Satanas
481 1303 516 1329 ab
531 1303 607 1330 initio
639 1303 720 1330 fuerit
744 1303 927 1337 perniciosus,
956 1302 1054 1329 merito

272 1352 300 1374 tn
317 1355 436 1382 quoque,
451 1348 495 1382 qui
507 1355 539 1375 es
558 1349 616 1383 ejus
630 1349 765 1381 minister,
781 1348 847 1376 facis
863 1348 888 1375 ei
914 1347 1051 1379 similiter,

268 1396 297 1418 et
309 1395 335 1418 te
351 1391 378 1418 in
393 1392 453 1427 ejus
469 1400 580 1420 exerces
596 1394 759 1421 art'ouibus.
790 1394 948 1421 Dtemonum
979 1393 1052 1420 enim

268 1436 405 1465 fortunam
438 1439 546 1466 invehis
563 1440 589 1466 in
609 1439 734 1467 homines
745 1439 926 1471 Christianos,
942 1440 989 1474 qui
1005 1446 1055 1467 nec

268 1482 341 1511 ferre
356 1484 465 1518 quidem
474 1489 588 1520 possunt
601 1486 695 1513 audire
712 1486 813 1521 aliquid
830 1486 974 1521 ejusmodi.
985 1485 1051 1513 Sum

268 1536 332 1564 ergo
346 1530 470 1564 ejusdem
489 1532 598 1566 quidem
622 1533 752 1564 nominis,
776 1533 856 1566 cujus
882 1533 958 1559 Plato
975 1541 981 1559 :
1004 1531 1051 1559 sed
1068 1552 1089 1581 α

267 1582 322 1602 non
339 1583 399 1602 sum
417 1576 515 1604 iisdem
531 1578 655 1605 moribus
666 1578 808 1612 praeditus.
823 1577 897 1610 Quos
908 1578 979 1605 enim
995 1585 1054 1605 mo-

268 1627 312 1647 res
326 1629 380 1648 non
399 1622 582 1657 conjungunt,
601 1630 635 1649 ne
663 1631 762 1650 nomen
781 1624 893 1658 quidem
923 1631 971 1650 eos
985 1631 1052 1650 con-

266 1665 352 1697 ciliat,
362 1674 451 1701 neque
462 1667 536 1695 locus
547 1668 665 1703 copulat,
676 1668 727 1695 nisi
738 1669 825 1695 solum
840 1669 938 1703 pietas.
950 1669 1052 1702 Quam-

266 1712 360 1739 obrem
390 1713 463 1740 nulla
494 1714 520 1740 in
539 1714 576 1740 rei
588 1713 612 1740 ei
634 1714 730 1741 similis
745 1722 804 1741 sttm
831 1714 919 1747 Plato,
940 1720 1053 1749 prater-

265 1766 346 1792 quam
359 1758 386 1785 in
398 1759 455 1786 solo
463 1759 582 1786 nomine:
598 1759 651 1787 hoc
663 1764 752 1787 autem
765 1760 830 1788 mihi
845 1761 916 1795 piam
930 1766 1050 1788 tuentem

266 1812 406 1839 nunquam
422 1805 520 1840 poterit
531 1806 641 1833 laedere.
672 1805 703 1833 Et
732 1814 782 1842 ego
805 1807 915 1841 quidem
935 1815 1051 1834 exerceo

265 1858 337 1883 cam,
354 1859 413 1885 qua:
426 1856 467 1878 est
484 1851 509 1878 in
523 1851 643 1883 Christo,
662 1852 861 1887 philosophiam
882 1862 888 1880 :
908 1853 980 1881 illius
1001 1861 1051 1880 au-

266 1901 319 1923 tem
339 1896 509 1930 philosophia
526 1901 567 1924 est
594 1897 664 1931 apud
687 1896 770 1924 Deum
801 1906 890 1925 meum
925 1898 1048 1925 stultitia.

265 1941 402 1976 Scriptum
417 1947 460 1969 est
477 1943 570 1969 enim:
587 1942 702 1970 Perdant
713 1944 872 1978 sapientiam
888 1945 1048 1979 sapientum,

263 1993 288 2016 ct
314 1989 479 2024 prudentiam
496 1985 654 2023 prudentum
668 1990 774 2016 abolebo
789 1990 821 2016 ¹⁶.
847 1989 914 2017 Nam
933 1990 1047 2017 deorum

263 2036 400 2069 dogmata,
416 2043 476 2070 qua:
490 2035 545 2068 ille,
564 2041 593 2062 ut
608 2035 687 2067 dicis,
716 2035 818 2070 posuit,
837 2041 899 2062 sunt
925 2035 1000 2062 falsa:
1023 2040 1051 2063 et

264 2079 333 2106 (icta:
354 2080 460 2111 fabulae,
487 2088 546 2114 qua:
559 2080 756 2107 adumbrantur
768 2080 930 2114 deceptione
944 2081 1048 2108 daemo-

264 2133 341 2157 num,
377 2126 424 2158 qui
450 2125 551 2152 animis
575 2125 695 2152 all‘erunt
723 2126 874 2157 interitum.
896 2130 923 2153 et
953 2128 1049 2154 verbo-

263 2178 322 2197 rum
354 2171 452 2197 astutia
472 2176 574 2198 rcstras
590 2176 697 2198 mentes
712 2175 890 2204 excaecantes,
907 2171 1048 2200 abducunt

261 2225 276 2244 a
300 2217 475 2251 simplicitate
505 2217 579 2250 ﬁdei,
596 2225 656 2251 quae
670 2222 712 2243 cst
727 2217 751 2243 in
767 2216 915 2244 Christum.

296 2262 368 2290 XIX.
385 2263 529 2298 Postquam
558 2267 648 2290 autem
662 2268 798 2291 cessasset
830 2264 902 2299 loqui
933 2270 1045 2300 martyr,

260 2311 319 2345 ejus
353 2309 462 2344 quidem
482 2317 613 2344 responso
638 2309 846 2344 obstupefactus
866 2310 1045 2345 Agrippinus,

260 2355 360 2382 mansit
379 2360 480 2386 mutus,
499 2363 552 2382 non
565 2355 658 2382 valens
671 2354 696 2381 ci
711 2355 886 2389 respondere.
917 2357 984 2383 Cum
998 2364 1045 2383 au-

263 2406 316 2428 tem
333 2401 412 2435 paulo
427 2406 487 2435 post
502 2401 631 2436 jussisset
642 2409 704 2428 eum
720 2401 754 2428 de
767 2401 841 2435 ligno
858 2401 971 2436 deponi,
998 2410 1044 2438 ag-

264 2452 372 2480 gressus
386 2449 425 2472 est
442 2453 503 2471 eum
518 2453 612 2472 rursus
640 2445 746 2472 blandis
765 2447 856 2473 verbis
883 2447 1043 2480 admonere,

262 2491 301 2518 sic
326 2490 419 2517 dicens
437 2498 444 2516 :
473 2490 527 2525 Ego
542 2491 575 2517 de
603 2495 712 2522 caetero,
730 2499 746 2517 ο
771 2491 857 2523 Plato,
880 2493 952 2526 quod
969 2493 1002 2519 ad
1019 2497 1044 2520 te

259 2536 367 2572 quidem
387 2535 493 2568 attinet,
510 2544 569 2563 sum
588 2537 666 2571 plane
688 2536 889 2568 animidubius.
910 2547 961 2566 nec
987 2540 1043 2567 scio

256 2582 322 2617 quid
351 2581 463 2608 debeam
490 2581 588 2609 facere.
613 2582 665 2615 Qui
683 2583 774 2617 itaque
790 2587 815 2610 te
846 2584 937 2610 multis
963 2585 1042 2612 ειπερί

255 2627 435 2658 Cruciatibus,
449 2634 499 2653 nec
514 2627 661 2662 quidquam
677 2627 765 2660 eﬂ‘eci,
778 2633 804 2655 et
823 2629 934 2656 adhibui
965 2630 1041 2657 blan-

255 2671 347 2703 d'tias,
358 2675 385 2699 et
403 2672 455 2699 hoc
466 2671 532 2698 nihil
554 2671 667 2706 profuit,
684 2679 757 2698 nunc
772 2672 853 2698 statui
866 2672 968 2706 aliquot
983 2673 1041 2700 dies

257 2717 304 2744 tibi
318 2717 478 2745 concedere.
495 2717 576 2744 Forte
599 2725 661 2744 (um
683 2718 722 2744 sic
750 2717 893 2752 agnoveris
911 2718 946 2748 id,
967 2719 1038 2753 quod

255 2761 356 2793 esttibi
374 2762 450 2795 utile,
467 2762 539 2790 hanc
551 2766 623 2789 tuam
640 2763 778 2796 relinques
796 2762 986 2796 pervicaciam,
1012 2769 1039 2792 et

309 2848 331 2863 "
345 2848 425 2875 Rom.
440 2857 469 2881 ιι,
488 2850 532 2878 ιο.
586 2851 607 2866 "
625 2850 676 2878 lsa.
697 2857 769 2885 xm,
783 2851 812 2879 lt
827 2859 833 2886 ;
851 2861 856 2880 ι
871 2853 932 2881 Cor.
951 2854 970 2889 Ι,
989 2855 1029 2883 l9.

1140 1163 1193 1191 III'.
1214 1165 1242 1191 Ὀ
1252 1165 1279 1191 δὲ
1289 1164 1372 1196 ὅντως
1383 1165 1494 1200 γνήσιος
1505 1165 1550 1191 τοῦ
1561 1164 1679 1200 Χριστοῦ
1691 1164 1815 1200 μαθητὴς
1827 1164 1899 1191 Πλά-

1105 1218 1158 1236 των
1175 1207 1250 1236 εἶπεν
1263 1217 1270 1226 ⁸
1296 1209 1472 1242 Σολοικίζεις,
1497 1210 1668 1245 ’Δγριππῖνε,
1692 1209 1795 1243 σφόδρα
1810 1208 1900 1242 σφαλ-

1105 1255 1217 1290 λόμενος
1230 1255 1295 1289 περὶ
1310 1256 1360 1290 τὴν
1375 1255 1520 1291 ἀλήθειαν·
1534 1255 1580 1282 τοῦ
1595 1255 1648 1289 γὰρ
1668 1254 1770 1289 πατρός
1784 1262 1832 1280 σου
1849 1253 1898 1280 τοῦ

1105 1301 1212 1328 Σατανᾶ
1232 1301 1371 1335 λυμεῶνος
1388 1302 1580 1336 τυγχάνοντος,
1597 1301 1710 1332 εἰκότως
1725 1300 1771 1326 καὶ
1788 1300 1821 1326 ob
1846 1300 1898 1327 αὖ·

1107 1345 1154 1371 τοῦ
1173 1346 1303 1381 ὑπάρχων
1321 1346 1475 1380 ὑπουργὸς,
1489 1346 1523 1372 τὰ
1546 1346 1627 1380 ὃμοια
1642 1345 1716 1379 αὐτῷ
1732 1344 1898 1379 διαπράττει

1107 1390 1154 1416 καὶ
1168 1390 1216 1421 τὰς
1243 1391 1355 1426 πράξεις
1384 1390 1466 1417 αὐτοῦ
1495 1391 1607 1426 μελετᾷς
1622 1398 1628 1406 ⁵
1645 1391 1730 1425 τύχην
1742 1390 1796 1426 γὰρ
1823 1398 1897 1425 παρ-

1106 1433 1243 1467 εισφέρεις
1271 1434 1407 1469 διιμόνων
1441 1435 1597 1470 ἀνθρώποις
1624 1436 1798 1470 Χριστιανοίς
1838 1435 1897 1465 τοῖς

1111 1479 1178 1514 μηδὲ
1192 1479 1306 1506 ἀκοῦσαί
1323 1489 1350 1507 τι
1365 1481 1485 1508 τοιοῦτον
1507 1481 1680 1516 ἀνεχομένοις
1698 1481 1771 1507 ποτέ.
1788 1480 1896 1507 Οὐκοῦν

1104 1523 1248 1558 ὁμώνυμός
1263 1526 1319 1559 εἰμι
1331 1526 1484 1559 Πλάτωνος,
1498 1527 1649 1562 ὁμότροπος
1658 1526 1685 1552 δὲ
1694 1526 1744 1552 οὐκ
1757 1526 1815 1560 εἰμί
1827 1533 1834 1540 '
1847 1525 1898 1553 οὓς

1105 1570 1158 1604 γὰρ
1179 1570 1210 1596 οὐ
1234 1570 1364 1597 συνάπτει
1378 1572 1487 1606 τρόπος,
1511 1571 1570 1598 οὐδὲ
1591 1571 1676 1606 ὄνομα
1699 1571 1811 1604 τούτους
1831 1580 1899 1599 συν-

1106 1613 1205 1649 ίστησι.
1222 1615 1251 1641 ’0
1282 1616 1310 1642 δὲ
1321 1616 1419 1650 τρόπος
1447 1615 1605 1650 συζευγνύει
1615 1635 1622 1647 ,
1636 1617 1661 1642 εἰ
1674 1616 1711 1650 μὴ
1724 1617 1803 1652 μόνον
1817 1617 1898 1642 εὐσέ-

1105 1660 1174 1694 ϐεια,
1189 1660 1259 1687 ὥστε
1275 1662 1314 1693 είς
1329 1662 1405 1688 οὐδὲν
1419 1662 1514 1692 ἐοικώς
1527 1662 1584 1697 ειμι
1596 1662 1730 1695 Πλάτωνι,
1747 1663 1771 1689 εί
1788 1663 1826 1697 μὴ
1843 1663 1898 1697 μό-

1103 1714 1147 1733 νον
1163 1707 1233 1733 κατὰ
1244 1707 1273 1733 τὸ
1287 1707 1372 1742 ὄνομα
1385 1707 1464 1734 τοῦτο
1477 1707 1579 1743 βλάψαι
1596 1716 1648 1742 μου
1663 1708 1708 1734 τὸν
1725 1707 1824 1742 εὐσεΰῆ
1848 1708 1897 1733 λο-

1102 1752 1201 1787 γισμὸν
1230 1752 1260 1779 οὐ
1287 1752 1399 1779 δύναται
1428 1752 1556 1780 πώποτε·
1587 1752 1748 1787 φιλοσοφίαν
1777 1752 1834 1786 γὰρ
1865 1753 1896 1778 ἐν

1101 1797 1213 1833 Χριστῷ
1225 1798 1403 1834 μετέρχομαι·
1421 1798 1474 1833 ἡδὲ
1489 1798 1591 1825 ἐκείνου
1607 1798 1749 1832 φιλοσοφία
1764 1797 1842 1832 παρὰ
1855 1798 1896 1832 τῷ

1102 1843 1161 1878 Θεῷ
1178 1845 1267 1879 μωρία
1281 1845 1355 1871 ἐστὶν
1371 1844 1417 1871 καὶ
1436 1844 1573 1876 ἀπωλείας
1587 1844 1715 1880 πρόξενος
1730 1845 1784 1875 τοῖς
1801 1844 1896 1870 πειθο-

1103 1889 1195 1924 μένοις
1223 1890 1291 1924 αὐτῇ
1311 1898 1317 1904 ·
1333 1889 1489 1924 γέγραπται
1516 1889 1590 1924 γάρ·
1608 1888 1724 1916 Ἀπολῶ
1754 1888 1812 1921 τὴν
1837 1896 1895 1915 σο-

1102 1935 1175 1968 ςριάν
1189 1934 1248 1961 τῶν
1262 1934 1376 1969 σοφῶν,
1398 1934 1446 1962 καὶ
1463 1935 1519 1969 τὴν
1538 1935 1667 1961 σύνεσιν
1680 1934 1738 1961 τῶν
1752 1934 1896 1962 συνετῶν·

1100 1981 1249 2013 ἀθετήσω.
1265 1981 1306 2007 Τὰ
1327 1982 1382 2016 γὰρ
1397 1981 1520 2016 δόγματα
1536 1981 1589 2008 τῶν
1607 1980 1675 2007 οεῶν
1690 1980 1708 2009 ἃ
1732 1981 1763 2007 σὺ
1786 1980 1892 2014 λέγεις,

1100 2026 1202 2056 ἐκεῖνος
1216 2025 1292 2052 ἔθετο
1304 2025 1399 2059 μύθοις
1410 2026 1534 2060 ψευδέσιν
1549 2025 1595 2051 καὶ
1608 2023 1828 2060 πεπλανημένοις
1839 2033 1846 2041 ·
1858 2027 1893 2061 τῇ

1100 2070 1154 2105 γὰρ
1170 2070 1262 2106 ἀπάτῃ
1277 2071 1331 2097 τῶν
1347 2071 1481 2105 ἰαιμόνων
1497 2071 1550 2097 τῶν
1559 2071 1735 2106 ψυχοφοόρων
1754 2081 1893 2105 στοιχεια-

1100 2116 1222 2151 ζόμενος,
1248 2117 1295 2143 καὶ
1323 2116 1423 2148 πάντες
1443 2118 1467 2144 οι
1490 2118 1551 2144 κατ’
1574 2119 1654 2145 αὑτὸν
1676 2117 1841 2152 τυφλοῦντες
1855 2118 1893 2144 τὰ

1099 2162 1223 2196 νοήματα
1243 2162 1320 2196 ὑμῶν
1338 2162 1382 2189 διὰ
1402 2164 1451 2195 τῆς
1470 2164 1641 2199 πανουργίας
1662 2164 1716 2190 τῶν
1734 2163 1820 2198 λόγων
1835 2164 1892 2191 ἀπὸ

1062 2215 1083 2242 ι)
1099 2206 1148 2241 τῆς
1163 2206 1312 2242 ἁπλότητος
1327 2209 1376 2242 τῆς
1394 2208 1433 2239 είς
1448 2208 1493 2234 τόν
1511 2209 1627 2243 Χριστὸν
1642 2210 1798 2244 ἀπήγαγον.

1132 2261 1182 2290 ΙΘ’.
1198 2263 1273 2289 Μετὰ
1291 2263 1319 2289 δὲ
1341 2263 1369 2289 τὸ
1380 2263 1535 2291 παύσασθαι
1544 2265 1588 2290 τὸν
1604 2266 1731 2301 μάρτυρα
1742 2265 1891 2296 λαλοῦντα,

1098 2309 1166 2344 πρὸς
1182 2309 1231 2344 μὲν
1246 2309 1335 2343 ὀλίγον
1351 2310 1498 2343 ἐκπλαγεὶς
1517 2312 1530 2336 ὁ
1551 2311 1728 2345 ’Δγριππῖνος
1749 2311 1799 2345 τὴν
1817 2312 1891 2337 ἀπό-

1097 2364 1186 2388 κρισιν
1200 2355 1281 2382 αὑτοῦ
1296 2355 1392 2390 ἔμενεν
1406 2356 1471 2386 τέως
1480 2356 1664 2390 ἀποκριθῆναι
1677 2357 1714 2391 μὴ
1723 2356 1889 2390 δυνάμενος.

1096 2400 1186 2435 Βραχὺ
1199 2400 1226 2426 δὲ
1236 2399 1365 2431 κελεύσας
1377 2400 1485 2427 ἀπὸτοῦ
1498 2401 1576 2432 ξύλου
1586 2401 1666 2427 αὑτὸν
1678 2402 1890 2437 κατενεχοῆναι,

1094 2447 1256 2481 ἐπεχείρησε
1279 2446 1358 2473 πάλιν
1370 2446 1461 2480 λόγοις
1480 2447 1662 2478 ἐπαινετικοῖς
1683 2448 1786 2474 πείθειν
1802 2449 1890 2475 αὐτὸν

1093 2491 1178 2524 λέγων
1190 2500 1196 2507 ·
1228 2492 1298 2525 Ἐγὼ
1317 2491 1421 2524 λοιπὸν,
1438 2492 1560 2524 Πλάτων,
1577 2493 1671 2527 ἀπορῶ
1695 2494 1728 2518 τά
1744 2495 1809 2527 περὶ
1836 2494 1889 2520 σοῦ

1096 2538 1142 2564 καὶ
1162 2538 1211 2564 οὐκ
1227 2536 1285 2564 οἶδα
1300 2538 1326 2565 τί
1340 2538 1439 2572 ὀφείλω
1449 2539 1660 2574 διαπράξασθαι.
1671 2540 1750 2566 Ἐπεὶ
1770 2538 1818 2566 οὖν
1838 2542 1890 2567 καὶ

1092 2582 1225 2617 τιμωρίας
1239 2582 1338 2612 πολλὰς
1351 2584 1500 2618 ἐπήγαγον,
1523 2584 1568 2610 καὶ
1583 2584 1660 2610 οὐδὲν
1679 2585 1761 2611 πλέον
1781 2586 1888 2619 ἤνυσα,

1091 2628 1138 2654 καὶ
1149 2628 1292 2660 κολακείας
1307 2629 1474 2664 προσέθηκα,
1491 2631 1537 2656 καὶ
1556 2631 1615 2656 οὐδὲ
1629 2630 1716 2662 οὕτως
1735 2631 1886 2666 ὡφέλησα,

1093 2674 1139 2700 νῦν
1154 2674 1313 2709 ἐσκεψάμην
1329 2675 1446 2702 ἐνδοῦναί
1460 2684 1500 2702 σοι
1514 2676 1618 2711 ἡμέρας
1635 2677 1727 2709 τινὲς,
1745 2678 1811 2708 tam;
1830 2679 1888 2705 κᾶν

1092 2720 1178 2752 οὕτως
1206 2723 1326 2756 ὲπιγνῳς
1348 2722 1378 2747 τὸ
1401 2722 1610 2756 συμφέρον,καὶ
1634 2723 1805 2758 καταλείψας
1830 2725 1887 2759 τὴν

1093 2767 1217 2794 ἔνσταοίν
1233 2775 1278 2794 σου
1295 2766 1397 2802 ταύτην
1413 2769 1570 2799 ποοσέλ.Θοι;
1584 2771 1639 2801 τοῖς
1653 2769 1702 2805 τὴν
1714 2769 1886 2805 οἰκουμένη-ι
