2024 3153
229 168 279 200 431

893 162 1035 193 MENSIS
1052 162 1204 193 IULIUS.

1805 150 1862 184 £32

228 228 295 255 item
321 224 367 252 alii
396 222 558 259 cumprimis
582 223 703 251 illustres
727 223 754 251 in
784 223 915 251 exercitu.
945 222 1022 249 Tunc

1084 222 1140 248 Γότε
1153 221 1247 251 Δέκιος
1257 219 1271 246 ό
1287 217 1412 254 βασιλεὺς
1431 212 1734 251 ὀργισθεὶς,ὲ>ιέλευσεν
1745 211 1864 246 ἀχθῆναι

230 273 328 301 Decius
345 272 503 306 imperator,
524 271 564 298 ira
587 270 718 306 percitus,
737 271 798 298 illos
815 270 848 298 ad
863 278 892 297 se
917 270 1024 297 vinetos

229 318 292 346 duci
318 317 412 352 jussit.
433 315 540 349 Quibus
568 316 679 344 ductis:
711 316 811 349 Quare,
842 316 941 350 inquit,
969 323 1023 342 non

234 363 423 398 permansistis
447 362 601 394 nobiscum,
621 365 651 389 ut
668 361 723 388 diis
755 361 958 394 saeriticaretis,
978 360 1026 395 qui

231 414 317 439 totum
334 408 429 436 orbem
447 412 582 434 terrarum
603 408 636 435 ad
658 407 712 435 sibi
728 407 910 434 obedientium
922 414 1024 434 convo-

231 454 349 482 carunt?
363 453 492 481 Accedite
507 454 599 489 igitur,
615 458 642 480 et
663 453 785 480 debitum
799 453 851 480 diis
863 453 1026 480 sacriﬁcium

233 500 344 532 offerte,
375 499 604 534 quemadmodum
631 506 729 526 omnes
757 499 846 525 facere
876 506 1027 526 consueve-

231 550 308 573 runt.
340 545 417 572 Tunc
448 544 647 572 Maximilianus
675 545 816 579 respondit
839 551 847 570 :
875 544 1026 574 Habemus,

233 591 393 626 imperator,
409 590 493 617 Deum
510 589 536 616 in
552 590 627 617 caelis
644 590 824 622 habitantem,
848 589 926 624 cujus
941 589 1026 624 gloria

234 636 333 663 ctelum
352 639 378 662 et
400 639 471 662 terra
487 635 566 670 plena
579 639 630 666 est,
643 635 687 661 cui
702 634 865 662 sacrificium
878 634 1028 661 confessio-

235 681 277 708 nis
296 684 399 708 nostrm
423 679 521 707 otierre
541 680 614 707 soliti
638 687 745 712 sumus,
773 683 854 714 atque
871 685 1027 707 nostrarum

235 727 390 754 orationum
414 725 544 753 libamine
563 733 654 752 coram
680 715 736 753 lico
759 726 928 752 exsultamus
953 725 1027 752 omni

236 777 370 807 tempore.
392 771 447 799 Nos
461 771 534 799 enim
548 771 670 798 nidorem
691 778 724 798 ac
750 770 854 797 fumum
876 776 1028 798 vestrorum

236 818 431 845 sacrificiorum
445 816 504 843 istis
520 815 600 844 idolis
615 824 669 843 non
689 816 838 848 oﬂ'erimns,
856 816 1030 852 quandoqui-

236 863 297 890 dem
319 867 428 891 nostras
445 862 552 889 animas
571 861 734 890 labefactare
751 861 888 888 nolumus.

273 1015 307 1043 ν.
328 1013 378 1042 His
397 1011 617 1047 auditis,Deeius
637 1019 693 1039 non
711 1011 830 1047 amplius
841 1010 918 1046 loqui
934 1009 1028 1042 voluit,

239 1061 288 1090 sed
308 1061 390 1097 jussit
404 1060 538 1087 militares
555 1066 639 1086 zonas
654 1058 688 1085 ab
706 1058 746 1086 eis
760 1057 871 1085 auferri.
888 1057 973 1093 Cujus
990 1057 1030 1084 rei

239 1114 349 1136 causam
372 1113 431 1133 esse
455 1105 534 1138 dixit,
558 1105 630 1140 quod
650 1104 763 1131 deorum
784 1103 911 1138 potentiae
934 1102 1032 1129 adver-

239 1151 330 1179 sarios
355 1151 430 1186 ipsos
447 1149 677 1185 deprehenderat.
703 1148 838 1176 Praeterea
852 1148 912 1175 illos
931 1155 946 1175 a
964 1147 1032 1174 deo-

239 1203 300 1222 rum
332 1193 520 1222 munificentia
555 1191 737 1227 repellendos,
763 1195 846 1226 atque
868 1191 902 1217 ab
922 1190 1031 1225 imperii

240 1240 335 1268 militia
352 1239 448 1275 proeul
462 1238 595 1266 arcendos
611 1245 671 1265 esse
688 1237 820 1269 decrevit,
833 1235 920 1272 quoad
931 1243 1032 1270 oppor-

241 1293 306 1314 tune
330 1286 364 1313 de
389 1285 497 1312 illorum
520 1284 653 1319 religione
679 1283 820 1318 inquirere
842 1285 945 1317 posset.
972 1280 1032 1309 Non

241 1333 314 1361 enim
332 1339 439 1367 aequum
456 1331 543 1359 videri
560 1330 612 1358 sibi
645 1330 744 1362 aiebat,
769 1329 876 1357 illorum
899 1329 1033 1364 juventu-

242 1386 296 1408 tem
316 1377 461 1406 tomien'tis
483 1377 624 1405 consumi:
649 1377 742 1411 itaque
766 1375 953 1403 misericordia
974 1383 1034 1403 mo-

242 1431 299 1453 tum
322 1424 452 1459 temporis
478 1423 595 1458 spatium
613 1430 643 1450 se
667 1422 723 1450 illis
752 1422 914 1454 concedere,
936 1426 967 1448 ut
990 1422 1033 1448 in-

243 1478 316 1499 terea
342 1471 546 1505 resipiscerent,
567 1468 600 1496 ad
622 1470 685 1496 deos
709 1473 925 1500 reverterentur,
947 1472 976 1495 et
995 1467 1035 1495 vi-

243 1523 347 1545 vcrcnt.
380 1516 441 1543 llaec
465 1516 535 1543 dixit
556 1516 717 1549 imperator,
738 1519 766 1541 et
792 1514 920 1548 praecepit
938 1514 1035 1541 ferreis

242 1563 358 1590 vinculis
380 1563 487 1589 illorum
505 1561 572 1588 colla
593 1560 673 1593 emi,
691 1566 772 1594 atque
788 1568 802 1586 ιι
817 1567 867 1586 suo
887 1563 1034 1593 conspectu

244 1608 387 1636 removeri.
404 1607 480 1634 Tunc
495 1606 590 1633 Decius
604 1606 632 1632 in
647 1606 714 1632 alias
733 1605 814 1632 urbes
828 1605 966 1639 profectus
982 1610 1033 1638 est,

245 1660 274 1682 ut
286 1654 386 1681 faceret
400 1660 458 1687 quae
475 1652 503 1679 in
516 1652 607 1679 animo
620 1652 747 1684 habebat,
762 1659 795 1678 eo
806 1656 896 1678 tamen
908 1651 1034 1684 consilio,

246 1707 275 1728 ut
301 1700 438 1735 Ephesum
461 1701 607 1733 repeteret.
633 1696 727 1732 itaque
750 1697 853 1725 sanctis
875 1696 951 1729 viris,
964 1704 1034 1731 quos

244 1746 374 1776 diximus,
401 1750 562 1771 concessum
581 1741 671 1769 fuerat
689 1741 725 1769 ab
748 1741 924 1776 imperatore,
943 1746 972 1768 ut
987 1749 1035 1776 per

245 1794 349 1829 aliquot
363 1791 422 1819 dies
438 1790 525 1818 libere
538 1788 641 1817 versari
659 1793 783 1824 possent.

281 1895 325 1923 Vi.
343 1895 410 1922 Cum
431 1894 514 1929 igitur
528 1895 711 1928 opportunum
725 1895 833 1926 tempus
851 1890 1033 1921 invenissent.

245 1947 272 1971 et
285 1943 311 1970 in
322 1941 423 1970 Christi
439 1941 490 1968 title
503 1946 679 1975 perseverare
693 1937 910 1968 constituissent,
921 1936 1035 1971 justitia:

245 1989 374 2024 operibus
397 1986 612 2014 incumbebant:
637 1991 755 2019 cumque
779 1990 877 2010 aurum
894 1987 923 2009 et
939 1989 1037 2017 argen-

246 2042 303 2063 tum
319 2042 351 2061 ex
364 2033 485 2068 paternis
504 2031 678 2059 facultatibus
698 2029 882 2065 collegissent,
908 2028 1037 2063 pauperi-

246 2081 297 2107 bus
323 2079 436 2106 multam
462 2078 607 2113 pecuniam
634 2076 848 2104 distribuerunt:
867 2079 896 2101 et
912 2073 985 2100 inter
1006 2079 1036 2100 se

246 2126 390 2155 consilium
415 2126 552 2157 ineuntes,
575 2123 696 2151 vicissim
715 2130 744 2150 se
757 2122 802 2150 his
818 2122 911 2149 verbis
937 2120 1036 2148 adhor-

247 2173 375 2199 tabantur
393 2180 400 2198 :
422 2169 588 2196 Secedamus
610 2175 756 2202 parumper
779 2168 813 2194 ab
835 2167 885 2194 hac
911 2166 987 2198 urbe,
1008 2170 1036 2193 et

246 2219 394 2245 subeamus
408 2215 567 2250 speluncam
583 2214 656 2241 illam
673 2220 809 2248 magnam,
824 2220 884 2246 quze
904 2212 991 2246 vergit
1002 2211 1036 2239 ad

1077 267 1185 300 αὐτοὺς,
1200 266 1247 293 καὶ
1269 266 1314 293 ὅτε
1332 262 1558 299 προσηνέχθησαν
1575 260 1692 287 ἐνώπιον
1714 258 1809 289 αὑτοῦ,
1823 257 1864 283 ἔτι

1077 315 1130 341 τῶν
1143 312 1268 348 δακρύων
1283 312 1312 337 ὲν
1325 312 1380 342 τοῖς
1407 309 1559 343 ὀφθαλμοῖς
1576 306 1666 333 αὐτῶν
1681 304 1778 336 ὄντων,
1788 303 1865 338 λέγει

1077 361 1169 391 αὐτοῖς
1189 358 1282 389 Δέκιος
1298 357 1312 383 ὁ
1329 355 1458 392 βασιλεύς
1475 363 1482 370 ·
1499 353 1575 380 Διατί
1588 352 1638 379 οὐκ
1653 351 1779 386 ὲμείνατε
1805 349 1865 385 μεθ’

1078 406 1157 442 ἡμῶν
1175 406 1216 436 εἰς
1231 405 1281 439 τὴν
1301 403 1398 430 θυσίαν
1419 401 1474 428 τῶν
1497 399 1580 432 θεῶν,
1593 399 1694 429 οἵτινες
1713 399 1807 424 πᾶσαν
1817 397 1866 431 τὴν

1077 453 1241 486 οἰκουμένην
1269 448 1489 486 προσκαλοῦνται
1515 446 1584 482 πρὸς
1608 444 1722 475 ἑαυτούς
1736 451 1743 458 ·
1757 444 1804 470 καὶ
1817 442 1866 469 νῦν

1079 498 1242 534 προσέλοετε
1266 497 1316 523 καὶ
1331 496 1433 522 θύσατε
1458 495 1508 528 τὴν
1527 490 1778 528 κεχρεωστημένην
1799 490 1867 524 ἡμῖν

1079 545 1174 572 Θυσίαν
1190 545 1246 575 τοῖς
1263 543 1343 575 θεοῖς,
1358 541 1449 572 καθῶς
1461 541 1593 574 ἐποίησαν
1603 539 1704 568 πάντες
1720 537 1745 563 οἱ
1761 535 1869 570 ἄνθρω-

1079 600 1137 618 ποι.
1149 591 1217 617 Τότε
1244 587 1461 623 Μαξιμιλλιανδς
1479 585 1652 620 ἀποκριθεὶς.
1664 581 1743 610 εἶπεν
1761 582 1801 618 τῷ
1818 583 1868 617 βα-

1081 639 1166 665 σιλεῖ·
1184 637 1303 672 Ἐχομεν
1317 635 1383 661 Θεὸν
1399 635 1427 661 ὲν
1444 633 1483 668 τῷ
1500 631 1622 667 οὐρανῷ,
1635 631 1650 657 ὁ
1664 629 1778 664 οὺρανὶις
1791 629 1841 655 καὶ
1851 628 1869 662 ἡ

1079 684 1115 719 γῆ
1132 683 1313 718 πεπλήρωται
1337 680 1387 714 τῆς
1406 679 1487 713 δόξης
1504 676 1599 708 αὐτοῦ,
1620 676 1668 702 καὶ
1690 674 1766 708 αὐτῷ
1781 681 1869 708 προα-

1082 731 1202 765 φέρομεν
1232 728 1282 763 τὴν
1308 726 1434 762 κρυπτὴν
1460 723 1557 750 Θυσίαν
1574 722 1624 756 τῆς
1647 720 1871 755 ιξομολογήσεως

1081 777 1169 812 ἡμῶν,
1180 775 1228 802 καὶ
1243 775 1272 801 ἐν
1288 775 1320 809 τῇ
1336 773 1438 807 σπουδῇ
1455 772 1504 806 τῆς
1527 771 1649 805 δεήσεως
1665 767 1745 803 ἡμῶν
1764 767 1870 801 ἐμφαι-

1081 822 1183 858 νόμεθα
1198 821 1314 848 ἐνώπιον
1338 818 1422 845 αὑτοῦ
1445 817 1605 847 διαπαντός.
1632 815 1730 850 Ἡμεῖς
1741 813 1798 848 γὰρ
1816 814 1869 848 τὴν

1083 869 1179 895 κνίσαν
1195 867 1243 894 τοῦ
1261 865 1368 894 καπνοῦ
1393 865 1444 900 τὴν
1467 862 1689 899 μεμολυσμένην,
1712 859 1871 895 ἔμπροσθεν

1080 914 1197 942 εἰδώλων
1210 922 1258 940 σου
1276 913 1307 939 οὗ
1328 910 1532 947 προσφέρομεν,
1549 908 1611 935 οὐδὲ
1629 908 1686 942 γὰρ
1714 906 1870 941 μολύνομεν

1079 961 1129 996 τὴν
1139 959 1325 994 καθαριότητα
1333 957 1388 984 τῶν
1395 957 1490 992 ψυχῶν
1503 955 1582 991 ἡμῶν
1596 954 1644 981 καὶ
1654 953 1709 980 τῶν
1721 952 1869 986 σωμάτων,

1116 1005 1154 1033 Ε¹.
1179 1006 1248 1032 Τότε
1279 1004 1375 1034 Δέκιος
1403 1003 1433 1029 οὺ
1461 1001 1588 1036 διελέχθη
1614 999 1781 1034 ἀμφοτέροις
1799 997 1870 1032 ἅμα,

1081 1053 1150 1080 ἀλλὰ
1166 1051 1274 1078 κελεύει
1295 1051 1416 1084 κοπῆναι
1430 1049 1480 1080 τὰς
1497 1048 1587 1080 ζώνας
1604 1047 1703 1073 αὐτῶν.
1720 1046 1775 1072 Καὶ
1795 1045 1873 1078 λέγει

1081 1099 1150 1135 προς
1163 1097 1263 1129 αὐτούς
1273 1105 1280 1113 ·
1297 1095 1407 1130 Ἐπειδὴ
1420 1092 1500 1129 εὖρον
1507 1095 1580 1129 ὑμᾶς
1590 1093 1727 1124 ὲναντίους
1738 1091 1809 1118 κατὰ
1819 1092 1873 1125 τῆς

1081 1146 1224 1180 δυνάμεως
1238 1144 1291 1171 τῶν
1304 1143 1384 1175 θεῶν,
1404 1141 1449 1168 διὰ
1463 1140 1543 1167 τοῦτο
1560 1141 1607 1167 καὶ
1621 1139 1701 1174 ὑμεῖς
1723 1138 1873 1173 ἀλλοτριω-

1082 1192 1198 1227 θήσεσοε
1212 1191 1261 1224 τῆς
1278 1189 1368 1216 αὐτῶν
1379 1187 1591 1224 μεγαλειότητος
1599 1187 1647 1213 καὶ
1658 1186 1708 1220 τῆς
1721 1184 1873 1219 στρατείας

1082 1238 1130 1273 τῆς
1149 1237 1290 1273 βασιλείας
1302 1235 1394 1273 ὴμῷν,
1418 1234 1471 1265 ἕως
1484 1230 1515 1259 οὗ
1528 1231 1604 1259 λάϐω
1617 1231 1716 1266 καιρὸν
1738 1231 1788 1257 καὶ
1801 1229 1874 1264 μετὰ

1083 1271 1246 1319 δοκιμασίας
1274 1271 1533 1316 ὲπερώτηθήσεσθε,
1564 1277 1629 1312 περὶ
1657 1277 1708 1312 τῆς
1733 1275 1816 1310 οὔσης
1843 1276 1877 1302 ὲν

1083 1330 1148 1365 ὑμῖν
1164 1328 1325 1365 Θρησκείας·
1339 1327 1368 1353 οὐ
1381 1326 1436 1360 γὰρ
1453 1324 1559 1351 δίκαιόν
1584 1324 1662 1349 ἐστιν
1686 1322 1770 1354 εὐθὺς
1794 1324 1876 1350 ἀπω-

1083 1376 1178 1403 λέσθαι
1191 1376 1240 1411 τὴν
1256 1374 1372 1409 νεότητα
1388 1372 1465 1408 ὑμῶν
1477 1371 1525 1398 καὶ
1542 1369 1664 1406 μαραναι
1686 1369 1736 1402 τὰς
1761 1369 1874 1404 ἡλικίας

1085 1423 1164 1458 ὑμῶν
1180 1423 1209 1448 ὲν
1222 1421 1361 1451 ποικίλαις
1378 1419 1506 1454 βασάνοις
1521 1426 1529 1434 ο
1544 1418 1600 1452 ἐγὼ
1614 1417 1669 1452 γὰρ
1684 1416 1877 1451 συμπαθήσας

1084 1470 1181 1504 δίδωμι
1201 1468 1267 1503 ὑμῖν
1282 1466 1389 1501 καιρὸν,
1405 1466 1480 1496 ὅπως
1492 1464 1522 1490 ὲν
1535 1463 1610 1498 αὑτῷ
1625 1462 1803 1497 οοφιοθέντες
1814 1463 1879 1488 ἑπι-

1087 1514 1220 1550 στρέψητε
1235 1513 1284 1540 καὶ
1312 1511 1441 1547 ζήσεσθε.
1471 1510 1538 1536 Τότε
1558 1510 1704 1536 ἐκέλευσεν
1716 1510 1731 1536 ὸ
1746 1508 1879 1544 βασιλεὺς

1086 1562 1192 1593 Δέκιος⁷
1204 1560 1252 1587 καὶ
1265 1561 1371 1595 ὲπῇραν
1389 1559 1422 1584 τὰ
1434 1557 1513 1584 κλοιὰ
1528 1558 1563 1583 τὰ
1575 1557 1674 1591 σιδηρὰ
1690 1557 1722 1583 ὲκ
1734 1555 1790 1582 τῶν
1807 1564 1878 1591 τραν

1089 1607 1180 1643 χήλων
1206 1607 1306 1637 αὐτῶν,
1332 1605 1379 1631 καὶ
1403 1603 1530 1637 ἐξέϐαλον
1547 1603 1647 1634 αὐτοὺς
1666 1603 1698 1629 ὲκ
1726 1601 1873 1638 προσώποι

1087 1653 1136 1680 τοῦ
1164 1653 1307 1689 βασιλέως.
1335 1651 1403 1677 Τότε
1416 1649 1463 1677 οὖν
1476 1651 1490 1676 ὁ
1505 1650 1603 1681 Δέκιος
1632 1648 1747 1684 ἐξῆλθεν
1765 1650 1806 1680 είς
1826 1649 1873 1676 τὰς

1088 1700 1172 1731 ἄλλας
1192 1699 1294 1729 πόλεις,
1313 1697 1459 1731 πληρῶσαι
1472 1697 1503 1722 τδ
1518 1696 1626 1731 θέλημα
1645 1695 1731 1722 αὐτοῦ
1750 1696 1800 1722 καὶ
1829 1695 1871 1722 οὖ-

1088 1753 1143 1776 τως
1154 1744 1198 1770 ἐπ’
1213 1743 1337 1770 ἀνελθεῖν
1359 1743 1399 1773 είς
1414 1741 1533 1776 Ἔφεσον
1549 1743 1598 1776 τὴν
1611 1741 1689 1768 πόλιν
1705 1742 1734 1767 ὲν
1751 1741 1828 1776 αὐτῷ
1840 1742 1871 1776 τιξ
1890 1752 1893 1754 ·

1089 1789 1169 1825 θυμῷ
1190 1790 1240 1823 τῆς
1265 1787 1412 1819 ἀλαζονίας
1443 1786 1538 1818 αὐτοῦ,
1554 1787 1615 1812 τότε
1642 1784 1688 1812 οὖν
1717 1785 1795 1821 ιδὸοη
1820 1794 1836 1812 τ
1854 1788 1879 1818 ῖς

1089 1836 1177 1870 ἁγίοις
1196 1835 1299 1865 ἔνδοσις
1320 1834 1430 1869 ἡμερῶν
1447 1833 1523 1868 παρὰ
1540 1832 1588 1858 τοῦ
1606 1832 1752 1867 βασιλέως.

1125 1884 1170 1916 ς’.
1183 1881 1320 1911 meam;
1346 1879 1393 1906 οὖν
1407 1879 1504 1914 καιρὸν
1520 1879 1544 1904 οἱ
1561 1879 1648 1912 ἅγιοι,
1666 1878 1830 1913 ἐπλήρωσαν
1846 1877 1883 1903 τὰ

1089 1928 1157 1963 ἔργα
1173 1928 1222 1962 τῆς
1242 1925 1420 1960 δικαιοσύνης
1433 1925 1461 1951 ἐν
1477 1926 1510 1960 τῇ
1526 1925 1618 1951 πίστει
1643 1924 1745 1955 αὐτῶν,
1766 1925 1814 1950 καὶ
1828 1924 1882 1950 λα-

1089 1975 1184 2005 ϐόντες
1199 1973 1311 2008 χρυσίον
1324 1971 1371 1999 καὶ
1386 1970 1518 2006 ἀργύριον
1530 1971 1561 1996 ὲκ
1571 1970 1625 1997 τῶν
1641 1970 1760 2004 γιινικῶν
1774 1969 1882 2002 αὐτῶν,

1087 2021 1219 2049 διεδίδουν
1232 2021 1288 2051 τοῖς
1298 2019 1428 2054 πτωχοῖς·
1438 2018 1498 2044 τότε
1511 2017 1661 2051 ὲσκέψαντο
1677 2016 1736 2052 μετ’
1753 2017 1883 2052 ἀλλήλων

1089 2069 1137 2095 καὶ
1152 2065 1240 2094 εἶπον.
1257 2065 1488 2101 Ἀποχωρίσωμεν
1503 2064 1615 2095 ἑαυτοὺς
1629 2063 1720 2098 ὀλίγον
1740 2064 1787 2090 καὶ
1804 2063 1884 2095 ὲξέλ-
1904 2073 1906 2075 ι

1090 2115 1182 2149 Θωμεν
1194 2114 1227 2140 ὲκ
1239 2113 1290 2147 τῆς
1305 2112 1411 2143 πόλεως
1424 2111 1538 2146 ταύτης,
1553 2110 1599 2137 καὶ
1615 2110 1781 2145 ἀπέλθωμεν
1797 2111 1839 2142 εὶς
1849 2110 1883 2136 τὸ

1091 2161 1222 2196 σπήλαιον
1240 2160 1272 2186 τὸ
1294 2159 1368 2195 μέγα
1390 2159 1422 2186 τὸ
1435 2158 1465 2185 ὂν
1481 2158 1511 2191 ἐξ
1534 2157 1673 2184 ἀνατολῶν
1697 2159 1747 2192 τῆς
1762 2157 1881 2188 πόλεως.

1090 2209 1146 2235 Καὶ
1163 2206 1305 2242 δεηθῶμεν
1333 2206 1392 2232 ἐκεῖ
1421 2204 1469 2231 τοῦ
1486 2204 1554 2231 Θεοῦ
1576 2204 1657 2238 ἡμῶν
1675 2203 1745 2238 μετὰ
1761 2204 1884 2238 ἡσυχίας

245 2263 398 2291 Orientem.
424 2248 485 2288 illic
510 2260 603 2295 quiete
631 2259 767 2290 viventes,
797 2257 881 2285 Deum
909 2263 1033 2285 nostrum

1088 2254 1218 2286 ἐκτενῶς,
1243 2253 1290 2279 καὶ
1320 2251 1531 2287 εὐτρεπίσωμεν
1557 2250 1671 2280 ἑαυτοὺς
1697 2248 1816 2276 ἐνώπιον
1831 2248 1882 2275 τοῦ

245 2309 358 2337 attentis
372 2313 401 2335 et
416 2307 535 2334 assiduis
556 2305 682 2341 precibus
698 2311 819 2335 oremus,
837 2309 867 2330 ut
883 2304 950 2331 tales
965 2303 1036 2330 εί]ῑοί

246 2358 385 2391 piissimus
413 2354 460 2389 qui
487 2356 552 2380 ante
576 2351 683 2388 tyranni
712 2355 854 2386 aspectant
881 2354 1037 2377 constanter

246 2410 318 2431 stare
345 2403 506 2429 valeamus:
532 2407 621 2435 neque
654 2398 815 2426 desinamus
848 2397 895 2424 Dei
923 2396 1036 2431 gloriam

247 2449 416 2478 collaudare,
447 2451 475 2474 ut
500 2446 573 2473 Dens
598 2446 657 2479 ipse
686 2451 738 2478 ope
761 2451 810 2470 sua
837 2450 888 2470 nos
915 2443 1036 2476 adjuvet,

249 2502 303 2529 quo
327 2499 428 2521 rectam
459 2493 519 2528 ejus
549 2491 755 2518 confessionem
786 2495 939 2519 servemus,
957 2495 1038 2515 coro—

250 2547 369 2575 namque
409 2538 481 2566 iiiam
516 2537 702 2571 incorruptam
738 2535 780 2562 his
819 2539 959 2568 paratam,
991 2533 1038 2569 qui

250 2587 310 2622 ejus
339 2586 419 2612 fidem
451 2583 620 2615 custodiunt,
645 2586 673 2609 et
694 2581 833 2608 Christum
856 2583 1036 2615 agnoverunt,

249 2633 374 2666 accipere
414 2629 561 2666 possimus.
596 2628 689 2662 itaque
713 2635 776 2655 cum
803 2631 909 2654 tantum
934 2625 1038 2661 argenti

249 2678 442 2713 sumpsissent,
456 2679 587 2711 quantum
607 2674 660 2701 illis
681 2673 715 2700 ad
738 2677 877 2707 sumptum
892 2671 1039 2699 satis-esse

247 2729 352 2759 pus:cl,
368 2724 552 2750 ascenderunt
571 2721 599 2748 in
613 2720 770 2756 speluncam
789 2719 817 2745 in
836 2723 928 2745 monte
947 2717 1038 2750 sitam,

248 2773 339 2803 (mons
354 2769 458 2796 chlon
486 2767 652 2802 appellatur)
660 2773 715 2801 quo
730 2766 758 2791 in
781 2764 842 2792 loco
859 2763 960 2791 multos
981 2763 1040 2791 dies

249 2819 451 2849 transegcrunt,
483 2814 567 2840 Deum
604 2812 694 2846 ipsum
724 2813 846 2842 orantes,
874 2814 902 2836 et
924 2808 1038 2836 salutem

250 2859 403 2885 animarum
437 2865 550 2885 suarum
580 2863 690 2890 semper
723 2855 757 2882 ab
792 2862 825 2882 eo
857 2855 1038 2890 postulantes.

250 2903 381 2932 lamblico
407 2908 509 2934 aut-in,
525 2903 569 2938 qui
593 2901 720 2932 omnibus
747 2900 807 2929 aliis
821 2905 882 2929 erat
902 2906 967 2929 natu
988 2902 1039 2930 Ini-

1086 2301 1220 2336 τυράννου
1238 2299 1426 2334 παραστῆναι,
1441 2297 1478 2332 μὴ
1495 2296 1543 2323 οὖν
1566 2296 1738 2331 ἁργήσωμεν
1760 2295 1816 2322 ἀπὸ
1831 2295 1884 2330 τῆς

1086 2346 1241 2380 δοξολογίας
1254 2345 1302 2372 τοῦ
1320 2344 1401 2371 Θεοῦ.
1417 2344 1472 2370 Καὶ
1495 2343 1527 2370 τὸ
1553 2343 1661 2377 θέλημα
1676 2341 1760 2369 αὑτοῦ
1777 2342 1883 2377 ποιήσῃ

1088 2393 1149 2429 μεθ’
1165 2392 1245 2428 ἡμῶν
1261 2392 1275 2417 ὁ
1290 2390 1405 2426 Κύριος,
1431 2392 1480 2417 καὶ
1507 2389 1703 2425 πληρώσωμεν
1727 2388 1776 2423 τὴν
1793 2388 1883 2422 καλὴν

1087 2440 1234 2476 ὁμολογίαν
1256 2439 1273 2471 ἡ
1279 2438 1338 2473 μῶν
1358 2437 1476 2464 ἐνώπιον
1495 2436 1545 2463 τοῦ
1563 2436 1711 2470 τυράννου,
1727 2435 1775 2462 καὶ
1790 2434 1882 2461 λάϐω-

1089 2496 1140 2522 μεν
1158 2487 1204 2514 τὸν
1218 2487 1381 2520 ἀμάραντον
1399 2484 1536 2518 στέφανον
1550 2483 1598 2510 τὸν
1609 2482 1813 2518 ἡτοιμασμένον
1825 2483 1884 2513 τοῖς

1088 2534 1195 2564 πιστοῖς
1209 2533 1258 2559 καὶ
1278 2531 1463 2565 ἐπεγνωκόσι.
1477 2531 1532 2556 Καὶ
1547 2529 1679 2560 λαϐόντες
1694 2528 1763 2564 μετὰ
1783 2529 1882 2563 χεῖρας

1088 2579 1219 2615 ἀργύριον
1228 2587 1240 2605 ε
1245 2579 1268 2610 ξς
1277 2579 1356 2612 λόγον
1363 2578 1414 2612 τῆς
1419 2577 1542 2611 δαπάνης
1549 2575 1649 2609 αὐτῶν,
1657 2575 1743 2610 ἀνέϐη
1747 2582 1796 2601 σαν
1803 2574 1884 2606 uno

1089 2625 1222 2660 σπήλαιον
1232 2626 1262 2652 τὺ
1269 2624 1300 2651 ὃν
1310 2626 1340 2651 ἐν
1349 2625 1387 2660 τῷ
1394 2625 1451 2659 ὄρει
1461 2623 1500 2660 τῷ
1508 2623 1648 2658 λεγομένῳ
1659 2622 1777 2657 Μοχλὸς,
1786 2622 1837 2648 καὶ
1844 2622 1886 2647 διο

1088 2673 1155 2707 ῆγον
1169 2671 1228 2698 ἐκεῖ
1238 2671 1340 2702 πολλὰς
1350 2670 1405 2706 ἡμέ
1410 2678 1458 2705 ρας
1469 2669 1686 2705 προσευχόμενοι
1695 2669 1743 2695 καὶ
1757 2667 1884 2702 δεόμενοι

1089 2716 1136 2743 τοῦ
1151 2712 1285 2743 Θεοῦ²διὰ
1311 2716 1424 2747 παντὸς,
1447 2715 1519 2750 ὑπὲρ
1546 2715 1595 2749 τῆς
1620 2713 1881 2749 σωτηρίαςαὺτῶν.

1096 2761 1282 2798 Ἰἀμσλιχονδὲ
1290 2760 1373 2788 νίώτε
1379 2769 1424 2796 ρον
1430 2760 1495 2787 οντα
1503 2760 1551 2786 καὶ
1561 2759 1747 2794 δυνατώτερον
1757 2760 1807 2785 καὶ
1813 2759 1883 2794 φρός

1090 2817 1180 2844 νιμον,
1191 2807 1286 2840 ἔταξεν
1294 2807 1432 2834 διακονεῖν
1440 2807 1542 2838 αὐτοῖς·
1555 2805 1604 2833 καὶ
1616 2806 1661 2832 ὅτε
1670 2805 1827 2840 κατήρχετο
1840 2805 1884 2836 εἰς

1090 2855 1139 2890 τὴν
1159 2855 1235 2881 πόλιν
1247 2853 1369 2888 ἢλλασσι
1384 2854 1419 2879 τὰ
1439 2853 1539 2888 ἱμάτια
1550 2852 1634 2880 αὑτοῦ
1646 2852 1684 2883 ὼς
1698 2851 1819 2886 πτωχὸς,
1832 2850 1884 2876 καὶ

1091 2899 1231 2937 ἐλάμϐανε
1259 2898 1320 2935 μεθ’
1341 2898 1441 2927 ἑαυτοῦ
1472 2898 1609 2935 ἀργύριον
1631 2897 1678 2925 καὶ
1707 2895 1794 2924 ἐδίδου
1823 2895 1884 2929 τοῖς
