2024 3153
125 176 170 208 4ρῗ1
747 186 837 218 νιΤΑ
857 189 882 219 δι

940 191 1112 223 UDOCIMI.

1697 200 1750 232 490

126 240 174 262 non
190 233 264 261 abuti
281 234 394 270 eligunt,
411 235 538 265 dicantur
552 246 596 267 res
616 239 698 274 illius,
730 245 756 268 et
784 243 904 273 virorum
920 251 942 279 Α
957 255 1019 282 qua:
1044 247 1153 281 dicunt,
1173 249 1224 285 ipsi
1240 250 1316 286 prius
1330 257 1463 287 pugnant,
1491 259 1519 282 et
1531 262 1560 283 re
1573 256 1632 291 ipsa
1656 264 1750 292 aperte

126 279 250 292 ι----....
269 280 368 292 -..Ε-..2-
389 288 506 292 -..Αληγι
692 286 709 292 .-
732 287 737 292 .

124 279 250 307 bonorum
267 280 369 308 animis
388 288 542 318 apponatur
569 293 664 313 mensa
683 286 787 322 divina,
803 294 831 317 et
852 298 903 327 op-

121 325 202 358 sonia,
215 333 277 361 qua:
292 334 431 363 nunquam
445 337 655 361 consumuntur.

152 370 181 398 ll.
199 371 319 400 Sanctus
332 381 397 410 ergo
412 375 579 406 Eudocimus
590 387 677 415 genus
690 382 802 417 quidem
825 383 903 411 duxit

118 424 147 443 ex
167 415 385 452 Cappadocibus,
409 420 516 455 piorum
541 415 758 462 parentum‘pia
782 428 900 456 soboles.

118 462 232 495 Quorum
265 463 337 491 alter
363 465 473 500 quidem
503 467 627 505 Basilius,
659 472 779 501 Eudocia
807 480 900 503 autem

116 508 231 541 nomine,
247 517 310 545 quae
323 517 465 546 genuerat,
481 520 561 542 erant
573 523 674 551 genere
694 518 824 555 insignes,
839 521 901 556 opi-

116 553 161 580 bus
187 554 373 589 abundantes,
407 557 582 594 illustresque
610 553 783 593 auctoritate.
812 553 900 593 Patri-

113 598 213 627 ciorum
229 600 303 628 enim
321 602 456 638 dignitate
476 605 568 634 clarus
582 613 642 635 erat
670 609 797 639 Basilius.
830 612 899 641 Cum

113 651 161 672 tam
175 647 325 680 praeclaros
338 654 431 676 autem
449 652 561 685 generis
577 653 669 682 fontes
685 655 798 685 haberet
814 658 898 692 Illius,

111 700 159 719 non
171 696 227 720 tam
242 694 318 722 visus
333 700 376 722 est
390 697 489 725 nobilis
503 706 537 726 ex
553 702 724 734 parentibus.
739 710 829 739 neque
842 709 899 733 tan-

111 743 159 765 tam
172 746 206 766 ex
218 739 261 767 eis
274 741 381 776 accepit
392 743 515 777 gloriam,
528 750 660 780 quantam
678 748 735 783 ipse
761 751 898 785 praeclaris

110 784 160 811 suis
171 784 252 812 iactis
267 793 302 813 ex
317 793 348 814 se
360 788 533 817 nobilitatam
549 793 607 819 suis
615 794 707 821 attulit
725 784 893 830 parentibus.

108 830 170 857 Nam
186 830 258 858 ﬁlios
269 832 393 866 quidem,
412 835 458 869 qui
469 843 504 863 ex
520 837 602 865 claris
632 840 684 868 orti
710 845 777 868 sunt
793 850 897 877 paren-

108 875 183 908 tibus,
200 877 355 911 permultos
372 879 496 908 invenies
512 890 519 908 :
533 888 665 917 parentes
681 890 773 914 autem
793 875 894 915 talium

107 921 229 956 filiorum,
245 924 293 959 qui
311 924 339 951 in
356 926 448 953 medio
463 929 567 956 mundo
596 929 680 957 vitam
703 932 770 960 nulli
800 940 892 969 repre-
911 925 932 956 Β

105 966 227 995 beusioni
245 968 354 997 amnem
371 975 576 1008 transegorunt,
594 975 745 1005 admodum
775 966 890 1014 paucos.

104 1011 147 1040 llle
168 1020 236 1049 ergo
250 1014 382 1044 doctrina:
398 1021 427 1044 et
453 1017 604 1054 disciplinis
623 1020 717 1055 jussus
738 1011 890 1058 attendere,

103 1066 227 1094 magnum
242 1060 271 1087 in
289 1061 332 1088 bis
347 1062 441 1100 posuit
464 1064 598 1099 studium,
625 1074 682 1094 non
717 1068 890 1104 verberibus,

102 1113 151 1133 non
162 1108 326 1141 terroribus,
339 1116 395 1136 non
412 1109 505 1145 aliquo
521 1111 576 1140 alio
594 1113 719 1149 indigens
730 1122 764 1142 ex
778 1115 812 1143 iis
829 1124 890 1151 qus:

101 1157 210 1186 possunt
224 1154 357 1189 puerilem
375 1156 409 1184 ad
428 1164 473 1185 res
503 1157 633 1187 honestas
650 1160 771 1190 excitare
796 1170 889 1191 socor-

100 1198 165 1225 diam
182 1207 191 1226 :
207 1200 257 1227 sed
273 1200 334 1235 ipse
346 1207 407 1230 erat
439 1202 490 1231 sibi
506 1203 635 1233 stimulus
649 1213 684 1233 ex
705 1208 888 1243 propensione

99 1249 124 1271 et
139 1245 224 1272 animi
241 1245 383 1275 alacritate
395 1247 430 1275 ad
457 1256 489 1276 ea
506 1257 568 1284 quae
596 1250 667 1278 bona
694 1257 771 1280 sunt.
802 1254 887 1283 Multo

98 1295 185 1318 autem
202 1291 291 1328 magis
315 1293 478 1329 invigilabat
510 1295 623 1324 lectioni
644 1298 798 1328 divinorum
828 1301 887 1329 elo-

97 1337 231 1372 quiorum,
249 1342 278 1365 et
291 1340 401 1368 assidue
414 1340 441 1367 in
454 1341 494 1369 eis
506 1343 677 1377 versabatur,
691 1345 762 1373 adeo
783 1350 813 1374 ut
827 1347 885 1382 ipso

96 1390 200 1418 quoque
219 1389 332 1412 caneret
352 1393 414 1413 cum
434 1386 530 1415 divino
561 1388 663 1417 Davlde
694 1399 701 1417 :
737 1391 884 1420 Exsuliabo

95 1436 136 1463 ego
147 1437 228 1464 super
244 1431 348 1465 eloquia
363 1436 419 1465 tua,
436 1437 466 1460 ut
479 1435 524 1468 qui
537 1435 635 1463 invenit
651 1436 736 1471 spolia
750 1438 834 1466 multa
849 1434 882 1468 4'.

95 1475 125 1501 Et
142 1484 150 1503 :
167 1475 254 1507 Quam
279 1476 363 1504 dilexi
385 1478 467 1514 legem
487 1485 573 1512 tuom,
598 1481 710 1510 Domine
731 1491 742 1511 :
763 1488 818 1512 tota
841 1486 883 1514 die

95 1521 226 1547 meditatio
240 1529 299 1548 mea
312 1528 350 1549 est
362 1523 382 1550 '.
398 1524 543 1560 l'ropterea
557 1527 582 1554 ei
600 1532 755 1563 reputatum
779 1535 821 1559 est
835 1539 882 1559 su—

95 1573 138 1600 pra
151 1566 236 1594 millia
253 1568 314 1595 auri
325 1572 354 1596 et
384 1571 488 1605 argenti
501 1572 523 1605 ⁸,
552 1572 628 1608 juxta
660 1574 783 1603 divinum
811 1577 881 1605 Pro-

94 1613 209 1647 phetam,
224 1615 286 1642 dico
306 1615 446 1644 Davidem.
469 1618 502 1645 Et
513 1618 560 1646 Dei
577 1620 685 1656 eloquia
702 1623 791 1652 dulcia
816 1630 879 1660 gut-

93 1661 141 1687 turi
155 1661 217 1697 ejus
233 1660 357 1696 fuerunt,
376 1667 404 1691 et
414 1671 497 1699 supra
507 1666 559 1693 mel
574 1667 615 1694 ori
631 1668 692 1703 eius
702 1670 722 1696 '.

121 1717 166 1744 lli.
184 1717 304 1746 Vacabat
317 1723 408 1748 autem
425 1720 524 1750 divinis
541 1724 650 1759 templis
664 1729 691 1752 et
709 1726 819 1755 assidue
843 1729 876 1757 ad

90 1770 118 1789 ea
129 1763 269 1791 veniebat.
285 1764 319 1792 Et
343 1773 405 1796 cum
436 1768 496 1803 ejus
523 1769 643 1804 aequales
675 1775 704 1798 et.
728 1772 876 1802 familiares

90 1810 170 1837 dediti
187 1816 282 1841 essent
295 1812 498 1846 venationibus,
519 1820 547 1842 et
575 1823 708 1850 equorum
735 1819 873 1851 cursibus.

88 1861 114 1883 et
123 1856 182 1885 aliis
196 1857 404 1886 adulescentum
422 1860 530 1893 studiis,
546 1861 591 1889 ille
606 1870 637 1889 ea
663 1871 734 1898 aegre
760 1864 874 1898 ferebat,

89 1904 154 1931 etab
169 1903 211 1931 eis
227 1904 341 1932 minime
353 1906 522 1940 movebatur,
557 1912 584 1935 et
607 1908 674 1935 nulli
690 1910 816 1944 ,ccdebat
841 1920 873 1939 ex

89 1949 119 1977 iis
149 1957 212 1984 quae
246 1951 416 1986 juvenilibus
448 1952 627 1981 blandiuntur
666 1956 873 1990 cupiditatibus.

87 1994 204 2024 iucunde
221 2003 286 2024 vero
306 2001 332 2023 et
369 1998 489 2024 libenter
512 2000 673 2031 versabatur
695 2001 872 2038 Eudocimus,

85 2046 128 2068 aut
142 2042 169 2070 in
184 2043 268 2070 domo
285 2044 429 2079 orationis,
446 2045 535 2074 autin
563 2045 685 2074 lectione
710 2048 868 2076 divinorum

86 2087 271 2123 Eloquiorum,
308 2098 356 2125 per
380 2098 440 2126 quae
466 2091 592 2123 studebat
614 2092 735 2128 seipsum
759 2095 873 2124 reddere

87 2134 209 2169 templum
240 2135 298 2163 Deo
332 2136 443 2171 dignum
474 2139 572 2177 utqui
608 2139 677 2172 nihil
711 2142 873 2171 ostenderet

88 2179 271 2214 iniucundum,
312 2181 381 2209 nihil
400 2187 479 2222 turpe
501 2191 535 2211 ex
571 2184 746 2215 deformitate
788 2187 872 2215 animi

88 2227 325 2263 perturbationum,
344 2232 372 2256 et
395 2228 424 2256 in
438 2237 485 2258 eas
501 2230 599 2261 collato
618 2232 722 2259 studio.
741 2233 801 2261 Non
827 2243 871 2263 res

87 2273 206 2306 adversm,
222 2281 279 2301 non
304 2275 441 2307 secundae,
476 2282 532 2306 non
557 2276 659 2311 aliquid
682 2285 715 2305 ex
750 2278 783 2306 iis
811 2286 911 2316 quaen

87 2317 195 2345 animum
209 2322 326 2353 pOSsunt
345 2324 393 2347 aut
420 2320 527 2354 eﬁ'erre,
549 2326 596 2349 aut
620 2322 789 2358 deprimere,
820 2325 872 2353 fuit

75 2352 143 2400 fsatis
154 2352 273 2391 validum
287 2364 321 2391 ad
334 2372 397 2393 eum
411 2372 425 2392 a
437 2372 487 2393 suo
508 2352 637 2395 instituto
651 2352 866 2400 dimovendum:

72 2396 125 2435 1εαιΙ
144 2409 261 2438 dexteris
272 2414 301 2437 et
313 2410 433 2439 sinistris
448 2412 532 2440 armis
563 2414 606 2447 (ut
630 2413 699 2442 dicit
725 2414 827 2446 Paulus
844 2416 866 2452 ‘)

84 2454 184 2484 dextere
199 2458 336 2490 utebatur,
353 2462 381 2485 et
395 2466 426 2485 ca
436 2459 578 2486 materiam
595 2460 712 2492 faciebat
741 2461 865 2497 philoso-

83 2500 154 2533 phias.
167 2502 236 2535 Quin
248 2504 331 2530 etiam
346 2511 409 2531 cum
421 2505 492 2532 viam
505 2513 577 2541 saepe
592 2506 793 2542 ingrederetur,
809 2513 863 2537 tam

82 2553 134 2580 qua:
152 2547 254 2579 ferebat
272 2550 306 2576 ad
323 2550 435 2586 regiam,
451 2559 532 2585 quam
549 2561 608 2586 qua:
622 2553 648 2580 in
662 2552 747 2581 ullum
766 2554 863 2590 [alium

82 2592 171 2629 locum,
189 2601 311 2629 mentem
323 2597 442 2625 simulet
459 2599 577 2634 linguam
594 2600 712 2629 habebat
728 2600 864 2631 intentam

81 2641 172 2674 operi:
191 2642 261 2674 hanc
287 2643 399 2678 quidem
426 2651 568 2672 canentem
594 2646 717 2675 Psalmos
741 2647 862 2682 Davidis,

79 2685 143 2714 illam
153 2692 244 2716 autem
260 2690 461 2723 attendentem,
481 2696 508 2719 et
520 2700 579 2726 qmc
592 2692 754 2720 dicebantur
779 2693 864 2721 intel-

78 2730 210 2767 ﬁgentem,
226 2739 255 2762 et
278 2735 384 2769 iubenti
416 2737 467 2772 ipsi
498 2738 591 2765 Davidi
622 2742 774 2773 parentem.
801 2739 862 2768 Non

76 2779 142 2807 enim
158 2780 185 2808 id
208 2781 246 2813 ei,
261 2781 334 2817 quod
353 2783 459 2816 multis,
488 2785 680 2817 usuvcniebat,
710 2785 757 2823 qui
788 2786 861 2822 psal-

74 2823 127 2852 lunt
138 2826 261 2861 quidem,
293 2829 341 2855 sed
355 2836 409 2856 non
435 2829 591 2865 intelligunt
610 2840 616 2858 :
632 2831 734 2867 quique
748 2839 812 2860 cum
828 2832 861 2860 iis

103 2914 113 2930 ³
128 2912 199 2942 Psal.
215 2920 310 2945 cxvm,
328 2913 389 2940 l62.
405 2914 415 2930 ³
430 2915 496 2943 ibid.
511 2917 554 2945 97.
569 2918 657 2946 “ibid.
671 2918 715 2947 72.
736 2919 746 2936 '
763 2919 828 2949 ibid.
846 2921 905 2950 105.
925 2923 936 2939 ⁸
949 2923 970 2951 ll
987 2924 1050 2954 Cor,
1070 2935 1106 2961 VI,
1123 2928 1149 2957 7.

230 2960 365 2991 PATRGL.
389 2964 447 2994 Gn.
469 2964 561 2998 CXV.

958 293 1160 328 contradicunt,
1172 303 1234 324 cum
1247 298 1342 332 procul
1356 299 1391 326 ab
1402 299 1435 334 iis
1449 308 1509 335 quae
1517 302 1655 336 dicuntur,
1670 304 1735 333 aber
1744 321 1751 325 -

955 345 997 367 ret
1012 347 1107 369 eorum
1123 344 1242 370 animus.
1256 338 1476 380 Temperantiarn
1489 351 1592 381 autem,
1612 357 1672 384 qua:
1687 359 1751 380 vere

954 386 1062 421 publica
1077 393 1129 422 est,
1144 393 1172 416 et
1190 390 1394 425 pulchritudine
1411 392 1478 421 alias
1493 395 1604 426 excellit
1622 389 1750 431 virtutes,

954 432 995 462 sie
1010 435 1121 468 amavit,
1137 436 1214 464 etab
1234 445 1265 464 ea
1291 437 1326 465 ita
1355 444 1449 473 aperte
1462 444 1506 468 est
1531 449 1687 477 superatus,
1721 451 1750 473 ut

953 486 1012 506 eam
1022 480 1049 507 in
1066 482 1121 508 vita
1140 482 1257 515 sociam,
1277 488 1304 511 et
1316 492 1376 519 qua:
1388 493 1481 520 secum
1497 486 1645 522 habitaret,
1672 491 1749 519 dele-

951 523 1033 557 gerit,
1048 530 1075 553 et
1090 526 1221 554 audacter
1231 536 1293 555 cum
1306 527 1359 557 Job
1373 530 1479 558 diceret
1491 540 1547 560 non
1559 534 1611 568 hoc
1637 536 1725 565 solum
1739 548 1745 566 :

951 570 1061 598 Oculum
1080 581 1165 600 meum
1183 583 1233 602 non
1254 581 1291 603 est
1313 585 1358 604 cor
1367 583 1533 607 consecutum
1553 581 1574 613 ',
1590 582 1638 609 sed
1651 584 1745 617 etiam,

951 617 1023 651 quod
1038 618 1084 645 illo
1111 625 1152 647 est
1176 622 1275 656 majus,
1302 627 1411 658 pactum
1427 624 1537 659 ,feclsse
1563 634 1627 656 cum
1644 630 1745 665 oculis,

950 662 1026 690 nullo
1039 664 1119 692 modo
1131 664 1298 694 intellexisse
1314 676 1398 703 super
1410 669 1545 706 virginem
1557 672 1568 688 '
1583 678 1629 701 :et
1657 662 1745 713 usque

950 708 1017 736 adeo
1033 710 1159 738 vitaverit
1178 720 1239 743 cum
1256 714 1367 742 muliere
1379 716 1507 752 colloqui,
1522 723 1552 746 nt
1581 720 1631 748 soli
1662 710 1745 757 matri

949 762 1004 781 non
1022 761 1096 783 esset
1117 758 1287 793 prohibitum
1313 761 1347 787 ad
1374 769 1437 789 eum
1463 765 1605 799 accedere,
1619 774 1700 802 quam
1716 770 1743 805 in

949 807 1047 836 magna
1067 801 1186 831 habebat
1211 806 1410 835 veneratione:
1439 813 1468 836 ut
1497 810 1543 845 qui
1572 801 1633 839 non,
1654 801 1742 847 solum

948 847 1089 881 maternis,
1105 850 1152 877 sed
1172 850 1282 879 virtutis
1298 853 1382 880 etiam
1396 855 1505 883 cederet
1531 856 1647 894 legibus.
1670 859 1744 888 Prae-

948 899 991 921 ter
1003 903 1063 924 cam
1079 902 1168 925 autem
1186 900 1253 927 nulli
1265 900 1365 929 licebat
1380 903 1486 931 mulieri
1498 912 1561 934 cum
1577 915 1609 935 eo
1627 909 1740 945 omnino

948 940 1034 976 loqui,
1047 947 1092 971 aut
1104 944 1137 972 ad
1146 952 1209 973 eum
1224 947 1310 975 adire.
1384 942 1387 945 ’

983 987 1028 1015 lV.
1040 988 1108 1017 Cum
1128 993 1309 1026 temperantia
1326 1002 1392 1028 vero
1407 997 1550 1032 conjunxit
1565 1000 1648 1029 etiam
1666 1002 1739 1031 elee-.

946 1040 1101 1070 mosynam,
1120 1044 1182 1064 cum
1195 1038 1383 1073 pulcherrima
1396 1049 1455 1070 eam
1469 1052 1530 1079 quae
1557 1050 1598 1073 est
1620 1050 1739 1085 maxime

946 1078 1039 1108 hilaris
1056 1082 1143 1113 :adeo
1157 1087 1187 1111 ut
1203 1083 1277 1118 illius
1293 1086 1405 1121 quidem
1421 1078 1526 1122 lumine
1554 1091 1738 1129 illustraretur

945 1124 1040 1160 iacies,
1066 1128 1150 1164 huius
1175 1135 1266 1158 autem
1297 1132 1358 1161 oleo
1384 1142 1432 1162 cor
1449 1127 1737 1175 piuguefieret,esset-

943 1180 997 1209 que
1016 1177 1044 1201 et
1061 1176 1182 1204 mundus
1199 1182 1225 1205 et
1236 1178 1490 1210 misericorsmdeo
1499 1189 1528 1212 ut
1538 1186 1665 1221 altitudo,
1675 1196 1737 1224 qua:

942 1219 1108 1253 proceditex
1126 1223 1258 1257 puritate,
1291 1225 1324 1254 ad
1355 1228 1511 1263 proximum
1537 1231 1578 1267 (ut
1605 1219 1663 1269 pari
1680 1219 1733 1274 est)

942 1272 976 1291 ex
987 1273 1123 1295 consensu
1136 1276 1165 1296 se
1179 1268 1327 1305 inclinans,
1342 1271 1369 1300 in
1388 1277 1447 1301 tuto
1458 1281 1541 1304 esset.
1558 1268 1625 1307 Tam
1639 1268 1734 1317 splen:

940 1312 1004 1340 dide
1019 1319 1110 1341 autem
1136 1317 1295 1346 attendebat
1325 1321 1516 1361 eleemosynm,
1544 1331 1571 1354 et
1594 1312 1661 1356 eam.
1696 1332 1733 1365 ita

940 1359 1166 1395 amplectebatur,
1186 1367 1215 1394 ut
1230 1372 1287 1396 non
1303 1366 1391 1395 solum
1405 1359 1559 1406 superfluis,
1573 1375 1620 1402 sed
1649 1359 1732 1410 etiam

938 1406 1102 1434 necessariis
1112 1415 1141 1439 se
1158 1409 1202 1443 ple
1212 1416 1323 1448 gereret
1338 1421 1346 1440 :
1368 1418 1396 1441 et
1410 1422 1464 1449 non
1477 1424 1559 1456 parce
1572 1421 1730 1458 seminaret,

938 1451 1023 1479 sedin
1041 1451 1307 1486 benedictionibus:
1338 1464 1367 1487 et
1397 1468 1452 1491 non
1477 1451 1567 1492 solum
1593 1451 1730 1505 pecuniis;

936 1497 984 1525 sed
1002 1499 1084 1527 etiam
1098 1502 1238 1536 carnibus,
1253 1504 1274 1531 si
1287 1512 1320 1532 ex
1334 1506 1365 1533 iis
1377 1510 1546 1543 pauperibus
1560 1497 1620 1542 dari
1638 1497 1731 1550 posse;

936 1544 1077 1579 auxilium,
1092 1547 1205 1576 minime
1219 1556 1356 1584 parceret,
1375 1552 1456 1588 idque
1473 1556 1618 1589 admodum

892 1606 915 1638 c
935 1596 1116 1627 promptaque
1131 1599 1158 1621 et
1172 1595 1255 1623 alacri
1275 1598 1378 1631 animo,
1401 1606 1493 1631 motus
1521 1605 1671 1638 dilectione
1697 1595 1726 1639 iri

931 1636 1016 1667 Deum
1030 1643 1058 1666 et
1074 1641 1240 1675 proximum.
1257 1643 1375 1673 Fructus
1395 1649 1469 1676 enim
1490 1651 1649 1687 cbaritatis,
1685 1663 1728 1689 est

927 1682 956 1709 in
971 1683 1085 1712 fratrem
1105 1687 1306 1722 misericordia,
1340 1694 1410 1722 adeo
1436 1701 1465 1724 ut
1488 1697 1548 1732 ipse
1575 1682 1728 1737 pmtnptiop

927 1734 1000 1756 esset
1010 1730 1052 1784 ‘ad
1067 1731 1198 1767 dandum,
1228 1743 1309 1770 quam
1340 1739 1385 1768 ille
1404 1741 1439 1769 ad
1451 1730 1664 1781 accipiendum

927 1782 997 1810 opus
1010 1776 1128 1807 habebat
1149 1781 1358 1813 misericordia:
1380 1794 1480 1816 etcum
1511 1776 1726 1830 dedissetpips‘e

927 1823 1014 1858 magis
1026 1824 1175 1861 lzetaretur,
1192 1833 1220 1856 et
1236 1829 1298 1864 plus
1314 1839 1344 1859 se
1360 1833 1447 1867 iuvari
1473 1837 1607 1873 crederet,
1639 1823 1723 1876 quam

927 1867 960 1901 is,
973 1869 1017 1904 qui
1036 1878 1190 1907 acceperat,
1206 1878 1344 1910 quomodo
1360 1887 1404 1907 res
1424 1889 1489 1910 vere
1512 1867 1655 1916 habebat:
1667 1888 1724 1917 Ma-

924 1912 999 1947 jures
1022 1916 1095 1943 enim
1125 1923 1191 1947 sunt
1220 1921 1319 1951 divina:
1347 1926 1449 1960 gratiae.
1474 1936 1555 1963 quam
1583 1932 1722 1971 humanae,

926 1967 993 1993 quas
1003 1960 1062 1996 ipse
1079 1963 1152 1999 larga
1166 1973 1248 1994 manu
1268 1970 1376 1998 emebat
1391 1960 1494 2007 largius
1521 1960 1597 2006 illinc

925 2006 1036 2035 rientes.
1050 2008 1094 2042 Et,
1112 2013 1235 2040 utsemel
1249 2014 1349 2048 dicam,
1361 2006 1549 2053 orphanorum
1568 2030 1628 2052 erat
1644 2032 1722 2062 pater

925 2051 1105 2089 Eudoeimus,
1128 2063 1239 2087 curator
1255 2051 1409 2098 viduarum,
1421 2051 1718 2102 indumentumrnru—do-

924 2106 996 2133 rum,
1011 2101 1091 2136 panis
1102 2105 1294 2141 esurientium,
1305 2109 1458 2139 animarum
1475 2121 1536 2148 qua:
1556 2117 1719 2152 mgritudine

923 2146 1109 2181 gravabantur
1132 2151 1271 2181 solatium.

960 2190 990 2219 ν.
1006 2192 1031 2219 ls
1051 2200 1112 2224 cum
1132 2200 1160 2223 et
1172 2197 1207 2228 ab
1217 2197 1383 2234 imperatore
1399 2204 1531 2240 honores,
1549 2213 1576 2236 et
1603 2216 1663 2244 qua:
1675 2217 1718 2239 est

923 2235 956 2263 ad
978 2241 1096 2273 tempus,
1105 2240 1220 2276 gloriam
1238 2252 1432 2281 assequeretur
1445 2235 1557 2287 propter
1575 2235 1716 2291 viritutem,

924 2281 994 2311 nihil
1011 2291 1042 2311 ex
1059 2292 1092 2313 eo
1108 2286 1267 2324 lmdebatur,
1284 2296 1315 2319 ut
1330 2294 1410 2329 cujus
1439 2281 1503 2324 nee.
1521 2298 1595 2326 calor
1618 2281 1717 2330 anima;

926 2330 1100 2376 tepesceret.
1128 2339 1219 2367 neque
1230 2336 1264 2363 ad
1290 2345 1402 2367 cursum
1434 2342 1606 2376 spirituaiem
1639 2345 1716 2374 ﬁeret

923 2372 1042 2425 impetus
1058 2375 1210 2406 hebetior:
1241 2382 1289 2410 sed
1321 2384 1413 2418 potius
1438 2372 1499 2415 eam
1525 2372 1635 2425 quoque
1659 2372 1715 2420 beo

922 2419 1062 2448 ascribens
1073 2423 1199 2458 gratiam,
1219 2425 1281 2454 hinc
1295 2430 1420 2459 sumebat
1435 2419 1612 2464 occasionem
1625 2438 1714 2474 maio,

921 2466 961 2492 ris
979 2465 1007 2493 iu
1023 2466 1110 2502 ipsum
1124 2469 1306 2505 desiderii,et
1329 2483 1391 2504 eum
1420 2479 1527 2509 colendi
1556 2465 1712 2520 promptius

920 2515 947 2538 et
964 2511 1092 2542 alacrius.
1111 2514 1192 2545 Certe
1210 2527 1272 2547 cum
1287 2527 1360 2551 esset
1370 2524 1484 2559 electus,
1522 2511 1566 2556 uti
1579 2511 1712 2565 praeesset

918 2557 988 2591 parti
1009 2560 1148 2590 exercitus
1163 2563 1368 2603 Cappadocum,
1387 2575 1414 2598 et
1445 2557 1602 2603 moraretdr
1636 2577 1709 2605 circa

916 2601 954 2636 id,
971 2604 1044 2639 quod
1072 2613 1188 2636 vocatur
1214 2601 1409 2649 Cbarsianum,
1439 2601 1707 2658 gerebatwmag‘riaiu

914 2657 1008 2678 curam
1027 2654 1131 2688 populi,
1149 2660 1178 2685 ut
1194 2657 1241 2692 qui
1255 2667 1310 2687 non
1321 2660 1410 2689 solum
1423 2663 1458 2691 de
1474 2665 1515 2692 eis
1544 2654 1642 2695 esset-
1655 2677 1701 2704 pa.

915 2699 992 2723 terne
1024 2699 1168 2735 sollicitus,
1196 2704 1242 2731 sed
1267 2712 1313 2733 eas
1337 2708 1432 2742 etiam,
1457 2717 1518 2744 qua:
1532 2718 1611 2741 erant
1635 2699 1708 2751 inter

915 2748 945 2768 se
957 2741 1085 2777 invicem,
1101 2751 1130 2773 ut
1147 2748 1248 2781 solent,
1264 2754 1469 2782 controversias
1484 2756 1613 2791 Solveret,
1643 2749 1705 2789 nul;

914 2786 969 2815 lam
991 2788 1019 2816 in
1045 2796 1148 2826 partem
1179 2797 1367 2831 propendente
1393 2801 1495 2829 trutina
1521 2786 1653 2839 justitite:
1678 2814 1706 2836 et

914 2834 1041 2870 judicans
1059 2841 1212 2875 orphauum
1233 2843 1274 2880 (ut
1293 2846 1382 2875 dicam
1398 2855 1460 2877 cum
1477 2834 1545 2880 Isaia
1561 2852 1593 2888 ν),
1607 2859 1634 2883 et
1664 2858 1704 2885 ι’ἰτ

1169 2929 1375 2968 ’Jub.xxx|,7.
1395 2936 1483 2965 “ibid.
1504 2938 1528 2965 i.
1548 2940 1701 2974 ’lsa.l.l7.

1483 2984 1516 3015 16
