2024 3153
245 177 307 210 -4ει1

911 171 1053 203 ΜΕΝξὶίὸ
1072 167 1220 202 IULIUS.

1825 159 1880 192 ΗΞ

259 233 340 260 duam
358 230 522 267 justiticans,
539 236 568 259 et
586 227 715 259 omnibus
739 228 809 256 idem
835 234 966 262 apparens
994 233 1042 260 per
1057 229 1080 257 Α
1096 224 1181 251 multa
1197 221 1304 257 quidem
1323 219 1427 252 diteus,
1443 215 1528 246 multa
1553 219 1644 250 autem
1670 214 1788 248 iaciens,
1816 221 1882 249 quas

259 277 390 314 aequalem
408 278 434 304 in
448 285 544 305 omnes
575 275 806 304 benevolentiam.
829 273 863 301 Et
886 272 951 308 quid
975 278 1044 305 Opus

260 330 313 358 est,
329 329 359 352 ut
373 324 460 352 dicam
471 323 599 359 singula?
612 323 677 351 Erat
691 322 792 349 virtute
824 319 961 355 perfectus
988 318 1044 346 Eu-

261 371 385 399 docimus
398 379 405 402 ;
419 376 477 398 erat
491 369 605 406 insignis
617 369 750 397 cbaritate
765 367 792 394 in
808 366 904 397 Deum,
924 369 952 392 et
978 364 1045 404 insi-

262 417 322 453 gnis
339 417 471 444 charitate
495 415 523 443 in
547 416 711 451 proximum.
763 413 944 446 Quamobrem
988 402 1047 444 ejus

263 461 375 490 exilium
390 466 417 489 et
432 462 584 494 interitum,
597 461 730 496 proximo,
753 459 874 494 inquam,
892 457 1046 484 clanculum

264 509 420 540 detrahere,
436 508 503 535 adeo
521 508 583 535 odio
600 507 728 538 habebat,
746 509 775 533 ut
792 513 846 532 non
878 504 964 532 solum
990 503 1049 536 ipse

264 554 334 582 nihil
348 553 399 581 tale
416 553 528 586 faceret,
544 553 593 581 sed
604 552 687 580 etiam
716 551 738 578 si
757 550 827 578 alius
850 549 931 576 vellet
946 548 1048 578 facere,

266 600 378 627 minime
394 600 543 626 sustineret
559 606 613 624 non
626 596 748 624 honestis
764 595 852 623 verbis
870 601 950 621 aures
975 600 1050 627 pra:—

265 645 330 672 bcrc
349 650 394 672 :et
410 644 483 680 quod
498 644 531 671 ad
550 651 579 671 se
598 642 705 674 attinet,
718 641 777 669 illas
806 647 916 676 quoque
940 646 1051 667 conser-

267 697 345 719 varet
378 691 498 726 peccatis
528 689 697 725 superiores.

303 738 347 766 Vl.
361 737 438 764 lllum
456 737 495 764 sic
509 736 656 768 viventem,
672 735 802 770 piumque
817 733 879 760 vita:
894 731 1050 759 institutum

268 787 470 815 excercentem,
487 786 514 808 el
527 786 601 810 recte
627 789 656 808 se
678 785 815 816 gerentem
847 777 999 806 communis
1025 777 1052 803 in

269 831 381 865 regione
392 830 481 856 aliena
496 829 559 856 linis
570 832 696 863 occupat,
711 835 772 855 cum
787 831 860 854 esset
874 825 983 860 triginta
1000 829 1055 851 tres

271 884 358 904 annos
368 880 460 908 natus,
476 879 503 902 et
518 874 635 901 necdum
651 873 760 909 quidem
785 871 861 898 canis
891 869 1001 904 capillos
1017 868 1055 894 al-

1094 269 1166 296 solet
1182 268 1272 296 facere
1287 265 1406 301 nequitia
1429 265 1582 291 daemonum
1600 262 1628 290 in
1657 261 1789 289 damnum
1825 261 1879 287 bu-

1095 322 1183 342 manae
1195 318 1310 344 naturae,
1331 318 1391 346 quae
1403 311 1521 345 desuper
1534 309 1606 337 bello
1617 308 1651 336 ab
1678 315 1711 339 eo
1730 306 1880 341 appetitur.

1096 359 1224 387 Dtemone
1237 358 1347 394 quidem
1362 361 1435 385 moto
1450 364 1465 383 a
1481 359 1588 387 sancto,
1608 360 1656 381 aut
1669 361 1684 380 a
1706 353 1807 381 Christi
1833 359 1884 386 po-

1098 410 1153 437 tius
1166 409 1276 440 virtute,
1294 412 1326 434 ut
1336 414 1399 434 eum
1416 404 1594 432 manifestum
1608 402 1711 430 faceret
1746 404 1774 428 et
1796 401 1885 427 hono-

1099 458 1192 488 raret,
1214 457 1342 481 movente
1366 457 1458 484 autem
1475 455 1504 482 et
1539 454 1693 483 torquente.
1724 451 1751 475 et
1767 447 1887 473 maxima

1099 504 1259 536 tempestate
1288 500 1426 527 hominem
1455 497 1647 527 conturbante,
1671 503 1735 522 cum
1756 499 1888 528 tanquam

1099 552 1237 575 mortuum
1262 545 1349 572 Etiam
1375 544 1450 572 humi
1475 543 1598 578 jeeisset,
1628 542 1787 568 scelestum
1821 538 1889 565 illud

1100 594 1262 622 daemonium
1277 593 1366 621 statim
1378 592 1455 624 abiit,
1471 599 1500 618 ut
1514 592 1585 625 qu’)i
1602 590 1690 616 fut-rat
1705 587 1808 615 homini
1839 593 1891 613 ve-

1101 641 1150 668 luti
1170 641 1293 675 quaedam
1308 639 1460 674 disciplina,
1470 643 1498 666 et
1519 637 1747 664 medicamentum
1779 635 1812 661 ad
1844 641 1894 660 ex-

1102 687 1201 722 pianda
1219 691 1331 720 peceata
1348 685 1382 712 iis
1398 692 1483 719 ,quie
1498 684 1569 710 Deus
1583 683 1668 713 novit,
1694 681 1815 716 iudieiis.
1843 679 1897 706 At-

1103 741 1156 768 que
1170 733 1240 760 Elias
1259 732 1368 767 quidem
1385 731 1423 758 sic
1434 731 1484 757 fuit
1529 730 1658 757 liberatus
1695 735 1709 754 a
1742 727 1894 754 daemone:

1106 780 1175 806 Deus
1191 783 1281 806 autent
1299 786 1354 804 non
1368 785 1491 811 eousque
1508 774 1733 803 fecitcousiatere
1753 773 1793 800 sui
1819 771 1896 799 servi

1104 825 1216 862 gloriam
1245 834 1253 854 ;
1280 833 1335 852 uno
1369 831 1434 852 vero
1465 831 1527 850 cum
1560 828 1687 855 Unquam
1719 820 1781 847 tuba
1815 819 1898 845 valde

1107 871 1238 902 clamans,
1266 870 1294 897 in
1320 869 1421 898 inultos
1440 872 1515 895 esset
1538 868 1693 901 dispersum
1721 864 1897 894 miraculum,

272 922 429 953 befecisset,
445 921 590 948 multorum
610 924 700 946 autem
721 926 804 945 canos
827 920 968 952 superaret
994 922 1057 949 pru-
1072 906 1095 936 Β
1112 916 1312 944 multitudinem
1328 923 1434 946 eorum,
1452 915 1497 948 qui
1518 912 1785 941 laborabantvariis
1822 917 1902 937 utor.

273 969 374 998 dentia.
397 968 465 995 Male
476 973 567 994 autem
583 965 901 996 babebatlludiicititutii,
917 970 970 988 non
986 960 1057 996 quod

274 1015 398 1042 absolute
435 1016 596 1044 moreretur,
610 1015 639 1038 ut
663 1011 708 1045 qui
732 1018 781 1045 per
807 1014 893 1036 totam
923 1007 1003 1034 vitam
1032 1006 1059 1034 id

279 1065 354 1088 esset
369 1059 524 1092 meditatus,
543 1062 569 1085 et
588 1065 668 1093 quam
683 1065 744 1083 cum
760 1056 858 1091 egisset
872 1055 962 1086 vitam,
989 1061 1060 1087 qua:-

281 1115 343 1134 nam
359 1114 417 1134 sors
441 1110 514 1133 esset
541 1112 602 1132 eum
634 1107 779 1130 consecuta
798 1110 804 1128 :
821 1106 846 1128 cl
878 1099 976 1134 alioqui
999 1106 1060 1125 cum

278 1158 351 1182 esset
370 1152 487 1188 sapiens,
506 1158 560 1178 non
573 1150 713 1185 ignorabat
729 1148 849 1179 omnino,
878 1145 965 1181 qualis
990 1148 1062 1172 esset

277 1201 320 1228 lex
336 1199 406 1226 inter
426 1197 574 1232 composita
588 1205 593 1222 :
607 1203 706 1230 nempe
723 1194 794 1228 quod
819 1201 880 1220 cum
911 1190 1061 1226 accepisset

279 1245 450 1282 principium,
466 1250 582 1270 necesse
598 1245 670 1268 esset
695 1239 775 1266 ﬁnem
790 1246 899 1274 quoque
915 1235 1061 1270 consequi;

279 1291 455 1328 quamobrem
473 1296 526 1315 non
541 1295 602 1315 eum
621 1284 797 1313 eoaturbabat
815 1282 936 1317 corporis
953 1288 1063 1315 separa-

281 1339 329 1368 tio,
342 1336 473 1371 sedquod
490 1343 551 1361 cum
573 1338 685 1360 matrem
703 1339 758 1358 non
786 1329 901 1356 vidisset
933 1325 1064 1354 charissi-

283 1391 365 1415 mam,
393 1383 472 1415 longe
501 1384 572 1407 esset
600 1377 796 1414 peregrinatus.
815 1374 955 1408 Quomodo
975 1376 1064 1398 autem

282 1426 537 1456 ustuiortuus?cst
553 1424 625 1451 enim
650 1424 701 1450 hoc
728 1420 806 1448 simul
834 1418 1011 1454 philosophia:
1040 1419 1067 1443 et

284 1473 410 1501 utilitatis
430 1471 573 1507 particeps.
596 1467 755 1504 [Egrotahat
775 1465 883 1500 quidem
899 1464 939 1491 vir
963 1462 1018 1494 ille,
1041 1464 1068 1488 ct

285 1519 396 1547 morbus
409 1526 470 1544 cum
484 1517 539 1550 jam
556 1522 588 1542 eo
603 1514 763 1544 deduxerat,
780 1516 810 1538 ut
823 1511 945 1537 ultimum
977 1511 1068 1543 ageret

285 1565 423 1600 spiritum.
437 1563 495 1597 Ipse
504 1569 568 1588 vero
582 1568 642 1587 cum
657 1554 1068 1586 suosacccrsiissetfamiliares,

286 1611 403 1644 primum
422 1608 530 1642 quidem
547 1606 611 1640 dilig
630 1610 690 1631 uter
713 1603 859 1633 mandavit,
887 1607 914 1629 et
940 1609 987 1628 cos
1011 1601 1072 1635 jure

284 1655 401 1691 jurando
416 1653 515 1687 adegit,
532 1656 561 1678 ut
587 1658 649 1677 eum
683 1649 844 1675 mandarent
872 1647 1006 1681 sepulcro,
1033 1646 1073 1673 sic

288 1701 424 1731 indutum,
445 1703 472 1726 ct
484 1703 654 1731 nequaquam
672 1695 698 1722 in
710 1687 800 1729 ipSum
815 1693 1002 1723 observarent,
1014 1698 1073 1726 quae

288 1747 417 1775 solentin
444 1744 569 1771 mortuis.
598 1741 701 1768 Deinde
731 1747 792 1768 cum
822 1747 917 1766 omnes
947 1738 1075 1774 iussisset

287 1795 365 1819 extra
376 1791 448 1818 fores
463 1789 566 1824 egredi,
583 1788 640 1822 ipse
656 1787 743 1814 solum
765 1785 885 1813 inclusus
902 1785 946 1811 dat
964 1793 993 1811 se
1016 1791 1076 1810 ora—

290 1838 367 1866 tioni.
392 1836 486 1864 Oratio
510 1840 600 1862 autem
620 1837 678 1860 erat
695 1832 796 1867 (audita
815 1833 886 1858 cnim
904 1831 954 1857 fuit
971 1838 985 1857 a
1009 1838 1077 1864 quo-

290 1885 363 1915 dam,
391 1882 438 1918 qui
469 1888 552 1917 prope
584 1880 656 1907 fores
680 1877 872 1910 auscultabat)
898 1881 928 1903 ut
961 1877 1019 1911 ejus
1043 1875 1076 1902 ad

289 1930 376 1958 Deum
391 1934 522 1956 excessus
533 1930 609 1953 esset
631 1925 776 1956 obscurus,
801 1927 829 1949 ct
855 1922 921 1949 nulli
940 1921 1076 1956 cognitus,

290 1975 427 2012 quomodo
438 1973 519 2001 etiam
536 1976 591 1999 tota
604 1971 661 1998 fere
677 1971 736 2005 ejus
751 1970 804 1996 vita
819 1964 887 1995 nulli
905 1968 991 1995 evasit
1020 1974 1078 1993 tua-

291 2020 475 2050 nit‘estallum
492 2025 556 2046 vero
573 2017 623 2043 alia
652 2023 758 2051 quoque
786 2014 930 2048 adjecisset
950 2013 1076 2045 orationi.

290 2071 321 2094 et
335 2067 435 2102 eglsset
445 2064 557 2100 gratias,
573 2067 602 2089 et
610 2065 749 2096 postremo
765 2059 880 2086 dixiszct
901 2067 906 2084 :
921 2057 951 2084 1η
985 2064 1078 2083 manus

294 2116 353 2138 tm
367 2109 519 2137 commenda
549 2107 670 2141 spiritum
705 2111 791 2130 nicum
810 2103 844 2134 ¹⁹,
870 2110 933 2130 vere
957 2107 1079 2129 sanctam

294 2156 386 2184 emisit
402 2152 655 2184 auimam.Quidam
668 2154 760 2177 autem
778 2156 811 2176 ex
824 2149 858 2176 iis
870 2148 916 2183 qui
932 2147 1081 2182 seputturze

295 2199 564 2237 eiusinserviebant,
577 2197 662 2232 magis
682 2196 792 2228 rustice,
806 2203 887 2230 quam
903 2194 958 2229 pie,
979 2194 1006 2220 in
1030 2193 1082 2221 hoc

1112 963 1164 994 bis,
1181 963 1287 990 vocavit
1298 962 1331 988 ad
1342 961 1510 996 sepulcrum,
1534 959 1703 993 sepulcrum,
1720 957 1843 990 inquam,
1864 963 1900 982 ex

1113 1016 1166 1045 quo
1179 1008 1375 1035 admirabiliter
1390 1007 1482 1034 multis
1495 1004 1660 1033 scaturiebat
1672 1004 1726 1030 vita
1740 1007 1767 1030 et
1779 1002 1902 1029 curatio.

1151 1053 1218 1081 Vlll.
1238 1054 1274 1080 Ex
1291 1053 1333 1079 his
1346 1060 1408 1079 vero
1422 1060 1474 1081 una
1486 1051 1592 1082 mulier,
1600 1058 1660 1084 quae
1670 1049 1787 1076 habebat
1800 1048 1903 1077 lilium.

1115 1100 1193 1135 cujus
1211 1100 1309 1126 soluta:
1325 1102 1404 1125 erant
1419 1103 1527 1128 manus,
1542 1096 1642 1130 quique
1657 1102 1704 1121 eas
1718 1093 1824 1120 ferelmt
1844 1100 1904 1119 mm

1116 1154 1197 1174 secus
1211 1151 1292 1180 atque
1303 1145 1372 1179 lapis
1383 1151 1415 1171 ac
1432 1148 1534 1174 statua,
1544 1149 1608 1169 cum
1619 1141 1750 1168 ardenter
1766 1139 1907 1166 accessi“

1117 1197 1158 1220 set
1174 1192 1207 1220 ad
1223 1191 1392 1226 sepulcrum,
1406 1198 1461 1217 non
1487 1189 1565 1223 longa
1596 1195 1664 1223 opus
1698 1186 1796 1214 habuit
1812 1193 1906 1215 litora.

1118 1247 1174 1265 non
1190 1238 1315 1273 negotiis,
1332 1244 1387 1263 non
1401 1236 1498 1264 diebus
1515 1244 1522 1261 :
1540 1234 1586 1261 sed
1604 1241 1666 1260 cum
1683 1233 1802 1268 primum
1816 1231 1909 1264 venit,

1119 1285 1142 1311 ei
1159 1292 1238 1318 opem
1257 1284 1319 1310 tulit
1333 1283 1365 1310 ad
1379 1281 1551 1310 liberandum
1566 1287 1582 1307 a
1594 1280 1689 1306 morbo
1701 1279 1798 1311 tilium,
1811 1278 1910 1304 oleum

1119 1335 1256 1364 sumptum
1276 1337 1311 1356 ex
1327 1329 1436 1355 lucerna
1453 1328 1525 1354 beati
1542 1326 1661 1360 sepuieri
1679 1333 1685 1352 :
1708 1331 1762 1359 quo
1775 1331 1838 1355 cum
1859 1322 1911 1350 illa

1119 1376 1168 1404 lilii
1184 1383 1294 1402 manum
1313 1374 1445 1405 uaxisset,
1464 1373 1531 1400 vidit
1544 1372 1636 1400 statim
1653 1378 1715 1397 cum
1737 1375 1824 1396 totum
1840 1368 1912 1395 illm-

1121 1428 1192 1452 sum,
1217 1425 1245 1447 et.
1273 1424 1395 1447 utentem
1420 1419 1548 1446 manibus
1573 1416 1655 1444 simul
1681 1415 1776 1443 liberis
1803 1419 1832 1441 et
1856 1421 1912 1441 suo

1122 1466 1296 1501 fungentibus
1322 1465 1421 1493 otlieio.
1441 1464 1517 1491 Alius
1530 1468 1620 1489 autem
1641 1469 1709 1496 puer
1723 1461 1821 1487 eodem
1841 1459 1911 1494 qui-

1122 1512 1183 1540 dem
1200 1513 1279 1539 niodu
1300 1511 1426 1541 alit-ctus,
1456 1510 1482 1536 in
1509 1509 1563 1536 hoc
1589 1516 1652 1535 vero
1677 1507 1735 1534 solo
1763 1506 1914 1538 dinei-ens,

1123 1560 1194 1594 quod
1213 1558 1295 1593 priori
1309 1558 1418 1592 quidem
1432 1563 1542 1589 manus,
1558 1555 1582 1583 ei
1599 1559 1690 1582 autem
1717 1554 1801 1588 pedes
1828 1558 1916 1580 erant

1125 1605 1336 1632 immobiles:§s
1362 1611 1429 1637 ergo
1459 1602 1542 1630 simili
1574 1602 1624 1628 ﬁde
1649 1601 1768 1631 oblatus,
1790 1599 1915 1626 similem

1124 1658 1232 1685 quoque
1246 1654 1410 1676 consecutus
1423 1648 1473 1675 fuit
1494 1647 1678 1674 curationem.
1706 1645 1774 1681 Nam
1794 1652 1858 1671 cum
1888 1643 1915 1670 is

1124 1702 1231 1730 quoque
1263 1698 1363 1720 unctus
1390 1697 1463 1719 esset
1490 1692 1518 1719 in
1545 1692 1662 1726 pedibus
1686 1691 1748 1718 oleo
1774 1689 1915 1719 lucernae,

1126 1741 1250 1776 protinus
1266 1739 1378 1772 exsiliit,
1394 1743 1420 1766 et
1447 1738 1498 1765 fuit
1523 1745 1605 1765 causa
1633 1744 1738 1772 magnae
1762 1735 1917 1771 gratiarum

1126 1787 1252 1817 actionis,
1296 1793 1356 1821 quas
1396 1783 1561 1812 oﬂ'ercbatur
1602 1783 1655 1818 ipsi
1700 1787 1805 1812 sancto,
1863 1781 1916 1815 qui

1127 1837 1280 1864 curaverat,
1303 1837 1329 1858 ct
1347 1831 1413 1863 Deo,
1442 1829 1488 1866 qui
1513 1829 1667 1865 prmbuerat
1683 1827 1796 1864 gratiam
1825 1835 1918 1854 cura-

1128 1877 1242 1904 tiouum.

1164 1922 1209 1949 IX.
1229 1921 1331 1948 Rursus
1357 1926 1449 1947 autem
1481 1919 1578 1948 mulier
1608 1924 1703 1946 vexata
1735 1926 1750 1945 ει
1779 1918 1920 1949 ἀξηιιιοηε,

1130 1968 1242 1995 liberata
1258 1972 1300 1994 est
1316 1975 1330 1994 a
1347 1967 1466 2001 maligno
1483 1966 1581 2001 spiritu
1601 1973 1660 1993 eam
1693 1968 1818 1996 vexante,
1849 1972 1918 1991 cum

1129 2015 1216 2041 Solum
1228 2013 1390 2040 accessisset
1417 2012 1450 2040 ad
1469 2011 1641 2046 sepulcrum.
1660 2016 1687 2038 et
1702 2011 1814 2045 pulchre
1849 2009 1922 2036 ditii-

1131 2060 1224 2091 cisset,
1240 2058 1468 2093 quemadmodum
1504 2059 1547 2084 lux
1575 2057 1748 2092 perseiptitur
1778 2055 1922 2088 tenebras,

1131 2111 1158 2134 et
1178 2114 1257 2140 quam
1273 2106 1307 2131 sit
1323 2103 1461 2135 terribilis,
1482 2104 1569 2130 bonus
1585 2107 1611 2129 et
1628 2109 1718 2137 gratus
1734 2110 1829 2129 servus
1845 2103 1923 2129 malo

1131 2159 1211 2179 servo
1225 2156 1252 2177 ct
1268 2149 1390 2185 fugitivo,
1404 2153 1514 2184 propter
1527 2157 1586 2175 eam
1608 2157 1668 2182 qum
1684 2148 1708 2175 ei
1725 2155 1786 2174 cum
1800 2146 1922 2174 Domino

1133 2198 1285 2227 intercedit.
1299 2196 1519 2231 conjunctioucm
1536 2201 1563 2221 et
1578 2194 1801 2221 familiaritatem.
1833 2193 1924 2220 Porio

295 2245 424 2274 mndata
437 2243 612 2278 exsequendo
626 2241 729 2272 allectl,
746 2247 800 2267 non
816 2239 904 2266 solum
918 2246 979 2266 cum
996 2238 1065 2266 vesti

1136 2247 1227 2270 autem
1250 2242 1295 2268 alii
1312 2249 1420 2276 quoquc
1434 2240 1552 2271 mulieri,
1568 2249 1626 2275 qum
1645 2239 1716 2274 gravi
1731 2239 1827 2266 morbo
1844 2239 1925 2265 labo-

296 2292 397 2321 nteutis
410 2294 438 2318 et
453 2289 563 2320 calceis.
581 2288 682 2324 quibus
702 2290 761 2314 erat
776 2287 899 2318 indutus,
918 2285 967 2312 sed
999 2285 1081 2312 etiam

295 2346 359 2367 cum
377 2337 516 2373 stragulis,
537 2336 565 2363 in
593 2335 694 2370 quibus
719 2334 839 2369 jacebat,
854 2332 880 2359 in
894 2332 982 2367 lignea
1002 2337 1083 2365 capsa

298 2385 339 2412 sic
381 2383 553 2418 impositum,
584 2381 660 2408 humi
689 2379 811 2407 condunt
834 2386 909 2409 eum,
941 2377 986 2412 qui
1017 2376 1085 2403 nihil

299 2429 418 2458 habebat
431 2429 543 2463 dignum
561 2425 691 2458 tenebris,
703 2426 779 2452 nube
796 2424 909 2451 omnino
925 2423 1023 2455 solem,
1039 2426 1085 2449 aut

299 2476 402 2512 lignum
417 2473 520 2506 modio,
534 2477 581 2500 aut
593 2473 694 2507 potius,
710 2472 732 2499 si
749 2472 847 2503 mavis,
864 2471 891 2498 in
907 2470 975 2498 cella
1000 2477 1085 2504 pena-

300 2522 342 2549 ria
357 2519 588 2555 pretiosissimam
600 2517 770 2549 thesaurum.
788 2521 816 2544 et
836 2517 882 2551 qui
914 2523 968 2543 non
995 2518 1086 2549 potest

300 2565 435 2594 consumi.
451 2564 505 2592 Sed
520 2564 566 2591 ille
581 2563 619 2591 sic
630 2563 741 2598 quidem
755 2562 807 2590 fuit
832 2561 959 2589 conditus
976 2569 983 2587 :
1014 2559 1087 2586 Deus

300 2615 392 2639 autem
401 2618 457 2637 non
467 2616 564 2645 passus
572 2608 784 2638 csteumlatere,
797 2606 845 2634 sed
857 2613 920 2633 eum
933 2605 1021 2633 reddit
1030 2610 1088 2631 ma-

302 2657 429 2685 nifestum
445 2663 526 2684 causa
538 2655 687 2683 multorum
697 2653 832 2681 utilitatis.
850 2652 895 2680 Sic
906 2656 997 2679 autem
1008 2650 1083 2677 facit.

335 2704 393 2733 Vll.
411 2703 458 2731 Vir
467 2703 578 2739 quidam
595 2709 610 2729 ιι
626 2701 723 2735 spiritu
734 2700 886 2727 vexabatur
908 2697 1086 2730 daemoniaco,

301 2751 374 2779 Elias
386 2750 509 2782 nomine,
525 2757 587 2777 cum
601 2752 662 2782 post
674 2751 791 2774 mortem
807 2744 895 2772 sancti
926 2750 979 2770 non
1010 2743 1085 2770 multi

301 2795 360 2823 dies
374 2795 582 2830 praeteriissem.
597 2793 720 2827 Repente
744 2790 850 2818 accedit
870 2790 904 2818 ad
920 2789 1084 2824 sepulcrum,

357 2882 378 2897 ⁸⁸
394 2881 466 2909 Psal.
484 2890 548 2913 xxx,
560 2881 586 2908 ϐ.
643 2880 662 2896 ¹¹
680 2878 751 2908 Psal.
767 2886 847 2912 cxxv,
864 2878 890 2905 5.

1133 2289 1220 2320 rabat,
1239 2287 1289 2315 fuit
1309 2287 1440 2315 mirabilis
1456 2287 1560 2314 curatio
1591 2286 1690 2313 solutio
1719 2285 1836 2318 sepulcri
1861 2286 1924 2319 pul-

1134 2335 1174 2362 vis
1209 2338 1336 2368 sumptus
1366 2341 1427 2360 cum
1457 2332 1529 2365 ﬁde,
1560 2331 1658 2358 deinde
1687 2339 1755 2365 aqua
1787 2338 1924 2364 consper-

1133 2387 1190 2411 sus,
1209 2383 1255 2406 aut
1283 2384 1311 2406 ut
1327 2372 1424 2406 melius
1456 2378 1554 2407 dicam.
1577 2378 1635 2412 ejus
1659 2377 1796 2412 lairjmis,
1822 2383 1849 2402 t'l
1872 2377 1926 2402 im-

1135 2425 1240 2459 pusitus
1270 2424 1340 2459 parti
1368 2423 1501 2456 corporis,
1526 2431 1585 2457 qua:
1607 2422 1674 2449 male
1689 2430 1717 2449 se
1735 2421 1862 2448 habebat.
1894 2422 1927 2446 lit

1139 2471 1201 2497 ideo
1231 2477 1293 2497 cum
1329 2469 1493 2496 semiuassct
1521 2469 1548 2496 in
1577 2469 1704 2504 lacrymis
1728 2468 1860 2494 ferventis
1897 2468 1926 2493 in

1138 2516 1223 2542 Deum
1253 2515 1327 2549 ﬁdei,
1351 2515 1464 2542 messuit
1493 2514 1701 2542 exsultationem
1719 2513 1870 2540 curationis
1893 2513 1928 2537 ¹¹.

1137 2561 1197 2589 Non
1214 2563 1307 2596 paucis
1320 2569 1427 2596 quoque
1446 2560 1506 2587 aliis
1529 2561 1598 2587 male
1625 2559 1741 2590 aﬂ‘ectis,
1771 2559 1817 2591 qui
1846 2558 1930 2589 longe

1139 2607 1261 2640 aberant,
1281 2607 1332 2634 tidc
1362 2612 1521 2634 autemnon
1539 2611 1614 2634 erant
1641 2606 1731 2640 longe,
1758 2604 1804 2631 hic
1835 2603 1928 2638 pultis

1140 2651 1174 2679 ad
1191 2659 1238 2679 eos
1252 2653 1360 2684 allatus,
1379 2655 1451 2680 visus
1476 2657 1518 2679 est
1551 2657 1643 2687 aptum
1672 2651 1699 2678 in
1731 2649 1806 2678 omni
1828 2649 1929 2675 inorbo

1141 2697 1380 2729 medicamentum,
1396 2701 1423 2724 et
1436 2696 1507 2731 quod
1522 2696 1616 2723 multis
1629 2701 1735 2729 quoque
1745 2692 1805 2720 aliis
1837 2692 1931 2718 modis

1142 2742 1532 2778 cratjucuadissimuurNam
1545 2750 1605 2769 cum
1637 2748 1682 2774 eo,
1713 2740 1785 2775 quod
1813 2739 1933 2766 curabat

1142 2789 1304 2822 certissime,
1344 2788 1461 2816 habebat
1488 2789 1569 2816 etiam
1602 2786 1779 2819 celeritatem,
1810 2790 1838 2813 et
1865 2792 1932 2812 cum
