  <div class='ocr_page' id='page_1' title='image "/cluster/home/n/w/nwhite01/storage/ocr_20150623/115/njp.32101077772976/294.png"; bbox 0 0 2024 3153; ppageno 0'>
   <div class='ocr_carea' id='block_1_1' title="bbox 123 175 176 208">
    <p class='ocr_par' dir='ltr' id='par_1_1' title="bbox 123 175 176 208">
     <span class='ocr_line' id='line_1_1' title="bbox 123 175 176 208; baseline 0.019 -1"><span class='ocrx_word' id='word_1_1' title='bbox 123 175 176 208; x_wconf 71' lang='grc'><strong>493</strong></span> 
     </span>
    </p>
   </div>
   <div class='ocr_carea' id='block_1_2' title="bbox 768 177 1126 208">
    <p class='ocr_par' dir='ltr' id='par_1_2' title="bbox 768 177 1126 208">
     <span class='ocr_line' id='line_1_2' title="bbox 768 177 1126 208; baseline 0 0"><span class='ocrx_word' id='word_1_2' title='bbox 768 177 859 208; x_wconf 78' lang='grc' dir='ltr'><strong>νιΤΑ</strong></span> <span class='ocrx_word' id='word_1_3' title='bbox 878 177 908 208; x_wconf 91' lang='lat' dir='ltr'><strong>S.</strong></span> <span class='ocrx_word' id='word_1_4' title='bbox 925 177 1126 208; x_wconf 76' lang='lat' dir='ltr'><strong>EUDOCIMI.</strong></span> 
     </span>
    </p>
   </div>
   <div class='ocr_carea' id='block_1_3' title="bbox 1703 176 1756 209">
    <p class='ocr_par' dir='ltr' id='par_1_3' title="bbox 1703 176 1756 209">
     <span class='ocr_line' id='line_1_3' title="bbox 1703 176 1756 209; baseline 0.038 -2"><span class='ocrx_word' id='word_1_5' title='bbox 1703 176 1756 209; x_wconf 77' lang='grc' dir='ltr'><strong>ι94</strong></span> 
     </span>
    </p>
   </div>
   <div class='ocr_carea' id='block_1_4' title="bbox 125 233 1756 272">
    <p class='ocr_par' dir='ltr' id='par_1_4' title="bbox 125 233 1756 272">
     <span class='ocr_line' id='line_1_4' title="bbox 125 233 1756 272; baseline 0 -9"><span class='ocrx_word' id='word_1_6' title='bbox 125 235 276 266; x_wconf 78' lang='lat' dir='ltr'><strong>celeritate,</strong></span> <span class='ocrx_word' id='word_1_7' title='bbox 293 233 426 262; x_wconf 64' lang='lat' dir='ltr'><strong>molestia</strong></span> <span class='ocrx_word' id='word_1_8' title='bbox 440 235 616 269; x_wconf 69' lang='lat' dir='ltr'><strong>vacuitatem,</strong></span> <span class='ocrx_word' id='word_1_9' title='bbox 629 239 657 263; x_wconf 89' lang='lat' dir='ltr'><strong>et</strong></span> <span class='ocrx_word' id='word_1_10' title='bbox 685 243 747 264; x_wconf 87' lang='lat' dir='ltr'><strong>cum</strong></span> <span class='ocrx_word' id='word_1_11' title='bbox 781 236 914 264; x_wconf 70' lang='lat' dir='ltr'><strong>molestia:</strong></span> <span class='ocrx_word' id='word_1_12' title='bbox 928 239 951 267; x_wconf 82' lang='grc' dir='ltr'><strong>Α</strong></span> <span class='ocrx_word' id='word_1_13' title='bbox 965 235 1108 267; x_wconf 83' lang='lat' dir='ltr'><strong>rationem,</strong></span> <span class='ocrx_word' id='word_1_14' title='bbox 1121 235 1253 268; x_wconf 87' lang='lat' dir='ltr'><strong>ipsorum,</strong></span> <span class='ocrx_word' id='word_1_15' title='bbox 1273 235 1393 269; x_wconf 85' lang='lat' dir='ltr'><strong>inquam,</strong></span> <span class='ocrx_word' id='word_1_16' title='bbox 1413 236 1591 271; x_wconf 67' lang='lat' dir='ltr'><strong>malignorum</strong></span> <span class='ocrx_word' id='word_1_17' title='bbox 1610 235 1756 272; x_wconf 76' lang='lat' dir='ltr'><strong>spirituum</strong></span> 
     </span>
    </p>
   </div>
   <div class='ocr_carea' id='block_1_5' title="bbox 126 281 913 316">
    <p class='ocr_par' dir='ltr' id='par_1_5' title="bbox 126 281 913 316">
     <span class='ocr_line' id='line_1_5' title="bbox 126 281 913 316; baseline 0.001 -7"><span class='ocrx_word' id='word_1_18' title='bbox 126 281 272 312; x_wconf 76' lang='lat' dir='ltr'><strong>vacuitate,</strong></span> <span class='ocrx_word' id='word_1_19' title='bbox 299 282 375 316; x_wconf 79' lang='lat' dir='ltr'><strong>quod</strong></span> <span class='ocrx_word' id='word_1_20' title='bbox 387 282 460 309; x_wconf 89' lang='lat' dir='ltr'><strong>nulla</strong></span> <span class='ocrx_word' id='word_1_21' title='bbox 471 282 649 310; x_wconf 84' lang='lat' dir='ltr'><strong>eratomnino</strong></span> <span class='ocrx_word' id='word_1_22' title='bbox 657 283 786 310; x_wconf 84' lang='lat' dir='ltr'><strong>solvenda</strong></span> <span class='ocrx_word' id='word_1_23' title='bbox 796 291 913 316; x_wconf 80' lang='lat' dir='ltr'><strong>merces,</strong></span> 
     </span>
    </p>
   </div>
   <div class='ocr_carea' id='block_1_6' title="bbox 122 327 915 363">
    <p class='ocr_par' dir='ltr' id='par_1_6' title="bbox 122 327 915 363">
     <span class='ocr_line' id='line_1_6' title="bbox 122 327 915 363; baseline 0.003 -8"><span class='ocrx_word' id='word_1_24' title='bbox 122 332 150 355; x_wconf 80' lang='lat' dir='ltr'><strong>et</strong></span> <span class='ocrx_word' id='word_1_25' title='bbox 166 327 237 354; x_wconf 84' lang='lat' dir='ltr'><strong>nihil</strong></span> <span class='ocrx_word' id='word_1_26' title='bbox 257 327 368 362; x_wconf 77' lang='lat' dir='ltr'><strong>penitus</strong></span> <span class='ocrx_word' id='word_1_27' title='bbox 382 327 476 355; x_wconf 80' lang='lat' dir='ltr'><strong>damni</strong></span> <span class='ocrx_word' id='word_1_28' title='bbox 492 328 688 363; x_wconf 81' lang='lat' dir='ltr'><strong>accipiebatur.</strong></span> <span class='ocrx_word' id='word_1_29' title='bbox 727 329 842 356; x_wconf 83' lang='lat' dir='ltr'><strong>Deficiet</strong></span> <span class='ocrx_word' id='word_1_30' title='bbox 869 336 915 357; x_wconf 89' lang='lat' dir='ltr'><strong>me</strong></span> 
     </span>
    </p>
   </div>
   <div class='ocr_carea' id='block_1_7' title="bbox 125 374 916 409">
    <p class='ocr_par' dir='ltr' id='par_1_7' title="bbox 125 374 916 409">
     <span class='ocr_line' id='line_1_7' title="bbox 125 374 916 409; baseline 0.003 -9"><span class='ocrx_word' id='word_1_31' title='bbox 125 379 230 407; x_wconf 79' lang='lat' dir='ltr'><strong>tempus</strong></span> <span class='ocrx_word' id='word_1_32' title='bbox 254 378 282 401; x_wconf 85' lang='lat' dir='ltr'><strong>et</strong></span> <span class='ocrx_word' id='word_1_33' title='bbox 296 374 394 406; x_wconf 84' lang='lat' dir='ltr'><strong>oratio,</strong></span> <span class='ocrx_word' id='word_1_34' title='bbox 415 374 584 409; x_wconf 56' lang='lat' dir='ltr'><strong>defectaque</strong></span> <span class='ocrx_word' id='word_1_35' title='bbox 602 379 684 402; x_wconf 90' lang='lat' dir='ltr'><strong>erunt</strong></span> <span class='ocrx_word' id='word_1_36' title='bbox 714 383 813 403; x_wconf 86' lang='lat' dir='ltr'><strong>manus</strong></span> <span class='ocrx_word' id='word_1_37' title='bbox 848 377 916 404; x_wconf 84' lang='lat' dir='ltr'><strong>scri-</strong></span> 
     </span>
    </p>
   </div>
   <div class='ocr_carea' id='block_1_8' title="bbox 122 419 916 454">
    <p class='ocr_par' dir='ltr' id='par_1_8' title="bbox 122 419 916 454">
     <span class='ocr_line' id='line_1_8' title="bbox 122 419 916 454; baseline 0.005 -9"><span class='ocrx_word' id='word_1_38' title='bbox 122 419 225 454; x_wconf 82' lang='lat' dir='ltr'><strong>ptionis</strong></span> <span class='ocrx_word' id='word_1_39' title='bbox 253 420 331 454; x_wconf 87' lang='lat' dir='ltr'><strong>operi</strong></span> <span class='ocrx_word' id='word_1_40' title='bbox 360 421 522 453; x_wconf 80' lang='lat' dir='ltr'><strong>servientes,</strong></span> <span class='ocrx_word' id='word_1_41' title='bbox 567 421 591 448; x_wconf 87' lang='lat' dir='ltr'><strong>si</strong></span> <span class='ocrx_word' id='word_1_42' title='bbox 622 421 790 449; x_wconf 77' lang='lat' dir='ltr'><strong>voluerimus</strong></span> <span class='ocrx_word' id='word_1_43' title='bbox 824 422 916 449; x_wconf 83' lang='lat' dir='ltr'><strong>omnia</strong></span> 
     </span>
    </p>
   </div>
   <div class='ocr_carea' id='block_1_9' title="bbox 122 464 916 502">
    <p class='ocr_par' dir='ltr' id='par_1_9' title="bbox 122 464 916 502">
     <span class='ocr_line' id='line_1_9' title="bbox 122 464 916 502; baseline 0.004 -11"><span class='ocrx_word' id='word_1_44' title='bbox 122 464 374 499; x_wconf 80' lang='lat' dir='ltr'><strong>comprehendere,</strong></span> <span class='ocrx_word' id='word_1_45' title='bbox 406 473 466 500; x_wconf 70' lang='lat' dir='ltr'><strong>quae</strong></span> <span class='ocrx_word' id='word_1_46' title='bbox 496 470 524 494; x_wconf 89' lang='lat' dir='ltr'><strong>et</strong></span> <span class='ocrx_word' id='word_1_47' title='bbox 561 467 640 502; x_wconf 85' lang='lat' dir='ltr'><strong>prius</strong></span> <span class='ocrx_word' id='word_1_48' title='bbox 681 467 736 499; x_wconf 88' lang='lat' dir='ltr'><strong>ille,</strong></span> <span class='ocrx_word' id='word_1_49' title='bbox 786 467 831 495; x_wconf 88' lang='lat' dir='ltr'><strong>ubi</strong></span> <span class='ocrx_word' id='word_1_50' title='bbox 864 467 916 495; x_wconf 89' lang='lat' dir='ltr'><strong>fuit</strong></span> 
     </span>
    </p>
   </div>
   <div class='ocr_carea' id='block_1_10' title="bbox 121 512 915 548">
    <p class='ocr_par' dir='ltr' id='par_1_10' title="bbox 121 512 915 548">
     <span class='ocr_line' id='line_1_10' title="bbox 121 512 915 548; baseline 0.005 -11"><span class='ocrx_word' id='word_1_51' title='bbox 121 512 257 544; x_wconf 78' lang='lat' dir='ltr'><strong>sepultus,</strong></span> <span class='ocrx_word' id='word_1_52' title='bbox 275 515 304 538; x_wconf 82' lang='lat' dir='ltr'><strong>et</strong></span> <span class='ocrx_word' id='word_1_53' title='bbox 320 519 392 539; x_wconf 71' lang='lat' dir='ltr'><strong>uiuae</strong></span> <span class='ocrx_word' id='word_1_54' title='bbox 408 512 462 539; x_wconf 75' lang='lat' dir='ltr'><strong>huc</strong></span> <span class='ocrx_word' id='word_1_55' title='bbox 476 519 589 548; x_wconf 86' lang='lat' dir='ltr'><strong>quoque</strong></span> <span class='ocrx_word' id='word_1_56' title='bbox 605 513 765 546; x_wconf 83' lang='lat' dir='ltr'><strong>translatus,</strong></span> <span class='ocrx_word' id='word_1_57' title='bbox 781 513 847 541; x_wconf 81' lang='lat' dir='ltr'><strong>facit</strong></span> <span class='ocrx_word' id='word_1_58' title='bbox 864 515 915 541; x_wconf 94' lang='lat' dir='ltr'><strong>mi-</strong></span> 
     </span>
    </p>
   </div>
   <div class='ocr_carea' id='block_1_11' title="bbox 122 557 225 584">
    <p class='ocr_par' dir='ltr' id='par_1_11' title="bbox 122 557 225 584">
     <span class='ocr_line' id='line_1_11' title="bbox 122 557 225 584; baseline 0.01 -1"><span class='ocrx_word' id='word_1_59' title='bbox 122 557 225 584; x_wconf 77' lang='lat' dir='ltr'><strong>neuia.</strong></span> 
     </span>
    </p>
   </div>
   <div class='ocr_carea' id='block_1_12' title="bbox 155 601 913 638">
    <p class='ocr_par' dir='ltr' id='par_1_12' title="bbox 155 601 913 638">
     <span class='ocr_line' id='line_1_12' title="bbox 155 601 913 638; baseline 0.005 -9"><span class='ocrx_word' id='word_1_60' title='bbox 155 601 190 629; x_wconf 80' lang='grc' dir='ltr'><strong>Χ.</strong></span> <span class='ocrx_word' id='word_1_61' title='bbox 209 602 347 635; x_wconf 78' lang='lat' dir='ltr'><strong>Quoniam</strong></span> <span class='ocrx_word' id='word_1_62' title='bbox 362 609 454 632; x_wconf 78' lang='lat' dir='ltr'><strong>autem</strong></span> <span class='ocrx_word' id='word_1_63' title='bbox 472 605 662 632; x_wconf 77' lang='lat' dir='ltr'><strong>translationis</strong></span> <span class='ocrx_word' id='word_1_64' title='bbox 676 606 801 633; x_wconf 89' lang='lat' dir='ltr'><strong>meminit</strong></span> <span class='ocrx_word' id='word_1_65' title='bbox 814 607 913 638; x_wconf 85' lang='lat' dir='ltr'><strong>oratio,</strong></span> 
     </span>
    </p>
   </div>
   <div class='ocr_carea' id='block_1_13' title="bbox 121 647 914 685">
    <p class='ocr_par' dir='ltr' id='par_1_13' title="bbox 121 647 914 685">
     <span class='ocr_line' id='line_1_13' title="bbox 121 647 914 685; baseline 0.006 -12"><span class='ocrx_word' id='word_1_66' title='bbox 121 647 153 674; x_wconf 78' lang='lat' dir='ltr'><strong>de</strong></span> <span class='ocrx_word' id='word_1_67' title='bbox 188 655 222 674; x_wconf 87' lang='lat' dir='ltr'><strong>ea</strong></span> <span class='ocrx_word' id='word_1_68' title='bbox 250 655 362 683; x_wconf 85' lang='lat' dir='ltr'><strong>quoque</strong></span> <span class='ocrx_word' id='word_1_69' title='bbox 395 650 568 678; x_wconf 84' lang='lat' dir='ltr'><strong>tractandum</strong></span> <span class='ocrx_word' id='word_1_70' title='bbox 602 654 654 684; x_wconf 86' lang='lat' dir='ltr'><strong>est,</strong></span> <span class='ocrx_word' id='word_1_71' title='bbox 684 651 914 685; x_wconf 86' lang='lat' dir='ltr'><strong>quemadmodum</strong></span> 
     </span>
    </p>
   </div>
   <div class='ocr_carea' id='block_1_14' title="bbox 120 693 916 732">
    <p class='ocr_par' dir='ltr' id='par_1_14' title="bbox 120 693 916 732">
     <span class='ocr_line' id='line_1_14' title="bbox 120 693 916 732; baseline 0.006 -12"><span class='ocrx_word' id='word_1_72' title='bbox 120 693 188 721; x_wconf 81' lang='lat' dir='ltr'><strong>facta</strong></span> <span class='ocrx_word' id='word_1_73' title='bbox 205 694 243 721; x_wconf 82' lang='lat' dir='ltr'><strong>sit</strong></span> <span class='ocrx_word' id='word_1_74' title='bbox 261 699 287 722; x_wconf 84' lang='lat' dir='ltr'><strong>et</strong></span> <span class='ocrx_word' id='word_1_75' title='bbox 308 703 431 730; x_wconf 63' lang='lat' dir='ltr'><strong>quanam</strong></span> <span class='ocrx_word' id='word_1_76' title='bbox 448 696 529 723; x_wconf 78' lang='lat' dir='ltr'><strong>fuerit</strong></span> <span class='ocrx_word' id='word_1_77' title='bbox 541 704 633 729; x_wconf 85' lang='lat' dir='ltr'><strong>causa,</strong></span> <span class='ocrx_word' id='word_1_78' title='bbox 656 698 728 732; x_wconf 90' lang='lat' dir='ltr'><strong>quod</strong></span> <span class='ocrx_word' id='word_1_79' title='bbox 749 698 822 725; x_wconf 82' lang='lat' dir='ltr'><strong>illius</strong></span> <span class='ocrx_word' id='word_1_80' title='bbox 854 706 916 725; x_wconf 84' lang='lat' dir='ltr'><strong>cur-</strong></span> 
     </span>
    </p>
   </div>
   <div class='ocr_carea' id='block_1_15' title="bbox 122 741 914 780">
    <p class='ocr_par' dir='ltr' id='par_1_15' title="bbox 122 741 914 780">
     <span class='ocr_line' id='line_1_15' title="bbox 122 741 914 780; baseline 0.006 -14"><span class='ocrx_word' id='word_1_81' title='bbox 122 747 171 774; x_wconf 81' lang='lat' dir='ltr'><strong>pus</strong></span> <span class='ocrx_word' id='word_1_82' title='bbox 177 741 320 776; x_wconf 76' lang='lat' dir='ltr'><strong>sepultum</strong></span> <span class='ocrx_word' id='word_1_83' title='bbox 333 741 361 768; x_wconf 93' lang='lat' dir='ltr'><strong>in</strong></span> <span class='ocrx_word' id='word_1_84' title='bbox 372 742 470 770; x_wconf 78' lang='lat' dir='ltr'><strong>ﬁnibus</strong></span> <span class='ocrx_word' id='word_1_85' title='bbox 482 743 636 775; x_wconf 80' lang='lat' dir='ltr'><strong>Citarsiani,</strong></span> <span class='ocrx_word' id='word_1_86' title='bbox 646 744 681 771; x_wconf 89' lang='lat' dir='ltr'><strong>sit</strong></span> <span class='ocrx_word' id='word_1_87' title='bbox 693 744 720 770; x_wconf 92' lang='lat' dir='ltr'><strong>in</strong></span> <span class='ocrx_word' id='word_1_88' title='bbox 730 744 802 771; x_wconf 85' lang='lat' dir='ltr'><strong>hanc</strong></span> <span class='ocrx_word' id='word_1_89' title='bbox 810 744 914 780; x_wconf 76' lang='lat' dir='ltr'><strong>regiam</strong></span> 
     </span>
    </p>
   </div>
   <div class='ocr_carea' id='block_1_16' title="bbox 119 787 915 826">
    <p class='ocr_par' dir='ltr' id='par_1_16' title="bbox 119 787 915 826">
     <span class='ocr_line' id='line_1_16' title="bbox 119 787 915 826; baseline 0.008 -13"><span class='ocrx_word' id='word_1_90' title='bbox 119 787 281 817; x_wconf 64' lang='lat' dir='ltr'><strong>nunciatum</strong></span> <span class='ocrx_word' id='word_1_91' title='bbox 296 788 444 816; x_wconf 72' lang='lat' dir='ltr'><strong>civitatem.</strong></span> <span class='ocrx_word' id='word_1_92' title='bbox 462 789 558 825; x_wconf 75' lang='lat' dir='ltr'><strong>Magna</strong></span> <span class='ocrx_word' id='word_1_93' title='bbox 579 794 607 817; x_wconf 85' lang='lat' dir='ltr'><strong>et</strong></span> <span class='ocrx_word' id='word_1_94' title='bbox 632 791 709 818; x_wconf 84' lang='lat' dir='ltr'><strong>velox</strong></span> <span class='ocrx_word' id='word_1_95' title='bbox 741 799 801 826; x_wconf 70' lang='lat' dir='ltr'><strong>e,us</strong></span> <span class='ocrx_word' id='word_1_96' title='bbox 833 792 915 819; x_wconf 87' lang='lat' dir='ltr'><strong>mira-</strong></span> 
     </span>
    </p>
   </div>
   <div class='ocr_carea' id='block_1_17' title="bbox 119 833 914 871">
    <p class='ocr_par' dir='ltr' id='par_1_17' title="bbox 119 833 914 871">
     <span class='ocr_line' id='line_1_17' title="bbox 119 833 914 871; baseline 0.005 -11"><span class='ocrx_word' id='word_1_97' title='bbox 119 833 245 860; x_wconf 84' lang='lat' dir='ltr'><strong>culorum</strong></span> <span class='ocrx_word' id='word_1_98' title='bbox 269 834 343 861; x_wconf 80' lang='lat' dir='ltr'><strong>fama</strong></span> <span class='ocrx_word' id='word_1_99' title='bbox 372 835 400 861; x_wconf 94' lang='lat' dir='ltr'><strong>in</strong></span> <span class='ocrx_word' id='word_1_100' title='bbox 437 843 536 864; x_wconf 89' lang='lat' dir='ltr'><strong>omnes</strong></span> <span class='ocrx_word' id='word_1_101' title='bbox 562 841 655 871; x_wconf 86' lang='lat' dir='ltr'><strong>partes</strong></span> <span class='ocrx_word' id='word_1_102' title='bbox 681 837 858 871; x_wconf 77' lang='lat' dir='ltr'><strong>pcrvadcbat,</strong></span> <span class='ocrx_word' id='word_1_103' title='bbox 886 843 914 865; x_wconf 80' lang='lat' dir='ltr'><strong>et</strong></span> 
     </span>
    </p>
   </div>
   <div class='ocr_carea' id='block_1_18' title="bbox 119 879 911 916">
    <p class='ocr_par' dir='ltr' id='par_1_18' title="bbox 119 879 911 916">
     <span class='ocr_line' id='line_1_18' title="bbox 119 879 911 916; baseline 0.005 -10"><span class='ocrx_word' id='word_1_104' title='bbox 119 879 249 913; x_wconf 72' lang='lat' dir='ltr'><strong>implebat</strong></span> <span class='ocrx_word' id='word_1_105' title='bbox 263 888 344 908; x_wconf 83' lang='lat' dir='ltr'><strong>aures</strong></span> <span class='ocrx_word' id='word_1_106' title='bbox 353 882 495 908; x_wconf 85' lang='lat' dir='ltr'><strong>omnium:</strong></span> <span class='ocrx_word' id='word_1_107' title='bbox 513 885 538 908; x_wconf 88' lang='lat' dir='ltr'><strong>et</strong></span> <span class='ocrx_word' id='word_1_108' title='bbox 550 886 648 909; x_wconf 86' lang='lat' dir='ltr'><strong>natura</strong></span> <span class='ocrx_word' id='word_1_109' title='bbox 665 882 774 916; x_wconf 84' lang='lat' dir='ltr'><strong>quidem</strong></span> <span class='ocrx_word' id='word_1_110' title='bbox 807 883 846 910; x_wconf 91' lang='lat' dir='ltr'><strong>sic</strong></span> <span class='ocrx_word' id='word_1_111' title='bbox 864 884 911 910; x_wconf 77' lang='lat' dir='ltr'><strong>lia-</strong></span> 
     </span>
    </p>
   </div>
   <div class='ocr_carea' id='block_1_19' title="bbox 123 925 912 964">
    <p class='ocr_par' dir='ltr' id='par_1_19' title="bbox 123 925 912 964">
     <span class='ocr_line' id='line_1_19' title="bbox 123 925 912 964; baseline 0.005 -12"><span class='ocrx_word' id='word_1_112' title='bbox 123 925 214 958; x_wconf 72' lang='lat' dir='ltr'><strong>bebst,</strong></span> <span class='ocrx_word' id='word_1_113' title='bbox 226 931 407 954; x_wconf 64' lang='lat' dir='ltr'><strong>truncantem</strong></span> <span class='ocrx_word' id='word_1_114' title='bbox 425 927 545 954; x_wconf 78' lang='lat' dir='ltr'><strong>velocior</strong></span> <span class='ocrx_word' id='word_1_115' title='bbox 560 935 669 963; x_wconf 83' lang='lat' dir='ltr'><strong>quoque</strong></span> <span class='ocrx_word' id='word_1_116' title='bbox 685 929 756 956; x_wconf 85' lang='lat' dir='ltr'><strong>facta</strong></span> <span class='ocrx_word' id='word_1_117' title='bbox 773 933 816 956; x_wconf 87' lang='lat' dir='ltr'><strong>est</strong></span> <span class='ocrx_word' id='word_1_118' title='bbox 847 937 912 964; x_wconf 90' lang='lat' dir='ltr'><strong>pro-</strong></span> 
     </span>
    </p>
   </div>
   <div class='ocr_carea' id='block_1_20' title="bbox 119 972 911 1011">
    <p class='ocr_par' dir='ltr' id='par_1_20' title="bbox 119 972 911 1011">
     <span class='ocr_line' id='line_1_20' title="bbox 119 972 911 1011; baseline 0.004 -13"><span class='ocrx_word' id='word_1_119' title='bbox 119 976 181 1006; x_wconf 74' lang='lat' dir='ltr'><strong>pter</strong></span> <span class='ocrx_word' id='word_1_120' title='bbox 193 972 232 999; x_wconf 85' lang='lat' dir='ltr'><strong>rei</strong></span> <span class='ocrx_word' id='word_1_121' title='bbox 249 973 412 1001; x_wconf 77' lang='lat' dir='ltr'><strong>novitatem.</strong></span> <span class='ocrx_word' id='word_1_122' title='bbox 427 973 480 1000; x_wconf 84' lang='lat' dir='ltr'><strong>Ubi</strong></span> <span class='ocrx_word' id='word_1_123' title='bbox 496 974 570 1001; x_wconf 88' lang='lat' dir='ltr'><strong>enim</strong></span> <span class='ocrx_word' id='word_1_124' title='bbox 589 975 749 1009; x_wconf 75' lang='lat' dir='ltr'><strong>speraverit</strong></span> <span class='ocrx_word' id='word_1_125' title='bbox 765 975 911 1011; x_wconf 77' lang='lat' dir='ltr'><strong>quispiam,</strong></span> 
     </span>
    </p>
   </div>
   <div class='ocr_carea' id='block_1_21' title="bbox 120 1019 913 1059">
    <p class='ocr_par' dir='ltr' id='par_1_21' title="bbox 120 1019 913 1059">
     <span class='ocr_line' id='line_1_21' title="bbox 120 1019 913 1059; baseline 0.008 -14"><span class='ocrx_word' id='word_1_126' title='bbox 120 1019 262 1046; x_wconf 63' lang='lat' dir='ltr'><strong>hominem</strong></span> <span class='ocrx_word' id='word_1_127' title='bbox 279 1021 307 1046; x_wconf 80' lang='lat' dir='ltr'><strong>in</strong></span> <span class='ocrx_word' id='word_1_128' title='bbox 319 1021 422 1048; x_wconf 91' lang='lat' dir='ltr'><strong>mundo</strong></span> <span class='ocrx_word' id='word_1_129' title='bbox 441 1022 592 1054; x_wconf 90' lang='lat' dir='ltr'><strong>viventem,</strong></span> <span class='ocrx_word' id='word_1_130' title='bbox 608 1027 636 1049; x_wconf 88' lang='lat' dir='ltr'><strong>et</strong></span> <span class='ocrx_word' id='word_1_131' title='bbox 649 1024 695 1058; x_wconf 88' lang='lat' dir='ltr'><strong>qui</strong></span> <span class='ocrx_word' id='word_1_132' title='bbox 726 1022 819 1059; x_wconf 85' lang='lat' dir='ltr'><strong>populi</strong></span> <span class='ocrx_word' id='word_1_133' title='bbox 851 1032 913 1051; x_wconf 85' lang='lat' dir='ltr'><strong>sus-</strong></span> 
     </span>
    </p>
   </div>
   <div class='ocr_carea' id='block_1_22' title="bbox 119 1066 912 1104">
    <p class='ocr_par' dir='ltr' id='par_1_22' title="bbox 119 1066 912 1104">
     <span class='ocr_line' id='line_1_22' title="bbox 119 1066 912 1104; baseline 0.008 -13"><span class='ocrx_word' id='word_1_134' title='bbox 119 1070 233 1100; x_wconf 77' lang='lat' dir='ltr'><strong>ceperat</strong></span> <span class='ocrx_word' id='word_1_135' title='bbox 255 1066 536 1099; x_wconf 79' lang='lat' dir='ltr'><strong>administrationem,</strong></span> <span class='ocrx_word' id='word_1_136' title='bbox 566 1072 594 1094; x_wconf 88' lang='lat' dir='ltr'><strong>et</strong></span> <span class='ocrx_word' id='word_1_137' title='bbox 618 1068 665 1103; x_wconf 86' lang='lat' dir='ltr'><strong>qui</strong></span> <span class='ocrx_word' id='word_1_138' title='bbox 699 1069 811 1104; x_wconf 74' lang='lat' dir='ltr'><strong>singulis</strong></span> <span class='ocrx_word' id='word_1_139' title='bbox 837 1070 912 1097; x_wconf 81' lang='lat' dir='ltr'><strong>horis</strong></span> 
     </span>
    </p>
   </div>
   <div class='ocr_carea' id='block_1_23' title="bbox 119 1111 910 1150">
    <p class='ocr_par' dir='ltr' id='par_1_23' title="bbox 119 1111 910 1150">
     <span class='ocr_line' id='line_1_23' title="bbox 119 1111 910 1150; baseline 0.005 -12"><span class='ocrx_word' id='word_1_140' title='bbox 119 1112 203 1138; x_wconf 73' lang='lat' dir='ltr'><strong>mntis</strong></span> <span class='ocrx_word' id='word_1_141' title='bbox 213 1111 371 1146; x_wconf 64' lang='lat' dir='ltr'><strong>agitabatur</strong></span> <span class='ocrx_word' id='word_1_142' title='bbox 385 1112 525 1144; x_wconf 81' lang='lat' dir='ltr'><strong>ﬂuctibus,</strong></span> <span class='ocrx_word' id='word_1_143' title='bbox 543 1121 623 1148; x_wconf 81' lang='lat' dir='ltr'><strong>posse</strong></span> <span class='ocrx_word' id='word_1_144' title='bbox 641 1121 690 1148; x_wconf 86' lang='lat' dir='ltr'><strong>per</strong></span> <span class='ocrx_word' id='word_1_145' title='bbox 705 1121 736 1141; x_wconf 84' lang='lat' dir='ltr'><strong>so</strong></span> <span class='ocrx_word' id='word_1_146' title='bbox 756 1115 910 1150; x_wconf 80' lang='lat' dir='ltr'><strong>quiescere,</strong></span> 
     </span>
    </p>
   </div>
   <div class='ocr_carea' id='block_1_24' title="bbox 117 1157 911 1188">
    <p class='ocr_par' dir='ltr' id='par_1_24' title="bbox 117 1157 911 1188">
     <span class='ocr_line' id='line_1_24' title="bbox 117 1157 911 1188; baseline 0.005 -4"><span class='ocrx_word' id='word_1_147' title='bbox 117 1162 147 1184; x_wconf 86' lang='lat' dir='ltr'><strong>et</strong></span> <span class='ocrx_word' id='word_1_148' title='bbox 179 1157 343 1185; x_wconf 78' lang='lat' dir='ltr'><strong>interiorem</strong></span> <span class='ocrx_word' id='word_1_149' title='bbox 374 1158 513 1186; x_wconf 86' lang='lat' dir='ltr'><strong>hominem</strong></span> <span class='ocrx_word' id='word_1_150' title='bbox 546 1159 647 1187; x_wconf 84' lang='lat' dir='ltr'><strong>habere</strong></span> <span class='ocrx_word' id='word_1_151' title='bbox 676 1161 752 1187; x_wconf 90' lang='lat' dir='ltr'><strong>nulla</strong></span> <span class='ocrx_word' id='word_1_152' title='bbox 785 1166 911 1188; x_wconf 84' lang='lat' dir='ltr'><strong>vexatum</strong></span> 
     </span>
    </p>
   </div>
   <div class='ocr_carea' id='block_1_25' title="bbox 119 1203 912 1238">
    <p class='ocr_par' dir='ltr' id='par_1_25' title="bbox 119 1203 912 1238">
     <span class='ocr_line' id='line_1_25' title="bbox 119 1203 912 1238; baseline 0.005 -9"><span class='ocrx_word' id='word_1_153' title='bbox 119 1203 257 1235; x_wconf 74' lang='lat' dir='ltr'><strong>molestia,</strong></span> <span class='ocrx_word' id='word_1_154' title='bbox 274 1203 430 1238; x_wconf 69' lang='lat' dir='ltr'><strong>illmsoeque</strong></span> <span class='ocrx_word' id='word_1_155' title='bbox 442 1209 469 1231; x_wconf 88' lang='lat' dir='ltr'><strong>et</strong></span> <span class='ocrx_word' id='word_1_156' title='bbox 483 1205 647 1232; x_wconf 82' lang='lat' dir='ltr'><strong>manifestos</strong></span> <span class='ocrx_word' id='word_1_157' title='bbox 661 1206 689 1232; x_wconf 94' lang='lat' dir='ltr'><strong>in</strong></span> <span class='ocrx_word' id='word_1_158' title='bbox 705 1213 734 1233; x_wconf 82' lang='lat' dir='ltr'><strong>se</strong></span> <span class='ocrx_word' id='word_1_159' title='bbox 747 1213 912 1234; x_wconf 76' lang='lat' dir='ltr'><strong>conservare</strong></span> 
     </span>
    </p>
   </div>
   <div class='ocr_carea' id='block_1_26' title="bbox 118 1250 912 1285">
    <p class='ocr_par' dir='ltr' id='par_1_26' title="bbox 118 1250 912 1285">
     <span class='ocr_line' id='line_1_26' title="bbox 118 1250 912 1285; baseline 0.005 -9"><span class='ocrx_word' id='word_1_160' title='bbox 118 1255 196 1285; x_wconf 79' lang='lat' dir='ltr'><strong>typos</strong></span> <span class='ocrx_word' id='word_1_161' title='bbox 211 1250 260 1277; x_wconf 75' lang='lat' dir='ltr'><strong>Dei</strong></span> <span class='ocrx_word' id='word_1_162' title='bbox 275 1250 425 1283; x_wconf 61' lang='lat' dir='ltr'><strong>memorias,</strong></span> <span class='ocrx_word' id='word_1_163' title='bbox 440 1255 468 1277; x_wconf 90' lang='lat' dir='ltr'><strong>et</strong></span> <span class='ocrx_word' id='word_1_164' title='bbox 502 1251 562 1285; x_wconf 84' lang='lat' dir='ltr'><strong>ejus</strong></span> <span class='ocrx_word' id='word_1_165' title='bbox 591 1257 664 1278; x_wconf 76' lang='lat' dir='ltr'><strong>metti</strong></span> <span class='ocrx_word' id='word_1_166' title='bbox 694 1259 742 1279; x_wconf 85' lang='lat' dir='ltr'><strong>cor</strong></span> <span class='ocrx_word' id='word_1_167' title='bbox 773 1254 912 1281; x_wconf 83' lang='lat' dir='ltr'><strong>custodire</strong></span> 
     </span>
    </p>
   </div>
   <div class='ocr_carea' id='block_1_27' title="bbox 119 1296 910 1333">
    <p class='ocr_par' dir='ltr' id='par_1_27' title="bbox 119 1296 910 1333">
     <span class='ocr_line' id='line_1_27' title="bbox 119 1296 910 1333; baseline 0.005 -12"><span class='ocrx_word' id='word_1_168' title='bbox 119 1296 250 1322; x_wconf 88' lang='lat' dir='ltr'><strong>mundum</strong></span> <span class='ocrx_word' id='word_1_169' title='bbox 271 1297 307 1323; x_wconf 84' lang='lat' dir='ltr'><strong>ab</strong></span> <span class='ocrx_word' id='word_1_170' title='bbox 336 1297 463 1324; x_wconf 79' lang='lat' dir='ltr'><strong>omnibus</strong></span> <span class='ocrx_word' id='word_1_171' title='bbox 499 1297 654 1324; x_wconf 78' lang='lat' dir='ltr'><strong>sordibus?</strong></span> <span class='ocrx_word' id='word_1_172' title='bbox 685 1298 752 1325; x_wconf 76' lang='lat' dir='ltr'><strong>Nam</strong></span> <span class='ocrx_word' id='word_1_173' title='bbox 781 1298 910 1333; x_wconf 81' lang='lat' dir='ltr'><strong>pietatem</strong></span> 
     </span>
    </p>
   </div>
   <div class='ocr_carea' id='block_1_28' title="bbox 117 1341 912 1377">
    <p class='ocr_par' dir='ltr' id='par_1_28' title="bbox 117 1341 912 1377">
     <span class='ocr_line' id='line_1_28' title="bbox 117 1341 912 1377; baseline 0.005 -9"><span class='ocrx_word' id='word_1_174' title='bbox 117 1341 228 1375; x_wconf 74' lang='lat' dir='ltr'><strong>quidem</strong></span> <span class='ocrx_word' id='word_1_175' title='bbox 243 1349 384 1375; x_wconf 75' lang='lat' dir='ltr'><strong>exercere,</strong></span> <span class='ocrx_word' id='word_1_176' title='bbox 400 1347 429 1369; x_wconf 86' lang='lat' dir='ltr'><strong>et</strong></span> <span class='ocrx_word' id='word_1_177' title='bbox 443 1343 570 1377; x_wconf 73' lang='lat' dir='ltr'><strong>amplecti</strong></span> <span class='ocrx_word' id='word_1_178' title='bbox 585 1344 768 1375; x_wconf 80' lang='lat' dir='ltr'><strong>honestatem,</strong></span> <span class='ocrx_word' id='word_1_179' title='bbox 787 1344 912 1372; x_wconf 84' lang='lat' dir='ltr'><strong>virtutis-</strong></span> 
     </span>
    </p>
   </div>
   <div class='ocr_carea' id='block_1_29' title="bbox 117 1389 910 1424">
    <p class='ocr_par' dir='ltr' id='par_1_29' title="bbox 117 1389 910 1424">
     <span class='ocr_line' id='line_1_29' title="bbox 117 1389 910 1424; baseline 0.005 -10"><span class='ocrx_word' id='word_1_180' title='bbox 117 1395 170 1422; x_wconf 78' lang='lat' dir='ltr'><strong>que</strong></span> <span class='ocrx_word' id='word_1_181' title='bbox 183 1389 385 1423; x_wconf 73' lang='lat' dir='ltr'><strong>aliquantisper</strong></span> <span class='ocrx_word' id='word_1_182' title='bbox 412 1393 440 1416; x_wconf 88' lang='lat' dir='ltr'><strong>et</strong></span> <span class='ocrx_word' id='word_1_183' title='bbox 465 1389 511 1417; x_wconf 86' lang='lat' dir='ltr'><strong>Dei</strong></span> <span class='ocrx_word' id='word_1_184' title='bbox 540 1390 698 1417; x_wconf 83' lang='lat' dir='ltr'><strong>meminisse</strong></span> <span class='ocrx_word' id='word_1_185' title='bbox 711 1390 910 1424; x_wconf 81' lang='lat' dir='ltr'><strong>mandatorum,</strong></span> 
     </span>
    </p>
   </div>
   <div class='ocr_carea' id='block_1_30' title="bbox 118 1435 910 1472">
    <p class='ocr_par' dir='ltr' id='par_1_30' title="bbox 118 1435 910 1472">
     <span class='ocr_line' id='line_1_30' title="bbox 118 1435 910 1472; baseline 0.005 -11"><span class='ocrx_word' id='word_1_186' title='bbox 118 1435 143 1465; x_wconf 85' lang='lat' dir='ltr'><strong>in</strong></span> <span class='ocrx_word' id='word_1_187' title='bbox 156 1435 249 1462; x_wconf 80' lang='lat' dir='ltr'><strong>multis</strong></span> <span class='ocrx_word' id='word_1_188' title='bbox 263 1435 382 1462; x_wconf 79' lang='lat' dir='ltr'><strong>fortasse</strong></span> <span class='ocrx_word' id='word_1_189' title='bbox 408 1435 533 1463; x_wconf 70' lang='lat' dir='ltr'><strong>invenies</strong></span> <span class='ocrx_word' id='word_1_190' title='bbox 563 1443 596 1463; x_wconf 79' lang='lat' dir='ltr'><strong>ex</strong></span> <span class='ocrx_word' id='word_1_191' title='bbox 628 1436 662 1464; x_wconf 86' lang='lat' dir='ltr'><strong>iis</strong></span> <span class='ocrx_word' id='word_1_192' title='bbox 689 1437 782 1469; x_wconf 85' lang='lat' dir='ltr'><strong>etiam,</strong></span> <span class='ocrx_word' id='word_1_193' title='bbox 809 1438 855 1472; x_wconf 87' lang='lat' dir='ltr'><strong>qui</strong></span> <span class='ocrx_word' id='word_1_194' title='bbox 883 1438 910 1465; x_wconf 92' lang='lat' dir='ltr'><strong>in</strong></span> 
     </span>
    </p>
   </div>
   <div class='ocr_carea' id='block_1_31' title="bbox 118 1481 911 1512">
    <p class='ocr_par' dir='ltr' id='par_1_31' title="bbox 118 1481 911 1512">
     <span class='ocr_line' id='line_1_31' title="bbox 118 1481 911 1512; baseline 0.001 -2"><span class='ocrx_word' id='word_1_195' title='bbox 118 1481 220 1510; x_wconf 69' lang='lat' dir='ltr'><strong>tundo</strong></span> <span class='ocrx_word' id='word_1_196' title='bbox 235 1481 342 1509; x_wconf 66' lang='lat' dir='ltr'><strong>vivunt.</strong></span> <span class='ocrx_word' id='word_1_197' title='bbox 361 1481 422 1509; x_wconf 79' lang='lat' dir='ltr'><strong>Non</strong></span> <span class='ocrx_word' id='word_1_198' title='bbox 443 1482 515 1509; x_wconf 87' lang='lat' dir='ltr'><strong>cnim</strong></span> <span class='ocrx_word' id='word_1_199' title='bbox 544 1490 591 1510; x_wconf 87' lang='lat' dir='ltr'><strong>eos</strong></span> <span class='ocrx_word' id='word_1_200' title='bbox 605 1483 719 1510; x_wconf 89' lang='lat' dir='ltr'><strong>omnino</strong></span> <span class='ocrx_word' id='word_1_201' title='bbox 732 1484 833 1511; x_wconf 83' lang='lat' dir='ltr'><strong>virtute</strong></span> <span class='ocrx_word' id='word_1_202' title='bbox 858 1492 911 1512; x_wconf 91' lang='lat' dir='ltr'><strong>nu-</strong></span> 
     </span>
    </p>
   </div>
   <div class='ocr_carea' id='block_1_32' title="bbox 116 1525 910 1563">
    <p class='ocr_par' dir='ltr' id='par_1_32' title="bbox 116 1525 910 1563">
     <span class='ocr_line' id='line_1_32' title="bbox 116 1525 910 1563; baseline 0.005 -10"><span class='ocrx_word' id='word_1_203' title='bbox 116 1525 255 1559; x_wconf 72' lang='lat' dir='ltr'><strong>dabunus,</strong></span> <span class='ocrx_word' id='word_1_204' title='bbox 271 1531 300 1554; x_wconf 88' lang='lat' dir='ltr'><strong>et</strong></span> <span class='ocrx_word' id='word_1_205' title='bbox 317 1531 447 1562; x_wconf 78' lang='lat' dir='ltr'><strong>tanquam</strong></span> <span class='ocrx_word' id='word_1_206' title='bbox 470 1528 608 1563; x_wconf 81' lang='lat' dir='ltr'><strong>propriam</strong></span> <span class='ocrx_word' id='word_1_207' title='bbox 634 1529 836 1563; x_wconf 81' lang='lat' dir='ltr'><strong>possessionem</strong></span> <span class='ocrx_word' id='word_1_208' title='bbox 870 1531 910 1557; x_wconf 89' lang='lat' dir='ltr'><strong>eis</strong></span> 
     </span>
    </p>
   </div>
   <div class='ocr_carea' id='block_1_33' title="bbox 119 1572 910 1610">
    <p class='ocr_par' dir='ltr' id='par_1_33' title="bbox 119 1572 910 1610">
     <span class='ocr_line' id='line_1_33' title="bbox 119 1572 910 1610; baseline 0.005 -10"><span class='ocrx_word' id='word_1_209' title='bbox 119 1572 182 1600; x_wconf 74' lang='lat' dir='ltr'><strong>soils</strong></span> <span class='ocrx_word' id='word_1_210' title='bbox 204 1573 369 1604; x_wconf 82' lang='lat' dir='ltr'><strong>tribuemus,</strong></span> <span class='ocrx_word' id='word_1_211' title='bbox 385 1573 432 1608; x_wconf 90' lang='lat' dir='ltr'><strong>qui</strong></span> <span class='ocrx_word' id='word_1_212' title='bbox 452 1578 542 1601; x_wconf 83' lang='lat' dir='ltr'><strong>suuta</strong></span> <span class='ocrx_word' id='word_1_213' title='bbox 569 1575 671 1601; x_wconf 81' lang='lat' dir='ltr'><strong>mundo</strong></span> <span class='ocrx_word' id='word_1_214' title='bbox 701 1576 830 1610; x_wconf 73' lang='lat' dir='ltr'><strong>srparati.</strong></span> <span class='ocrx_word' id='word_1_215' title='bbox 857 1575 910 1604; x_wconf 85' lang='lat' dir='ltr'><strong>Sed</strong></span> 
     </span>
    </p>
   </div>
   <div class='ocr_carea' id='block_1_34' title="bbox 117 1618 910 1654">
    <p class='ocr_par' dir='ltr' id='par_1_34' title="bbox 117 1618 910 1654">
     <span class='ocr_line' id='line_1_34' title="bbox 117 1618 910 1654; baseline 0.006 -9"><span class='ocrx_word' id='word_1_216' title='bbox 117 1618 150 1646; x_wconf 81' lang='lat' dir='ltr'><strong>ad</strong></span> <span class='ocrx_word' id='word_1_217' title='bbox 169 1623 276 1649; x_wconf 73' lang='lat' dir='ltr'><strong>tantam</strong></span> <span class='ocrx_word' id='word_1_218' title='bbox 289 1619 502 1654; x_wconf 81' lang='lat' dir='ltr'><strong>impatibilitatis</strong></span> <span class='ocrx_word' id='word_1_219' title='bbox 518 1625 545 1647; x_wconf 82' lang='lat' dir='ltr'><strong>et</strong></span> <span class='ocrx_word' id='word_1_220' title='bbox 556 1620 665 1648; x_wconf 83' lang='lat' dir='ltr'><strong>virtutis</strong></span> <span class='ocrx_word' id='word_1_221' title='bbox 697 1629 757 1649; x_wconf 77' lang='lat' dir='ltr'><strong>esse</strong></span> <span class='ocrx_word' id='word_1_222' title='bbox 783 1627 910 1650; x_wconf 77' lang='lat' dir='ltr'><strong>evectum</strong></span> 
     </span>
    </p>
   </div>
   <div class='ocr_carea' id='block_1_35' title="bbox 118 1664 909 1704">
    <p class='ocr_par' dir='ltr' id='par_1_35' title="bbox 118 1664 909 1704">
     <span class='ocr_line' id='line_1_35' title="bbox 118 1664 909 1704; baseline 0.005 -12"><span class='ocrx_word' id='word_1_223' title='bbox 118 1664 303 1696; x_wconf 72' lang='lat' dir='ltr'><strong>altitudinem.</strong></span> <span class='ocrx_word' id='word_1_224' title='bbox 318 1669 348 1692; x_wconf 87' lang='lat' dir='ltr'><strong>ut</strong></span> <span class='ocrx_word' id='word_1_225' title='bbox 367 1669 553 1700; x_wconf 76' lang='lat' dir='ltr'><strong>consequatur</strong></span> <span class='ocrx_word' id='word_1_226' title='bbox 566 1667 627 1701; x_wconf 85' lang='lat' dir='ltr'><strong>quis</strong></span> <span class='ocrx_word' id='word_1_227' title='bbox 640 1667 754 1702; x_wconf 78' lang='lat' dir='ltr'><strong>gratiam</strong></span> <span class='ocrx_word' id='word_1_228' title='bbox 774 1673 801 1695; x_wconf 91' lang='lat' dir='ltr'><strong>et</strong></span> <span class='ocrx_word' id='word_1_229' title='bbox 816 1669 909 1704; x_wconf 87' lang='lat' dir='ltr'><strong>splen-</strong></span> 
     </span>
    </p>
   </div>
   <div class='ocr_carea' id='block_1_36' title="bbox 116 1708 910 1749">
    <p class='ocr_par' dir='ltr' id='par_1_36' title="bbox 116 1708 910 1749">
     <span class='ocr_line' id='line_1_36' title="bbox 116 1708 910 1749; baseline 0.006 -13"><span class='ocrx_word' id='word_1_230' title='bbox 116 1708 208 1736; x_wconf 86' lang='lat' dir='ltr'><strong>dorem</strong></span> <span class='ocrx_word' id='word_1_231' title='bbox 226 1709 437 1741; x_wconf 79' lang='lat' dir='ltr'><strong>miraculorum,</strong></span> <span class='ocrx_word' id='word_1_232' title='bbox 454 1710 481 1737; x_wconf 87' lang='lat' dir='ltr'><strong>id</strong></span> <span class='ocrx_word' id='word_1_233' title='bbox 495 1718 591 1738; x_wconf 89' lang='lat' dir='ltr'><strong>eorum</strong></span> <span class='ocrx_word' id='word_1_234' title='bbox 609 1712 697 1738; x_wconf 80' lang='lat' dir='ltr'><strong>solum</strong></span> <span class='ocrx_word' id='word_1_235' title='bbox 716 1712 831 1744; x_wconf 80' lang='lat' dir='ltr'><strong>dixeris,</strong></span> <span class='ocrx_word' id='word_1_236' title='bbox 861 1715 910 1749; x_wconf 90' lang='lat' dir='ltr'><strong>qui</strong></span> 
     </span>
    </p>
   </div>
   <div class='ocr_carea' id='block_1_37' title="bbox 118 1756 906 1797">
    <p class='ocr_par' dir='ltr' id='par_1_37' title="bbox 118 1756 906 1797">
     <span class='ocr_line' id='line_1_37' title="bbox 118 1756 906 1797; baseline 0.008 -15"><span class='ocrx_word' id='word_1_237' title='bbox 118 1756 220 1786; x_wconf 76' lang='lat' dir='ltr'><strong>mundo</strong></span> <span class='ocrx_word' id='word_1_238' title='bbox 248 1761 276 1783; x_wconf 89' lang='lat' dir='ltr'><strong>et</strong></span> <span class='ocrx_word' id='word_1_239' title='bbox 301 1756 450 1783; x_wconf 81' lang='lat' dir='ltr'><strong>mundanis</strong></span> <span class='ocrx_word' id='word_1_240' title='bbox 474 1757 602 1785; x_wconf 86' lang='lat' dir='ltr'><strong>omnibus</strong></span> <span class='ocrx_word' id='word_1_241' title='bbox 636 1759 749 1786; x_wconf 85' lang='lat' dir='ltr'><strong>multam</strong></span> <span class='ocrx_word' id='word_1_242' title='bbox 785 1760 906 1797; x_wconf 57' lang='lat' dir='ltr'><strong>.salutcm</strong></span> 
     </span>
    </p>
   </div>
   <div class='ocr_carea' id='block_1_38' title="bbox 117 1802 909 1840">
    <p class='ocr_par' dir='ltr' id='par_1_38' title="bbox 117 1802 909 1840">
     <span class='ocr_line' id='line_1_38' title="bbox 117 1802 909 1840; baseline 0.006 -11"><span class='ocrx_word' id='word_1_243' title='bbox 117 1803 257 1834; x_wconf 82' lang='lat' dir='ltr'><strong>dixerunt,</strong></span> <span class='ocrx_word' id='word_1_244' title='bbox 274 1807 303 1829; x_wconf 83' lang='lat' dir='ltr'><strong>ct</strong></span> <span class='ocrx_word' id='word_1_245' title='bbox 321 1802 484 1830; x_wconf 85' lang='lat' dir='ltr'><strong>solitudines</strong></span> <span class='ocrx_word' id='word_1_246' title='bbox 497 1804 583 1840; x_wconf 73' lang='lat' dir='ltr'><strong>magis</strong></span> <span class='ocrx_word' id='word_1_247' title='bbox 605 1812 688 1840; x_wconf 82' lang='lat' dir='ltr'><strong>quam</strong></span> <span class='ocrx_word' id='word_1_248' title='bbox 719 1805 854 1840; x_wconf 75' lang='lat' dir='ltr'><strong>civitates,</strong></span> <span class='ocrx_word' id='word_1_249' title='bbox 880 1812 909 1834; x_wconf 87' lang='lat' dir='ltr'><strong>et</strong></span> 
     </span>
    </p>
   </div>
   <div class='ocr_carea' id='block_1_39' title="bbox 116 1849 911 1888">
    <p class='ocr_par' dir='ltr' id='par_1_39' title="bbox 116 1849 911 1888">
     <span class='ocr_line' id='line_1_39' title="bbox 116 1849 911 1888; baseline 0.005 -12"><span class='ocrx_word' id='word_1_250' title='bbox 116 1849 232 1882; x_wconf 63' lang='lat' dir='ltr'><strong>deseras.</strong></span> <span class='ocrx_word' id='word_1_251' title='bbox 247 1854 274 1877; x_wconf 79' lang='lat' dir='ltr'><strong>et</strong></span> <span class='ocrx_word' id='word_1_252' title='bbox 288 1849 369 1883; x_wconf 73' lang='lat' dir='ltr'><strong>longe</strong></span> <span class='ocrx_word' id='word_1_253' title='bbox 393 1857 454 1877; x_wconf 83' lang='lat' dir='ltr'><strong>esse</strong></span> <span class='ocrx_word' id='word_1_254' title='bbox 467 1855 602 1878; x_wconf 87' lang='lat' dir='ltr'><strong>remotum</strong></span> <span class='ocrx_word' id='word_1_255' title='bbox 617 1853 651 1878; x_wconf 84' lang='lat' dir='ltr'><strong>ab</strong></span> <span class='ocrx_word' id='word_1_256' title='bbox 680 1852 775 1879; x_wconf 86' lang='lat' dir='ltr'><strong>amicis</strong></span> <span class='ocrx_word' id='word_1_257' title='bbox 801 1858 911 1888; x_wconf 89' lang='lat' dir='ltr'><strong>propter</strong></span> 
     </span>
    </p>
   </div>
   <div class='ocr_carea' id='block_1_40' title="bbox 117 1895 908 1931">
    <p class='ocr_par' dir='ltr' id='par_1_40' title="bbox 117 1895 908 1931">
     <span class='ocr_line' id='line_1_40' title="bbox 117 1895 908 1931; baseline 0.004 -10"><span class='ocrx_word' id='word_1_258' title='bbox 117 1895 256 1922; x_wconf 77' lang='lat' dir='ltr'><strong>Christum</strong></span> <span class='ocrx_word' id='word_1_259' title='bbox 271 1900 337 1922; x_wconf 80' lang='lat' dir='ltr'><strong>sunt</strong></span> <span class='ocrx_word' id='word_1_260' title='bbox 351 1895 479 1930; x_wconf 68' lang='lat' dir='ltr'><strong>amplexi,</strong></span> <span class='ocrx_word' id='word_1_261' title='bbox 493 1903 645 1930; x_wconf 86' lang='lat' dir='ltr'><strong>eorumque</strong></span> <span class='ocrx_word' id='word_1_262' title='bbox 669 1903 822 1931; x_wconf 85' lang='lat' dir='ltr'><strong>paucorum</strong></span> <span class='ocrx_word' id='word_1_263' title='bbox 841 1907 849 1926; x_wconf 90' lang='lat'>:</span> <span class='ocrx_word' id='word_1_264' title='bbox 871 1898 908 1924; x_wconf 85' lang='lat' dir='ltr'><strong>si-</strong></span> 
     </span>
    </p>
   </div>
   <div class='ocr_carea' id='block_1_41' title="bbox 118 1941 911 1978">
    <p class='ocr_par' dir='ltr' id='par_1_41' title="bbox 118 1941 911 1978">
     <span class='ocr_line' id='line_1_41' title="bbox 118 1941 911 1978; baseline 0.003 -10"><span class='ocrx_word' id='word_1_265' title='bbox 118 1941 225 1975; x_wconf 85' lang='lat' dir='ltr'><strong>quidem</strong></span> <span class='ocrx_word' id='word_1_266' title='bbox 260 1948 410 1976; x_wconf 80' lang='lat' dir='ltr'><strong>paucorutn</strong></span> <span class='ocrx_word' id='word_1_267' title='bbox 426 1942 552 1969; x_wconf 81' lang='lat' dir='ltr'><strong>novimus</strong></span> <span class='ocrx_word' id='word_1_268' title='bbox 567 1948 626 1968; x_wconf 79' lang='lat' dir='ltr'><strong>eam</strong></span> <span class='ocrx_word' id='word_1_269' title='bbox 637 1949 699 1977; x_wconf 66' lang='lat' dir='ltr'><strong>qua</strong></span> <span class='ocrx_word' id='word_1_270' title='bbox 711 1947 753 1969; x_wconf 89' lang='lat' dir='ltr'><strong>est</strong></span> <span class='ocrx_word' id='word_1_271' title='bbox 769 1950 819 1978; x_wconf 88' lang='lat' dir='ltr'><strong>pro</strong></span> <span class='ocrx_word' id='word_1_272' title='bbox 845 1943 911 1970; x_wconf 78' lang='lat' dir='ltr'><strong>viri-</strong></span> 
     </span>
    </p>
   </div>
   <div class='ocr_carea' id='block_1_42' title="bbox 118 1985 407 2020">
    <p class='ocr_par' dir='ltr' id='par_1_42' title="bbox 118 1985 407 2020">
     <span class='ocr_line' id='line_1_42' title="bbox 118 1985 407 2020; baseline 0 -7"><span class='ocrx_word' id='word_1_273' title='bbox 118 1985 177 2014; x_wconf 78' lang='lat' dir='ltr'><strong>bus.</strong></span> <span class='ocrx_word' id='word_1_274' title='bbox 193 1986 407 2020; x_wconf 78' lang='lat' dir='ltr'><strong>perfectionem.</strong></span> 
     </span>
    </p>
   </div>
   <div class='ocr_carea' id='block_1_43' title="bbox 152 2031 908 2068">
    <p class='ocr_par' dir='ltr' id='par_1_43' title="bbox 152 2031 908 2068">
     <span class='ocr_line' id='line_1_43' title="bbox 152 2031 908 2068; baseline 0.003 -8"><span class='ocrx_word' id='word_1_275' title='bbox 152 2031 201 2060; x_wconf 74' lang='lat' dir='ltr'><strong>XI.</strong></span> <span class='ocrx_word' id='word_1_276' title='bbox 210 2032 280 2059; x_wconf 85' lang='lat' dir='ltr'><strong>Cum</strong></span> <span class='ocrx_word' id='word_1_277' title='bbox 292 2032 407 2067; x_wconf 72' lang='lat' dir='ltr'><strong>sicergo</strong></span> <span class='ocrx_word' id='word_1_278' title='bbox 416 2032 488 2060; x_wconf 86' lang='lat' dir='ltr'><strong>fama</strong></span> <span class='ocrx_word' id='word_1_279' title='bbox 497 2033 555 2068; x_wconf 79' lang='lat' dir='ltr'><strong>ejus</strong></span> <span class='ocrx_word' id='word_1_280' title='bbox 571 2034 666 2061; x_wconf 75' lang='lat' dir='ltr'><strong>mortis</strong></span> <span class='ocrx_word' id='word_1_281' title='bbox 675 2037 702 2061; x_wconf 87' lang='lat' dir='ltr'><strong>et</strong></span> <span class='ocrx_word' id='word_1_282' title='bbox 715 2034 908 2062; x_wconf 87' lang='lat' dir='ltr'><strong>miraculorum</strong></span> 
     </span>
    </p>
   </div>
   <div class='ocr_carea' id='block_1_44' title="bbox 117 2078 911 2116">
    <p class='ocr_par' dir='ltr' id='par_1_44' title="bbox 117 2078 911 2116">
     <span class='ocr_line' id='line_1_44' title="bbox 117 2078 911 2116; baseline 0.006 -12"><span class='ocrx_word' id='word_1_283' title='bbox 117 2083 186 2106; x_wconf 77' lang='lat' dir='ltr'><strong>esset</strong></span> <span class='ocrx_word' id='word_1_284' title='bbox 200 2079 335 2112; x_wconf 76' lang='lat' dir='ltr'><strong>dispersa,</strong></span> <span class='ocrx_word' id='word_1_285' title='bbox 350 2078 411 2113; x_wconf 81' lang='lat' dir='ltr'><strong>ejus</strong></span> <span class='ocrx_word' id='word_1_286' title='bbox 429 2084 558 2113; x_wconf 81' lang='lat' dir='ltr'><strong>parentes</strong></span> <span class='ocrx_word' id='word_1_287' title='bbox 577 2079 630 2116; x_wconf 83' lang='lat' dir='ltr'><strong>(eis</strong></span> <span class='ocrx_word' id='word_1_288' title='bbox 653 2081 726 2107; x_wconf 89' lang='lat' dir='ltr'><strong>enim</strong></span> <span class='ocrx_word' id='word_1_289' title='bbox 747 2081 838 2109; x_wconf 86' lang='lat' dir='ltr'><strong>adhuc</strong></span> <span class='ocrx_word' id='word_1_290' title='bbox 865 2081 911 2108; x_wconf 83' lang='lat' dir='ltr'><strong>vi-</strong></span> 
     </span>
    </p>
   </div>
   <div class='ocr_carea' id='block_1_45' title="bbox 119 2125 909 2162">
    <p class='ocr_par' dir='ltr' id='par_1_45' title="bbox 119 2125 909 2162">
     <span class='ocr_line' id='line_1_45' title="bbox 119 2125 909 2162; baseline 0.005 -10"><span class='ocrx_word' id='word_1_291' title='bbox 119 2125 246 2152; x_wconf 73' lang='lat' dir='ltr'><strong>ventibus</strong></span> <span class='ocrx_word' id='word_1_292' title='bbox 257 2130 299 2152; x_wconf 85' lang='lat' dir='ltr'><strong>est</strong></span> <span class='ocrx_word' id='word_1_293' title='bbox 315 2129 442 2153; x_wconf 80' lang='lat' dir='ltr'><strong>mortuus</strong></span> <span class='ocrx_word' id='word_1_294' title='bbox 455 2127 463 2160; x_wconf 95' lang='lat'>)</span> <span class='ocrx_word' id='word_1_295' title='bbox 479 2130 507 2153; x_wconf 79' lang='lat' dir='ltr'><strong>et</strong></span> <span class='ocrx_word' id='word_1_296' title='bbox 521 2126 639 2153; x_wconf 78' lang='lat' dir='ltr'><strong>maxime</strong></span> <span class='ocrx_word' id='word_1_297' title='bbox 652 2131 750 2160; x_wconf 83' lang='lat' dir='ltr'><strong>mater,</strong></span> <span class='ocrx_word' id='word_1_298' title='bbox 763 2135 824 2162; x_wconf 76' lang='lat' dir='ltr'><strong>quze</strong></span> <span class='ocrx_word' id='word_1_299' title='bbox 850 2135 909 2156; x_wconf 83' lang='lat' dir='ltr'><strong>ma-</strong></span> 
     </span>
    </p>
   </div>
   <div class='ocr_carea' id='block_1_46' title="bbox 120 2172 909 2207">
    <p class='ocr_par' dir='ltr' id='par_1_46' title="bbox 120 2172 909 2207">
     <span class='ocr_line' id='line_1_46' title="bbox 120 2172 909 2207; baseline 0.004 -8"><span class='ocrx_word' id='word_1_300' title='bbox 120 2172 190 2199; x_wconf 68' lang='lat' dir='ltr'><strong>xime</strong></span> <span class='ocrx_word' id='word_1_301' title='bbox 203 2177 233 2199; x_wconf 88' lang='lat' dir='ltr'><strong>et</strong></span> <span class='ocrx_word' id='word_1_302' title='bbox 253 2172 463 2207; x_wconf 77' lang='lat' dir='ltr'><strong>germanissimo</strong></span> <span class='ocrx_word' id='word_1_303' title='bbox 478 2180 583 2204; x_wconf 88' lang='lat' dir='ltr'><strong>amore,</strong></span> <span class='ocrx_word' id='word_1_304' title='bbox 599 2177 629 2200; x_wconf 92' lang='lat' dir='ltr'><strong>ut</strong></span> <span class='ocrx_word' id='word_1_305' title='bbox 646 2173 718 2201; x_wconf 79' lang='lat' dir='ltr'><strong>ﬁlios</strong></span> <span class='ocrx_word' id='word_1_306' title='bbox 737 2174 827 2201; x_wconf 74' lang='lat' dir='ltr'><strong>solent.</strong></span> <span class='ocrx_word' id='word_1_307' title='bbox 851 2182 909 2202; x_wconf 81' lang='lat' dir='ltr'><strong>ma-</strong></span> 
     </span>
    </p>
   </div>
   <div class='ocr_carea' id='block_1_47' title="bbox 122 2218 909 2260">
    <p class='ocr_par' dir='ltr' id='par_1_47' title="bbox 122 2218 909 2260">
     <span class='ocr_line' id='line_1_47' title="bbox 122 2218 909 2260; baseline 0.005 -16"><span class='ocrx_word' id='word_1_308' title='bbox 122 2223 184 2250; x_wconf 82' lang='lat' dir='ltr'><strong>tres,</strong></span> <span class='ocrx_word' id='word_1_309' title='bbox 197 2225 262 2245; x_wconf 76' lang='lat' dir='ltr'><strong>eunt</strong></span> <span class='ocrx_word' id='word_1_310' title='bbox 275 2218 507 2253; x_wconf 82' lang='lat' dir='ltr'><strong>prosequebatur,</strong></span> <span class='ocrx_word' id='word_1_311' title='bbox 523 2226 651 2254; x_wconf 75' lang='lat' dir='ltr'><strong>magnum</strong></span> <span class='ocrx_word' id='word_1_312' title='bbox 666 2219 756 2254; x_wconf 81' lang='lat' dir='ltr'><strong>ignem</strong></span> <span class='ocrx_word' id='word_1_313' title='bbox 771 2220 909 2260; x_wconf 74' lang='lat' dir='ltr'><strong>habebant</strong></span> 
     </span>
    </p>
   </div>
   <div class='ocr_carea' id='block_1_48' title="bbox 969 279 1755 316">
    <p class='ocr_par' dir='ltr' id='par_1_48' title="bbox 969 279 1755 316">
     <span class='ocr_line' id='line_1_48' title="bbox 969 279 1755 316; baseline 0 -8"><span class='ocrx_word' id='word_1_314' title='bbox 969 280 1181 315; x_wconf 87' lang='lat' dir='ltr'><strong>morborumque</strong></span> <span class='ocrx_word' id='word_1_315' title='bbox 1209 285 1237 307; x_wconf 90' lang='lat' dir='ltr'><strong>et</strong></span> <span class='ocrx_word' id='word_1_316' title='bbox 1252 279 1440 313; x_wconf 84' lang='lat' dir='ltr'><strong>all‘ectionum,</strong></span> <span class='ocrx_word' id='word_1_317' title='bbox 1455 285 1485 308; x_wconf 83' lang='lat' dir='ltr'><strong>ut</strong></span> <span class='ocrx_word' id='word_1_318' title='bbox 1502 281 1547 315; x_wconf 88' lang='lat' dir='ltr'><strong>qui</strong></span> <span class='ocrx_word' id='word_1_319' title='bbox 1575 281 1690 316; x_wconf 81' lang='lat' dir='ltr'><strong>perinde</strong></span> <span class='ocrx_word' id='word_1_320' title='bbox 1723 289 1755 308; x_wconf 87' lang='lat' dir='ltr'><strong>ac</strong></span> 
     </span>
    </p>
   </div>
   <div class='ocr_carea' id='block_1_49' title="bbox 967 327 1755 362">
    <p class='ocr_par' dir='ltr' id='par_1_49' title="bbox 967 327 1755 362">
     <span class='ocr_line' id='line_1_49' title="bbox 967 327 1755 362; baseline 0 -8"><span class='ocrx_word' id='word_1_321' title='bbox 967 327 990 354; x_wconf 85' lang='lat' dir='ltr'><strong>si</strong></span> <span class='ocrx_word' id='word_1_322' title='bbox 1007 327 1164 354; x_wconf 84' lang='lat' dir='ltr'><strong>horribilem</strong></span> <span class='ocrx_word' id='word_1_323' title='bbox 1183 331 1327 358; x_wconf 86' lang='lat' dir='ltr'><strong>terrorem,</strong></span> <span class='ocrx_word' id='word_1_324' title='bbox 1356 331 1384 354; x_wconf 90' lang='lat' dir='ltr'><strong>et</strong></span> <span class='ocrx_word' id='word_1_325' title='bbox 1406 327 1536 354; x_wconf 84' lang='lat' dir='ltr'><strong>accedere</strong></span> <span class='ocrx_word' id='word_1_326' title='bbox 1559 335 1614 354; x_wconf 92' lang='lat' dir='ltr'><strong>non</strong></span> <span class='ocrx_word' id='word_1_327' title='bbox 1641 327 1755 362; x_wconf 76' lang='lat' dir='ltr'><strong>permit-</strong></span> 
     </span>
    </p>
   </div>
   <div class='ocr_carea' id='block_1_50' title="bbox 966 372 1753 408">
    <p class='ocr_par' dir='ltr' id='par_1_50' title="bbox 966 372 1753 408">
     <span class='ocr_line' id='line_1_50' title="bbox 966 372 1753 408; baseline 0 -8"><span class='ocrx_word' id='word_1_328' title='bbox 966 376 1080 405; x_wconf 87' lang='lat' dir='ltr'><strong>tentem,</strong></span> <span class='ocrx_word' id='word_1_329' title='bbox 1097 373 1135 400; x_wconf 84' lang='lat' dir='ltr'><strong>eis</strong></span> <span class='ocrx_word' id='word_1_330' title='bbox 1151 373 1265 400; x_wconf 83' lang='lat' dir='ltr'><strong>incutiat</strong></span> <span class='ocrx_word' id='word_1_331' title='bbox 1291 372 1459 407; x_wconf 80' lang='lat' dir='ltr'><strong>sepulcrum.</strong></span> <span class='ocrx_word' id='word_1_332' title='bbox 1476 381 1530 400; x_wconf 88' lang='lat' dir='ltr'><strong>non</strong></span> <span class='ocrx_word' id='word_1_333' title='bbox 1559 372 1664 408; x_wconf 84' lang='lat' dir='ltr'><strong>possint</strong></span> <span class='ocrx_word' id='word_1_334' title='bbox 1688 381 1753 408; x_wconf 83' lang='lat' dir='ltr'><strong>pcr-</strong></span> 
     </span>
    </p>
   </div>
   <div class='ocr_carea' id='block_1_51' title="bbox 967 419 1753 454">
    <p class='ocr_par' dir='ltr' id='par_1_51' title="bbox 967 419 1753 454">
     <span class='ocr_line' id='line_1_51' title="bbox 967 419 1753 454; baseline 0.001 -8"><span class='ocrx_word' id='word_1_335' title='bbox 967 427 1094 447; x_wconf 81' lang='lat' dir='ltr'><strong>ntanere:</strong></span> <span class='ocrx_word' id='word_1_336' title='bbox 1114 420 1156 447; x_wconf 84' lang='lat' dir='ltr'><strong>vel</strong></span> <span class='ocrx_word' id='word_1_337' title='bbox 1171 420 1261 454; x_wconf 78' lang='lat' dir='ltr'><strong>potius</strong></span> <span class='ocrx_word' id='word_1_338' title='bbox 1278 424 1306 447; x_wconf 93' lang='lat' dir='ltr'><strong>ut</strong></span> <span class='ocrx_word' id='word_1_339' title='bbox 1329 419 1423 447; x_wconf 85' lang='lat' dir='ltr'><strong>hostes</strong></span> <span class='ocrx_word' id='word_1_340' title='bbox 1451 419 1561 454; x_wconf 87' lang='lat' dir='ltr'><strong>quidam</strong></span> <span class='ocrx_word' id='word_1_341' title='bbox 1586 425 1612 447; x_wconf 86' lang='lat' dir='ltr'><strong>et</strong></span> <span class='ocrx_word' id='word_1_342' title='bbox 1635 420 1753 454; x_wconf 81' lang='lat' dir='ltr'><strong>inimici,</strong></span> 
     </span>
    </p>
   </div>
   <div class='ocr_carea' id='block_1_52' title="bbox 967 464 1754 500">
    <p class='ocr_par' dir='ltr' id='par_1_52' title="bbox 967 464 1754 500">
     <span class='ocr_line' id='line_1_52' title="bbox 967 464 1754 500; baseline 0.003 -9"><span class='ocrx_word' id='word_1_343' title='bbox 967 464 1013 499; x_wconf 85' lang='lat' dir='ltr'><strong>qui</strong></span> <span class='ocrx_word' id='word_1_344' title='bbox 1041 464 1120 492; x_wconf 81' lang='lat' dir='ltr'><strong>fortis</strong></span> <span class='ocrx_word' id='word_1_345' title='bbox 1150 464 1324 500; x_wconf 84' lang='lat' dir='ltr'><strong>imperatoris</strong></span> <span class='ocrx_word' id='word_1_346' title='bbox 1353 473 1389 492; x_wconf 90' lang='lat' dir='ltr'><strong>ne</strong></span> <span class='ocrx_word' id='word_1_347' title='bbox 1413 465 1520 500; x_wconf 86' lang='lat' dir='ltr'><strong>possint</strong></span> <span class='ocrx_word' id='word_1_348' title='bbox 1543 465 1654 500; x_wconf 85' lang='lat' dir='ltr'><strong>quidem</strong></span> <span class='ocrx_word' id='word_1_349' title='bbox 1682 465 1754 493; x_wconf 87' lang='lat' dir='ltr'><strong>ferre</strong></span> 
     </span>
    </p>
   </div>
   <div class='ocr_carea' id='block_1_53' title="bbox 965 511 1755 546">
    <p class='ocr_par' dir='ltr' id='par_1_53' title="bbox 965 511 1755 546">
     <span class='ocr_line' id='line_1_53' title="bbox 965 511 1755 546; baseline 0.003 -9"><span class='ocrx_word' id='word_1_350' title='bbox 965 515 1154 544; x_wconf 85' lang='lat' dir='ltr'><strong>conspectum,</strong></span> <span class='ocrx_word' id='word_1_351' title='bbox 1171 511 1218 539; x_wconf 84' lang='lat' dir='ltr'><strong>sed</strong></span> <span class='ocrx_word' id='word_1_352' title='bbox 1248 519 1295 538; x_wconf 88' lang='lat' dir='ltr'><strong>eos</strong></span> <span class='ocrx_word' id='word_1_353' title='bbox 1312 518 1381 546; x_wconf 87' lang='lat' dir='ltr'><strong>quos</strong></span> <span class='ocrx_word' id='word_1_354' title='bbox 1396 515 1540 546; x_wconf 82' lang='lat' dir='ltr'><strong>ceperunt,</strong></span> <span class='ocrx_word' id='word_1_355' title='bbox 1555 511 1647 538; x_wconf 85' lang='lat' dir='ltr'><strong>statim</strong></span> <span class='ocrx_word' id='word_1_356' title='bbox 1664 511 1755 540; x_wconf 88' lang='lat' dir='ltr'><strong>dimit-</strong></span> 
     </span>
    </p>
   </div>
   <div class='ocr_carea' id='block_1_54' title="bbox 967 556 1756 592">
    <p class='ocr_par' dir='ltr' id='par_1_54' title="bbox 967 556 1756 592">
     <span class='ocr_line' id='line_1_54' title="bbox 967 556 1756 592; baseline 0 -8"><span class='ocrx_word' id='word_1_357' title='bbox 967 560 1034 587; x_wconf 84' lang='lat' dir='ltr'><strong>tant,</strong></span> <span class='ocrx_word' id='word_1_358' title='bbox 1051 560 1078 584; x_wconf 83' lang='lat' dir='ltr'><strong>et</strong></span> <span class='ocrx_word' id='word_1_359' title='bbox 1095 557 1120 582; x_wconf 93' lang='lat' dir='ltr'><strong>in</strong></span> <span class='ocrx_word' id='word_1_360' title='bbox 1132 556 1220 592; x_wconf 81' lang='lat' dir='ltr'><strong>fugam</strong></span> <span class='ocrx_word' id='word_1_361' title='bbox 1235 564 1264 584; x_wconf 91' lang='lat' dir='ltr'><strong>se</strong></span> <span class='ocrx_word' id='word_1_362' title='bbox 1278 557 1425 592; x_wconf 84' lang='lat' dir='ltr'><strong>conjiciant</strong></span> <span class='ocrx_word' id='word_1_363' title='bbox 1442 565 1448 590; x_wconf 89' lang='lat'>;</span> <span class='ocrx_word' id='word_1_364' title='bbox 1466 557 1522 584; x_wconf 81' lang='lat' dir='ltr'><strong>hch</strong></span> <span class='ocrx_word' id='word_1_365' title='bbox 1534 565 1596 584; x_wconf 86' lang='lat' dir='ltr'><strong>cum</strong></span> <span class='ocrx_word' id='word_1_366' title='bbox 1615 557 1659 584; x_wconf 88' lang='lat' dir='ltr'><strong>illa</strong></span> <span class='ocrx_word' id='word_1_367' title='bbox 1675 557 1756 587; x_wconf 58' lang='lat' dir='ltr'><strong>vidis.</strong></span> 
     </span>
    </p>
   </div>
   <div class='ocr_carea' id='block_1_55' title="bbox 969 601 1756 637">
    <p class='ocr_par' dir='ltr' id='par_1_55' title="bbox 969 601 1756 637">
     <span class='ocr_line' id='line_1_55' title="bbox 969 601 1756 637; baseline 0.004 -9"><span class='ocrx_word' id='word_1_368' title='bbox 969 606 1020 633; x_wconf 86' lang='lat' dir='ltr'><strong>set.</strong></span> <span class='ocrx_word' id='word_1_369' title='bbox 1056 606 1082 628; x_wconf 85' lang='lat' dir='ltr'><strong>et</strong></span> <span class='ocrx_word' id='word_1_370' title='bbox 1106 602 1234 636; x_wconf 68' lang='lat' dir='ltr'><strong>sopulcro</strong></span> <span class='ocrx_word' id='word_1_371' title='bbox 1256 601 1354 630; x_wconf 77' lang='lat' dir='ltr'><strong>fuisset</strong></span> <span class='ocrx_word' id='word_1_372' title='bbox 1375 602 1553 634; x_wconf 79' lang='lat' dir='ltr'><strong>circumfusa,</strong></span> <span class='ocrx_word' id='word_1_373' title='bbox 1577 602 1700 637; x_wconf 78' lang='lat' dir='ltr'><strong>qunnde</strong></span> <span class='ocrx_word' id='word_1_374' title='bbox 1728 609 1756 631; x_wconf 87' lang='lat' dir='ltr'><strong>ct</strong></span> 
     </span>
    </p>
   </div>
   <div class='ocr_carea' id='block_1_56' title="bbox 966 647 1756 684">
    <p class='ocr_par' dir='ltr' id='par_1_56' title="bbox 966 647 1756 684">
     <span class='ocr_line' id='line_1_56' title="bbox 966 647 1756 684; baseline 0.003 -10"><span class='ocrx_word' id='word_1_375' title='bbox 966 652 1108 675; x_wconf 82' lang='lat' dir='ltr'><strong>ctcauore</strong></span> <span class='ocrx_word' id='word_1_376' title='bbox 1125 648 1252 680; x_wconf 81' lang='lat' dir='ltr'><strong>deﬂebat,</strong></span> <span class='ocrx_word' id='word_1_377' title='bbox 1277 648 1375 682; x_wconf 78' lang='lat' dir='ltr'><strong>partim</strong></span> <span class='ocrx_word' id='word_1_378' title='bbox 1407 647 1516 682; x_wconf 87' lang='lat' dir='ltr'><strong>quidem</strong></span> <span class='ocrx_word' id='word_1_379' title='bbox 1542 649 1626 676; x_wconf 86' lang='lat' dir='ltr'><strong>tilium</strong></span> <span class='ocrx_word' id='word_1_380' title='bbox 1661 649 1756 684; x_wconf 76' lang='lat' dir='ltr'><strong>lugens</strong></span> 
     </span>
    </p>
   </div>
   <div class='ocr_carea' id='block_1_57' title="bbox 967 694 1753 729">
    <p class='ocr_par' dir='ltr' id='par_1_57' title="bbox 967 694 1753 729">
     <span class='ocr_line' id='line_1_57' title="bbox 967 694 1753 729; baseline 0.004 -9"><span class='ocrx_word' id='word_1_381' title='bbox 967 698 996 720; x_wconf 89' lang='lat' dir='ltr'><strong>ut</strong></span> <span class='ocrx_word' id='word_1_382' title='bbox 1010 698 1160 726; x_wconf 86' lang='lat' dir='ltr'><strong>mortuum,</strong></span> <span class='ocrx_word' id='word_1_383' title='bbox 1176 694 1274 729; x_wconf 87' lang='lat' dir='ltr'><strong>partim</strong></span> <span class='ocrx_word' id='word_1_384' title='bbox 1291 698 1382 722; x_wconf 85' lang='lat' dir='ltr'><strong>autem</strong></span> <span class='ocrx_word' id='word_1_385' title='bbox 1408 700 1438 722; x_wconf 90' lang='lat' dir='ltr'><strong>ut</strong></span> <span class='ocrx_word' id='word_1_386' title='bbox 1461 703 1492 722; x_wconf 77' lang='lat' dir='ltr'><strong>ex</strong></span> <span class='ocrx_word' id='word_1_387' title='bbox 1523 695 1578 722; x_wconf 75' lang='lat' dir='ltr'><strong>Deo</strong></span> <span class='ocrx_word' id='word_1_388' title='bbox 1607 695 1753 728; x_wconf 79' lang='lat' dir='ltr'><strong>viventem,</strong></span> 
     </span>
    </p>
   </div>
   <div class='ocr_carea' id='block_1_58' title="bbox 965 739 1756 777">
    <p class='ocr_par' dir='ltr' id='par_1_58' title="bbox 965 739 1756 777">
     <span class='ocr_line' id='line_1_58' title="bbox 965 739 1756 777; baseline 0.004 -11"><span class='ocrx_word' id='word_1_389' title='bbox 965 743 993 766; x_wconf 89' lang='lat' dir='ltr'><strong>et</strong></span> <span class='ocrx_word' id='word_1_390' title='bbox 1010 739 1093 767; x_wconf 75' lang='lat' dir='ltr'><strong>tantis</strong></span> <span class='ocrx_word' id='word_1_391' title='bbox 1112 739 1252 775; x_wconf 77' lang='lat' dir='ltr'><strong>dignatum</strong></span> <span class='ocrx_word' id='word_1_392' title='bbox 1268 740 1407 767; x_wconf 71' lang='lat' dir='ltr'><strong>miraculis</strong></span> <span class='ocrx_word' id='word_1_393' title='bbox 1422 741 1561 768; x_wconf 84' lang='lat' dir='ltr'><strong>admirans</strong></span> <span class='ocrx_word' id='word_1_394' title='bbox 1575 762 1582 774; x_wconf 96' lang='lat'><strong>,</strong></span> <span class='ocrx_word' id='word_1_395' title='bbox 1595 746 1622 768; x_wconf 91' lang='lat' dir='ltr'><strong>ct</strong></span> <span class='ocrx_word' id='word_1_396' title='bbox 1654 747 1682 769; x_wconf 90' lang='lat' dir='ltr'><strong>ut</strong></span> <span class='ocrx_word' id='word_1_397' title='bbox 1696 750 1756 777; x_wconf 72' lang='lat' dir='ltr'><strong>qua:</strong></span> 
     </span>
    </p>
   </div>
   <div class='ocr_carea' id='block_1_59' title="bbox 967 785 1756 822">
    <p class='ocr_par' dir='ltr' id='par_1_59' title="bbox 967 785 1756 822">
     <span class='ocr_line' id='line_1_59' title="bbox 967 785 1756 822; baseline 0.006 -11"><span class='ocrx_word' id='word_1_398' title='bbox 967 785 1022 820; x_wconf 87' lang='lat' dir='ltr'><strong>ipsa</strong></span> <span class='ocrx_word' id='word_1_399' title='bbox 1038 793 1147 820; x_wconf 92' lang='lat' dir='ltr'><strong>quoquc</strong></span> <span class='ocrx_word' id='word_1_400' title='bbox 1159 787 1246 822; x_wconf 73' lang='lat' dir='ltr'><strong>gratia</strong></span> <span class='ocrx_word' id='word_1_401' title='bbox 1257 791 1284 813; x_wconf 86' lang='lat' dir='ltr'><strong>et</strong></span> <span class='ocrx_word' id='word_1_402' title='bbox 1298 786 1382 822; x_wconf 80' lang='lat' dir='ltr'><strong>gloria</strong></span> <span class='ocrx_word' id='word_1_403' title='bbox 1401 786 1547 822; x_wconf 67' lang='lat' dir='ltr'><strong>frueretur,</strong></span> <span class='ocrx_word' id='word_1_404' title='bbox 1563 792 1590 815; x_wconf 77' lang='lat' dir='ltr'><strong>ct</strong></span> <span class='ocrx_word' id='word_1_405' title='bbox 1601 795 1634 819; x_wconf 82' lang='lat' dir='ltr'><strong>co</strong></span> <span class='ocrx_word' id='word_1_406' title='bbox 1645 789 1756 817; x_wconf 91' lang='lat' dir='ltr'><strong>nomine</strong></span> 
     </span>
    </p>
   </div>
   <div class='ocr_carea' id='block_1_60' title="bbox 966 830 1139 866">
    <p class='ocr_par' dir='ltr' id='par_1_60' title="bbox 966 830 1139 866">
     <span class='ocr_line' id='line_1_60' title="bbox 966 830 1139 866; baseline 0.012 -10"><span class='ocrx_word' id='word_1_407' title='bbox 966 830 1139 866; x_wconf 73' lang='lat' dir='ltr'><strong>gloriaretur.</strong></span> 
     </span>
    </p>
   </div>
   <div class='ocr_carea' id='block_1_61' title="bbox 1000 876 1755 919">
    <p class='ocr_par' dir='ltr' id='par_1_61' title="bbox 1000 876 1755 919">
     <span class='ocr_line' id='line_1_61' title="bbox 1000 876 1755 919; baseline 0.005 -16"><span class='ocrx_word' id='word_1_408' title='bbox 1000 877 1058 904; x_wconf 71' lang='grc' dir='ltr'><strong>ΧΗ.</strong></span> <span class='ocrx_word' id='word_1_409' title='bbox 1075 876 1136 910; x_wconf 85' lang='lat' dir='ltr'><strong>Fili,</strong></span> <span class='ocrx_word' id='word_1_410' title='bbox 1167 886 1233 906; x_wconf 81' lang='lat' dir='ltr'><strong>voce</strong></span> <span class='ocrx_word' id='word_1_411' title='bbox 1259 879 1365 906; x_wconf 66' lang='lat' dir='ltr'><strong>dicrbat</strong></span> <span class='ocrx_word' id='word_1_412' title='bbox 1381 879 1493 919; x_wconf 82' lang='lat' dir='ltr'><strong>altiorc,_</strong></span> <span class='ocrx_word' id='word_1_413' title='bbox 1515 880 1562 912; x_wconf 74' lang='lat' dir='ltr'><strong>fdi,</strong></span> <span class='ocrx_word' id='word_1_414' title='bbox 1591 880 1635 907; x_wconf 74' lang='lat' dir='ltr'><strong>lux</strong></span> <span class='ocrx_word' id='word_1_415' title='bbox 1654 884 1755 908; x_wconf 66' lang='lat' dir='ltr'><strong>aeterna</strong></span> 
     </span>
    </p>
   </div>
   <div class='ocr_carea' id='block_1_62' title="bbox 965 925 1756 961">
    <p class='ocr_par' dir='ltr' id='par_1_62' title="bbox 965 925 1756 961">
     <span class='ocr_line' id='line_1_62' title="bbox 965 925 1756 961; baseline 0.003 -11"><span class='ocrx_word' id='word_1_416' title='bbox 965 930 1087 950; x_wconf 85' lang='lat' dir='ltr'><strong>meorum</strong></span> <span class='ocrx_word' id='word_1_417' title='bbox 1100 925 1253 956; x_wconf 85' lang='lat' dir='ltr'><strong>oculorum,</strong></span> <span class='ocrx_word' id='word_1_418' title='bbox 1269 925 1315 958; x_wconf 79' lang='lat' dir='ltr'><strong>illi,</strong></span> <span class='ocrx_word' id='word_1_419' title='bbox 1329 934 1458 953; x_wconf 79' lang='lat' dir='ltr'><strong>arcanum</strong></span> <span class='ocrx_word' id='word_1_420' title='bbox 1477 927 1613 961; x_wconf 80' lang='lat' dir='ltr'><strong>quoddam</strong></span> <span class='ocrx_word' id='word_1_421' title='bbox 1625 926 1756 954; x_wconf 74' lang='lat' dir='ltr'><strong>etincn&#39;n-</strong></span> 
     </span>
    </p>
   </div>
   <div class='ocr_carea' id='block_1_63' title="bbox 964 965 1754 1007">
    <p class='ocr_par' dir='ltr' id='par_1_63' title="bbox 964 965 1754 1007">
     <span class='ocr_line' id='line_1_63' title="bbox 964 965 1754 1007; baseline 0.005 -11"><span class='ocrx_word' id='word_1_422' title='bbox 964 970 1018 997; x_wconf 85' lang='lat' dir='ltr'><strong>bile</strong></span> <span class='ocrx_word' id='word_1_423' title='bbox 1035 971 1136 998; x_wconf 82' lang='lat' dir='ltr'><strong>honuni</strong></span> <span class='ocrx_word' id='word_1_424' title='bbox 1153 972 1313 1007; x_wconf 86' lang='lat' dir='ltr'><strong>parcntibus</strong></span> <span class='ocrx_word' id='word_1_425' title='bbox 1331 982 1338 1000; x_wconf 86' lang='lat'>:</span> <span class='ocrx_word' id='word_1_426' title='bbox 1355 973 1491 1001; x_wconf 77' lang='lat' dir='ltr'><strong>undenan</strong></span> <span class='ocrx_word' id='word_1_427' title='bbox 1515 965 1571 1001; x_wconf 47' lang='lat' dir='ltr'><strong>tibi.</strong></span> <span class='ocrx_word' id='word_1_428' title='bbox 1596 975 1654 1001; x_wconf 72' lang='lat' dir='ltr'><strong>lucc</strong></span> <span class='ocrx_word' id='word_1_429' title='bbox 1682 975 1754 1000; x_wconf 75' lang='lat' dir='ltr'><strong>ciam</strong></span> 
     </span>
    </p>
   </div>
   <div class='ocr_carea' id='block_1_64' title="bbox 963 1017 1756 1057">
    <p class='ocr_par' dir='ltr' id='par_1_64' title="bbox 963 1017 1756 1057">
     <span class='ocr_line' id='line_1_64' title="bbox 963 1017 1756 1057; baseline 0.008 -15"><span class='ocrx_word' id='word_1_430' title='bbox 963 1020 991 1043; x_wconf 87' lang='lat' dir='ltr'><strong>et</strong></span> <span class='ocrx_word' id='word_1_431' title='bbox 1008 1024 1104 1057; x_wconf 49' lang='lat' dir='ltr'><strong>[magna</strong></span> <span class='ocrx_word' id='word_1_432' title='bbox 1116 1017 1160 1044; x_wconf 84' lang='lat' dir='ltr'><strong>lux</strong></span> <span class='ocrx_word' id='word_1_433' title='bbox 1171 1018 1343 1045; x_wconf 83' lang='lat' dir='ltr'><strong>curationum</strong></span> <span class='ocrx_word' id='word_1_434' title='bbox 1360 1019 1371 1045; x_wconf 70' lang='grc' dir='ltr'><strong>’Ξ</strong></span> <span class='ocrx_word' id='word_1_435' title='bbox 1388 1018 1529 1048; x_wconf 84' lang='lat' dir='ltr'><strong>Undenam</strong></span> <span class='ocrx_word' id='word_1_436' title='bbox 1546 1021 1656 1055; x_wconf 68' lang='lat' dir='ltr'><strong>copiosa</strong></span> <span class='ocrx_word' id='word_1_437' title='bbox 1678 1021 1756 1048; x_wconf 65' lang='lat' dir='ltr'><strong>ilniit</strong></span> 
     </span>
    </p>
   </div>
   <div class='ocr_carea' id='block_1_65' title="bbox 964 1064 1754 1102">
    <p class='ocr_par' dir='ltr' id='par_1_65' title="bbox 964 1064 1754 1102">
     <span class='ocr_line' id='line_1_65' title="bbox 964 1064 1754 1102; baseline 0.005 -13"><span class='ocrx_word' id='word_1_438' title='bbox 964 1064 1048 1098; x_wconf 80' lang='lat' dir='ltr'><strong>gratia</strong></span> <span class='ocrx_word' id='word_1_439' title='bbox 1067 1064 1211 1099; x_wconf 78' lang='lat' dir='ltr'><strong>Spiritus?</strong></span> <span class='ocrx_word' id='word_1_440' title='bbox 1229 1065 1269 1092; x_wconf 78' lang='lat' dir='ltr'><strong>An</strong></span> <span class='ocrx_word' id='word_1_441' title='bbox 1280 1070 1344 1092; x_wconf 87' lang='lat' dir='ltr'><strong>sunt</strong></span> <span class='ocrx_word' id='word_1_442' title='bbox 1361 1066 1416 1094; x_wconf 73' lang='lat' dir='ltr'><strong>hmc</strong></span> <span class='ocrx_word' id='word_1_443' title='bbox 1429 1067 1542 1094; x_wconf 83' lang='lat' dir='ltr'><strong>omnino</strong></span> <span class='ocrx_word' id='word_1_444' title='bbox 1554 1068 1605 1102; x_wconf 73' lang='lat' dir='ltr'><strong>pia:</strong></span> <span class='ocrx_word' id='word_1_445' title='bbox 1624 1067 1684 1094; x_wconf 71' lang='lat' dir='ltr'><strong>\itrc</strong></span> <span class='ocrx_word' id='word_1_446' title='bbox 1711 1076 1754 1093; x_wconf 79' lang='lat' dir='ltr'><strong>tc-</strong></span> 
     </span>
    </p>
   </div>
   <div class='ocr_carea' id='block_1_66' title="bbox 964 1111 1757 1149">
    <p class='ocr_par' dir='ltr' id='par_1_66' title="bbox 964 1111 1757 1149">
     <span class='ocr_line' id='line_1_66' title="bbox 964 1111 1757 1149; baseline 0.005 -13"><span class='ocrx_word' id='word_1_447' title='bbox 964 1111 1131 1143; x_wconf 83' lang='lat' dir='ltr'><strong>muneratio,</strong></span> <span class='ocrx_word' id='word_1_448' title='bbox 1170 1115 1196 1138; x_wconf 86' lang='lat' dir='ltr'><strong>ct</strong></span> <span class='ocrx_word' id='word_1_449' title='bbox 1215 1111 1386 1139; x_wconf 73' lang='lat' dir='ltr'><strong>occultorum</strong></span> <span class='ocrx_word' id='word_1_450' title='bbox 1415 1112 1566 1140; x_wconf 83' lang='lat' dir='ltr'><strong>laborum?</strong></span> <span class='ocrx_word' id='word_1_451' title='bbox 1594 1115 1634 1140; x_wconf 76' lang='lat' dir='ltr'><strong>An</strong></span> <span class='ocrx_word' id='word_1_452' title='bbox 1666 1115 1757 1149; x_wconf 66' lang='lat' dir='ltr'><strong>potius</strong></span> 
     </span>
    </p>
   </div>
   <div class='ocr_carea' id='block_1_67' title="bbox 970 1155 1755 1193">
    <p class='ocr_par' dir='ltr' id='par_1_67' title="bbox 970 1155 1755 1193">
     <span class='ocr_line' id='line_1_67' title="bbox 970 1155 1755 1193; baseline 0.005 -11"><span class='ocrx_word' id='word_1_453' title='bbox 970 1163 1024 1182; x_wconf 88' lang='lat' dir='ltr'><strong>non</strong></span> <span class='ocrx_word' id='word_1_454' title='bbox 1035 1155 1122 1183; x_wconf 80' lang='lat' dir='ltr'><strong>solum</strong></span> <span class='ocrx_word' id='word_1_455' title='bbox 1136 1157 1335 1189; x_wconf 83' lang='lat' dir='ltr'><strong>remuneratio,</strong></span> <span class='ocrx_word' id='word_1_456' title='bbox 1365 1158 1412 1184; x_wconf 85' lang='lat' dir='ltr'><strong>scd</strong></span> <span class='ocrx_word' id='word_1_457' title='bbox 1434 1158 1513 1184; x_wconf 78' lang='lat' dir='ltr'><strong>arrlta</strong></span> <span class='ocrx_word' id='word_1_458' title='bbox 1537 1162 1566 1185; x_wconf 89' lang='lat' dir='ltr'><strong>et</strong></span> <span class='ocrx_word' id='word_1_459' title='bbox 1594 1159 1755 1193; x_wconf 68' lang='lat' dir='ltr'><strong>prominium</strong></span> 
     </span>
    </p>
   </div>
   <div class='ocr_carea' id='block_1_68' title="bbox 964 1201 1755 1239">
    <p class='ocr_par' dir='ltr' id='par_1_68' title="bbox 964 1201 1755 1239">
     <span class='ocr_line' id='line_1_68' title="bbox 964 1201 1755 1239; baseline 0.004 -10"><span class='ocrx_word' id='word_1_460' title='bbox 964 1201 1109 1234; x_wconf 88' lang='lat' dir='ltr'><strong>bonorum,</strong></span> <span class='ocrx_word' id='word_1_461' title='bbox 1125 1211 1185 1237; x_wconf 60' lang='lat' dir='ltr'><strong>qua:</strong></span> <span class='ocrx_word' id='word_1_462' title='bbox 1203 1210 1227 1230; x_wconf 91' lang='lat' dir='ltr'><strong>te</strong></span> <span class='ocrx_word' id='word_1_463' title='bbox 1243 1209 1304 1238; x_wconf 86' lang='lat' dir='ltr'><strong>post</strong></span> <span class='ocrx_word' id='word_1_464' title='bbox 1323 1203 1380 1231; x_wconf 70' lang='lat' dir='ltr'><strong>lucc</strong></span> <span class='ocrx_word' id='word_1_465' title='bbox 1394 1209 1507 1231; x_wconf 75' lang='lat' dir='ltr'><strong>manent</strong></span> <span class='ocrx_word' id='word_1_466' title='bbox 1523 1205 1535 1231; x_wconf 83' lang='lat'><strong>?</strong></span> <span class='ocrx_word' id='word_1_467' title='bbox 1555 1203 1620 1232; x_wconf 83' lang='lat' dir='ltr'><strong>Sum</strong></span> <span class='ocrx_word' id='word_1_468' title='bbox 1635 1213 1685 1239; x_wconf 66' lang='lat' dir='ltr'><strong>ego</strong></span> <span class='ocrx_word' id='word_1_469' title='bbox 1714 1213 1755 1232; x_wconf 86' lang='lat' dir='ltr'><strong>re-</strong></span> 
     </span>
    </p>
   </div>
   <div class='ocr_carea' id='block_1_69' title="bbox 963 1249 1751 1286">
    <p class='ocr_par' dir='ltr' id='par_1_69' title="bbox 963 1249 1751 1286">
     <span class='ocr_line' id='line_1_69' title="bbox 963 1249 1751 1286; baseline 0.005 -11"><span class='ocrx_word' id='word_1_470' title='bbox 963 1256 1026 1280; x_wconf 74' lang='lat' dir='ltr'><strong>vera</strong></span> <span class='ocrx_word' id='word_1_471' title='bbox 1040 1249 1118 1277; x_wconf 85' lang='lat' dir='ltr'><strong>beata</strong></span> <span class='ocrx_word' id='word_1_472' title='bbox 1139 1251 1210 1277; x_wconf 51' lang='lat' dir='ltr'><strong>inter</strong></span> <span class='ocrx_word' id='word_1_473' title='bbox 1232 1255 1344 1284; x_wconf 85' lang='lat' dir='ltr'><strong>matres,</strong></span> <span class='ocrx_word' id='word_1_474' title='bbox 1374 1258 1434 1286; x_wconf 64' lang='lat' dir='ltr'><strong>quae</strong></span> <span class='ocrx_word' id='word_1_475' title='bbox 1458 1251 1538 1286; x_wconf 67' lang='lat' dir='ltr'><strong>digna</strong></span> <span class='ocrx_word' id='word_1_476' title='bbox 1557 1258 1616 1278; x_wconf 89' lang='lat' dir='ltr'><strong>sum</strong></span> <span class='ocrx_word' id='word_1_477' title='bbox 1649 1253 1751 1284; x_wconf 81' lang='lat' dir='ltr'><strong>habita,</strong></span> 
     </span>
    </p>
   </div>
   <div class='ocr_carea' id='block_1_70' title="bbox 963 1297 1753 1329">
    <p class='ocr_par' dir='ltr' id='par_1_70' title="bbox 963 1297 1753 1329">
     <span class='ocr_line' id='line_1_70' title="bbox 963 1297 1753 1329; baseline 0.004 -7"><span class='ocrx_word' id='word_1_478' title='bbox 963 1302 1022 1329; x_wconf 68' lang='lat' dir='ltr'><strong>qua:</strong></span> <span class='ocrx_word' id='word_1_479' title='bbox 1038 1303 1126 1323; x_wconf 85' lang='lat' dir='ltr'><strong>essem</strong></span> <span class='ocrx_word' id='word_1_480' title='bbox 1146 1301 1173 1323; x_wconf 90' lang='lat' dir='ltr'><strong>et</strong></span> <span class='ocrx_word' id='word_1_481' title='bbox 1189 1305 1302 1324; x_wconf 84' lang='lat' dir='ltr'><strong>vocarer</strong></span> <span class='ocrx_word' id='word_1_482' title='bbox 1332 1302 1418 1324; x_wconf 71' lang='lat' dir='ltr'><strong>mater</strong></span> <span class='ocrx_word' id='word_1_483' title='bbox 1439 1298 1500 1324; x_wconf 80' lang='lat' dir='ltr'><strong>tatis</strong></span> <span class='ocrx_word' id='word_1_484' title='bbox 1536 1298 1591 1325; x_wconf 74' lang='lat' dir='ltr'><strong>filii.</strong></span> <span class='ocrx_word' id='word_1_485' title='bbox 1625 1297 1682 1326; x_wconf 82' lang='lat' dir='ltr'><strong>Non</strong></span> <span class='ocrx_word' id='word_1_486' title='bbox 1705 1299 1753 1326; x_wconf 82' lang='lat' dir='ltr'><strong>tibi</strong></span> 
     </span>
    </p>
   </div>
   <div class='ocr_carea' id='block_1_71' title="bbox 962 1341 1753 1380">
    <p class='ocr_par' dir='ltr' id='par_1_71' title="bbox 962 1341 1753 1380">
     <span class='ocr_line' id='line_1_71' title="bbox 962 1341 1753 1380; baseline 0.005 -13"><span class='ocrx_word' id='word_1_487' title='bbox 962 1341 1079 1376; x_wconf 81' lang='lat' dir='ltr'><strong>amplius</strong></span> <span class='ocrx_word' id='word_1_488' title='bbox 1093 1347 1208 1369; x_wconf 84' lang='lat' dir='ltr'><strong>contexo</strong></span> <span class='ocrx_word' id='word_1_489' title='bbox 1225 1344 1435 1371; x_wconf 83' lang='lat' dir='ltr'><strong>lmnentationes</strong></span> <span class='ocrx_word' id='word_1_490' title='bbox 1455 1348 1596 1371; x_wconf 79' lang='lat' dir='ltr'><strong>maternas</strong></span> <span class='ocrx_word' id='word_1_491' title='bbox 1622 1349 1753 1380; x_wconf 72' lang='lat' dir='ltr'><strong>tanquam</strong></span> 
     </span>
    </p>
   </div>
   <div class='ocr_carea' id='block_1_72' title="bbox 962 1387 1755 1426">
    <p class='ocr_par' dir='ltr' id='par_1_72' title="bbox 962 1387 1755 1426">
     <span class='ocr_line' id='line_1_72' title="bbox 962 1387 1755 1426; baseline 0.005 -12"><span class='ocrx_word' id='word_1_492' title='bbox 962 1387 1028 1421; x_wconf 82' lang='lat' dir='ltr'><strong>ﬁlio,</strong></span> <span class='ocrx_word' id='word_1_493' title='bbox 1045 1387 1093 1415; x_wconf 88' lang='lat' dir='ltr'><strong>sed</strong></span> <span class='ocrx_word' id='word_1_494' title='bbox 1110 1394 1238 1423; x_wconf 85' lang='lat' dir='ltr'><strong>tanquam</strong></span> <span class='ocrx_word' id='word_1_495' title='bbox 1257 1390 1303 1417; x_wconf 92' lang='lat' dir='ltr'><strong>Dei</strong></span> <span class='ocrx_word' id='word_1_496' title='bbox 1321 1391 1412 1418; x_wconf 80' lang='lat' dir='ltr'><strong>amico</strong></span> <span class='ocrx_word' id='word_1_497' title='bbox 1423 1390 1539 1425; x_wconf 78' lang='lat' dir='ltr'><strong>hymnus</strong></span> <span class='ocrx_word' id='word_1_498' title='bbox 1549 1399 1618 1418; x_wconf 86' lang='lat' dir='ltr'><strong>cano</strong></span> <span class='ocrx_word' id='word_1_499' title='bbox 1645 1391 1755 1426; x_wconf 85' lang='lat' dir='ltr'><strong>spirita-</strong></span> 
     </span>
    </p>
   </div>
   <div class='ocr_carea' id='block_1_73' title="bbox 964 1433 1756 1470">
    <p class='ocr_par' dir='ltr' id='par_1_73' title="bbox 964 1433 1756 1470">
     <span class='ocr_line' id='line_1_73' title="bbox 964 1433 1756 1470; baseline 0.004 -9"><span class='ocrx_word' id='word_1_500' title='bbox 964 1434 1014 1462; x_wconf 86' lang='lat' dir='ltr'><strong>les.</strong></span> <span class='ocrx_word' id='word_1_501' title='bbox 1031 1433 1089 1462; x_wconf 82' lang='lat' dir='ltr'><strong>Non</strong></span> <span class='ocrx_word' id='word_1_502' title='bbox 1108 1435 1225 1470; x_wconf 90' lang='lat' dir='ltr'><strong>amplius</strong></span> <span class='ocrx_word' id='word_1_503' title='bbox 1243 1440 1268 1463; x_wconf 91' lang='lat' dir='ltr'><strong>te</strong></span> <span class='ocrx_word' id='word_1_504' title='bbox 1283 1443 1348 1463; x_wconf 71' lang='lat' dir='ltr'><strong>voco</strong></span> <span class='ocrx_word' id='word_1_505' title='bbox 1363 1437 1459 1469; x_wconf 84' lang='lat' dir='ltr'><strong>lilium,</strong></span> <span class='ocrx_word' id='word_1_506' title='bbox 1475 1442 1501 1463; x_wconf 86' lang='lat' dir='ltr'><strong>et</strong></span> <span class='ocrx_word' id='word_1_507' title='bbox 1515 1436 1633 1464; x_wconf 80' lang='lat' dir='ltr'><strong>fructum</strong></span> <span class='ocrx_word' id='word_1_508' title='bbox 1653 1438 1756 1465; x_wconf 75' lang='lat' dir='ltr'><strong>vcntzis</strong></span> 
     </span>
    </p>
   </div>
   <div class='ocr_carea' id='block_1_74' title="bbox 964 1481 1750 1518">
    <p class='ocr_par' dir='ltr' id='par_1_74' title="bbox 964 1481 1750 1518">
     <span class='ocr_line' id='line_1_74' title="bbox 964 1481 1750 1518; baseline 0.001 -10"><span class='ocrx_word' id='word_1_509' title='bbox 964 1481 1084 1513; x_wconf 81' lang='lat' dir='ltr'><strong>mei,scd</strong></span> <span class='ocrx_word' id='word_1_510' title='bbox 1100 1481 1183 1508; x_wconf 77' lang='lat' dir='ltr'><strong>[ilium</strong></span> <span class='ocrx_word' id='word_1_511' title='bbox 1201 1481 1248 1508; x_wconf 75' lang='lat' dir='ltr'><strong>Dei</strong></span> <span class='ocrx_word' id='word_1_512' title='bbox 1266 1490 1314 1516; x_wconf 82' lang='lat' dir='ltr'><strong>per</strong></span> <span class='ocrx_word' id='word_1_513' title='bbox 1326 1482 1452 1517; x_wconf 79' lang='lat' dir='ltr'><strong>gratiam,</strong></span> <span class='ocrx_word' id='word_1_514' title='bbox 1470 1490 1525 1509; x_wconf 87' lang='lat' dir='ltr'><strong>non</strong></span> <span class='ocrx_word' id='word_1_515' title='bbox 1550 1491 1582 1509; x_wconf 74' lang='lat' dir='ltr'><strong>ex</strong></span> <span class='ocrx_word' id='word_1_516' title='bbox 1608 1483 1750 1518; x_wconf 75' lang='lat' dir='ltr'><strong>sanguini-</strong></span> 
     </span>
    </p>
   </div>
   <div class='ocr_carea' id='block_1_75' title="bbox 963 1527 1754 1560">
    <p class='ocr_par' dir='ltr' id='par_1_75' title="bbox 963 1527 1754 1560">
     <span class='ocr_line' id='line_1_75' title="bbox 963 1527 1754 1560; baseline 0.001 -6"><span class='ocrx_word' id='word_1_517' title='bbox 963 1527 1024 1560; x_wconf 89' lang='lat' dir='ltr'><strong>bus,</strong></span> <span class='ocrx_word' id='word_1_518' title='bbox 1039 1535 1089 1554; x_wconf 88' lang='lat' dir='ltr'><strong>nec</strong></span> <span class='ocrx_word' id='word_1_519' title='bbox 1107 1535 1138 1554; x_wconf 81' lang='lat' dir='ltr'><strong>ex</strong></span> <span class='ocrx_word' id='word_1_520' title='bbox 1164 1528 1305 1554; x_wconf 80' lang='lat' dir='ltr'><strong>voluntate</strong></span> <span class='ocrx_word' id='word_1_521' title='bbox 1334 1528 1438 1559; x_wconf 81' lang='lat' dir='ltr'><strong>carnis.</strong></span> <span class='ocrx_word' id='word_1_522' title='bbox 1466 1528 1513 1555; x_wconf 71' lang='lat' dir='ltr'><strong>Sed</strong></span> <span class='ocrx_word' id='word_1_523' title='bbox 1539 1537 1631 1556; x_wconf 72' lang='lat' dir='ltr'><strong>revera</strong></span> <span class='ocrx_word' id='word_1_524' title='bbox 1661 1534 1754 1558; x_wconf 78' lang='lat' dir='ltr'><strong>nnlltln</strong></span> 
     </span>
    </p>
   </div>
   <div class='ocr_carea' id='block_1_76' title="bbox 964 1573 1754 1609">
    <p class='ocr_par' dir='ltr' id='par_1_76' title="bbox 964 1573 1754 1609">
     <span class='ocr_line' id='line_1_76' title="bbox 964 1573 1754 1609; baseline 0.003 -9"><span class='ocrx_word' id='word_1_525' title='bbox 964 1581 997 1600; x_wconf 86' lang='lat' dir='ltr'><strong>ex</strong></span> <span class='ocrx_word' id='word_1_526' title='bbox 1009 1573 1064 1600; x_wconf 80' lang='lat' dir='ltr'><strong>Deo</strong></span> <span class='ocrx_word' id='word_1_527' title='bbox 1080 1573 1113 1600; x_wconf 84' lang='lat'><strong>&quot;.</strong></span> <span class='ocrx_word' id='word_1_528' title='bbox 1136 1574 1222 1605; x_wconf 74' lang='lat' dir='ltr'><strong>Quem</strong></span> <span class='ocrx_word' id='word_1_529' title='bbox 1251 1581 1314 1600; x_wconf 90' lang='lat' dir='ltr'><strong>cum</strong></span> <span class='ocrx_word' id='word_1_530' title='bbox 1336 1573 1394 1608; x_wconf 83' lang='lat' dir='ltr'><strong>ipsa</strong></span> <span class='ocrx_word' id='word_1_531' title='bbox 1423 1574 1562 1609; x_wconf 47' lang='lat' dir='ltr'><strong>genuerint</strong></span> <span class='ocrx_word' id='word_1_532' title='bbox 1598 1574 1754 1606; x_wconf 59' lang='lat' dir='ltr'><strong>carnaliter,</strong></span> 
     </span>
    </p>
   </div>
   <div class='ocr_carea' id='block_1_77' title="bbox 962 1619 1755 1655">
    <p class='ocr_par' dir='ltr' id='par_1_77' title="bbox 962 1619 1755 1655">
     <span class='ocr_line' id='line_1_77' title="bbox 962 1619 1755 1655; baseline 0.001 -9"><span class='ocrx_word' id='word_1_533' title='bbox 962 1619 996 1646; x_wconf 81' lang='lat' dir='ltr'><strong>ab</strong></span> <span class='ocrx_word' id='word_1_534' title='bbox 1018 1620 1076 1654; x_wconf 70' lang='lat' dir='ltr'><strong>ipso</strong></span> <span class='ocrx_word' id='word_1_535' title='bbox 1103 1627 1199 1646; x_wconf 85' lang='lat' dir='ltr'><strong>rursus</strong></span> <span class='ocrx_word' id='word_1_536' title='bbox 1232 1619 1351 1647; x_wconf 80' lang='lat' dir='ltr'><strong>vicissim</strong></span> <span class='ocrx_word' id='word_1_537' title='bbox 1369 1628 1483 1655; x_wconf 77' lang='lat' dir='ltr'><strong>generor</strong></span> <span class='ocrx_word' id='word_1_538' title='bbox 1501 1621 1670 1655; x_wconf 70' lang='lat' dir='ltr'><strong>spiritaliter.</strong></span> <span class='ocrx_word' id='word_1_539' title='bbox 1700 1620 1755 1650; x_wconf 76' lang='lat' dir='ltr'><strong>Nrc</strong></span> 
     </span>
    </p>
   </div>
   <div class='ocr_carea' id='block_1_78' title="bbox 961 1665 1755 1704">
    <p class='ocr_par' dir='ltr' id='par_1_78' title="bbox 961 1665 1755 1704">
     <span class='ocr_line' id='line_1_78' title="bbox 961 1665 1755 1704; baseline 0.004 -12"><span class='ocrx_word' id='word_1_540' title='bbox 961 1665 1093 1693; x_wconf 83' lang='lat' dir='ltr'><strong>erubesco</strong></span> <span class='ocrx_word' id='word_1_541' title='bbox 1108 1673 1169 1693; x_wconf 86' lang='lat' dir='ltr'><strong>cum</strong></span> <span class='ocrx_word' id='word_1_542' title='bbox 1186 1673 1284 1693; x_wconf 82' lang='lat' dir='ltr'><strong>vocare</strong></span> <span class='ocrx_word' id='word_1_543' title='bbox 1309 1670 1424 1701; x_wconf 87' lang='lat' dir='ltr'><strong>patrent,</strong></span> <span class='ocrx_word' id='word_1_544' title='bbox 1460 1667 1538 1704; x_wconf 79' lang='lat' dir='ltr'><strong>cujus</strong></span> <span class='ocrx_word' id='word_1_545' title='bbox 1569 1676 1649 1695; x_wconf 78' lang='lat' dir='ltr'><strong>verus</strong></span> <span class='ocrx_word' id='word_1_546' title='bbox 1678 1674 1755 1704; x_wconf 74' lang='lat' dir='ltr'><strong>pater</strong></span> 
     </span>
    </p>
   </div>
   <div class='ocr_carea' id='block_1_79' title="bbox 961 1712 1753 1749">
    <p class='ocr_par' dir='ltr' id='par_1_79' title="bbox 961 1712 1753 1749">
     <span class='ocr_line' id='line_1_79' title="bbox 961 1712 1753 1749; baseline 0.005 -11"><span class='ocrx_word' id='word_1_547' title='bbox 961 1716 1003 1739; x_wconf 86' lang='lat' dir='ltr'><strong>est</strong></span> <span class='ocrx_word' id='word_1_548' title='bbox 1017 1712 1061 1738; x_wconf 85' lang='lat' dir='ltr'><strong>ille</strong></span> <span class='ocrx_word' id='word_1_549' title='bbox 1078 1712 1196 1739; x_wconf 67' lang='lat' dir='ltr'><strong>(“(EIESliS</strong></span> <span class='ocrx_word' id='word_1_550' title='bbox 1212 1721 1218 1739; x_wconf 88' lang='lat'><strong>:</strong></span> <span class='ocrx_word' id='word_1_551' title='bbox 1233 1713 1340 1748; x_wconf 69' lang='lat' dir='ltr'><strong>cognati</strong></span> <span class='ocrx_word' id='word_1_552' title='bbox 1356 1718 1457 1744; x_wconf 80' lang='lat' dir='ltr'><strong>autent,</strong></span> <span class='ocrx_word' id='word_1_553' title='bbox 1473 1713 1559 1749; x_wconf 81' lang='lat' dir='ltr'><strong>angeli</strong></span> <span class='ocrx_word' id='word_1_554' title='bbox 1588 1718 1616 1740; x_wconf 83' lang='lat' dir='ltr'><strong>et</strong></span> <span class='ocrx_word' id='word_1_555' title='bbox 1644 1719 1753 1742; x_wconf 59' lang='lat' dir='ltr'><strong>sanctoo.</strong></span> 
     </span>
    </p>
   </div>
   <div class='ocr_carea' id='block_1_80' title="bbox 962 1757 1754 1793">
    <p class='ocr_par' dir='ltr' id='par_1_80' title="bbox 962 1757 1754 1793">
     <span class='ocr_line' id='line_1_80' title="bbox 962 1757 1754 1793; baseline 0.005 -10"><span class='ocrx_word' id='word_1_556' title='bbox 962 1764 1023 1783; x_wconf 87' lang='lat' dir='ltr'><strong>rum</strong></span> <span class='ocrx_word' id='word_1_557' title='bbox 1041 1758 1162 1784; x_wconf 86' lang='lat' dir='ltr'><strong>omnium</strong></span> <span class='ocrx_word' id='word_1_558' title='bbox 1177 1757 1265 1790; x_wconf 80' lang='lat' dir='ltr'><strong>chori,</strong></span> <span class='ocrx_word' id='word_1_559' title='bbox 1286 1757 1421 1785; x_wconf 84' lang='lat' dir='ltr'><strong>bonorum</strong></span> <span class='ocrx_word' id='word_1_560' title='bbox 1439 1765 1552 1793; x_wconf 84' lang='lat' dir='ltr'><strong>operum</strong></span> <span class='ocrx_word' id='word_1_561' title='bbox 1583 1759 1754 1787; x_wconf 80' lang='lat' dir='ltr'><strong>communio-</strong></span> 
     </span>
    </p>
   </div>
   <div class='ocr_carea' id='block_1_81' title="bbox 961 1802 1754 1840">
    <p class='ocr_par' dir='ltr' id='par_1_81' title="bbox 961 1802 1754 1840">
     <span class='ocr_line' id='line_1_81' title="bbox 961 1802 1754 1840; baseline 0.005 -12"><span class='ocrx_word' id='word_1_562' title='bbox 961 1808 1006 1833; x_wconf 92' lang='lat' dir='ltr'><strong>ne,</strong></span> <span class='ocrx_word' id='word_1_563' title='bbox 1024 1806 1052 1828; x_wconf 89' lang='lat' dir='ltr'><strong>ct</strong></span> <span class='ocrx_word' id='word_1_564' title='bbox 1076 1802 1230 1836; x_wconf 80' lang='lat' dir='ltr'><strong>a-qualitate</strong></span> <span class='ocrx_word' id='word_1_565' title='bbox 1250 1803 1490 1829; x_wconf 86' lang='lat' dir='ltr'><strong>remunerationis.</strong></span> <span class='ocrx_word' id='word_1_566' title='bbox 1506 1802 1606 1830; x_wconf 78' lang='lat' dir='ltr'><strong>Curam</strong></span> <span class='ocrx_word' id='word_1_567' title='bbox 1628 1812 1690 1838; x_wconf 72' lang='lat' dir='ltr'><strong>gere</strong></span> <span class='ocrx_word' id='word_1_568' title='bbox 1704 1813 1754 1840; x_wconf 77' lang='lat' dir='ltr'><strong>pa-</strong></span> 
     </span>
    </p>
   </div>
   <div class='ocr_carea' id='block_1_82' title="bbox 962 1847 1754 1886">
    <p class='ocr_par' dir='ltr' id='par_1_82' title="bbox 962 1847 1754 1886">
     <span class='ocr_line' id='line_1_82' title="bbox 962 1847 1754 1886; baseline 0.004 -12"><span class='ocrx_word' id='word_1_569' title='bbox 962 1852 1083 1878; x_wconf 83' lang='lat' dir='ltr'><strong>rentum.</strong></span> <span class='ocrx_word' id='word_1_570' title='bbox 1104 1847 1205 1882; x_wconf 88' lang='lat' dir='ltr'><strong>quibus</strong></span> <span class='ocrx_word' id='word_1_571' title='bbox 1221 1849 1385 1883; x_wconf 85' lang='lat' dir='ltr'><strong>estgravius</strong></span> <span class='ocrx_word' id='word_1_572' title='bbox 1405 1849 1442 1876; x_wconf 89' lang='lat' dir='ltr'><strong>tui</strong></span> <span class='ocrx_word' id='word_1_573' title='bbox 1466 1849 1645 1883; x_wconf 83' lang='lat' dir='ltr'><strong>desiderium,</strong></span> <span class='ocrx_word' id='word_1_574' title='bbox 1672 1859 1754 1886; x_wconf 73' lang='lat' dir='ltr'><strong>quam</strong></span> 
     </span>
    </p>
   </div>
   <div class='ocr_carea' id='block_1_83' title="bbox 961 1893 1755 1931">
    <p class='ocr_par' dir='ltr' id='par_1_83' title="bbox 961 1893 1755 1931">
     <span class='ocr_line' id='line_1_83' title="bbox 961 1893 1755 1931; baseline 0.006 -12"><span class='ocrx_word' id='word_1_575' title='bbox 961 1896 1097 1919; x_wconf 77' lang='lat' dir='ltr'><strong>senectus.</strong></span> <span class='ocrx_word' id='word_1_576' title='bbox 1117 1893 1209 1928; x_wconf 81' lang='lat' dir='ltr'><strong>Atqui,</strong></span> <span class='ocrx_word' id='word_1_577' title='bbox 1225 1901 1241 1920; x_wconf 96' lang='grc' dir='ltr'>ο</span> <span class='ocrx_word' id='word_1_578' title='bbox 1258 1893 1427 1928; x_wconf 79' lang='lat' dir='ltr'><strong>charissime,</strong></span> <span class='ocrx_word' id='word_1_579' title='bbox 1442 1895 1557 1931; x_wconf 82' lang='lat' dir='ltr'><strong>pulchre</strong></span> <span class='ocrx_word' id='word_1_580' title='bbox 1569 1897 1671 1924; x_wconf 76' lang='lat' dir='ltr'><strong>carnali</strong></span> <span class='ocrx_word' id='word_1_581' title='bbox 1703 1901 1755 1930; x_wconf 61' lang='lat' dir='ltr'><strong>tum</strong></span> 
     </span>
    </p>
   </div>
   <div class='ocr_carea' id='block_1_84' title="bbox 961 1938 1753 1977">
    <p class='ocr_par' dir='ltr' id='par_1_84' title="bbox 961 1938 1753 1977">
     <span class='ocr_line' id='line_1_84' title="bbox 961 1938 1753 1977; baseline 0.008 -13"><span class='ocrx_word' id='word_1_582' title='bbox 961 1938 1041 1965; x_wconf 87' lang='lat' dir='ltr'><strong>matri</strong></span> <span class='ocrx_word' id='word_1_583' title='bbox 1055 1938 1157 1965; x_wconf 84' lang='lat' dir='ltr'><strong>referes</strong></span> <span class='ocrx_word' id='word_1_584' title='bbox 1170 1939 1285 1974; x_wconf 77' lang='lat' dir='ltr'><strong>gratiam</strong></span> <span class='ocrx_word' id='word_1_585' title='bbox 1300 1948 1348 1974; x_wconf 88' lang='lat' dir='ltr'><strong>pro</strong></span> <span class='ocrx_word' id='word_1_586' title='bbox 1363 1941 1435 1967; x_wconf 88' lang='lat' dir='ltr'><strong>datis</strong></span> <span class='ocrx_word' id='word_1_587' title='bbox 1457 1941 1604 1975; x_wconf 87' lang='lat' dir='ltr'><strong>alimentis,</strong></span> <span class='ocrx_word' id='word_1_588' title='bbox 1622 1942 1644 1970; x_wconf 89' lang='lat' dir='ltr'><strong>si</strong></span> <span class='ocrx_word' id='word_1_589' title='bbox 1671 1943 1753 1977; x_wconf 79' lang='lat' dir='ltr'><strong>spiri-</strong></span> 
     </span>
    </p>
   </div>
   <div class='ocr_carea' id='block_1_85' title="bbox 960 1979 1755 2018">
    <p class='ocr_par' dir='ltr' id='par_1_85' title="bbox 960 1979 1755 2018">
     <span class='ocr_line' id='line_1_85' title="bbox 960 1979 1755 2018; baseline 0.008 -8"><span class='ocrx_word' id='word_1_590' title='bbox 960 1984 1006 2012; x_wconf 89' lang='lat' dir='ltr'><strong>tali</strong></span> <span class='ocrx_word' id='word_1_591' title='bbox 1034 1989 1081 2011; x_wconf 88' lang='lat' dir='ltr'><strong>tuo</strong></span> <span class='ocrx_word' id='word_1_592' title='bbox 1113 1983 1187 2012; x_wconf 84' lang='lat' dir='ltr'><strong>Patri</strong></span> <span class='ocrx_word' id='word_1_593' title='bbox 1223 1985 1277 2012; x_wconf 88' lang='lat' dir='ltr'><strong>tuis</strong></span> <span class='ocrx_word' id='word_1_594' title='bbox 1304 1985 1545 2014; x_wconf 80' lang='lat' dir='ltr'><strong>intercessionibus</strong></span> <span class='ocrx_word' id='word_1_595' title='bbox 1569 1995 1629 2018; x_wconf 87' lang='lat' dir='ltr'><strong>eam</strong></span> <span class='ocrx_word' id='word_1_596' title='bbox 1657 1979 1755 2016; x_wconf 85' lang='lat' dir='ltr'><strong>reddas</strong></span> 
     </span>
    </p>
   </div>
   <div class='ocr_carea' id='block_1_86' title="bbox 960 2030 1754 2068">
    <p class='ocr_par' dir='ltr' id='par_1_86' title="bbox 960 2030 1754 2068">
     <span class='ocr_line' id='line_1_86' title="bbox 960 2030 1754 2068; baseline 0.006 -11"><span class='ocrx_word' id='word_1_597' title='bbox 960 2031 1134 2058; x_wconf 84' lang='lat' dir='ltr'><strong>familiarem.</strong></span> <span class='ocrx_word' id='word_1_598' title='bbox 1164 2030 1284 2058; x_wconf 86' lang='lat' dir='ltr'><strong>Pulchre</strong></span> <span class='ocrx_word' id='word_1_599' title='bbox 1323 2040 1433 2068; x_wconf 85' lang='lat' dir='ltr'><strong>quoque</strong></span> <span class='ocrx_word' id='word_1_600' title='bbox 1461 2034 1533 2068; x_wconf 81' lang='lat' dir='ltr'><strong>patri</strong></span> <span class='ocrx_word' id='word_1_601' title='bbox 1571 2039 1618 2061; x_wconf 87' lang='lat' dir='ltr'><strong>tuo</strong></span> <span class='ocrx_word' id='word_1_602' title='bbox 1652 2035 1754 2068; x_wconf 75' lang='lat' dir='ltr'><strong>referes</strong></span> 
     </span>
    </p>
   </div>
   <div class='ocr_carea' id='block_1_87' title="bbox 959 2077 1754 2116">
    <p class='ocr_par' dir='ltr' id='par_1_87' title="bbox 959 2077 1754 2116">
     <span class='ocr_line' id='line_1_87' title="bbox 959 2077 1754 2116; baseline 0.006 -12"><span class='ocrx_word' id='word_1_603' title='bbox 959 2078 1083 2113; x_wconf 74' lang='lat' dir='ltr'><strong>gratiam,</strong></span> <span class='ocrx_word' id='word_1_604' title='bbox 1095 2077 1165 2113; x_wconf 88' lang='lat' dir='ltr'><strong>quod</strong></span> <span class='ocrx_word' id='word_1_605' title='bbox 1182 2081 1208 2105; x_wconf 89' lang='lat' dir='ltr'><strong>te</strong></span> <span class='ocrx_word' id='word_1_606' title='bbox 1221 2077 1254 2105; x_wconf 89' lang='lat' dir='ltr'><strong>ad</strong></span> <span class='ocrx_word' id='word_1_607' title='bbox 1273 2078 1336 2112; x_wconf 88' lang='lat' dir='ltr'><strong>hoc,</strong></span> <span class='ocrx_word' id='word_1_608' title='bbox 1354 2085 1478 2112; x_wconf 83' lang='lat' dir='ltr'><strong>utcsscs,</strong></span> <span class='ocrx_word' id='word_1_609' title='bbox 1497 2079 1666 2116; x_wconf 82' lang='lat' dir='ltr'><strong>produxerit,</strong></span> <span class='ocrx_word' id='word_1_610' title='bbox 1681 2082 1702 2108; x_wconf 82' lang='lat' dir='ltr'><strong>si</strong></span> <span class='ocrx_word' id='word_1_611' title='bbox 1720 2083 1754 2109; x_wconf 88' lang='lat' dir='ltr'><strong>ad</strong></span> 
     </span>
    </p>
   </div>
   <div class='ocr_carea' id='block_1_88' title="bbox 959 2118 1755 2162">
    <p class='ocr_par' dir='ltr' id='par_1_88' title="bbox 959 2118 1755 2162">
     <span class='ocr_line' id='line_1_88' title="bbox 959 2118 1755 2162; baseline 0.006 -12"><span class='ocrx_word' id='word_1_612' title='bbox 959 2123 1019 2158; x_wconf 86' lang='lat' dir='ltr'><strong>ejus</strong></span> <span class='ocrx_word' id='word_1_613' title='bbox 1046 2123 1197 2151; x_wconf 88' lang='lat' dir='ltr'><strong>senectutis</strong></span> <span class='ocrx_word' id='word_1_614' title='bbox 1233 2128 1261 2151; x_wconf 92' lang='lat' dir='ltr'><strong>ct</strong></span> <span class='ocrx_word' id='word_1_615' title='bbox 1293 2118 1489 2153; x_wconf 82' lang='lat' dir='ltr'><strong>imbecillitatis</strong></span> <span class='ocrx_word' id='word_1_616' title='bbox 1528 2127 1649 2162; x_wconf 84' lang='lat' dir='ltr'><strong>requiem</strong></span> <span class='ocrx_word' id='word_1_617' title='bbox 1678 2126 1755 2156; x_wconf 79' lang='lat' dir='ltr'><strong>sinus</strong></span> 
     </span>
    </p>
   </div>
   <div class='ocr_carea' id='block_1_89' title="bbox 960 2169 1755 2210">
    <p class='ocr_par' dir='ltr' id='par_1_89' title="bbox 960 2169 1755 2210">
     <span class='ocr_line' id='line_1_89' title="bbox 960 2169 1755 2210; baseline 0.004 -13"><span class='ocrx_word' id='word_1_618' title='bbox 960 2170 1079 2197; x_wconf 70' lang='lat' dir='ltr'><strong>Abrabte</strong></span> <span class='ocrx_word' id='word_1_619' title='bbox 1092 2170 1219 2206; x_wconf 84' lang='lat' dir='ltr'><strong>petieris.</strong></span> <span class='ocrx_word' id='word_1_620' title='bbox 1242 2169 1306 2197; x_wconf 71' lang='lat' dir='ltr'><strong>llmc</strong></span> <span class='ocrx_word' id='word_1_621' title='bbox 1333 2179 1406 2199; x_wconf 88' lang='lat' dir='ltr'><strong>nunc</strong></span> <span class='ocrx_word' id='word_1_622' title='bbox 1423 2171 1457 2199; x_wconf 84' lang='lat' dir='ltr'><strong>ad</strong></span> <span class='ocrx_word' id='word_1_623' title='bbox 1487 2175 1513 2199; x_wconf 86' lang='lat' dir='ltr'><strong>te</strong></span> <span class='ocrx_word' id='word_1_624' title='bbox 1542 2173 1711 2201; x_wconf 88' lang='lat' dir='ltr'><strong>contendttnt</strong></span> <span class='ocrx_word' id='word_1_625' title='bbox 1727 2178 1755 2210; x_wconf 74' lang='lat' dir='ltr'><strong>ct</strong></span> 
     </span>
    </p>
   </div>
   <div class='ocr_carea' id='block_1_90' title="bbox 958 2216 1753 2254">
    <p class='ocr_par' dir='ltr' id='par_1_90' title="bbox 958 2216 1753 2254">
     <span class='ocr_line' id='line_1_90' title="bbox 958 2216 1753 2254; baseline 0.003 -11"><span class='ocrx_word' id='word_1_626' title='bbox 958 2216 1045 2251; x_wconf 86' lang='lat' dir='ltr'><strong>patris</strong></span> <span class='ocrx_word' id='word_1_627' title='bbox 1060 2217 1186 2248; x_wconf 84' lang='lat' dir='ltr'><strong>canities.</strong></span> <span class='ocrx_word' id='word_1_628' title='bbox 1204 2221 1232 2244; x_wconf 88' lang='lat' dir='ltr'><strong>et</strong></span> <span class='ocrx_word' id='word_1_629' title='bbox 1248 2216 1375 2244; x_wconf 89' lang='lat' dir='ltr'><strong>matrisin</strong></span> <span class='ocrx_word' id='word_1_630' title='bbox 1387 2223 1465 2252; x_wconf 89' lang='lat' dir='ltr'><strong>parttt</strong></span> <span class='ocrx_word' id='word_1_631' title='bbox 1475 2217 1594 2251; x_wconf 85' lang='lat' dir='ltr'><strong>dolores,</strong></span> <span class='ocrx_word' id='word_1_632' title='bbox 1606 2222 1633 2245; x_wconf 92' lang='lat' dir='ltr'><strong>et</strong></span> <span class='ocrx_word' id='word_1_633' title='bbox 1659 2218 1753 2254; x_wconf 77' lang='lat' dir='ltr'><strong>ubera,</strong></span> 
     </span>
    </p>
   </div>
   <div class='ocr_carea' id='block_1_91' title="bbox 123 2263 1755 2299">
    <p class='ocr_par' dir='ltr' id='par_1_91' title="bbox 123 2263 1755 2299">
     <span class='ocr_line' id='line_1_91' title="bbox 123 2263 1755 2299; baseline 0 -8"><span class='ocrx_word' id='word_1_634' title='bbox 123 2263 149 2291; x_wconf 82' lang='lat' dir='ltr'><strong>in</strong></span> <span class='ocrx_word' id='word_1_635' title='bbox 164 2264 327 2297; x_wconf 78' lang='lat' dir='ltr'><strong>visceribus,</strong></span> <span class='ocrx_word' id='word_1_636' title='bbox 344 2265 427 2292; x_wconf 79' lang='lat' dir='ltr'><strong>simul</strong></span> <span class='ocrx_word' id='word_1_637' title='bbox 440 2265 549 2299; x_wconf 85' lang='lat' dir='ltr'><strong>quidem</strong></span> <span class='ocrx_word' id='word_1_638' title='bbox 565 2270 592 2292; x_wconf 90' lang='lat' dir='ltr'><strong>et</strong></span> <span class='ocrx_word' id='word_1_639' title='bbox 607 2265 731 2292; x_wconf 82' lang='lat' dir='ltr'><strong>utfilium</strong></span> <span class='ocrx_word' id='word_1_640' title='bbox 748 2266 908 2293; x_wconf 85' lang='lat' dir='ltr'><strong>desideran-</strong></span> <span class='ocrx_word' id='word_1_641' title='bbox 924 2266 946 2293; x_wconf 87' lang='grc' dir='ltr'><strong>ι)</strong></span> <span class='ocrx_word' id='word_1_642' title='bbox 960 2270 1020 2298; x_wconf 75' lang='lat' dir='ltr'><strong>qua:</strong></span> <span class='ocrx_word' id='word_1_643' title='bbox 1036 2267 1074 2295; x_wconf 90' lang='lat' dir='ltr'><strong>tu,</strong></span> <span class='ocrx_word' id='word_1_644' title='bbox 1091 2263 1136 2298; x_wconf 86' lang='lat' dir='ltr'><strong>qui</strong></span> <span class='ocrx_word' id='word_1_645' title='bbox 1153 2271 1182 2290; x_wconf 87' lang='lat' dir='ltr'><strong>es</strong></span> <span class='ocrx_word' id='word_1_646' title='bbox 1193 2264 1307 2290; x_wconf 78' lang='lat' dir='ltr'><strong>omniex</strong></span> <span class='ocrx_word' id='word_1_647' title='bbox 1323 2268 1399 2299; x_wconf 86' lang='lat' dir='ltr'><strong>parte</strong></span> <span class='ocrx_word' id='word_1_648' title='bbox 1411 2264 1676 2298; x_wconf 74' lang='lat' dir='ltr'><strong>perfectus.suttisti,</strong></span> <span class='ocrx_word' id='word_1_649' title='bbox 1691 2272 1755 2291; x_wconf 88' lang='lat' dir='ltr'><strong>cum</strong></span> 
     </span>
    </p>
   </div>
   <div class='ocr_carea' id='block_1_92' title="bbox 113 2297 911 2345">
    <p class='ocr_par' dir='ltr' id='par_1_92' title="bbox 113 2297 911 2345">
     <span class='ocr_line' id='line_1_92' title="bbox 113 2297 911 2345; baseline 0.003 -9"><span class='ocrx_word' id='word_1_650' title='bbox 113 2297 170 2345; x_wconf 47' lang='lat' dir='ltr'><strong>ita,</strong></span> <span class='ocrx_word' id='word_1_651' title='bbox 178 2314 208 2337; x_wconf 83' lang='lat' dir='ltr'><strong>et</strong></span> <span class='ocrx_word' id='word_1_652' title='bbox 222 2309 370 2344; x_wconf 75' lang='lat' dir='ltr'><strong>cupientes</strong></span> <span class='ocrx_word' id='word_1_653' title='bbox 382 2297 504 2344; x_wconf 80' lang='lat' dir='ltr'><strong>conspici</strong></span> <span class='ocrx_word' id='word_1_654' title='bbox 521 2315 649 2345; x_wconf 87' lang='lat' dir='ltr'><strong>parentes</strong></span> <span class='ocrx_word' id='word_1_655' title='bbox 671 2311 743 2345; x_wconf 88' lang='lat' dir='ltr'><strong>ejus,</strong></span> <span class='ocrx_word' id='word_1_656' title='bbox 774 2310 819 2344; x_wconf 88' lang='lat' dir='ltr'><strong>qui</strong></span> <span class='ocrx_word' id='word_1_657' title='bbox 842 2311 911 2339; x_wconf 84' lang='lat' dir='ltr'><strong>adeo</strong></span> 
     </span>
    </p>
   </div>
   <div class='ocr_carea' id='block_1_93' title="bbox 114 2341 911 2390">
    <p class='ocr_par' dir='ltr' id='par_1_93' title="bbox 114 2341 911 2390">
     <span class='ocr_line' id='line_1_93' title="bbox 114 2341 911 2390; baseline 0.003 -9"><span class='ocrx_word' id='word_1_658' title='bbox 114 2341 207 2384; x_wconf 48' lang='lat' dir='ltr'><strong>fclarus</strong></span> <span class='ocrx_word' id='word_1_659' title='bbox 225 2360 286 2383; x_wconf 78' lang='lat' dir='ltr'><strong>erat</strong></span> <span class='ocrx_word' id='word_1_660' title='bbox 301 2355 453 2383; x_wconf 84' lang='lat' dir='ltr'><strong>miraculis.</strong></span> <span class='ocrx_word' id='word_1_661' title='bbox 468 2355 554 2383; x_wconf 77' lang='lat' dir='ltr'><strong>later</strong></span> <span class='ocrx_word' id='word_1_662' title='bbox 563 2363 627 2390; x_wconf 77' lang='lat' dir='ltr'><strong>ergo</strong></span> <span class='ocrx_word' id='word_1_663' title='bbox 645 2364 699 2383; x_wconf 88' lang='lat' dir='ltr'><strong>non</strong></span> <span class='ocrx_word' id='word_1_664' title='bbox 727 2356 819 2384; x_wconf 87' lang='lat' dir='ltr'><strong>ferens</strong></span> <span class='ocrx_word' id='word_1_665' title='bbox 849 2365 911 2384; x_wconf 79' lang='lat' dir='ltr'><strong>cor-</strong></span> 
     </span>
    </p>
   </div>
   <div class='ocr_carea' id='block_1_94' title="bbox 124 2402 906 2439">
    <p class='ocr_par' dir='ltr' id='par_1_94' title="bbox 124 2402 906 2439">
     <span class='ocr_line' id='line_1_94' title="bbox 124 2402 906 2439; baseline 0 -9"><span class='ocrx_word' id='word_1_666' title='bbox 124 2402 162 2431; x_wconf 81' lang='lat' dir='ltr'><strong>dis</strong></span> <span class='ocrx_word' id='word_1_667' title='bbox 172 2404 320 2439; x_wconf 77' lang='lat' dir='ltr'><strong>impetum,</strong></span> <span class='ocrx_word' id='word_1_668' title='bbox 333 2403 475 2435; x_wconf 81' lang='lat' dir='ltr'><strong>arbitrata,</strong></span> <span class='ocrx_word' id='word_1_669' title='bbox 491 2410 553 2431; x_wconf 81' lang='lat' dir='ltr'><strong>esse</strong></span> <span class='ocrx_word' id='word_1_670' title='bbox 567 2403 631 2438; x_wconf 87' lang='lat' dir='ltr'><strong>quid</strong></span> <span class='ocrx_word' id='word_1_671' title='bbox 647 2410 761 2438; x_wconf 90' lang='lat' dir='ltr'><strong>parvum</strong></span> <span class='ocrx_word' id='word_1_672' title='bbox 781 2408 809 2430; x_wconf 92' lang='lat' dir='ltr'><strong>et</strong></span> <span class='ocrx_word' id='word_1_673' title='bbox 829 2403 906 2430; x_wconf 81' lang='lat' dir='ltr'><strong>nihili</strong></span> 
     </span>
    </p>
   </div>
   <div class='ocr_carea' id='block_1_95' title="bbox 126 2449 908 2485">
    <p class='ocr_par' dir='ltr' id='par_1_95' title="bbox 126 2449 908 2485">
     <span class='ocr_line' id='line_1_95' title="bbox 126 2449 908 2485; baseline 0.001 -8"><span class='ocrx_word' id='word_1_674' title='bbox 126 2449 286 2483; x_wconf 78' lang='lat' dir='ltr'><strong>faciendum,</strong></span> <span class='ocrx_word' id='word_1_675' title='bbox 303 2455 331 2477; x_wconf 92' lang='lat' dir='ltr'><strong>et</strong></span> <span class='ocrx_word' id='word_1_676' title='bbox 351 2458 405 2478; x_wconf 85' lang='lat' dir='ltr'><strong>non</strong></span> <span class='ocrx_word' id='word_1_677' title='bbox 423 2451 489 2478; x_wconf 81' lang='lat' dir='ltr'><strong>satis</strong></span> <span class='ocrx_word' id='word_1_678' title='bbox 504 2451 610 2478; x_wconf 82' lang='lat' dir='ltr'><strong>brmam</strong></span> <span class='ocrx_word' id='word_1_679' title='bbox 624 2450 675 2485; x_wconf 80' lang='lat' dir='ltr'><strong>pia:</strong></span> <span class='ocrx_word' id='word_1_680' title='bbox 691 2450 772 2477; x_wconf 83' lang='lat' dir='ltr'><strong>matri</strong></span> <span class='ocrx_word' id='word_1_681' title='bbox 791 2458 908 2478; x_wconf 85' lang='lat' dir='ltr'><strong>excusa-</strong></span> 
     </span>
    </p>
   </div>
   <div class='ocr_carea' id='block_1_96' title="bbox 127 2495 910 2531">
    <p class='ocr_par' dir='ltr' id='par_1_96' title="bbox 127 2495 910 2531">
     <span class='ocr_line' id='line_1_96' title="bbox 127 2495 910 2531; baseline 0.003 -9"><span class='ocrx_word' id='word_1_682' title='bbox 127 2497 220 2523; x_wconf 74' lang='lat' dir='ltr'><strong>tionem</strong></span> <span class='ocrx_word' id='word_1_683' title='bbox 233 2496 285 2524; x_wconf 70' lang='lat' dir='ltr'><strong>viae</strong></span> <span class='ocrx_word' id='word_1_684' title='bbox 303 2496 502 2531; x_wconf 65' lang='lat' dir='ltr'><strong>longitudinem</strong></span> <span class='ocrx_word' id='word_1_685' title='bbox 520 2501 548 2523; x_wconf 87' lang='lat' dir='ltr'><strong>et</strong></span> <span class='ocrx_word' id='word_1_686' title='bbox 565 2495 716 2524; x_wconf 81' lang='lat' dir='ltr'><strong>senectutis</strong></span> <span class='ocrx_word' id='word_1_687' title='bbox 737 2495 910 2524; x_wconf 89' lang='lat' dir='ltr'><strong>imbecillita-</strong></span> 
     </span>
    </p>
   </div>
   <div class='ocr_carea' id='block_1_97' title="bbox 128 2542 910 2577">
    <p class='ocr_par' dir='ltr' id='par_1_97' title="bbox 128 2542 910 2577">
     <span class='ocr_line' id='line_1_97' title="bbox 128 2542 910 2577; baseline 0.005 -10"><span class='ocrx_word' id='word_1_688' title='bbox 128 2544 185 2575; x_wconf 86' lang='lat' dir='ltr'><strong>tem,</strong></span> <span class='ocrx_word' id='word_1_689' title='bbox 209 2543 307 2570; x_wconf 84' lang='lat' dir='ltr'><strong>horum</strong></span> <span class='ocrx_word' id='word_1_690' title='bbox 347 2542 469 2569; x_wconf 90' lang='lat' dir='ltr'><strong>omnium</strong></span> <span class='ocrx_word' id='word_1_691' title='bbox 507 2542 609 2569; x_wconf 86' lang='lat' dir='ltr'><strong>nullam</strong></span> <span class='ocrx_word' id='word_1_692' title='bbox 647 2542 750 2570; x_wconf 81' lang='lat' dir='ltr'><strong>ducens</strong></span> <span class='ocrx_word' id='word_1_693' title='bbox 764 2543 910 2577; x_wconf 84' lang='lat' dir='ltr'><strong>rationem,</strong></span> 
     </span>
    </p>
   </div>
   <div class='ocr_carea' id='block_1_98' title="bbox 129 2587 912 2624">
    <p class='ocr_par' dir='ltr' id='par_1_98' title="bbox 129 2587 912 2624">
     <span class='ocr_line' id='line_1_98' title="bbox 129 2587 912 2624; baseline 0.004 -10"><span class='ocrx_word' id='word_1_694' title='bbox 129 2587 239 2622; x_wconf 78' lang='lat' dir='ltr'><strong>profecta</strong></span> <span class='ocrx_word' id='word_1_695' title='bbox 255 2587 386 2624; x_wconf 72' lang='lat' dir='ltr'><strong>Byzantio</strong></span> <span class='ocrx_word' id='word_1_696' title='bbox 403 2587 436 2615; x_wconf 81' lang='lat' dir='ltr'><strong>ad</strong></span> <span class='ocrx_word' id='word_1_697' title='bbox 455 2587 493 2619; x_wconf 89' lang='lat' dir='ltr'><strong>id,</strong></span> <span class='ocrx_word' id='word_1_698' title='bbox 516 2587 588 2622; x_wconf 87' lang='lat' dir='ltr'><strong>quod</strong></span> <span class='ocrx_word' id='word_1_699' title='bbox 609 2588 666 2623; x_wconf 83' lang='lat' dir='ltr'><strong>jam</strong></span> <span class='ocrx_word' id='word_1_700' title='bbox 698 2589 912 2623; x_wconf 82' lang='lat' dir='ltr'><strong>priusdiximus,</strong></span> 
     </span>
    </p>
   </div>
   <div class='ocr_carea' id='block_1_99' title="bbox 129 2631 914 2667">
    <p class='ocr_par' dir='ltr' id='par_1_99' title="bbox 129 2631 914 2667">
     <span class='ocr_line' id='line_1_99' title="bbox 129 2631 914 2667; baseline 0.004 -8"><span class='ocrx_word' id='word_1_701' title='bbox 129 2631 298 2660; x_wconf 74' lang='lat' dir='ltr'><strong>Cbarsisnum</strong></span> <span class='ocrx_word' id='word_1_702' title='bbox 324 2633 479 2661; x_wconf 87' lang='lat' dir='ltr'><strong>incredibili</strong></span> <span class='ocrx_word' id='word_1_703' title='bbox 497 2633 622 2667; x_wconf 81' lang='lat' dir='ltr'><strong>pervenit</strong></span> <span class='ocrx_word' id='word_1_704' title='bbox 637 2632 787 2660; x_wconf 81' lang='lat' dir='ltr'><strong>celeritate.</strong></span> <span class='ocrx_word' id='word_1_705' title='bbox 809 2633 914 2663; x_wconf 78' lang='lat' dir='ltr'><strong>Deinde</strong></span> 
     </span>
    </p>
   </div>
   <div class='ocr_carea' id='block_1_100' title="bbox 130 2678 909 2714">
    <p class='ocr_par' dir='ltr' id='par_1_100' title="bbox 130 2678 909 2714">
     <span class='ocr_line' id='line_1_100' title="bbox 130 2678 909 2714; baseline 0.003 -8"><span class='ocrx_word' id='word_1_706' title='bbox 130 2685 183 2706; x_wconf 76' lang='lat' dir='ltr'><strong>cum</strong></span> <span class='ocrx_word' id='word_1_707' title='bbox 199 2680 351 2714; x_wconf 73' lang='lat' dir='ltr'><strong>aspexisset</strong></span> <span class='ocrx_word' id='word_1_708' title='bbox 371 2686 468 2708; x_wconf 82' lang='lat' dir='ltr'><strong>eorum</strong></span> <span class='ocrx_word' id='word_1_709' title='bbox 486 2678 700 2713; x_wconf 76' lang='lat' dir='ltr'><strong>multitudinem,</strong></span> <span class='ocrx_word' id='word_1_710' title='bbox 722 2679 769 2714; x_wconf 89' lang='lat' dir='ltr'><strong>qui</strong></span> <span class='ocrx_word' id='word_1_711' title='bbox 800 2680 909 2708; x_wconf 78' lang='lat' dir='ltr'><strong>assidue</strong></span> 
     </span>
    </p>
   </div>
   <div class='ocr_carea' id='block_1_101' title="bbox 131 2724 910 2762">
    <p class='ocr_par' dir='ltr' id='par_1_101' title="bbox 131 2724 910 2762">
     <span class='ocr_line' id='line_1_101' title="bbox 131 2724 910 2762; baseline 0.004 -11"><span class='ocrx_word' id='word_1_712' title='bbox 131 2724 331 2752; x_wconf 70' lang='lat' dir='ltr'><strong>accedebantad</strong></span> <span class='ocrx_word' id='word_1_713' title='bbox 345 2725 514 2760; x_wconf 80' lang='lat' dir='ltr'><strong>sepulcrum,</strong></span> <span class='ocrx_word' id='word_1_714' title='bbox 535 2729 563 2752; x_wconf 80' lang='lat' dir='ltr'><strong>et</strong></span> <span class='ocrx_word' id='word_1_715' title='bbox 590 2725 704 2757; x_wconf 89' lang='lat' dir='ltr'><strong>donum,</strong></span> <span class='ocrx_word' id='word_1_716' title='bbox 732 2725 803 2762; x_wconf 89' lang='lat' dir='ltr'><strong>quod</strong></span> <span class='ocrx_word' id='word_1_717' title='bbox 835 2733 910 2754; x_wconf 81' lang='lat' dir='ltr'><strong>asse-</strong></span> 
     </span>
    </p>
   </div>
   <div class='ocr_carea' id='block_1_102' title="bbox 133 2768 910 2804">
    <p class='ocr_par' dir='ltr' id='par_1_102' title="bbox 133 2768 910 2804">
     <span class='ocr_line' id='line_1_102' title="bbox 133 2768 910 2804; baseline 0.005 -9"><span class='ocrx_word' id='word_1_718' title='bbox 133 2768 284 2802; x_wconf 73' lang='lat' dir='ltr'><strong>quebantur,</strong></span> <span class='ocrx_word' id='word_1_719' title='bbox 302 2771 349 2804; x_wconf 83' lang='lat' dir='ltr'><strong>qui</strong></span> <span class='ocrx_word' id='word_1_720' title='bbox 367 2771 462 2798; x_wconf 73' lang='lat' dir='ltr'><strong>multis</strong></span> <span class='ocrx_word' id='word_1_721' title='bbox 476 2775 504 2798; x_wconf 89' lang='lat' dir='ltr'><strong>et</strong></span> <span class='ocrx_word' id='word_1_722' title='bbox 522 2771 605 2798; x_wconf 78' lang='lat' dir='ltr'><strong>variis</strong></span> <span class='ocrx_word' id='word_1_723' title='bbox 618 2771 780 2799; x_wconf 86' lang='lat' dir='ltr'><strong>laborabant</strong></span> <span class='ocrx_word' id='word_1_724' title='bbox 806 2772 910 2799; x_wconf 86' lang='lat' dir='ltr'><strong>morbis</strong></span> 
     </span>
    </p>
   </div>
   <div class='ocr_carea' id='block_1_103' title="bbox 131 2813 912 2853">
    <p class='ocr_par' dir='ltr' id='par_1_103' title="bbox 131 2813 912 2853">
     <span class='ocr_line' id='line_1_103' title="bbox 131 2813 912 2853; baseline 0.006 -14"><span class='ocrx_word' id='word_1_725' title='bbox 131 2816 158 2840; x_wconf 69' lang='lat' dir='ltr'><strong>et</strong></span> <span class='ocrx_word' id='word_1_726' title='bbox 166 2813 361 2847; x_wconf 81' lang='lat' dir='ltr'><strong>aifection&#39;rbus.</strong></span> <span class='ocrx_word' id='word_1_727' title='bbox 375 2821 403 2843; x_wconf 83' lang='lat' dir='ltr'><strong>et</strong></span> <span class='ocrx_word' id='word_1_728' title='bbox 412 2824 494 2852; x_wconf 81' lang='lat' dir='ltr'><strong>quam</strong></span> <span class='ocrx_word' id='word_1_729' title='bbox 507 2817 623 2844; x_wconf 82' lang='lat' dir='ltr'><strong>celerem</strong></span> <span class='ocrx_word' id='word_1_730' title='bbox 635 2817 856 2853; x_wconf 83' lang='lat' dir='ltr'><strong>adipiscebantnr</strong></span> <span class='ocrx_word' id='word_1_731' title='bbox 864 2826 912 2845; x_wconf 88' lang='lat' dir='ltr'><strong>cu-</strong></span> 
     </span>
    </p>
   </div>
   <div class='ocr_carea' id='block_1_104' title="bbox 178 2906 374 2941">
    <p class='ocr_par' dir='ltr' id='par_1_104' title="bbox 178 2906 374 2941">
     <span class='ocr_line' id='line_1_104' title="bbox 178 2906 374 2941; baseline 0 -6"><span class='ocrx_word' id='word_1_732' title='bbox 178 2906 317 2941; x_wconf 62' lang='lat' dir='ltr'><strong>”,loamt,</strong></span> <span class='ocrx_word' id='word_1_733' title='bbox 330 2908 374 2939; x_wconf 75' lang='grc'><strong>15,</strong></span> 
     </span>
    </p>
   </div>
   <div class='ocr_carea' id='block_1_105' title="bbox 963 2307 1754 2346">
    <p class='ocr_par' dir='ltr' id='par_1_105' title="bbox 963 2307 1754 2346">
     <span class='ocr_line' id='line_1_105' title="bbox 963 2307 1754 2346; baseline 0 -10"><span class='ocrx_word' id='word_1_734' title='bbox 963 2315 1042 2336; x_wconf 86' lang='lat' dir='ltr'><strong>esses</strong></span> <span class='ocrx_word' id='word_1_735' title='bbox 1055 2308 1146 2335; x_wconf 88' lang='lat' dir='ltr'><strong>adhuc</strong></span> <span class='ocrx_word' id='word_1_736' title='bbox 1157 2307 1258 2336; x_wconf 87' lang='lat' dir='ltr'><strong>infans.</strong></span> <span class='ocrx_word' id='word_1_737' title='bbox 1275 2308 1376 2335; x_wconf 78' lang='lat' dir='ltr'><strong>Curam</strong></span> <span class='ocrx_word' id='word_1_738' title='bbox 1390 2315 1454 2343; x_wconf 70' lang='lat' dir='ltr'><strong>gere</strong></span> <span class='ocrx_word' id='word_1_739' title='bbox 1467 2313 1623 2346; x_wconf 66' lang='lat' dir='ltr'><strong>parentum,</strong></span> <span class='ocrx_word' id='word_1_740' title='bbox 1659 2317 1754 2336; x_wconf 86' lang='lat' dir='ltr'><strong>curant</strong></span> 
     </span>
    </p>
   </div>
   <div class='ocr_carea' id='block_1_106' title="bbox 962 2354 1754 2390">
    <p class='ocr_par' dir='ltr' id='par_1_106' title="bbox 962 2354 1754 2390">
     <span class='ocr_line' id='line_1_106' title="bbox 962 2354 1754 2390; baseline 0.004 -9"><span class='ocrx_word' id='word_1_741' title='bbox 962 2362 1025 2389; x_wconf 79' lang='lat' dir='ltr'><strong>gere</strong></span> <span class='ocrx_word' id='word_1_742' title='bbox 1039 2359 1229 2389; x_wconf 79' lang='lat' dir='ltr'><strong>cognatorum.</strong></span> <span class='ocrx_word' id='word_1_743' title='bbox 1243 2354 1407 2384; x_wconf 77' lang='lat' dir='ltr'><strong>Ltetabitur,</strong></span> <span class='ocrx_word' id='word_1_744' title='bbox 1423 2358 1465 2380; x_wconf 89' lang='lat' dir='ltr'><strong>sat</strong></span> <span class='ocrx_word' id='word_1_745' title='bbox 1481 2354 1548 2386; x_wconf 87' lang='lat' dir='ltr'><strong>scio,</strong></span> <span class='ocrx_word' id='word_1_746' title='bbox 1560 2354 1644 2387; x_wconf 81' lang='lat' dir='ltr'><strong>Deus,</strong></span> <span class='ocrx_word' id='word_1_747' title='bbox 1673 2363 1754 2390; x_wconf 90' lang='lat' dir='ltr'><strong>quem</strong></span> 
     </span>
    </p>
   </div>
   <div class='ocr_carea' id='block_1_107' title="bbox 962 2401 1756 2438">
    <p class='ocr_par' dir='ltr' id='par_1_107' title="bbox 962 2401 1756 2438">
     <span class='ocr_line' id='line_1_107' title="bbox 962 2401 1756 2438; baseline 0.004 -11"><span class='ocrx_word' id='word_1_748' title='bbox 962 2405 989 2428; x_wconf 91' lang='lat' dir='ltr'><strong>tu</strong></span> <span class='ocrx_word' id='word_1_749' title='bbox 1006 2401 1195 2428; x_wconf 84' lang='lat' dir='ltr'><strong>honorandum</strong></span> <span class='ocrx_word' id='word_1_750' title='bbox 1213 2408 1311 2428; x_wconf 87' lang='lat' dir='ltr'><strong>censes</strong></span> <span class='ocrx_word' id='word_1_751' title='bbox 1325 2401 1351 2428; x_wconf 88' lang='lat' dir='ltr'><strong>in</strong></span> <span class='ocrx_word' id='word_1_752' title='bbox 1384 2401 1553 2437; x_wconf 85' lang='lat' dir='ltr'><strong>parentibus,</strong></span> <span class='ocrx_word' id='word_1_753' title='bbox 1579 2409 1648 2436; x_wconf 88' lang='lat' dir='ltr'><strong>quos</strong></span> <span class='ocrx_word' id='word_1_754' title='bbox 1677 2402 1756 2438; x_wconf 84' lang='lat' dir='ltr'><strong>jubet</strong></span> 
     </span>
    </p>
   </div>
   <div class='ocr_carea' id='block_1_108' title="bbox 961 2446 1754 2483">
    <p class='ocr_par' dir='ltr' id='par_1_108' title="bbox 961 2446 1754 2483">
     <span class='ocr_line' id='line_1_108' title="bbox 961 2446 1754 2483; baseline 0.004 -10"><span class='ocrx_word' id='word_1_755' title='bbox 961 2446 1034 2474; x_wconf 88' lang='lat' dir='ltr'><strong>illius</strong></span> <span class='ocrx_word' id='word_1_756' title='bbox 1053 2451 1219 2482; x_wconf 63' lang='lat' dir='ltr'><strong>preceptqu</strong></span> <span class='ocrx_word' id='word_1_757' title='bbox 1236 2447 1382 2479; x_wconf 88' lang='lat' dir='ltr'><strong>honorare,</strong></span> <span class='ocrx_word' id='word_1_758' title='bbox 1400 2451 1495 2482; x_wconf 89' lang='lat' dir='ltr'><strong>utpote</strong></span> <span class='ocrx_word' id='word_1_759' title='bbox 1507 2447 1581 2482; x_wconf 90' lang='lat' dir='ltr'><strong>quod</strong></span> <span class='ocrx_word' id='word_1_760' title='bbox 1605 2455 1655 2483; x_wconf 86' lang='lat' dir='ltr'><strong>per</strong></span> <span class='ocrx_word' id='word_1_761' title='bbox 1679 2448 1754 2483; x_wconf 87' lang='lat' dir='ltr'><strong>ipsos</strong></span> 
     </span>
    </p>
   </div>
   <div class='ocr_carea' id='block_1_109' title="bbox 961 2491 1755 2529">
    <p class='ocr_par' dir='ltr' id='par_1_109' title="bbox 961 2491 1755 2529">
     <span class='ocr_line' id='line_1_109' title="bbox 961 2491 1755 2529; baseline 0.004 -9"><span class='ocrx_word' id='word_1_762' title='bbox 961 2493 1050 2520; x_wconf 88' lang='lat' dir='ltr'><strong>honor</strong></span> <span class='ocrx_word' id='word_1_763' title='bbox 1067 2493 1100 2520; x_wconf 90' lang='lat' dir='ltr'><strong>ad</strong></span> <span class='ocrx_word' id='word_1_764' title='bbox 1123 2492 1198 2520; x_wconf 87' lang='lat' dir='ltr'><strong>illum</strong></span> <span class='ocrx_word' id='word_1_765' title='bbox 1222 2493 1336 2520; x_wconf 88' lang='lat' dir='ltr'><strong>feratur.</strong></span> <span class='ocrx_word' id='word_1_766' title='bbox 1359 2491 1425 2520; x_wconf 86' lang='lat' dir='ltr'><strong>Nam</strong></span> <span class='ocrx_word' id='word_1_767' title='bbox 1449 2498 1476 2520; x_wconf 86' lang='lat' dir='ltr'><strong>et</strong></span> <span class='ocrx_word' id='word_1_768' title='bbox 1501 2494 1606 2529; x_wconf 90' lang='lat' dir='ltr'><strong>primus</strong></span> <span class='ocrx_word' id='word_1_769' title='bbox 1632 2495 1755 2524; x_wconf 91' lang='lat' dir='ltr'><strong>omnium</strong></span> 
     </span>
    </p>
   </div>
   <div class='ocr_carea' id='block_1_110' title="bbox 962 2539 1753 2575">
    <p class='ocr_par' dir='ltr' id='par_1_110' title="bbox 962 2539 1753 2575">
     <span class='ocr_line' id='line_1_110' title="bbox 962 2539 1753 2575; baseline 0.001 -8"><span class='ocrx_word' id='word_1_770' title='bbox 962 2543 1005 2567; x_wconf 90' lang='lat' dir='ltr'><strong>est</strong></span> <span class='ocrx_word' id='word_1_771' title='bbox 1024 2543 1112 2575; x_wconf 85' lang='lat' dir='ltr'><strong>pater,</strong></span> <span class='ocrx_word' id='word_1_772' title='bbox 1129 2544 1157 2567; x_wconf 91' lang='lat' dir='ltr'><strong>et</strong></span> <span class='ocrx_word' id='word_1_773' title='bbox 1171 2540 1272 2575; x_wconf 79' lang='lat' dir='ltr'><strong>opifex,</strong></span> <span class='ocrx_word' id='word_1_774' title='bbox 1289 2543 1317 2568; x_wconf 87' lang='lat' dir='ltr'><strong>et</strong></span> <span class='ocrx_word' id='word_1_775' title='bbox 1331 2547 1424 2574; x_wconf 82' lang='lat' dir='ltr'><strong>causa,</strong></span> <span class='ocrx_word' id='word_1_776' title='bbox 1445 2543 1474 2567; x_wconf 91' lang='lat' dir='ltr'><strong>ut</strong></span> <span class='ocrx_word' id='word_1_777' title='bbox 1485 2539 1519 2568; x_wconf 87' lang='lat' dir='ltr'><strong>ad</strong></span> <span class='ocrx_word' id='word_1_778' title='bbox 1546 2542 1609 2575; x_wconf 86' lang='lat' dir='ltr'><strong>hoc,</strong></span> <span class='ocrx_word' id='word_1_779' title='bbox 1638 2545 1668 2568; x_wconf 91' lang='lat' dir='ltr'><strong>ut</strong></span> <span class='ocrx_word' id='word_1_780' title='bbox 1687 2542 1753 2573; x_wconf 84' lang='lat' dir='ltr'><strong>sint,</strong></span> 
     </span>
    </p>
   </div>
   <div class='ocr_carea' id='block_1_111' title="bbox 963 2585 1160 2621">
    <p class='ocr_par' dir='ltr' id='par_1_111' title="bbox 963 2585 1160 2621">
     <span class='ocr_line' id='line_1_111' title="bbox 963 2585 1160 2621; baseline 0 -9"><span class='ocrx_word' id='word_1_781' title='bbox 963 2585 1160 2621; x_wconf 81' lang='lat' dir='ltr'><strong>producantur.</strong></span> 
     </span>
    </p>
   </div>
   <div class='ocr_carea' id='block_1_112' title="bbox 997 2630 1754 2668">
    <p class='ocr_par' dir='ltr' id='par_1_112' title="bbox 997 2630 1754 2668">
     <span class='ocr_line' id='line_1_112' title="bbox 997 2630 1754 2668; baseline 0 -9"><span class='ocrx_word' id='word_1_782' title='bbox 997 2630 1069 2659; x_wconf 84' lang='lat' dir='ltr'><strong>Xlll.</strong></span> <span class='ocrx_word' id='word_1_783' title='bbox 1088 2631 1151 2659; x_wconf 64' lang='lat' dir='ltr'><strong>Haec</strong></span> <span class='ocrx_word' id='word_1_784' title='bbox 1163 2630 1242 2665; x_wconf 89' lang='lat' dir='ltr'><strong>dixit,</strong></span> <span class='ocrx_word' id='word_1_785' title='bbox 1257 2636 1285 2659; x_wconf 89' lang='lat' dir='ltr'><strong>et</strong></span> <span class='ocrx_word' id='word_1_786' title='bbox 1296 2631 1373 2667; x_wconf 80' lang='lat' dir='ltr'><strong>jubet</strong></span> <span class='ocrx_word' id='word_1_787' title='bbox 1388 2632 1443 2661; x_wconf 90' lang='lat' dir='ltr'><strong>tolli</strong></span> <span class='ocrx_word' id='word_1_788' title='bbox 1457 2633 1589 2668; x_wconf 80' lang='lat' dir='ltr'><strong>lapidem,</strong></span> <span class='ocrx_word' id='word_1_789' title='bbox 1606 2637 1632 2660; x_wconf 89' lang='lat' dir='ltr'><strong>et</strong></span> <span class='ocrx_word' id='word_1_790' title='bbox 1646 2641 1754 2668; x_wconf 76' lang='lat' dir='ltr'><strong>capsum</strong></span> 
     </span>
    </p>
   </div>
   <div class='ocr_carea' id='block_1_113' title="bbox 967 2678 1754 2712">
    <p class='ocr_par' dir='ltr' id='par_1_113' title="bbox 967 2678 1754 2712">
     <span class='ocr_line' id='line_1_113' title="bbox 967 2678 1754 2712; baseline 0.001 -7"><span class='ocrx_word' id='word_1_791' title='bbox 967 2678 1039 2706; x_wconf 86' lang='lat' dir='ltr'><strong>trahi</strong></span> <span class='ocrx_word' id='word_1_792' title='bbox 1052 2682 1127 2706; x_wconf 84' lang='lat' dir='ltr'><strong>extra</strong></span> <span class='ocrx_word' id='word_1_793' title='bbox 1142 2682 1362 2706; x_wconf 86' lang='lat' dir='ltr'><strong>monumentum.</strong></span> <span class='ocrx_word' id='word_1_794' title='bbox 1385 2678 1464 2712; x_wconf 86' lang='lat' dir='ltr'><strong>Quod</strong></span> <span class='ocrx_word' id='word_1_795' title='bbox 1475 2687 1538 2706; x_wconf 88' lang='lat' dir='ltr'><strong>cum</strong></span> <span class='ocrx_word' id='word_1_796' title='bbox 1553 2679 1654 2706; x_wconf 80' lang='lat' dir='ltr'><strong>factum</strong></span> <span class='ocrx_word' id='word_1_797' title='bbox 1671 2684 1754 2712; x_wconf 83' lang='lat' dir='ltr'><strong>esset,</strong></span> 
     </span>
    </p>
   </div>
   <div class='ocr_carea' id='block_1_114' title="bbox 965 2725 1758 2760">
    <p class='ocr_par' dir='ltr' id='par_1_114' title="bbox 965 2725 1758 2760">
     <span class='ocr_line' id='line_1_114' title="bbox 965 2725 1758 2760; baseline -0.001 -8"><span class='ocrx_word' id='word_1_798' title='bbox 965 2725 1012 2753; x_wconf 88' lang='lat' dir='ltr'><strong>ubi</strong></span> <span class='ocrx_word' id='word_1_799' title='bbox 1031 2733 1062 2752; x_wconf 85' lang='lat' dir='ltr'><strong>ea</strong></span> <span class='ocrx_word' id='word_1_800' title='bbox 1076 2725 1199 2760; x_wconf 89' lang='lat' dir='ltr'><strong>jubente,</strong></span> <span class='ocrx_word' id='word_1_801' title='bbox 1215 2729 1326 2760; x_wconf 85' lang='lat' dir='ltr'><strong>apertus</strong></span> <span class='ocrx_word' id='word_1_802' title='bbox 1352 2729 1394 2752; x_wconf 86' lang='lat' dir='ltr'><strong>est</strong></span> <span class='ocrx_word' id='word_1_803' title='bbox 1406 2725 1522 2757; x_wconf 80' lang='lat' dir='ltr'><strong>loculus,</strong></span> <span class='ocrx_word' id='word_1_804' title='bbox 1535 2725 1658 2753; x_wconf 85' lang='lat' dir='ltr'><strong>cernitur</strong></span> <span class='ocrx_word' id='word_1_805' title='bbox 1676 2726 1758 2753; x_wconf 57' lang='lat' dir='ltr'><strong>mira:</strong></span> 
     </span>
    </p>
   </div>
   <div class='ocr_carea' id='block_1_115' title="bbox 965 2770 1753 2805">
    <p class='ocr_par' dir='ltr' id='par_1_115' title="bbox 965 2770 1753 2805">
     <span class='ocr_line' id='line_1_115' title="bbox 965 2770 1753 2805; baseline 0.003 -7"><span class='ocrx_word' id='word_1_806' title='bbox 965 2771 1069 2803; x_wconf 88' lang='lat' dir='ltr'><strong>culum,</strong></span> <span class='ocrx_word' id='word_1_807' title='bbox 1086 2775 1114 2798; x_wconf 91' lang='lat' dir='ltr'><strong>et</strong></span> <span class='ocrx_word' id='word_1_808' title='bbox 1124 2771 1158 2798; x_wconf 88' lang='lat' dir='ltr'><strong>ad</strong></span> <span class='ocrx_word' id='word_1_809' title='bbox 1176 2770 1323 2798; x_wconf 86' lang='lat' dir='ltr'><strong>videndum</strong></span> <span class='ocrx_word' id='word_1_810' title='bbox 1340 2770 1552 2805; x_wconf 85' lang='lat' dir='ltr'><strong>divinissimum,</strong></span> <span class='ocrx_word' id='word_1_811' title='bbox 1568 2775 1595 2798; x_wconf 89' lang='lat' dir='ltr'><strong>et</strong></span> <span class='ocrx_word' id='word_1_812' title='bbox 1609 2772 1641 2800; x_wconf 87' lang='lat' dir='ltr'><strong>ad</strong></span> <span class='ocrx_word' id='word_1_813' title='bbox 1659 2772 1753 2800; x_wconf 72' lang='lat' dir='ltr'><strong>dicen-</strong></span> 
     </span>
    </p>
   </div>
   <div class='ocr_carea' id='block_1_116' title="bbox 966 2818 1754 2858">
    <p class='ocr_par' dir='ltr' id='par_1_116' title="bbox 966 2818 1754 2858">
     <span class='ocr_line' id='line_1_116' title="bbox 966 2818 1754 2858; baseline 0.001 -13"><span class='ocrx_word' id='word_1_814' title='bbox 966 2819 1031 2846; x_wconf 70' lang='lat' dir='ltr'><strong>tium</strong></span> <span class='ocrx_word' id='word_1_815' title='bbox 1044 2818 1288 2854; x_wconf 79' lang='lat' dir='ltr'><strong>iucundissimum,</strong></span> <span class='ocrx_word' id='word_1_816' title='bbox 1307 2821 1334 2846; x_wconf 86' lang='lat' dir='ltr'><strong>et</strong></span> <span class='ocrx_word' id='word_1_817' title='bbox 1349 2818 1382 2846; x_wconf 84' lang='lat' dir='ltr'><strong>ad</strong></span> <span class='ocrx_word' id='word_1_818' title='bbox 1397 2826 1440 2852; x_wconf 81' lang='lat' dir='ltr'><strong>ea,</strong></span> <span class='ocrx_word' id='word_1_819' title='bbox 1465 2827 1525 2853; x_wconf 77' lang='lat' dir='ltr'><strong>qua:</strong></span> <span class='ocrx_word' id='word_1_820' title='bbox 1546 2825 1754 2858; x_wconf 61' lang='lat' dir='ltr'><strong>pra&#39;cesserant,</strong></span> 
     </span>
    </p>
   </div>
  </div>
