  <div class='ocr_page' id='page_1' title='image "/cluster/home/n/w/nwhite01/storage/ocr_20150623/115/njp.32101077772976/295.png"; bbox 0 0 2024 3153; ppageno 0'>
   <div class='ocr_carea' id='block_1_1' title="bbox 267 176 322 207">
    <p class='ocr_par' dir='ltr' id='par_1_1' title="bbox 267 176 322 207">
     <span class='ocr_line' id='line_1_1' title="bbox 267 176 322 207; baseline 0 0"><span class='ocrx_word' id='word_1_1' title='bbox 267 176 322 207; x_wconf 65' lang='lat'><strong>435</strong></span> 
     </span>
    </p>
   </div>
   <div class='ocr_carea' id='block_1_2' title="bbox 929 178 1236 210">
    <p class='ocr_par' dir='ltr' id='par_1_2' title="bbox 929 178 1236 210">
     <span class='ocr_line' id='line_1_2' title="bbox 929 178 1236 210; baseline 0.007 -2"><span class='ocrx_word' id='word_1_2' title='bbox 929 178 1070 209; x_wconf 75' lang='grc' dir='ltr'><strong>ΜΕΝὸιὸ</strong></span> <span class='ocrx_word' id='word_1_3' title='bbox 1089 179 1236 210; x_wconf 75' lang='lat' dir='ltr'><strong>JULlUS.</strong></span> 
     </span>
    </p>
   </div>
   <div class='ocr_carea' id='block_1_3' title="bbox 1847 181 1902 213">
    <p class='ocr_par' dir='ltr' id='par_1_3' title="bbox 1847 181 1902 213">
     <span class='ocr_line' id='line_1_3' title="bbox 1847 181 1902 213; baseline 0 0"><span class='ocrx_word' id='word_1_4' title='bbox 1847 181 1902 213; x_wconf 67' lang='lat'><strong>£96</strong></span> 
     </span>
    </p>
   </div>
   <div class='ocr_carea' id='block_1_4' title="bbox 266 225 1902 273">
    <p class='ocr_par' dir='ltr' id='par_1_4' title="bbox 266 225 1902 273">
     <span class='ocr_line' id='line_1_4' title="bbox 266 225 1902 273; baseline 0.002 -12"><span class='ocrx_word' id='word_1_5' title='bbox 266 233 454 263; x_wconf 77' lang='lat' dir='ltr'><strong>confirmanda</strong></span> <span class='ocrx_word' id='word_1_6' title='bbox 469 225 676 263; x_wconf 71' lang='lat' dir='ltr'><strong>validissimum.</strong></span> <span class='ocrx_word' id='word_1_7' title='bbox 688 235 786 263; x_wconf 85' lang='lat' dir='ltr'><strong>Decem</strong></span> <span class='ocrx_word' id='word_1_8' title='bbox 808 239 836 262; x_wconf 92' lang='lat' dir='ltr'><strong>et</strong></span> <span class='ocrx_word' id='word_1_9' title='bbox 859 239 920 263; x_wconf 92' lang='lat' dir='ltr'><strong>octo</strong></span> <span class='ocrx_word' id='word_1_10' title='bbox 945 242 1056 262; x_wconf 84' lang='lat' dir='ltr'><strong>menses</strong></span> <span class='ocrx_word' id='word_1_11' title='bbox 1073 239 1095 267; x_wconf 73' lang='grc' dir='ltr'>Α</span> <span class='ocrx_word' id='word_1_12' title='bbox 1110 235 1304 263; x_wconf 83' lang='lat' dir='ltr'><strong>miraculorum</strong></span> <span class='ocrx_word' id='word_1_13' title='bbox 1320 235 1387 264; x_wconf 85' lang='lat' dir='ltr'><strong>tales</strong></span> <span class='ocrx_word' id='word_1_14' title='bbox 1415 237 1538 264; x_wconf 75' lang='lat' dir='ltr'><strong>ostendit</strong></span> <span class='ocrx_word' id='word_1_15' title='bbox 1554 237 1646 265; x_wconf 85' lang='lat' dir='ltr'><strong>radios</strong></span> <span class='ocrx_word' id='word_1_16' title='bbox 1659 237 1670 264; x_wconf 70' lang='lat'>2</span> <span class='ocrx_word' id='word_1_17' title='bbox 1693 238 1732 265; x_wconf 85' lang='lat' dir='ltr'><strong>Ex</strong></span> <span class='ocrx_word' id='word_1_18' title='bbox 1745 241 1772 265; x_wconf 91' lang='lat' dir='ltr'><strong>te</strong></span> <span class='ocrx_word' id='word_1_19' title='bbox 1783 237 1902 273; x_wconf 81' lang='lat' dir='ltr'><strong>pulcher</strong></span> 
     </span>
    </p>
   </div>
   <div class='ocr_carea' id='block_1_5' title="bbox 267 281 1056 316">
    <p class='ocr_par' dir='ltr' id='par_1_5' title="bbox 267 281 1056 316">
     <span class='ocr_line' id='line_1_5' title="bbox 267 281 1056 316; baseline 0 -8"><span class='ocrx_word' id='word_1_20' title='bbox 267 282 456 316; x_wconf 65' lang='lat' dir='ltr'><strong>preterierant</strong></span> <span class='ocrx_word' id='word_1_21' title='bbox 465 285 527 316; x_wconf 87' lang='lat' dir='ltr'><strong>post</strong></span> <span class='ocrx_word' id='word_1_22' title='bbox 539 286 667 315; x_wconf 90' lang='lat' dir='ltr'><strong>mortem,</strong></span> <span class='ocrx_word' id='word_1_23' title='bbox 679 282 759 316; x_wconf 84' lang='lat' dir='ltr'><strong>etqni</strong></span> <span class='ocrx_word' id='word_1_24' title='bbox 774 286 813 309; x_wconf 91' lang='lat' dir='ltr'><strong>tot</strong></span> <span class='ocrx_word' id='word_1_25' title='bbox 833 286 897 308; x_wconf 89' lang='lat' dir='ltr'><strong>ante</strong></span> <span class='ocrx_word' id='word_1_26' title='bbox 915 281 974 309; x_wconf 91' lang='lat' dir='ltr'><strong>dies</strong></span> <span class='ocrx_word' id='word_1_27' title='bbox 996 285 1056 308; x_wconf 87' lang='lat' dir='ltr'><strong>erat</strong></span> 
     </span>
    </p>
   </div>
   <div class='ocr_carea' id='block_1_6' title="bbox 268 327 1057 365">
    <p class='ocr_par' dir='ltr' id='par_1_6' title="bbox 268 327 1057 365">
     <span class='ocr_line' id='line_1_6' title="bbox 268 327 1057 365; baseline -0.001 -10"><span class='ocrx_word' id='word_1_28' title='bbox 268 335 402 362; x_wconf 86' lang='lat' dir='ltr'><strong>mortuus,</strong></span> <span class='ocrx_word' id='word_1_29' title='bbox 415 328 518 356; x_wconf 88' lang='lat' dir='ltr'><strong>nullum</strong></span> <span class='ocrx_word' id='word_1_30' title='bbox 531 328 627 356; x_wconf 84' lang='lat' dir='ltr'><strong>habuit</strong></span> <span class='ocrx_word' id='word_1_31' title='bbox 643 328 761 365; x_wconf 80' lang='lat' dir='ltr'><strong>signum,</strong></span> <span class='ocrx_word' id='word_1_32' title='bbox 777 335 833 355; x_wconf 90' lang='lat' dir='ltr'><strong>non</strong></span> <span class='ocrx_word' id='word_1_33' title='bbox 857 328 981 363; x_wconf 86' lang='lat' dir='ltr'><strong>corporis</strong></span> <span class='ocrx_word' id='word_1_34' title='bbox 1005 327 1057 354; x_wconf 86' lang='lat' dir='ltr'><strong>ﬂu-</strong></span> 
     </span>
    </p>
   </div>
   <div class='ocr_carea' id='block_1_7' title="bbox 268 374 1053 410">
    <p class='ocr_par' dir='ltr' id='par_1_7' title="bbox 268 374 1053 410">
     <span class='ocr_line' id='line_1_7' title="bbox 268 374 1053 410; baseline -0.003 -7"><span class='ocrx_word' id='word_1_35' title='bbox 268 375 388 409; x_wconf 79' lang='lat' dir='ltr'><strong>xionem,</strong></span> <span class='ocrx_word' id='word_1_36' title='bbox 399 382 452 403; x_wconf 92' lang='lat' dir='ltr'><strong>non</strong></span> <span class='ocrx_word' id='word_1_37' title='bbox 459 374 628 410; x_wconf 80' lang='lat' dir='ltr'><strong>compaginis</strong></span> <span class='ocrx_word' id='word_1_38' title='bbox 635 374 814 407; x_wconf 87' lang='lat' dir='ltr'><strong>solutionem,</strong></span> <span class='ocrx_word' id='word_1_39' title='bbox 823 381 878 401; x_wconf 91' lang='lat' dir='ltr'><strong>non</strong></span> <span class='ocrx_word' id='word_1_40' title='bbox 885 374 977 401; x_wconf 89' lang='lat' dir='ltr'><strong>carnis</strong></span> <span class='ocrx_word' id='word_1_41' title='bbox 987 381 1053 401; x_wconf 87' lang='lat' dir='ltr'><strong>con-</strong></span> 
     </span>
    </p>
   </div>
   <div class='ocr_carea' id='block_1_8' title="bbox 267 419 1055 456">
    <p class='ocr_par' dir='ltr' id='par_1_8' title="bbox 267 419 1055 456">
     <span class='ocr_line' id='line_1_8' title="bbox 267 419 1055 456; baseline -0.001 -8"><span class='ocrx_word' id='word_1_42' title='bbox 267 421 463 456; x_wconf 81' lang='lat' dir='ltr'><strong>sumptionem,</strong></span> <span class='ocrx_word' id='word_1_43' title='bbox 474 429 528 448; x_wconf 90' lang='lat' dir='ltr'><strong>nou</strong></span> <span class='ocrx_word' id='word_1_44' title='bbox 545 421 696 455; x_wconf 79' lang='lat' dir='ltr'><strong>nigrorem,</strong></span> <span class='ocrx_word' id='word_1_45' title='bbox 706 427 761 447; x_wconf 89' lang='lat' dir='ltr'><strong>non</strong></span> <span class='ocrx_word' id='word_1_46' title='bbox 775 419 880 452; x_wconf 87' lang='lat' dir='ltr'><strong>aliquid</strong></span> <span class='ocrx_word' id='word_1_47' title='bbox 891 420 964 454; x_wconf 92' lang='lat' dir='ltr'><strong>quod</strong></span> <span class='ocrx_word' id='word_1_48' title='bbox 981 425 1055 448; x_wconf 84' lang='lat' dir='ltr'><strong>esset</strong></span> 
     </span>
    </p>
   </div>
   <div class='ocr_carea' id='block_1_9' title="bbox 267 466 1054 502">
    <p class='ocr_par' dir='ltr' id='par_1_9' title="bbox 267 466 1054 502">
     <span class='ocr_line' id='line_1_9' title="bbox 267 466 1054 502; baseline -0.003 -8"><span class='ocrx_word' id='word_1_49' title='bbox 267 467 422 499; x_wconf 88' lang='lat' dir='ltr'><strong>evanidum,</strong></span> <span class='ocrx_word' id='word_1_50' title='bbox 439 466 568 502; x_wconf 89' lang='lat' dir='ltr'><strong>autquod</strong></span> <span class='ocrx_word' id='word_1_51' title='bbox 596 466 785 498; x_wconf 83' lang='lat' dir='ltr'><strong>emarcuisset,</strong></span> <span class='ocrx_word' id='word_1_52' title='bbox 819 470 847 493; x_wconf 93' lang='lat' dir='ltr'><strong>et</strong></span> <span class='ocrx_word' id='word_1_53' title='bbox 875 470 949 493; x_wconf 86' lang='lat' dir='ltr'><strong>esset</strong></span> <span class='ocrx_word' id='word_1_54' title='bbox 967 466 1054 501; x_wconf 88' lang='lat' dir='ltr'><strong>lique-</strong></span> 
     </span>
    </p>
   </div>
   <div class='ocr_carea' id='block_1_10' title="bbox 267 512 1053 547">
    <p class='ocr_par' dir='ltr' id='par_1_10' title="bbox 267 512 1053 547">
     <span class='ocr_line' id='line_1_10' title="bbox 267 512 1053 547; baseline -0.004 -6"><span class='ocrx_word' id='word_1_55' title='bbox 267 514 367 541; x_wconf 80' lang='lat' dir='ltr'><strong>factum</strong></span> <span class='ocrx_word' id='word_1_56' title='bbox 383 522 389 541; x_wconf 90' lang='lat'><strong>:</strong></span> <span class='ocrx_word' id='word_1_57' title='bbox 407 513 454 541; x_wconf 89' lang='lat' dir='ltr'><strong>sed</strong></span> <span class='ocrx_word' id='word_1_58' title='bbox 473 517 544 540; x_wconf 89' lang='lat' dir='ltr'><strong>totus</strong></span> <span class='ocrx_word' id='word_1_59' title='bbox 561 513 702 540; x_wconf 73' lang='lat' dir='ltr'><strong>videbatur</strong></span> <span class='ocrx_word' id='word_1_60' title='bbox 728 519 837 545; x_wconf 82' lang='lat' dir='ltr'><strong>recens,</strong></span> <span class='ocrx_word' id='word_1_61' title='bbox 854 512 969 547; x_wconf 84' lang='lat' dir='ltr'><strong>perinde</strong></span> <span class='ocrx_word' id='word_1_62' title='bbox 986 519 1019 540; x_wconf 80' lang='lat' dir='ltr'><strong>ac</strong></span> <span class='ocrx_word' id='word_1_63' title='bbox 1030 512 1053 539; x_wconf 89' lang='lat' dir='ltr'><strong>si</strong></span> 
     </span>
    </p>
   </div>
   <div class='ocr_carea' id='block_1_11' title="bbox 267 558 1053 596">
    <p class='ocr_par' dir='ltr' id='par_1_11' title="bbox 267 558 1053 596">
     <span class='ocr_line' id='line_1_11' title="bbox 267 558 1053 596; baseline -0.003 -9"><span class='ocrx_word' id='word_1_64' title='bbox 267 567 355 596; x_wconf 87' lang='lat' dir='ltr'><strong>nuper</strong></span> <span class='ocrx_word' id='word_1_65' title='bbox 375 567 435 587; x_wconf 87' lang='lat' dir='ltr'><strong>eum</strong></span> <span class='ocrx_word' id='word_1_66' title='bbox 458 559 615 593; x_wconf 81' lang='lat' dir='ltr'><strong>reliquisset</strong></span> <span class='ocrx_word' id='word_1_67' title='bbox 629 559 730 586; x_wconf 88' lang='lat' dir='ltr'><strong>anima.</strong></span> <span class='ocrx_word' id='word_1_68' title='bbox 746 558 948 593; x_wconf 84' lang='lat' dir='ltr'><strong>Propemodum</strong></span> <span class='ocrx_word' id='word_1_69' title='bbox 977 558 1053 585; x_wconf 88' lang='lat' dir='ltr'><strong>vide-</strong></span> 
     </span>
    </p>
   </div>
   <div class='ocr_carea' id='block_1_12' title="bbox 266 604 1053 640">
    <p class='ocr_par' dir='ltr' id='par_1_12' title="bbox 266 604 1053 640">
     <span class='ocr_line' id='line_1_12' title="bbox 266 604 1053 640; baseline -0.005 -6"><span class='ocrx_word' id='word_1_70' title='bbox 266 607 364 634; x_wconf 85' lang='lat' dir='ltr'><strong>bantur</strong></span> <span class='ocrx_word' id='word_1_71' title='bbox 379 614 441 634; x_wconf 85' lang='lat' dir='ltr'><strong>esse</strong></span> <span class='ocrx_word' id='word_1_72' title='bbox 456 606 577 633; x_wconf 84' lang='lat' dir='ltr'><strong>membra</strong></span> <span class='ocrx_word' id='word_1_73' title='bbox 593 613 653 633; x_wconf 89' lang='lat' dir='ltr'><strong>cum</strong></span> <span class='ocrx_word' id='word_1_74' title='bbox 668 609 753 638; x_wconf 90' lang='lat' dir='ltr'><strong>motu,</strong></span> <span class='ocrx_word' id='word_1_75' title='bbox 768 612 845 640; x_wconf 65' lang='lat' dir='ltr'><strong>gena;</strong></span> <span class='ocrx_word' id='word_1_76' title='bbox 857 612 919 632; x_wconf 92' lang='lat' dir='ltr'><strong>cum</strong></span> <span class='ocrx_word' id='word_1_77' title='bbox 942 604 1053 637; x_wconf 85' lang='lat' dir='ltr'><strong>rubore,</strong></span> 
     </span>
    </p>
   </div>
   <div class='ocr_carea' id='block_1_13' title="bbox 266 650 1054 684">
    <p class='ocr_par' dir='ltr' id='par_1_13' title="bbox 266 650 1054 684">
     <span class='ocr_line' id='line_1_13' title="bbox 266 650 1054 684; baseline -0.005 -4"><span class='ocrx_word' id='word_1_78' title='bbox 266 654 341 681; x_wconf 85' lang='lat' dir='ltr'><strong>labra</strong></span> <span class='ocrx_word' id='word_1_79' title='bbox 353 660 414 680; x_wconf 86' lang='lat' dir='ltr'><strong>cum</strong></span> <span class='ocrx_word' id='word_1_80' title='bbox 429 651 505 684; x_wconf 85' lang='lat' dir='ltr'><strong>ﬂore,</strong></span> <span class='ocrx_word' id='word_1_81' title='bbox 524 659 555 679; x_wconf 93' lang='lat' dir='ltr'><strong>os</strong></span> <span class='ocrx_word' id='word_1_82' title='bbox 569 659 633 679; x_wconf 91' lang='lat' dir='ltr'><strong>cum</strong></span> <span class='ocrx_word' id='word_1_83' title='bbox 653 650 789 678; x_wconf 87' lang='lat' dir='ltr'><strong>anhelitu.</strong></span> <span class='ocrx_word' id='word_1_84' title='bbox 802 650 1008 682; x_wconf 68' lang='lat' dir='ltr'><strong>Existimasses,</strong></span> <span class='ocrx_word' id='word_1_85' title='bbox 1026 655 1054 677; x_wconf 87' lang='lat' dir='ltr'><strong>te</strong></span> 
     </span>
    </p>
   </div>
   <div class='ocr_carea' id='block_1_14' title="bbox 266 695 1055 731">
    <p class='ocr_par' dir='ltr' id='par_1_14' title="bbox 266 695 1055 731">
     <span class='ocr_line' id='line_1_14' title="bbox 266 695 1055 731; baseline -0.004 -4"><span class='ocrx_word' id='word_1_86' title='bbox 266 707 330 727; x_wconf 83' lang='lat' dir='ltr'><strong>eum</strong></span> <span class='ocrx_word' id='word_1_87' title='bbox 359 699 471 726; x_wconf 87' lang='lat' dir='ltr'><strong>omnino</strong></span> <span class='ocrx_word' id='word_1_88' title='bbox 498 697 590 725; x_wconf 82' lang='lat' dir='ltr'><strong>videre</strong></span> <span class='ocrx_word' id='word_1_89' title='bbox 618 705 673 725; x_wconf 90' lang='lat' dir='ltr'><strong>non</strong></span> <span class='ocrx_word' id='word_1_90' title='bbox 702 701 853 729; x_wconf 87' lang='lat' dir='ltr'><strong>mortuum,</strong></span> <span class='ocrx_word' id='word_1_91' title='bbox 883 695 931 723; x_wconf 84' lang='lat' dir='ltr'><strong>sed</strong></span> <span class='ocrx_word' id='word_1_92' title='bbox 965 695 1055 731; x_wconf 86' lang='lat' dir='ltr'><strong>potius</strong></span> 
     </span>
    </p>
   </div>
   <div class='ocr_carea' id='block_1_15' title="bbox 266 741 1055 778">
    <p class='ocr_par' dir='ltr' id='par_1_15' title="bbox 266 741 1055 778">
     <span class='ocr_line' id='line_1_15' title="bbox 266 741 1055 778; baseline -0.005 -5"><span class='ocrx_word' id='word_1_93' title='bbox 266 744 458 777; x_wconf 86' lang='lat' dir='ltr'><strong>dormientem,</strong></span> <span class='ocrx_word' id='word_1_94' title='bbox 470 748 517 771; x_wconf 86' lang='lat' dir='ltr'><strong>aut</strong></span> <span class='ocrx_word' id='word_1_95' title='bbox 531 743 651 778; x_wconf 84' lang='lat' dir='ltr'><strong>seipsum</strong></span> <span class='ocrx_word' id='word_1_96' title='bbox 666 742 849 777; x_wconf 73' lang='lat' dir='ltr'><strong>colligentem,</strong></span> <span class='ocrx_word' id='word_1_97' title='bbox 861 746 890 769; x_wconf 89' lang='lat' dir='ltr'><strong>et</strong></span> <span class='ocrx_word' id='word_1_98' title='bbox 899 741 1055 777; x_wconf 77' lang='lat' dir='ltr'><strong>diligentius</strong></span> 
     </span>
    </p>
   </div>
   <div class='ocr_carea' id='block_1_16' title="bbox 266 787 1055 826">
    <p class='ocr_par' dir='ltr' id='par_1_16' title="bbox 266 787 1055 826">
     <span class='ocr_line' id='line_1_16' title="bbox 266 787 1055 826; baseline -0.005 -8"><span class='ocrx_word' id='word_1_99' title='bbox 266 791 366 826; x_wconf 86' lang='lat' dir='ltr'><strong>aliquid</strong></span> <span class='ocrx_word' id='word_1_100' title='bbox 383 790 570 818; x_wconf 77' lang='lat' dir='ltr'><strong>meditantem.</strong></span> <span class='ocrx_word' id='word_1_101' title='bbox 584 789 670 817; x_wconf 85' lang='lat' dir='ltr'><strong>Porro</strong></span> <span class='ocrx_word' id='word_1_102' title='bbox 684 793 778 816; x_wconf 86' lang='lat' dir='ltr'><strong>autem</strong></span> <span class='ocrx_word' id='word_1_103' title='bbox 786 788 851 823; x_wconf 70' lang='lat' dir='ltr'><strong>ipsa:</strong></span> <span class='ocrx_word' id='word_1_104' title='bbox 860 787 970 820; x_wconf 69' lang='lat' dir='ltr'><strong>tunicae,</strong></span> <span class='ocrx_word' id='word_1_105' title='bbox 988 787 1055 822; x_wconf 68' lang='lat' dir='ltr'><strong>ipsa:</strong></span> 
     </span>
    </p>
   </div>
   <div class='ocr_carea' id='block_1_17' title="bbox 266 833 1054 873">
    <p class='ocr_par' dir='ltr' id='par_1_17' title="bbox 266 833 1054 873">
     <span class='ocr_line' id='line_1_17' title="bbox 266 833 1054 873; baseline -0.006 -7"><span class='ocrx_word' id='word_1_106' title='bbox 266 842 354 866; x_wconf 74' lang='lat' dir='ltr'><strong>testes</strong></span> <span class='ocrx_word' id='word_1_107' title='bbox 369 836 493 873; x_wconf 75' lang='lat' dir='ltr'><strong>stragula:</strong></span> <span class='ocrx_word' id='word_1_108' title='bbox 510 836 579 863; x_wconf 86' lang='lat' dir='ltr'><strong>adeo</strong></span> <span class='ocrx_word' id='word_1_109' title='bbox 604 840 683 863; x_wconf 83' lang='lat' dir='ltr'><strong>erant</strong></span> <span class='ocrx_word' id='word_1_110' title='bbox 707 835 820 869; x_wconf 64' lang='lat' dir='ltr'><strong>integrae</strong></span> <span class='ocrx_word' id='word_1_111' title='bbox 836 838 864 861; x_wconf 91' lang='lat' dir='ltr'><strong>et</strong></span> <span class='ocrx_word' id='word_1_112' title='bbox 893 833 993 866; x_wconf 61' lang='lat' dir='ltr'><strong>illtesae,</strong></span> <span class='ocrx_word' id='word_1_113' title='bbox 1026 839 1054 861; x_wconf 90' lang='lat' dir='ltr'><strong>et</strong></span> 
     </span>
    </p>
   </div>
   <div class='ocr_carea' id='block_1_18' title="bbox 267 879 1054 917">
    <p class='ocr_par' dir='ltr' id='par_1_18' title="bbox 267 879 1054 917">
     <span class='ocr_line' id='line_1_18' title="bbox 267 879 1054 917; baseline -0.006 -6"><span class='ocrx_word' id='word_1_114' title='bbox 267 884 340 911; x_wconf 92' lang='lat' dir='ltr'><strong>nullo</strong></span> <span class='ocrx_word' id='word_1_115' title='bbox 355 883 520 911; x_wconf 83' lang='lat' dir='ltr'><strong>detrimento</strong></span> <span class='ocrx_word' id='word_1_116' title='bbox 542 880 646 909; x_wconf 79' lang='lat' dir='ltr'><strong>atl&#39;ecue</strong></span> <span class='ocrx_word' id='word_1_117' title='bbox 667 880 752 917; x_wconf 85' lang='lat' dir='ltr'><strong>(quod</strong></span> <span class='ocrx_word' id='word_1_118' title='bbox 778 880 877 908; x_wconf 87' lang='lat' dir='ltr'><strong>attinet</strong></span> <span class='ocrx_word' id='word_1_119' title='bbox 900 879 934 906; x_wconf 90' lang='lat' dir='ltr'><strong>ad</strong></span> <span class='ocrx_word' id='word_1_120' title='bbox 961 879 1054 914; x_wconf 77' lang='lat' dir='ltr'><strong>sepul-</strong></span> 
     </span>
    </p>
   </div>
   <div class='ocr_carea' id='block_1_19' title="bbox 1111 281 1902 319">
    <p class='ocr_par' dir='ltr' id='par_1_19' title="bbox 1111 281 1902 319">
     <span class='ocr_line' id='line_1_19' title="bbox 1111 281 1902 319; baseline 0.005 -11"><span class='ocrx_word' id='word_1_121' title='bbox 1111 281 1220 317; x_wconf 83' lang='lat' dir='ltr'><strong>quidem</strong></span> <span class='ocrx_word' id='word_1_122' title='bbox 1232 282 1395 317; x_wconf 77' lang='lat' dir='ltr'><strong>germinavit</strong></span> <span class='ocrx_word' id='word_1_123' title='bbox 1415 283 1530 318; x_wconf 82' lang='lat' dir='ltr'><strong>palmes,</strong></span> <span class='ocrx_word' id='word_1_124' title='bbox 1543 284 1591 311; x_wconf 88' lang='lat' dir='ltr'><strong>sed</strong></span> <span class='ocrx_word' id='word_1_125' title='bbox 1605 284 1676 318; x_wconf 89' lang='lat' dir='ltr'><strong>apud</strong></span> <span class='ocrx_word' id='word_1_126' title='bbox 1698 292 1748 312; x_wconf 86' lang='lat' dir='ltr'><strong>nos</strong></span> <span class='ocrx_word' id='word_1_127' title='bbox 1767 285 1902 319; x_wconf 86' lang='lat' dir='ltr'><strong>produxit</strong></span> 
     </span>
    </p>
   </div>
   <div class='ocr_carea' id='block_1_20' title="bbox 1110 327 1901 364">
    <p class='ocr_par' dir='ltr' id='par_1_20' title="bbox 1110 327 1901 364">
     <span class='ocr_line' id='line_1_20' title="bbox 1110 327 1901 364; baseline 0.005 -10"><span class='ocrx_word' id='word_1_128' title='bbox 1110 327 1204 355; x_wconf 90' lang='lat' dir='ltr'><strong>botros</strong></span> <span class='ocrx_word' id='word_1_129' title='bbox 1216 327 1423 361; x_wconf 84' lang='lat' dir='ltr'><strong>miraculorum,</strong></span> <span class='ocrx_word' id='word_1_130' title='bbox 1439 333 1467 356; x_wconf 89' lang='lat' dir='ltr'><strong>et</strong></span> <span class='ocrx_word' id='word_1_131' title='bbox 1478 329 1503 356; x_wconf 87' lang='lat' dir='ltr'><strong>ei</strong></span> <span class='ocrx_word' id='word_1_132' title='bbox 1513 329 1628 364; x_wconf 79' lang='lat' dir='ltr'><strong>placuit,</strong></span> <span class='ocrx_word' id='word_1_133' title='bbox 1640 335 1670 357; x_wconf 91' lang='lat' dir='ltr'><strong>ut</strong></span> <span class='ocrx_word' id='word_1_134' title='bbox 1683 338 1734 357; x_wconf 88' lang='lat' dir='ltr'><strong>nos</strong></span> <span class='ocrx_word' id='word_1_135' title='bbox 1745 331 1901 358; x_wconf 69' lang='lat' dir='ltr'><strong>fruerentur</strong></span> 
     </span>
    </p>
   </div>
   <div class='ocr_carea' id='block_1_21' title="bbox 1110 373 1902 408">
    <p class='ocr_par' dir='ltr' id='par_1_21' title="bbox 1110 373 1902 408">
     <span class='ocr_line' id='line_1_21' title="bbox 1110 373 1902 408; baseline 0.005 -9"><span class='ocrx_word' id='word_1_136' title='bbox 1110 377 1201 400; x_wconf 90' lang='lat' dir='ltr'><strong>musto</strong></span> <span class='ocrx_word' id='word_1_137' title='bbox 1232 373 1382 408; x_wconf 77' lang='lat' dir='ltr'><strong>gratiarum</strong></span> <span class='ocrx_word' id='word_1_138' title='bbox 1413 377 1440 400; x_wconf 91' lang='lat' dir='ltr'><strong>et</strong></span> <span class='ocrx_word' id='word_1_139' title='bbox 1458 373 1645 401; x_wconf 79' lang='lat' dir='ltr'><strong>curationum.</strong></span> <span class='ocrx_word' id='word_1_140' title='bbox 1672 375 1734 402; x_wconf 74' lang='lat' dir='ltr'><strong>Non</strong></span> <span class='ocrx_word' id='word_1_141' title='bbox 1752 380 1811 402; x_wconf 86' lang='lat' dir='ltr'><strong>erat</strong></span> <span class='ocrx_word' id='word_1_142' title='bbox 1842 376 1902 403; x_wconf 88' lang='lat' dir='ltr'><strong>Deo</strong></span> 
     </span>
    </p>
   </div>
   <div class='ocr_carea' id='block_1_22' title="bbox 1110 418 1902 454">
    <p class='ocr_par' dir='ltr' id='par_1_22' title="bbox 1110 418 1902 454">
     <span class='ocr_line' id='line_1_22' title="bbox 1110 418 1902 454; baseline 0.004 -8"><span class='ocrx_word' id='word_1_143' title='bbox 1110 418 1229 452; x_wconf 78' lang='lat' dir='ltr'><strong>dillic&#39;le,</strong></span> <span class='ocrx_word' id='word_1_144' title='bbox 1238 419 1261 446; x_wconf 90' lang='lat' dir='ltr'><strong>si</strong></span> <span class='ocrx_word' id='word_1_145' title='bbox 1271 419 1341 446; x_wconf 88' lang='lat' dir='ltr'><strong>unde</strong></span> <span class='ocrx_word' id='word_1_146' title='bbox 1349 419 1492 454; x_wconf 87' lang='lat' dir='ltr'><strong>processit,</strong></span> <span class='ocrx_word' id='word_1_147' title='bbox 1505 427 1566 447; x_wconf 83' lang='lat' dir='ltr'><strong>eum</strong></span> <span class='ocrx_word' id='word_1_148' title='bbox 1579 420 1710 448; x_wconf 81' lang='lat' dir='ltr'><strong>voluisset</strong></span> <span class='ocrx_word' id='word_1_149' title='bbox 1725 421 1791 448; x_wconf 92' lang='lat' dir='ltr'><strong>illuc</strong></span> <span class='ocrx_word' id='word_1_150' title='bbox 1804 429 1902 449; x_wconf 87' lang='lat' dir='ltr'><strong>rursus</strong></span> 
     </span>
    </p>
   </div>
   <div class='ocr_carea' id='block_1_23' title="bbox 1110 464 1902 502">
    <p class='ocr_par' dir='ltr' id='par_1_23' title="bbox 1110 464 1902 502">
     <span class='ocr_line' id='line_1_23' title="bbox 1110 464 1902 502; baseline 0.003 -10"><span class='ocrx_word' id='word_1_151' title='bbox 1110 464 1258 492; x_wconf 86' lang='lat' dir='ltr'><strong>divertere.</strong></span> <span class='ocrx_word' id='word_1_152' title='bbox 1273 465 1312 492; x_wconf 83' lang='lat' dir='ltr'><strong>Ne</strong></span> <span class='ocrx_word' id='word_1_153' title='bbox 1330 464 1448 493; x_wconf 85' lang='lat' dir='ltr'><strong>videaris</strong></span> <span class='ocrx_word' id='word_1_154' title='bbox 1460 473 1525 501; x_wconf 73' lang='lat' dir='ltr'><strong>ergo</strong></span> <span class='ocrx_word' id='word_1_155' title='bbox 1553 473 1706 502; x_wconf 68' lang='lat' dir='ltr'><strong>repugnare</strong></span> <span class='ocrx_word' id='word_1_156' title='bbox 1720 467 1825 502; x_wconf 81' lang='lat' dir='ltr'><strong>judicio</strong></span> <span class='ocrx_word' id='word_1_157' title='bbox 1850 467 1902 494; x_wconf 88' lang='lat' dir='ltr'><strong>Dei</strong></span> 
     </span>
    </p>
   </div>
   <div class='ocr_carea' id='block_1_24' title="bbox 1110 510 1901 548">
    <p class='ocr_par' dir='ltr' id='par_1_24' title="bbox 1110 510 1901 548">
     <span class='ocr_line' id='line_1_24' title="bbox 1110 510 1901 548; baseline 0.005 -11"><span class='ocrx_word' id='word_1_158' title='bbox 1110 515 1138 538; x_wconf 81' lang='lat' dir='ltr'><strong>et</strong></span> <span class='ocrx_word' id='word_1_159' title='bbox 1152 510 1298 544; x_wconf 83' lang='lat' dir='ltr'><strong>voluntati,</strong></span> <span class='ocrx_word' id='word_1_160' title='bbox 1313 519 1405 546; x_wconf 88' lang='lat' dir='ltr'><strong>neque</strong></span> <span class='ocrx_word' id='word_1_161' title='bbox 1419 512 1501 540; x_wconf 87' lang='lat' dir='ltr'><strong>nobis</strong></span> <span class='ocrx_word' id='word_1_162' title='bbox 1515 512 1622 539; x_wconf 82' lang='lat' dir='ltr'><strong>divinas</strong></span> <span class='ocrx_word' id='word_1_163' title='bbox 1633 513 1735 548; x_wconf 72' lang='lat' dir='ltr'><strong>gratias</strong></span> <span class='ocrx_word' id='word_1_164' title='bbox 1762 513 1901 541; x_wconf 81' lang='lat' dir='ltr'><strong>invideas.</strong></span> 
     </span>
    </p>
   </div>
   <div class='ocr_carea' id='block_1_25' title="bbox 1110 556 1900 593">
    <p class='ocr_par' dir='ltr' id='par_1_25' title="bbox 1110 556 1900 593">
     <span class='ocr_line' id='line_1_25' title="bbox 1110 556 1900 593; baseline 0.004 -9"><span class='ocrx_word' id='word_1_165' title='bbox 1110 556 1148 584; x_wconf 84' lang='lat' dir='ltr'><strong>Ne</strong></span> <span class='ocrx_word' id='word_1_166' title='bbox 1164 564 1215 585; x_wconf 92' lang='lat' dir='ltr'><strong>nos</strong></span> <span class='ocrx_word' id='word_1_167' title='bbox 1231 556 1306 585; x_wconf 78' lang='lat' dir='ltr'><strong>fonte</strong></span> <span class='ocrx_word' id='word_1_168' title='bbox 1321 558 1486 592; x_wconf 86' lang='lat' dir='ltr'><strong>privaveris,</strong></span> <span class='ocrx_word' id='word_1_169' title='bbox 1503 558 1548 593; x_wconf 87' lang='lat' dir='ltr'><strong>qui</strong></span> <span class='ocrx_word' id='word_1_170' title='bbox 1565 565 1620 585; x_wconf 91' lang='lat' dir='ltr'><strong>non</strong></span> <span class='ocrx_word' id='word_1_171' title='bbox 1641 558 1722 586; x_wconf 90' lang='lat' dir='ltr'><strong>nobis</strong></span> <span class='ocrx_word' id='word_1_172' title='bbox 1737 559 1826 592; x_wconf 66' lang='lat' dir='ltr'><strong>(solis,</strong></span> <span class='ocrx_word' id='word_1_173' title='bbox 1850 561 1900 587; x_wconf 82' lang='lat' dir='ltr'><strong>sed</strong></span> 
     </span>
    </p>
   </div>
   <div class='ocr_carea' id='block_1_26' title="bbox 1110 602 1902 640">
    <p class='ocr_par' dir='ltr' id='par_1_26' title="bbox 1110 602 1902 640">
     <span class='ocr_line' id='line_1_26' title="bbox 1110 602 1902 640; baseline 0.003 -11"><span class='ocrx_word' id='word_1_174' title='bbox 1110 603 1190 630; x_wconf 89' lang='lat' dir='ltr'><strong>etiam</strong></span> <span class='ocrx_word' id='word_1_175' title='bbox 1204 602 1386 630; x_wconf 86' lang='lat' dir='ltr'><strong>communiter</strong></span> <span class='ocrx_word' id='word_1_176' title='bbox 1399 602 1527 630; x_wconf 87' lang='lat' dir='ltr'><strong>omnibus</strong></span> <span class='ocrx_word' id='word_1_177' title='bbox 1543 608 1584 630; x_wconf 90' lang='lat' dir='ltr'><strong>est</strong></span> <span class='ocrx_word' id='word_1_178' title='bbox 1593 603 1628 631; x_wconf 84' lang='lat' dir='ltr'><strong>ad</strong></span> <span class='ocrx_word' id='word_1_179' title='bbox 1638 602 1784 631; x_wconf 79' lang='lat' dir='ltr'><strong>fruendum</strong></span> <span class='ocrx_word' id='word_1_180' title='bbox 1800 611 1902 640; x_wconf 85' lang='lat' dir='ltr'><strong>propo-</strong></span> 
     </span>
    </p>
   </div>
   <div class='ocr_carea' id='block_1_27' title="bbox 1109 648 1902 685">
    <p class='ocr_par' dir='ltr' id='par_1_27' title="bbox 1109 648 1902 685">
     <span class='ocr_line' id='line_1_27' title="bbox 1109 648 1902 685; baseline 0.003 -9"><span class='ocrx_word' id='word_1_181' title='bbox 1109 648 1189 676; x_wconf 88' lang='lat' dir='ltr'><strong>situs.</strong></span> <span class='ocrx_word' id='word_1_182' title='bbox 1214 648 1256 676; x_wconf 83' lang='lat' dir='ltr'><strong>Ad</strong></span> <span class='ocrx_word' id='word_1_183' title='bbox 1283 649 1399 683; x_wconf 75' lang='lat' dir='ltr'><strong>gloriam</strong></span> <span class='ocrx_word' id='word_1_184' title='bbox 1426 649 1474 676; x_wconf 92' lang='lat' dir='ltr'><strong>tibi</strong></span> <span class='ocrx_word' id='word_1_185' title='bbox 1487 648 1600 682; x_wconf 74' lang='lat' dir='ltr'><strong>sudicit,</strong></span> <span class='ocrx_word' id='word_1_186' title='bbox 1627 649 1701 684; x_wconf 90' lang='lat' dir='ltr'><strong>quod</strong></span> <span class='ocrx_word' id='word_1_187' title='bbox 1730 651 1792 685; x_wconf 89' lang='lat' dir='ltr'><strong>ejus</strong></span> <span class='ocrx_word' id='word_1_188' title='bbox 1811 656 1902 678; x_wconf 83' lang='lat' dir='ltr'><strong>mater</strong></span> 
     </span>
    </p>
   </div>
   <div class='ocr_carea' id='block_1_28' title="bbox 1108 695 1902 731">
    <p class='ocr_par' dir='ltr' id='par_1_28' title="bbox 1108 695 1902 731">
     <span class='ocr_line' id='line_1_28' title="bbox 1108 695 1902 731; baseline 0.003 -9"><span class='ocrx_word' id='word_1_189' title='bbox 1108 695 1280 730; x_wconf 86' lang='lat' dir='ltr'><strong>apparueris,</strong></span> <span class='ocrx_word' id='word_1_190' title='bbox 1300 696 1421 731; x_wconf 80' lang='lat' dir='ltr'><strong>decujus</strong></span> <span class='ocrx_word' id='word_1_191' title='bbox 1434 696 1517 723; x_wconf 83' lang='lat' dir='ltr'><strong>etiam</strong></span> <span class='ocrx_word' id='word_1_192' title='bbox 1542 699 1653 723; x_wconf 87' lang='lat' dir='ltr'><strong>mortuo</strong></span> <span class='ocrx_word' id='word_1_193' title='bbox 1676 702 1795 730; x_wconf 88' lang='lat' dir='ltr'><strong>corpore</strong></span> <span class='ocrx_word' id='word_1_194' title='bbox 1825 700 1902 724; x_wconf 77' lang='lat' dir='ltr'><strong>tanta</strong></span> 
     </span>
    </p>
   </div>
   <div class='ocr_carea' id='block_1_29' title="bbox 1108 741 1901 777">
    <p class='ocr_par' dir='ltr' id='par_1_29' title="bbox 1108 741 1901 777">
     <span class='ocr_line' id='line_1_29' title="bbox 1108 741 1901 777; baseline 0.003 -9"><span class='ocrx_word' id='word_1_195' title='bbox 1108 746 1150 768; x_wconf 88' lang='lat' dir='ltr'><strong>est</strong></span> <span class='ocrx_word' id='word_1_196' title='bbox 1176 742 1326 770; x_wconf 88' lang='lat' dir='ltr'><strong>contentio.</strong></span> <span class='ocrx_word' id='word_1_197' title='bbox 1362 741 1417 769; x_wconf 82' lang='lat' dir='ltr'><strong>Nos</strong></span> <span class='ocrx_word' id='word_1_198' title='bbox 1445 743 1566 777; x_wconf 84' lang='lat' dir='ltr'><strong>prlusex</strong></span> <span class='ocrx_word' id='word_1_199' title='bbox 1591 741 1644 769; x_wconf 80' lang='lat' dir='ltr'><strong>hac</strong></span> <span class='ocrx_word' id='word_1_200' title='bbox 1657 741 1778 776; x_wconf 78' lang='lat' dir='ltr'><strong>expelles</strong></span> <span class='ocrx_word' id='word_1_201' title='bbox 1799 742 1901 777; x_wconf 82' lang='lat' dir='ltr'><strong>patria,</strong></span> 
     </span>
    </p>
   </div>
   <div class='ocr_carea' id='block_1_30' title="bbox 1108 787 1902 824">
    <p class='ocr_par' dir='ltr' id='par_1_30' title="bbox 1108 787 1902 824">
     <span class='ocr_line' id='line_1_30' title="bbox 1108 787 1902 824; baseline 0.003 -10"><span class='ocrx_word' id='word_1_202' title='bbox 1108 795 1190 822; x_wconf 90' lang='lat' dir='ltr'><strong>quam</strong></span> <span class='ocrx_word' id='word_1_203' title='bbox 1203 787 1255 816; x_wconf 89' lang='lat' dir='ltr'><strong>hoc</strong></span> <span class='ocrx_word' id='word_1_204' title='bbox 1270 789 1343 816; x_wconf 84' lang='lat' dir='ltr'><strong>bone</strong></span> <span class='ocrx_word' id='word_1_205' title='bbox 1358 788 1438 816; x_wconf 88' lang='lat' dir='ltr'><strong>nobis</strong></span> <span class='ocrx_word' id='word_1_206' title='bbox 1454 796 1470 816; x_wconf 84' lang='lat' dir='ltr'><strong>a</strong></span> <span class='ocrx_word' id='word_1_207' title='bbox 1498 787 1555 816; x_wconf 87' lang='lat' dir='ltr'><strong>Deo</strong></span> <span class='ocrx_word' id='word_1_208' title='bbox 1575 788 1638 816; x_wconf 90' lang='lat' dir='ltr'><strong>dato</strong></span> <span class='ocrx_word' id='word_1_209' title='bbox 1661 793 1784 816; x_wconf 74' lang='lat' dir='ltr'><strong>nostram</strong></span> <span class='ocrx_word' id='word_1_210' title='bbox 1806 789 1902 824; x_wconf 75' lang='lat' dir='ltr'><strong>privos</strong></span> 
     </span>
    </p>
   </div>
   <div class='ocr_carea' id='block_1_31' title="bbox 1108 834 1901 870">
    <p class='ocr_par' dir='ltr' id='par_1_31' title="bbox 1108 834 1901 870">
     <span class='ocr_line' id='line_1_31' title="bbox 1108 834 1901 870; baseline 0.003 -10"><span class='ocrx_word' id='word_1_211' title='bbox 1108 835 1236 870; x_wconf 85' lang='lat' dir='ltr'><strong>patriam.</strong></span> <span class='ocrx_word' id='word_1_212' title='bbox 1256 834 1303 862; x_wconf 87' lang='lat' dir='ltr'><strong>Illa</strong></span> <span class='ocrx_word' id='word_1_213' title='bbox 1318 839 1464 870; x_wconf 78' lang='lat' dir='ltr'><strong>postquam</strong></span> <span class='ocrx_word' id='word_1_214' title='bbox 1484 834 1543 862; x_wconf 64' lang='lat' dir='ltr'><strong>haec</strong></span> <span class='ocrx_word' id='word_1_215' title='bbox 1559 834 1701 868; x_wconf 85' lang='lat' dir='ltr'><strong>audiisset,</strong></span> <span class='ocrx_word' id='word_1_216' title='bbox 1720 835 1813 863; x_wconf 81' lang='lat' dir='ltr'><strong>sciens</strong></span> <span class='ocrx_word' id='word_1_217' title='bbox 1838 841 1901 862; x_wconf 80' lang='lat' dir='ltr'><strong>esse</strong></span> 
     </span>
    </p>
   </div>
   <div class='ocr_carea' id='block_1_32' title="bbox 1108 878 1899 914">
    <p class='ocr_par' dir='ltr' id='par_1_32' title="bbox 1108 878 1899 914">
     <span class='ocr_line' id='line_1_32' title="bbox 1108 878 1899 914; baseline 0.003 -9"><span class='ocrx_word' id='word_1_218' title='bbox 1108 878 1160 905; x_wconf 81' lang='lat' dir='ltr'><strong>sibi</strong></span> <span class='ocrx_word' id='word_1_219' title='bbox 1190 878 1301 913; x_wconf 85' lang='lat' dir='ltr'><strong>aliquod</strong></span> <span class='ocrx_word' id='word_1_220' title='bbox 1343 879 1496 914; x_wconf 76' lang='lat' dir='ltr'><strong>sapientius</strong></span> <span class='ocrx_word' id='word_1_221' title='bbox 1531 878 1696 914; x_wconf 83' lang='lat' dir='ltr'><strong>capiendum</strong></span> <span class='ocrx_word' id='word_1_222' title='bbox 1738 880 1899 913; x_wconf 84' lang='lat' dir='ltr'><strong>consilium,</strong></span> 
     </span>
    </p>
   </div>
   <div class='ocr_carea' id='block_1_33' title="bbox 267 919 1900 965">
    <p class='ocr_par' dir='ltr' id='par_1_33' title="bbox 267 919 1900 965">
     <span class='ocr_line' id='line_1_33' title="bbox 267 919 1900 965; baseline -0.002 -8"><span class='ocrx_word' id='word_1_223' title='bbox 267 929 367 965; x_wconf 84' lang='lat' dir='ltr'><strong>turam)</strong></span> <span class='ocrx_word' id='word_1_224' title='bbox 378 934 458 964; x_wconf 84' lang='lat' dir='ltr'><strong>atque</strong></span> <span class='ocrx_word' id='word_1_225' title='bbox 471 929 493 955; x_wconf 87' lang='lat' dir='ltr'><strong>si</strong></span> <span class='ocrx_word' id='word_1_226' title='bbox 505 927 622 955; x_wconf 76' lang='lat' dir='ltr'><strong>fuissent</strong></span> <span class='ocrx_word' id='word_1_227' title='bbox 638 927 733 962; x_wconf 76' lang='lat' dir='ltr'><strong>posita:</strong></span> <span class='ocrx_word' id='word_1_228' title='bbox 753 926 780 953; x_wconf 89' lang='lat' dir='ltr'><strong>in</strong></span> <span class='ocrx_word' id='word_1_229' title='bbox 793 933 866 958; x_wconf 86' lang='lat' dir='ltr'><strong>arca,</strong></span> <span class='ocrx_word' id='word_1_230' title='bbox 893 929 920 953; x_wconf 90' lang='lat' dir='ltr'><strong>et</strong></span> <span class='ocrx_word' id='word_1_231' title='bbox 933 925 1051 961; x_wconf 73' lang='lat' dir='ltr'><strong>diligen-</strong></span> <span class='ocrx_word' id='word_1_232' title='bbox 1065 919 1089 948; x_wconf 82' lang='grc' dir='ltr'><strong>Β</strong></span> <span class='ocrx_word' id='word_1_233' title='bbox 1105 924 1219 960; x_wconf 86' lang='lat' dir='ltr'><strong>quievit.</strong></span> <span class='ocrx_word' id='word_1_234' title='bbox 1235 924 1339 952; x_wconf 84' lang='lat' dir='ltr'><strong>Deinde</strong></span> <span class='ocrx_word' id='word_1_235' title='bbox 1357 929 1448 953; x_wconf 86' lang='lat' dir='ltr'><strong>autem</strong></span> <span class='ocrx_word' id='word_1_236' title='bbox 1464 925 1664 960; x_wconf 77' lang='lat' dir='ltr'><strong>cnmjussisset</strong></span> <span class='ocrx_word' id='word_1_237' title='bbox 1679 933 1776 954; x_wconf 84' lang='lat' dir='ltr'><strong>omnes</strong></span> <span class='ocrx_word' id='word_1_238' title='bbox 1795 925 1900 960; x_wconf 81' lang='lat' dir='ltr'><strong>valere,</strong></span> 
     </span>
    </p>
   </div>
   <div class='ocr_carea' id='block_1_34' title="bbox 266 970 1053 1006">
    <p class='ocr_par' dir='ltr' id='par_1_34' title="bbox 266 970 1053 1006">
     <span class='ocr_line' id='line_1_34' title="bbox 266 970 1053 1006; baseline -0.008 -3"><span class='ocrx_word' id='word_1_239' title='bbox 266 981 308 1003; x_wconf 90' lang='lat' dir='ltr'><strong>tcr</strong></span> <span class='ocrx_word' id='word_1_240' title='bbox 321 974 472 1003; x_wconf 66' lang='lat' dir='ltr'><strong>custodita.</strong></span> <span class='ocrx_word' id='word_1_241' title='bbox 494 972 542 1000; x_wconf 89' lang='lat' dir='ltr'><strong>Est</strong></span> <span class='ocrx_word' id='word_1_242' title='bbox 558 973 674 999; x_wconf 84' lang='lat' dir='ltr'><strong>mortuis</strong></span> <span class='ocrx_word' id='word_1_243' title='bbox 688 971 850 1006; x_wconf 85' lang='lat' dir='ltr'><strong>corporibus</strong></span> <span class='ocrx_word' id='word_1_244' title='bbox 864 978 899 998; x_wconf 88' lang='lat' dir='ltr'><strong>ex</strong></span> <span class='ocrx_word' id='word_1_245' title='bbox 928 978 958 998; x_wconf 88' lang='lat' dir='ltr'><strong>se</strong></span> <span class='ocrx_word' id='word_1_246' title='bbox 986 970 1053 1005; x_wconf 88' lang='lat' dir='ltr'><strong>quid</strong></span> 
     </span>
    </p>
   </div>
   <div class='ocr_carea' id='block_1_35' title="bbox 265 1016 1054 1057">
    <p class='ocr_par' dir='ltr' id='par_1_35' title="bbox 265 1016 1054 1057">
     <span class='ocr_line' id='line_1_35' title="bbox 265 1016 1054 1057; baseline -0.009 -8"><span class='ocrx_word' id='word_1_247' title='bbox 265 1020 442 1057; x_wconf 80' lang='lat' dir='ltr'><strong>injucundunt</strong></span> <span class='ocrx_word' id='word_1_248' title='bbox 457 1027 488 1047; x_wconf 90' lang='lat' dir='ltr'><strong>ac</strong></span> <span class='ocrx_word' id='word_1_249' title='bbox 506 1023 616 1046; x_wconf 87' lang='lat' dir='ltr'><strong>tetrum.</strong></span> <span class='ocrx_word' id='word_1_250' title='bbox 645 1017 693 1045; x_wconf 82' lang='lat' dir='ltr'><strong>Est</strong></span> <span class='ocrx_word' id='word_1_251' title='bbox 711 1016 833 1044; x_wconf 82' lang='lat' dir='ltr'><strong>vestibus</strong></span> <span class='ocrx_word' id='word_1_252' title='bbox 859 1024 967 1051; x_wconf 87' lang='lat' dir='ltr'><strong>quoque</strong></span> <span class='ocrx_word' id='word_1_253' title='bbox 993 1023 1054 1050; x_wconf 70' lang='lat' dir='ltr'><strong>qua:</strong></span> 
     </span>
    </p>
   </div>
   <div class='ocr_carea' id='block_1_36' title="bbox 265 1061 1053 1102">
    <p class='ocr_par' dir='ltr' id='par_1_36' title="bbox 265 1061 1053 1102">
     <span class='ocr_line' id='line_1_36' title="bbox 265 1061 1053 1102; baseline -0.009 -7"><span class='ocrx_word' id='word_1_254' title='bbox 265 1067 345 1102; x_wconf 72' lang='lat' dir='ltr'><strong>longo</strong></span> <span class='ocrx_word' id='word_1_255' title='bbox 361 1065 647 1101; x_wconf 83' lang='lat' dir='ltr'><strong>tcmporejacuerunt,</strong></span> <span class='ocrx_word' id='word_1_256' title='bbox 667 1067 694 1090; x_wconf 90' lang='lat' dir='ltr'><strong>et</strong></span> <span class='ocrx_word' id='word_1_257' title='bbox 714 1063 775 1090; x_wconf 85' lang='lat' dir='ltr'><strong>aliis</strong></span> <span class='ocrx_word' id='word_1_258' title='bbox 800 1061 933 1098; x_wconf 86' lang='lat' dir='ltr'><strong>ejusmodi</strong></span> <span class='ocrx_word' id='word_1_259' title='bbox 955 1061 1053 1090; x_wconf 81' lang='lat' dir='ltr'><strong>&#39;malus</strong></span> 
     </span>
    </p>
   </div>
   <div class='ocr_carea' id='block_1_37' title="bbox 265 1108 1053 1150">
    <p class='ocr_par' dir='ltr' id='par_1_37' title="bbox 265 1108 1053 1150">
     <span class='ocr_line' id='line_1_37' title="bbox 265 1108 1053 1150; baseline -0.01 -8"><span class='ocrx_word' id='word_1_260' title='bbox 265 1113 375 1150; x_wconf 88' lang='lat' dir='ltr'><strong>quidam</strong></span> <span class='ocrx_word' id='word_1_261' title='bbox 389 1113 467 1144; x_wconf 91' lang='lat' dir='ltr'><strong>odor,</strong></span> <span class='ocrx_word' id='word_1_262' title='bbox 483 1116 510 1138; x_wconf 92' lang='lat' dir='ltr'><strong>ct</strong></span> <span class='ocrx_word' id='word_1_263' title='bbox 522 1111 568 1145; x_wconf 90' lang='lat' dir='ltr'><strong>qui</strong></span> <span class='ocrx_word' id='word_1_264' title='bbox 586 1110 702 1138; x_wconf 74' lang='lat' dir='ltr'><strong>oﬁendit</strong></span> <span class='ocrx_word' id='word_1_265' title='bbox 719 1109 874 1138; x_wconf 86' lang='lat' dir='ltr'><strong>odoratum.</strong></span> <span class='ocrx_word' id='word_1_266' title='bbox 890 1108 947 1136; x_wconf 91' lang='lat' dir='ltr'><strong>lllic</strong></span> <span class='ocrx_word' id='word_1_267' title='bbox 961 1112 1053 1135; x_wconf 86' lang='lat' dir='ltr'><strong>autem</strong></span> 
     </span>
    </p>
   </div>
   <div class='ocr_carea' id='block_1_38' title="bbox 264 1153 1053 1195">
    <p class='ocr_par' dir='ltr' id='par_1_38' title="bbox 264 1153 1053 1195">
     <span class='ocr_line' id='line_1_38' title="bbox 264 1153 1053 1195; baseline -0.009 -8"><span class='ocrx_word' id='word_1_268' title='bbox 264 1160 333 1188; x_wconf 83' lang='lat' dir='ltr'><strong>nihil</strong></span> <span class='ocrx_word' id='word_1_269' title='bbox 345 1158 491 1195; x_wconf 82' lang='lat' dir='ltr'><strong>ejusmodi,</strong></span> <span class='ocrx_word' id='word_1_270' title='bbox 505 1158 552 1186; x_wconf 85' lang='lat' dir='ltr'><strong>sed</strong></span> <span class='ocrx_word' id='word_1_271' title='bbox 569 1159 656 1185; x_wconf 90' lang='lat' dir='ltr'><strong>bonus</strong></span> <span class='ocrx_word' id='word_1_272' title='bbox 671 1156 750 1189; x_wconf 88' lang='lat' dir='ltr'><strong>odor,</strong></span> <span class='ocrx_word' id='word_1_273' title='bbox 768 1160 796 1183; x_wconf 90' lang='lat' dir='ltr'><strong>et</strong></span> <span class='ocrx_word' id='word_1_274' title='bbox 806 1155 906 1191; x_wconf 74' lang='lat' dir='ltr'><strong>gratia,</strong></span> <span class='ocrx_word' id='word_1_275' title='bbox 927 1159 954 1182; x_wconf 88' lang='lat' dir='ltr'><strong>ct</strong></span> <span class='ocrx_word' id='word_1_276' title='bbox 976 1153 1053 1181; x_wconf 88' lang='lat' dir='ltr'><strong>dele-</strong></span> 
     </span>
    </p>
   </div>
   <div class='ocr_carea' id='block_1_39' title="bbox 264 1200 1050 1241">
    <p class='ocr_par' dir='ltr' id='par_1_39' title="bbox 264 1200 1050 1241">
     <span class='ocr_line' id='line_1_39' title="bbox 264 1200 1050 1241; baseline -0.008 -7"><span class='ocrx_word' id='word_1_277' title='bbox 264 1206 358 1239; x_wconf 83' lang='lat' dir='ltr'><strong>ctatio,</strong></span> <span class='ocrx_word' id='word_1_278' title='bbox 374 1210 500 1241; x_wconf 84' lang='lat' dir='ltr'><strong>tanquam</strong></span> <span class='ocrx_word' id='word_1_279' title='bbox 511 1212 567 1232; x_wconf 84' lang='lat' dir='ltr'><strong>non</strong></span> <span class='ocrx_word' id='word_1_280' title='bbox 586 1202 694 1239; x_wconf 78' lang='lat' dir='ltr'><strong>aliquod</strong></span> <span class='ocrx_word' id='word_1_281' title='bbox 709 1202 865 1238; x_wconf 88' lang='lat' dir='ltr'><strong>sepulcrum</strong></span> <span class='ocrx_word' id='word_1_282' title='bbox 879 1205 907 1228; x_wconf 92' lang='lat' dir='ltr'><strong>et</strong></span> <span class='ocrx_word' id='word_1_283' title='bbox 932 1200 1050 1232; x_wconf 79' lang='lat' dir='ltr'><strong>loculus.</strong></span> 
     </span>
    </p>
   </div>
   <div class='ocr_carea' id='block_1_40' title="bbox 265 1246 1052 1286">
    <p class='ocr_par' dir='ltr' id='par_1_40' title="bbox 265 1246 1052 1286">
     <span class='ocr_line' id='line_1_40' title="bbox 265 1246 1052 1286; baseline -0.01 -5"><span class='ocrx_word' id='word_1_284' title='bbox 265 1253 313 1282; x_wconf 83' lang='lat' dir='ltr'><strong>sed</strong></span> <span class='ocrx_word' id='word_1_285' title='bbox 326 1252 421 1280; x_wconf 87' lang='lat' dir='ltr'><strong>hortus</strong></span> <span class='ocrx_word' id='word_1_286' title='bbox 440 1255 512 1279; x_wconf 82' lang='lat' dir='ltr'><strong>esset</strong></span> <span class='ocrx_word' id='word_1_287' title='bbox 524 1255 645 1286; x_wconf 89' lang='lat' dir='ltr'><strong>apertus.</strong></span> <span class='ocrx_word' id='word_1_288' title='bbox 661 1248 815 1276; x_wconf 88' lang='lat' dir='ltr'><strong>Probantur</strong></span> <span class='ocrx_word' id='word_1_289' title='bbox 828 1255 859 1275; x_wconf 87' lang='lat' dir='ltr'><strong>ea</strong></span> <span class='ocrx_word' id='word_1_290' title='bbox 882 1254 942 1282; x_wconf 63' lang='lat' dir='ltr'><strong>quae</strong></span> <span class='ocrx_word' id='word_1_291' title='bbox 978 1246 1052 1277; x_wconf 78' lang='lat' dir='ltr'><strong>dicta</strong></span> 
     </span>
    </p>
   </div>
   <div class='ocr_carea' id='block_1_41' title="bbox 264 1294 1052 1334">
    <p class='ocr_par' dir='ltr' id='par_1_41' title="bbox 264 1294 1052 1334">
     <span class='ocr_line' id='line_1_41' title="bbox 264 1294 1052 1334; baseline -0.009 -7"><span class='ocrx_word' id='word_1_292' title='bbox 264 1304 339 1330; x_wconf 76' lang='lat' dir='ltr'><strong>sunt,</strong></span> <span class='ocrx_word' id='word_1_293' title='bbox 356 1304 384 1326; x_wconf 90' lang='lat' dir='ltr'><strong>et</strong></span> <span class='ocrx_word' id='word_1_294' title='bbox 398 1297 472 1334; x_wconf 90' lang='lat' dir='ltr'><strong>quod</strong></span> <span class='ocrx_word' id='word_1_295' title='bbox 486 1304 585 1332; x_wconf 88' lang='lat' dir='ltr'><strong>corpus</strong></span> <span class='ocrx_word' id='word_1_296' title='bbox 602 1299 676 1323; x_wconf 87' lang='lat' dir='ltr'><strong>esset</strong></span> <span class='ocrx_word' id='word_1_297' title='bbox 690 1295 781 1323; x_wconf 85' lang='lat' dir='ltr'><strong>adhuc</strong></span> <span class='ocrx_word' id='word_1_298' title='bbox 797 1294 934 1329; x_wconf 77' lang='lat' dir='ltr'><strong>integrum</strong></span> <span class='ocrx_word' id='word_1_299' title='bbox 957 1297 984 1320; x_wconf 88' lang='lat' dir='ltr'><strong>et</strong></span> <span class='ocrx_word' id='word_1_300' title='bbox 1007 1300 1052 1320; x_wconf 90' lang='lat' dir='ltr'><strong>re-</strong></span> 
     </span>
    </p>
   </div>
   <div class='ocr_carea' id='block_1_42' title="bbox 263 1341 683 1378">
    <p class='ocr_par' dir='ltr' id='par_1_42' title="bbox 263 1341 683 1378">
     <span class='ocr_line' id='line_1_42' title="bbox 263 1341 683 1378; baseline -0.012 -5"><span class='ocrx_word' id='word_1_301' title='bbox 263 1352 341 1378; x_wconf 86' lang='lat' dir='ltr'><strong>cens,</strong></span> <span class='ocrx_word' id='word_1_302' title='bbox 356 1352 388 1372; x_wconf 86' lang='lat' dir='ltr'><strong>ex</strong></span> <span class='ocrx_word' id='word_1_303' title='bbox 398 1344 451 1371; x_wconf 88' lang='lat' dir='ltr'><strong>hoc</strong></span> <span class='ocrx_word' id='word_1_304' title='bbox 465 1342 538 1378; x_wconf 89' lang='lat' dir='ltr'><strong>quod</strong></span> <span class='ocrx_word' id='word_1_305' title='bbox 550 1341 683 1377; x_wconf 85' lang='lat' dir='ltr'><strong>sequitur.</strong></span> 
     </span>
    </p>
   </div>
   <div class='ocr_carea' id='block_1_43' title="bbox 298 1386 1051 1423">
    <p class='ocr_par' dir='ltr' id='par_1_43' title="bbox 298 1386 1051 1423">
     <span class='ocr_line' id='line_1_43' title="bbox 298 1386 1051 1423; baseline -0.008 -5"><span class='ocrx_word' id='word_1_306' title='bbox 298 1390 369 1419; x_wconf 82' lang='lat' dir='ltr'><strong>XIV.</strong></span> <span class='ocrx_word' id='word_1_307' title='bbox 386 1389 500 1423; x_wconf 83' lang='lat' dir='ltr'><strong>Quidam</strong></span> <span class='ocrx_word' id='word_1_308' title='bbox 519 1387 682 1420; x_wconf 83' lang='lat' dir='ltr'><strong>monachus,</strong></span> <span class='ocrx_word' id='word_1_309' title='bbox 698 1386 799 1421; x_wconf 88' lang='lat' dir='ltr'><strong>.loseph</strong></span> <span class='ocrx_word' id='word_1_310' title='bbox 821 1386 943 1419; x_wconf 85' lang='lat' dir='ltr'><strong>nomine,</strong></span> <span class='ocrx_word' id='word_1_311' title='bbox 961 1392 1051 1413; x_wconf 85' lang='lat' dir='ltr'><strong>sacer—</strong></span> 
     </span>
    </p>
   </div>
   <div class='ocr_carea' id='block_1_44' title="bbox 263 1432 1050 1473">
    <p class='ocr_par' dir='ltr' id='par_1_44' title="bbox 263 1432 1050 1473">
     <span class='ocr_line' id='line_1_44' title="bbox 263 1432 1050 1473; baseline -0.009 -7"><span class='ocrx_word' id='word_1_312' title='bbox 263 1439 323 1472; x_wconf 90' lang='lat' dir='ltr'><strong>dos,</strong></span> <span class='ocrx_word' id='word_1_313' title='bbox 333 1442 359 1465; x_wconf 80' lang='lat' dir='ltr'><strong>et</strong></span> <span class='ocrx_word' id='word_1_314' title='bbox 365 1435 514 1473; x_wconf 63' lang='lat' dir='ltr'><strong>quipictati</strong></span> <span class='ocrx_word' id='word_1_315' title='bbox 523 1435 662 1466; x_wconf 87' lang='lat' dir='ltr'><strong>studebat,</strong></span> <span class='ocrx_word' id='word_1_316' title='bbox 676 1442 737 1461; x_wconf 88' lang='lat' dir='ltr'><strong>cum</strong></span> <span class='ocrx_word' id='word_1_317' title='bbox 750 1438 815 1460; x_wconf 88' lang='lat' dir='ltr'><strong>tunc</strong></span> <span class='ocrx_word' id='word_1_318' title='bbox 825 1433 944 1465; x_wconf 77' lang='lat' dir='ltr'><strong>adesset,</strong></span> <span class='ocrx_word' id='word_1_319' title='bbox 956 1432 1050 1467; x_wconf 82' lang='lat' dir='ltr'><strong>subje-</strong></span> 
     </span>
    </p>
   </div>
   <div class='ocr_carea' id='block_1_45' title="bbox 262 1477 1051 1514">
    <p class='ocr_par' dir='ltr' id='par_1_45' title="bbox 262 1477 1051 1514">
     <span class='ocr_line' id='line_1_45' title="bbox 262 1477 1051 1514; baseline -0.01 -3"><span class='ocrx_word' id='word_1_320' title='bbox 262 1483 314 1511; x_wconf 85' lang='lat' dir='ltr'><strong>ctis</strong></span> <span class='ocrx_word' id='word_1_321' title='bbox 327 1481 463 1514; x_wconf 79' lang='lat' dir='ltr'><strong>manibus,</strong></span> <span class='ocrx_word' id='word_1_322' title='bbox 478 1485 505 1508; x_wconf 93' lang='lat' dir='ltr'><strong>et</strong></span> <span class='ocrx_word' id='word_1_323' title='bbox 519 1479 660 1514; x_wconf 76' lang='lat' dir='ltr'><strong>amplexus</strong></span> <span class='ocrx_word' id='word_1_324' title='bbox 669 1483 820 1509; x_wconf 86' lang='lat' dir='ltr'><strong>mortuum,</strong></span> <span class='ocrx_word' id='word_1_325' title='bbox 832 1478 983 1505; x_wconf 88' lang='lat' dir='ltr'><strong>conabatur</strong></span> <span class='ocrx_word' id='word_1_326' title='bbox 996 1477 1051 1504; x_wconf 84' lang='lat' dir='ltr'><strong>eri-</strong></span> 
     </span>
    </p>
   </div>
   <div class='ocr_carea' id='block_1_46' title="bbox 262 1523 1050 1565">
    <p class='ocr_par' dir='ltr' id='par_1_46' title="bbox 262 1523 1050 1565">
     <span class='ocr_line' id='line_1_46' title="bbox 262 1523 1050 1565; baseline -0.009 -8"><span class='ocrx_word' id='word_1_327' title='bbox 262 1528 386 1565; x_wconf 68' lang='lat' dir='ltr'><strong>gereJlle</strong></span> <span class='ocrx_word' id='word_1_328' title='bbox 395 1533 487 1555; x_wconf 84' lang='lat' dir='ltr'><strong>autem</strong></span> <span class='ocrx_word' id='word_1_329' title='bbox 503 1526 650 1554; x_wconf 80' lang='lat' dir='ltr'><strong>cedebatet</strong></span> <span class='ocrx_word' id='word_1_330' title='bbox 658 1524 806 1552; x_wconf 83' lang='lat' dir='ltr'><strong>videbatur</strong></span> <span class='ocrx_word' id='word_1_331' title='bbox 817 1531 925 1558; x_wconf 69' lang='lat' dir='ltr'><strong>parere,</strong></span> <span class='ocrx_word' id='word_1_332' title='bbox 937 1528 965 1550; x_wconf 91' lang='lat' dir='ltr'><strong>et</strong></span> <span class='ocrx_word' id='word_1_333' title='bbox 976 1523 1050 1558; x_wconf 88' lang='lat' dir='ltr'><strong>seip-</strong></span> 
     </span>
    </p>
   </div>
   <div class='ocr_carea' id='block_1_47' title="bbox 263 1569 1048 1605">
    <p class='ocr_par' dir='ltr' id='par_1_47' title="bbox 263 1569 1048 1605">
     <span class='ocr_line' id='line_1_47' title="bbox 263 1569 1048 1605; baseline -0.006 -3"><span class='ocrx_word' id='word_1_334' title='bbox 263 1583 324 1602; x_wconf 89' lang='lat' dir='ltr'><strong>sum</strong></span> <span class='ocrx_word' id='word_1_335' title='bbox 351 1575 470 1601; x_wconf 86' lang='lat' dir='ltr'><strong>tradere.</strong></span> <span class='ocrx_word' id='word_1_336' title='bbox 480 1570 753 1605; x_wconf 79' lang='lat' dir='ltr'><strong>Erectusitaque,iuit</strong></span> <span class='ocrx_word' id='word_1_337' title='bbox 763 1569 855 1597; x_wconf 79' lang='lat' dir='ltr'><strong>virillc</strong></span> <span class='ocrx_word' id='word_1_338' title='bbox 871 1569 1048 1602; x_wconf 75' lang='lat' dir='ltr'><strong>admirabilis,</strong></span> 
     </span>
    </p>
   </div>
   <div class='ocr_carea' id='block_1_48' title="bbox 261 1614 1049 1652">
    <p class='ocr_par' dir='ltr' id='par_1_48' title="bbox 261 1614 1049 1652">
     <span class='ocr_line' id='line_1_48' title="bbox 261 1614 1049 1652; baseline -0.008 -6"><span class='ocrx_word' id='word_1_339' title='bbox 261 1619 384 1646; x_wconf 84' lang='lat' dir='ltr'><strong>articulis</strong></span> <span class='ocrx_word' id='word_1_340' title='bbox 401 1622 428 1645; x_wconf 92' lang='lat' dir='ltr'><strong>et</strong></span> <span class='ocrx_word' id='word_1_341' title='bbox 437 1616 614 1652; x_wconf 66' lang='lat' dir='ltr'><strong>compagibus</strong></span> <span class='ocrx_word' id='word_1_342' title='bbox 627 1620 700 1642; x_wconf 90' lang='lat' dir='ltr'><strong>recte</strong></span> <span class='ocrx_word' id='word_1_343' title='bbox 715 1614 788 1642; x_wconf 89' lang='lat' dir='ltr'><strong>inter</strong></span> <span class='ocrx_word' id='word_1_344' title='bbox 799 1622 861 1642; x_wconf 83' lang='lat' dir='ltr'><strong>sese</strong></span> <span class='ocrx_word' id='word_1_345' title='bbox 871 1614 1049 1641; x_wconf 83' lang='lat' dir='ltr'><strong>habentibus.</strong></span> 
     </span>
    </p>
   </div>
   <div class='ocr_carea' id='block_1_49' title="bbox 262 1660 1051 1698">
    <p class='ocr_par' dir='ltr' id='par_1_49' title="bbox 262 1660 1051 1698">
     <span class='ocr_line' id='line_1_49' title="bbox 262 1660 1051 1698; baseline -0.009 -5"><span class='ocrx_word' id='word_1_346' title='bbox 262 1664 338 1698; x_wconf 86' lang='lat' dir='ltr'><strong>Quod</strong></span> <span class='ocrx_word' id='word_1_347' title='bbox 353 1672 416 1692; x_wconf 89' lang='lat' dir='ltr'><strong>cum</strong></span> <span class='ocrx_word' id='word_1_348' title='bbox 433 1663 544 1691; x_wconf 69' lang='lat' dir='ltr'><strong>vidisset</strong></span> <span class='ocrx_word' id='word_1_349' title='bbox 559 1661 710 1696; x_wconf 79' lang='lat' dir='ltr'><strong>presbyter,</strong></span> <span class='ocrx_word' id='word_1_350' title='bbox 728 1665 755 1687; x_wconf 90' lang='lat' dir='ltr'><strong>et</strong></span> <span class='ocrx_word' id='word_1_351' title='bbox 774 1664 849 1687; x_wconf 83' lang='lat' dir='ltr'><strong>metu</strong></span> <span class='ocrx_word' id='word_1_352' title='bbox 864 1666 936 1687; x_wconf 77' lang='lat' dir='ltr'><strong>esse;</strong></span> <span class='ocrx_word' id='word_1_353' title='bbox 962 1660 1051 1694; x_wconf 84' lang='lat' dir='ltr'><strong>reple-</strong></span> 
     </span>
    </p>
   </div>
   <div class='ocr_carea' id='block_1_50' title="bbox 264 1704 1051 1744">
    <p class='ocr_par' dir='ltr' id='par_1_50' title="bbox 264 1704 1051 1744">
     <span class='ocr_line' id='line_1_50' title="bbox 264 1704 1051 1744; baseline -0.009 -7"><span class='ocrx_word' id='word_1_354' title='bbox 264 1716 317 1742; x_wconf 84' lang='lat' dir='ltr'><strong>tus,</strong></span> <span class='ocrx_word' id='word_1_355' title='bbox 334 1709 437 1744; x_wconf 79' lang='lat' dir='ltr'><strong>rogavit</strong></span> <span class='ocrx_word' id='word_1_356' title='bbox 459 1711 489 1735; x_wconf 88' lang='lat' dir='ltr'><strong>ut</strong></span> <span class='ocrx_word' id='word_1_357' title='bbox 504 1707 676 1742; x_wconf 84' lang='lat' dir='ltr'><strong>permitteret</strong></span> <span class='ocrx_word' id='word_1_358' title='bbox 691 1713 722 1734; x_wconf 88' lang='lat' dir='ltr'><strong>ea</strong></span> <span class='ocrx_word' id='word_1_359' title='bbox 742 1705 861 1738; x_wconf 87' lang='lat' dir='ltr'><strong>anl&#39;erre,</strong></span> <span class='ocrx_word' id='word_1_360' title='bbox 878 1704 977 1738; x_wconf 90' lang='lat' dir='ltr'><strong>quibus</strong></span> <span class='ocrx_word' id='word_1_361' title='bbox 993 1709 1051 1731; x_wconf 83' lang='lat' dir='ltr'><strong>erat</strong></span> 
     </span>
    </p>
   </div>
   <div class='ocr_carea' id='block_1_51' title="bbox 261 1749 1052 1788">
    <p class='ocr_par' dir='ltr' id='par_1_51' title="bbox 261 1749 1052 1788">
     <span class='ocr_line' id='line_1_51' title="bbox 261 1749 1052 1788; baseline -0.009 -6"><span class='ocrx_word' id='word_1_362' title='bbox 261 1754 384 1782; x_wconf 92' lang='lat' dir='ltr'><strong>indutus.</strong></span> <span class='ocrx_word' id='word_1_363' title='bbox 401 1753 461 1788; x_wconf 88' lang='lat' dir='ltr'><strong>ipse</strong></span> <span class='ocrx_word' id='word_1_364' title='bbox 473 1756 569 1779; x_wconf 79' lang='lat' dir='ltr'><strong>autent</strong></span> <span class='ocrx_word' id='word_1_365' title='bbox 580 1758 677 1778; x_wconf 78' lang='lat' dir='ltr'><strong>rursus</strong></span> <span class='ocrx_word' id='word_1_366' title='bbox 689 1750 789 1786; x_wconf 88' lang='lat' dir='ltr'><strong>paruit,</strong></span> <span class='ocrx_word' id='word_1_367' title='bbox 803 1755 831 1777; x_wconf 89' lang='lat' dir='ltr'><strong>ct</strong></span> <span class='ocrx_word' id='word_1_368' title='bbox 862 1757 958 1776; x_wconf 77' lang='lat' dir='ltr'><strong>manus</strong></span> <span class='ocrx_word' id='word_1_369' title='bbox 970 1749 1052 1776; x_wconf 83' lang='lat' dir='ltr'><strong>remi—</strong></span> 
     </span>
    </p>
   </div>
   <div class='ocr_carea' id='block_1_52' title="bbox 262 1795 1049 1834">
    <p class='ocr_par' dir='ltr' id='par_1_52' title="bbox 262 1795 1049 1834">
     <span class='ocr_line' id='line_1_52' title="bbox 262 1795 1049 1834; baseline -0.008 -7"><span class='ocrx_word' id='word_1_370' title='bbox 262 1800 297 1827; x_wconf 83' lang='lat' dir='ltr'><strong>sit</strong></span> <span class='ocrx_word' id='word_1_371' title='bbox 315 1798 477 1834; x_wconf 82' lang='lat' dir='ltr'><strong>presbytero</strong></span> <span class='ocrx_word' id='word_1_372' title='bbox 489 1802 517 1825; x_wconf 91' lang='lat' dir='ltr'><strong>et</strong></span> <span class='ocrx_word' id='word_1_373' title='bbox 545 1796 642 1832; x_wconf 87' lang='lat' dir='ltr'><strong>pedes,</strong></span> <span class='ocrx_word' id='word_1_374' title='bbox 665 1796 737 1824; x_wconf 87' lang='lat' dir='ltr'><strong>utiis</strong></span> <span class='ocrx_word' id='word_1_375' title='bbox 750 1800 874 1822; x_wconf 85' lang='lat' dir='ltr'><strong>uteretur</strong></span> <span class='ocrx_word' id='word_1_376' title='bbox 903 1799 931 1822; x_wconf 90' lang='lat' dir='ltr'><strong>ut</strong></span> <span class='ocrx_word' id='word_1_377' title='bbox 960 1795 1049 1822; x_wconf 79' lang='lat' dir='ltr'><strong>vellet.</strong></span> 
     </span>
    </p>
   </div>
   <div class='ocr_carea' id='block_1_53' title="bbox 261 1841 1048 1880">
    <p class='ocr_par' dir='ltr' id='par_1_53' title="bbox 261 1841 1048 1880">
     <span class='ocr_line' id='line_1_53' title="bbox 261 1841 1048 1880; baseline -0.006 -8"><span class='ocrx_word' id='word_1_378' title='bbox 261 1845 343 1872; x_wconf 77' lang='lat' dir='ltr'><strong>Exuit</strong></span> <span class='ocrx_word' id='word_1_379' title='bbox 366 1851 431 1880; x_wconf 80' lang='lat' dir='ltr'><strong>ergo</strong></span> <span class='ocrx_word' id='word_1_380' title='bbox 457 1851 520 1871; x_wconf 89' lang='lat' dir='ltr'><strong>eum</strong></span> <span class='ocrx_word' id='word_1_381' title='bbox 544 1842 674 1870; x_wconf 85' lang='lat' dir='ltr'><strong>sacerdos</strong></span> <span class='ocrx_word' id='word_1_382' title='bbox 699 1841 805 1874; x_wconf 80' lang='lat' dir='ltr'><strong>tunica,</strong></span> <span class='ocrx_word' id='word_1_383' title='bbox 832 1846 860 1868; x_wconf 92' lang='lat' dir='ltr'><strong>et</strong></span> <span class='ocrx_word' id='word_1_384' title='bbox 884 1849 946 1868; x_wconf 88' lang='lat' dir='ltr'><strong>eum</strong></span> <span class='ocrx_word' id='word_1_385' title='bbox 961 1841 1048 1868; x_wconf 82' lang='lat' dir='ltr'><strong>altera</strong></span> 
     </span>
    </p>
   </div>
   <div class='ocr_carea' id='block_1_54' title="bbox 261 1887 1048 1926">
    <p class='ocr_par' dir='ltr' id='par_1_54' title="bbox 261 1887 1048 1926">
     <span class='ocr_line' id='line_1_54' title="bbox 261 1887 1048 1926; baseline -0.006 -7"><span class='ocrx_word' id='word_1_386' title='bbox 261 1891 359 1920; x_wconf 89' lang='lat' dir='ltr'><strong>induit.</strong></span> <span class='ocrx_word' id='word_1_387' title='bbox 371 1891 392 1918; x_wconf 84' lang='lat' dir='ltr'><strong>A</strong></span> <span class='ocrx_word' id='word_1_388' title='bbox 408 1890 522 1926; x_wconf 85' lang='lat' dir='ltr'><strong>pedibus</strong></span> <span class='ocrx_word' id='word_1_389' title='bbox 547 1896 611 1916; x_wconf 84' lang='lat' dir='ltr'><strong>vero</strong></span> <span class='ocrx_word' id='word_1_390' title='bbox 630 1892 739 1915; x_wconf 85' lang='lat' dir='ltr'><strong>amovet</strong></span> <span class='ocrx_word' id='word_1_391' title='bbox 751 1895 806 1914; x_wconf 91' lang='lat' dir='ltr'><strong>non</strong></span> <span class='ocrx_word' id='word_1_392' title='bbox 825 1887 912 1915; x_wconf 88' lang='lat' dir='ltr'><strong>solum</strong></span> <span class='ocrx_word' id='word_1_393' title='bbox 928 1888 1048 1920; x_wconf 84' lang='lat' dir='ltr'><strong>calceos,</strong></span> 
     </span>
    </p>
   </div>
   <div class='ocr_carea' id='block_1_55' title="bbox 259 1934 1047 1972">
    <p class='ocr_par' dir='ltr' id='par_1_55' title="bbox 259 1934 1047 1972">
     <span class='ocr_line' id='line_1_55' title="bbox 259 1934 1047 1972; baseline -0.006 -6"><span class='ocrx_word' id='word_1_394' title='bbox 259 1938 306 1966; x_wconf 89' lang='lat' dir='ltr'><strong>sed</strong></span> <span class='ocrx_word' id='word_1_395' title='bbox 324 1946 356 1965; x_wconf 84' lang='lat' dir='ltr'><strong>ea</strong></span> <span class='ocrx_word' id='word_1_396' title='bbox 369 1937 464 1971; x_wconf 88' lang='lat' dir='ltr'><strong>etiam,</strong></span> <span class='ocrx_word' id='word_1_397' title='bbox 478 1944 538 1972; x_wconf 72' lang='lat' dir='ltr'><strong>quae</strong></span> <span class='ocrx_word' id='word_1_398' title='bbox 560 1936 636 1963; x_wconf 90' lang='lat' dir='ltr'><strong>intus</strong></span> <span class='ocrx_word' id='word_1_399' title='bbox 650 1938 730 1963; x_wconf 87' lang='lat' dir='ltr'><strong>erant</strong></span> <span class='ocrx_word' id='word_1_400' title='bbox 755 1942 787 1962; x_wconf 73' lang='lat' dir='ltr'><strong>ex</strong></span> <span class='ocrx_word' id='word_1_401' title='bbox 817 1934 906 1962; x_wconf 79' lang='lat' dir='ltr'><strong>serico</strong></span> <span class='ocrx_word' id='word_1_402' title='bbox 920 1935 1047 1969; x_wconf 77' lang='lat' dir='ltr'><strong>imposita</strong></span> 
     </span>
    </p>
   </div>
   <div class='ocr_carea' id='block_1_56' title="bbox 258 1982 1049 2022">
    <p class='ocr_par' dir='ltr' id='par_1_56' title="bbox 258 1982 1049 2022">
     <span class='ocr_line' id='line_1_56' title="bbox 258 1982 1049 2022; baseline -0.008 -8"><span class='ocrx_word' id='word_1_403' title='bbox 258 1986 385 2022; x_wconf 88' lang='lat' dir='ltr'><strong>pedibus.</strong></span> <span class='ocrx_word' id='word_1_404' title='bbox 398 1985 461 2013; x_wconf 66' lang='lat' dir='ltr'><strong>Haec</strong></span> <span class='ocrx_word' id='word_1_405' title='bbox 480 1991 546 2019; x_wconf 65' lang='lat' dir='ltr'><strong>ergo</strong></span> <span class='ocrx_word' id='word_1_406' title='bbox 572 1984 664 2012; x_wconf 85' lang='lat' dir='ltr'><strong>omnia</strong></span> <span class='ocrx_word' id='word_1_407' title='bbox 691 1988 744 2010; x_wconf 85' lang='lat' dir='ltr'><strong>tam</strong></span> <span class='ocrx_word' id='word_1_408' title='bbox 762 1982 841 2010; x_wconf 77' lang='lat' dir='ltr'><strong>facile</strong></span> <span class='ocrx_word' id='word_1_409' title='bbox 859 1982 933 2014; x_wconf 80' lang='lat' dir='ltr'><strong>fecit,</strong></span> <span class='ocrx_word' id='word_1_410' title='bbox 945 1987 972 2010; x_wconf 92' lang='lat' dir='ltr'><strong>et</strong></span> <span class='ocrx_word' id='word_1_411' title='bbox 982 1983 1049 2009; x_wconf 86' lang='lat' dir='ltr'><strong>citra</strong></span> 
     </span>
    </p>
   </div>
   <div class='ocr_carea' id='block_1_57' title="bbox 260 2027 1049 2064">
    <p class='ocr_par' dir='ltr' id='par_1_57' title="bbox 260 2027 1049 2064">
     <span class='ocr_line' id='line_1_57' title="bbox 260 2027 1049 2064; baseline -0.006 -5"><span class='ocrx_word' id='word_1_412' title='bbox 260 2032 344 2059; x_wconf 90' lang='lat' dir='ltr'><strong>ullum</strong></span> <span class='ocrx_word' id='word_1_413' title='bbox 366 2031 498 2064; x_wconf 84' lang='lat' dir='ltr'><strong>laborem,</strong></span> <span class='ocrx_word' id='word_1_414' title='bbox 543 2029 658 2064; x_wconf 90' lang='lat' dir='ltr'><strong>perinde</strong></span> <span class='ocrx_word' id='word_1_415' title='bbox 683 2036 715 2056; x_wconf 84' lang='lat' dir='ltr'><strong>ac</strong></span> <span class='ocrx_word' id='word_1_416' title='bbox 730 2029 751 2056; x_wconf 87' lang='lat' dir='ltr'><strong>si</strong></span> <span class='ocrx_word' id='word_1_417' title='bbox 782 2028 829 2055; x_wconf 91' lang='lat' dir='ltr'><strong>ille</strong></span> <span class='ocrx_word' id='word_1_418' title='bbox 849 2035 930 2063; x_wconf 88' lang='lat' dir='ltr'><strong>opem</strong></span> <span class='ocrx_word' id='word_1_419' title='bbox 965 2027 1049 2055; x_wconf 79' lang='lat' dir='ltr'><strong>ferret</strong></span> 
     </span>
    </p>
   </div>
   <div class='ocr_carea' id='block_1_58' title="bbox 258 2073 1048 2110">
    <p class='ocr_par' dir='ltr' id='par_1_58' title="bbox 258 2073 1048 2110">
     <span class='ocr_line' id='line_1_58' title="bbox 258 2073 1048 2110; baseline -0.006 -5"><span class='ocrx_word' id='word_1_420' title='bbox 258 2078 407 2110; x_wconf 74' lang='lat' dir='ltr'><strong>Sacerdoti,</strong></span> <span class='ocrx_word' id='word_1_421' title='bbox 438 2081 466 2104; x_wconf 89' lang='lat' dir='ltr'><strong>et</strong></span> <span class='ocrx_word' id='word_1_422' title='bbox 509 2084 540 2104; x_wconf 88' lang='lat' dir='ltr'><strong>se</strong></span> <span class='ocrx_word' id='word_1_423' title='bbox 577 2076 709 2108; x_wconf 78' lang='lat' dir='ltr'><strong>traderet,</strong></span> <span class='ocrx_word' id='word_1_424' title='bbox 759 2078 789 2101; x_wconf 90' lang='lat' dir='ltr'><strong>ut</strong></span> <span class='ocrx_word' id='word_1_425' title='bbox 829 2082 862 2101; x_wconf 81' lang='lat' dir='ltr'><strong>co</strong></span> <span class='ocrx_word' id='word_1_426' title='bbox 905 2073 1048 2101; x_wconf 81' lang='lat' dir='ltr'><strong>commode</strong></span> 
     </span>
    </p>
   </div>
   <div class='ocr_carea' id='block_1_59' title="bbox 260 2119 1047 2158">
    <p class='ocr_par' dir='ltr' id='par_1_59' title="bbox 260 2119 1047 2158">
     <span class='ocr_line' id='line_1_59' title="bbox 260 2119 1047 2158; baseline -0.008 -7"><span class='ocrx_word' id='word_1_427' title='bbox 260 2124 296 2151; x_wconf 88' lang='lat' dir='ltr'><strong>uti</strong></span> <span class='ocrx_word' id='word_1_428' title='bbox 311 2128 413 2158; x_wconf 87' lang='lat' dir='ltr'><strong>posset.</strong></span> <span class='ocrx_word' id='word_1_429' title='bbox 445 2121 550 2149; x_wconf 85' lang='lat' dir='ltr'><strong>Deinde</strong></span> <span class='ocrx_word' id='word_1_430' title='bbox 582 2129 646 2148; x_wconf 87' lang='lat' dir='ltr'><strong>eum</strong></span> <span class='ocrx_word' id='word_1_431' title='bbox 679 2128 778 2147; x_wconf 87' lang='lat' dir='ltr'><strong>rursus</strong></span> <span class='ocrx_word' id='word_1_432' title='bbox 806 2119 922 2147; x_wconf 83' lang='lat' dir='ltr'><strong>reclinat</strong></span> <span class='ocrx_word' id='word_1_433' title='bbox 951 2119 977 2146; x_wconf 89' lang='lat' dir='ltr'><strong>in</strong></span> <span class='ocrx_word' id='word_1_434' title='bbox 1005 2127 1047 2150; x_wconf 88' lang='lat' dir='ltr'><strong>ea,</strong></span> 
     </span>
    </p>
   </div>
   <div class='ocr_carea' id='block_1_60' title="bbox 259 2165 1049 2205">
    <p class='ocr_par' dir='ltr' id='par_1_60' title="bbox 259 2165 1049 2205">
     <span class='ocr_line' id='line_1_60' title="bbox 259 2165 1049 2205; baseline -0.008 -8"><span class='ocrx_word' id='word_1_435' title='bbox 259 2178 311 2205; x_wconf 85' lang='lat' dir='ltr'><strong>qua</strong></span> <span class='ocrx_word' id='word_1_436' title='bbox 326 2170 403 2204; x_wconf 87' lang='lat' dir='ltr'><strong>prius</strong></span> <span class='ocrx_word' id='word_1_437' title='bbox 431 2173 499 2201; x_wconf 85' lang='lat' dir='ltr'><strong>erat,</strong></span> <span class='ocrx_word' id='word_1_438' title='bbox 526 2167 628 2201; x_wconf 73' lang='lat' dir='ltr'><strong>ﬁgura:</strong></span> <span class='ocrx_word' id='word_1_439' title='bbox 657 2167 725 2194; x_wconf 84' lang='lat' dir='ltr'><strong>adeo</strong></span> <span class='ocrx_word' id='word_1_440' title='bbox 741 2171 768 2193; x_wconf 91' lang='lat' dir='ltr'><strong>ut</strong></span> <span class='ocrx_word' id='word_1_441' title='bbox 797 2165 824 2192; x_wconf 90' lang='lat' dir='ltr'><strong>id</strong></span> <span class='ocrx_word' id='word_1_442' title='bbox 845 2170 931 2193; x_wconf 86' lang='lat' dir='ltr'><strong>totum</strong></span> <span class='ocrx_word' id='word_1_443' title='bbox 956 2166 1049 2192; x_wconf 82' lang='lat' dir='ltr'><strong>div.no</strong></span> 
     </span>
    </p>
   </div>
   <div class='ocr_carea' id='block_1_61' title="bbox 258 2211 1046 2247">
    <p class='ocr_par' dir='ltr' id='par_1_61' title="bbox 258 2211 1046 2247">
     <span class='ocr_line' id='line_1_61' title="bbox 258 2211 1046 2247; baseline -0.01 -2"><span class='ocrx_word' id='word_1_444' title='bbox 258 2217 362 2246; x_wconf 77' lang='lat' dir='ltr'><strong>factum</strong></span> <span class='ocrx_word' id='word_1_445' title='bbox 401 2214 437 2243; x_wconf 90' lang='lat' dir='ltr'><strong>sit</strong></span> <span class='ocrx_word' id='word_1_446' title='bbox 475 2213 604 2245; x_wconf 85' lang='lat' dir='ltr'><strong>consilio,</strong></span> <span class='ocrx_word' id='word_1_447' title='bbox 635 2212 708 2247; x_wconf 87' lang='lat' dir='ltr'><strong>quod</strong></span> <span class='ocrx_word' id='word_1_448' title='bbox 734 2212 774 2239; x_wconf 86' lang='lat' dir='ltr'><strong>sic</strong></span> <span class='ocrx_word' id='word_1_449' title='bbox 800 2211 924 2246; x_wconf 71' lang='lat' dir='ltr'><strong>setultus</strong></span> <span class='ocrx_word' id='word_1_450' title='bbox 954 2211 1046 2243; x_wconf 77' lang='lat' dir='ltr'><strong>fuerit,</strong></span> 
     </span>
    </p>
   </div>
   <div class='ocr_carea' id='block_1_62' title="bbox 1063 1593 1084 1624">
    <p class='ocr_par' dir='ltr' id='par_1_62' title="bbox 1063 1593 1084 1624">
     <span class='ocr_line' id='line_1_62' title="bbox 1063 1593 1084 1624; baseline 0 0"><span class='ocrx_word' id='word_1_451' title='bbox 1063 1593 1084 1624; x_wconf 88' lang='lat' dir='ltr'><strong><em>C</em></strong></span> 
     </span>
    </p>
   </div>
   <div class='ocr_carea' id='block_1_63' title="bbox 1105 971 1900 1008">
    <p class='ocr_par' dir='ltr' id='par_1_63' title="bbox 1105 971 1900 1008">
     <span class='ocr_line' id='line_1_63' title="bbox 1105 971 1900 1008; baseline 0.005 -10"><span class='ocrx_word' id='word_1_452' title='bbox 1105 971 1217 999; x_wconf 85' lang='lat' dir='ltr'><strong>domum</strong></span> <span class='ocrx_word' id='word_1_453' title='bbox 1230 972 1393 999; x_wconf 81' lang='lat' dir='ltr'><strong>revertitur.</strong></span> <span class='ocrx_word' id='word_1_454' title='bbox 1408 972 1458 1000; x_wconf 87' lang='lat' dir='ltr'><strong>llle</strong></span> <span class='ocrx_word' id='word_1_455' title='bbox 1468 979 1535 1000; x_wconf 77' lang='lat' dir='ltr'><strong>vero</strong></span> <span class='ocrx_word' id='word_1_456' title='bbox 1549 973 1611 1007; x_wconf 84' lang='lat' dir='ltr'><strong>pius</strong></span> <span class='ocrx_word' id='word_1_457' title='bbox 1635 973 1664 1000; x_wconf 93' lang='lat' dir='ltr'><strong>in</strong></span> <span class='ocrx_word' id='word_1_458' title='bbox 1680 973 1778 1008; x_wconf 81' lang='lat' dir='ltr'><strong>primis</strong></span> <span class='ocrx_word' id='word_1_459' title='bbox 1800 979 1900 1002; x_wconf 80' lang='lat' dir='ltr'><strong>mona-</strong></span> 
     </span>
    </p>
   </div>
   <div class='ocr_carea' id='block_1_64' title="bbox 1104 1018 1899 1054">
    <p class='ocr_par' dir='ltr' id='par_1_64' title="bbox 1104 1018 1899 1054">
     <span class='ocr_line' id='line_1_64' title="bbox 1104 1018 1899 1054; baseline 0.004 -9"><span class='ocrx_word' id='word_1_460' title='bbox 1104 1018 1175 1046; x_wconf 90' lang='lat' dir='ltr'><strong>chus</strong></span> <span class='ocrx_word' id='word_1_461' title='bbox 1188 1018 1404 1051; x_wconf 81' lang='lat' dir='ltr'><strong>etsacerdos,de</strong></span> <span class='ocrx_word' id='word_1_462' title='bbox 1412 1026 1467 1053; x_wconf 83' lang='lat' dir='ltr'><strong>quo</strong></span> <span class='ocrx_word' id='word_1_463' title='bbox 1477 1018 1553 1054; x_wconf 86' lang='lat' dir='ltr'><strong>prius</strong></span> <span class='ocrx_word' id='word_1_464' title='bbox 1567 1019 1695 1053; x_wconf 78' lang='lat' dir='ltr'><strong>diximus,</strong></span> <span class='ocrx_word' id='word_1_465' title='bbox 1715 1027 1779 1047; x_wconf 80' lang='lat' dir='ltr'><strong>cum</strong></span> <span class='ocrx_word' id='word_1_466' title='bbox 1788 1025 1899 1048; x_wconf 74' lang='lat' dir='ltr'><strong>reman-</strong></span> 
     </span>
    </p>
   </div>
   <div class='ocr_carea' id='block_1_65' title="bbox 1105 1065 1902 1102">
    <p class='ocr_par' dir='ltr' id='par_1_65' title="bbox 1105 1065 1902 1102">
     <span class='ocr_line' id='line_1_65' title="bbox 1105 1065 1902 1102; baseline 0.003 -9"><span class='ocrx_word' id='word_1_467' title='bbox 1105 1065 1196 1098; x_wconf 83' lang='lat' dir='ltr'><strong>sisset,</strong></span> <span class='ocrx_word' id='word_1_468' title='bbox 1212 1069 1240 1093; x_wconf 91' lang='lat' dir='ltr'><strong>et</strong></span> <span class='ocrx_word' id='word_1_469' title='bbox 1254 1065 1360 1093; x_wconf 86' lang='lat' dir='ltr'><strong>dierum</strong></span> <span class='ocrx_word' id='word_1_470' title='bbox 1402 1065 1581 1093; x_wconf 84' lang='lat' dir='ltr'><strong>multitudine</strong></span> <span class='ocrx_word' id='word_1_471' title='bbox 1599 1074 1711 1095; x_wconf 84' lang='lat' dir='ltr'><strong>omnem</strong></span> <span class='ocrx_word' id='word_1_472' title='bbox 1733 1066 1902 1102; x_wconf 79' lang='lat' dir='ltr'><strong>expulsisset</strong></span> 
     </span>
    </p>
   </div>
   <div class='ocr_carea' id='block_1_66' title="bbox 1103 1112 1899 1147">
    <p class='ocr_par' dir='ltr' id='par_1_66' title="bbox 1103 1112 1899 1147">
     <span class='ocr_line' id='line_1_66' title="bbox 1103 1112 1899 1147; baseline 0.004 -8"><span class='ocrx_word' id='word_1_473' title='bbox 1103 1112 1299 1147; x_wconf 89' lang='lat' dir='ltr'><strong>suspicionem,</strong></span> <span class='ocrx_word' id='word_1_474' title='bbox 1312 1117 1339 1140; x_wconf 93' lang='lat' dir='ltr'><strong>et</strong></span> <span class='ocrx_word' id='word_1_475' title='bbox 1352 1112 1380 1140; x_wconf 91' lang='lat' dir='ltr'><strong>in</strong></span> <span class='ocrx_word' id='word_1_476' title='bbox 1391 1120 1424 1140; x_wconf 90' lang='lat' dir='ltr'><strong>eo</strong></span> <span class='ocrx_word' id='word_1_477' title='bbox 1434 1113 1760 1141; x_wconf 68' lang='lat' dir='ltr'><strong>custMienderecisset</strong></span> <span class='ocrx_word' id='word_1_478' title='bbox 1768 1114 1899 1141; x_wconf 75' lang='lat' dir='ltr'><strong>custodes</strong></span> 
     </span>
    </p>
   </div>
   <div class='ocr_carea' id='block_1_67' title="bbox 1104 1158 1901 1194">
    <p class='ocr_par' dir='ltr' id='par_1_67' title="bbox 1104 1158 1901 1194">
     <span class='ocr_line' id='line_1_67' title="bbox 1104 1158 1901 1194; baseline 0.004 -10"><span class='ocrx_word' id='word_1_479' title='bbox 1104 1158 1290 1190; x_wconf 86' lang='lat' dir='ltr'><strong>socordiores,</strong></span> <span class='ocrx_word' id='word_1_480' title='bbox 1319 1162 1404 1186; x_wconf 89' lang='lat' dir='ltr'><strong>noctu</strong></span> <span class='ocrx_word' id='word_1_481' title='bbox 1428 1158 1578 1194; x_wconf 67' lang='lat' dir='ltr'><strong>ingressus,</strong></span> <span class='ocrx_word' id='word_1_482' title='bbox 1594 1159 1719 1187; x_wconf 84' lang='lat' dir='ltr'><strong>divinum</strong></span> <span class='ocrx_word' id='word_1_483' title='bbox 1745 1159 1901 1187; x_wconf 69' lang='lat' dir='ltr'><strong>snﬂuratus</strong></span> 
     </span>
    </p>
   </div>
   <div class='ocr_carea' id='block_1_68' title="bbox 1104 1204 1902 1241">
    <p class='ocr_par' dir='ltr' id='par_1_68' title="bbox 1104 1204 1902 1241">
     <span class='ocr_line' id='line_1_68' title="bbox 1104 1204 1902 1241; baseline 0.003 -10"><span class='ocrx_word' id='word_1_484' title='bbox 1104 1207 1146 1231; x_wconf 89' lang='lat' dir='ltr'><strong>est</strong></span> <span class='ocrx_word' id='word_1_485' title='bbox 1162 1204 1333 1237; x_wconf 85' lang='lat' dir='ltr'><strong>thesaurum,</strong></span> <span class='ocrx_word' id='word_1_486' title='bbox 1344 1209 1371 1232; x_wconf 91' lang='lat' dir='ltr'><strong>et</strong></span> <span class='ocrx_word' id='word_1_487' title='bbox 1386 1213 1448 1232; x_wconf 90' lang='lat' dir='ltr'><strong>cum</strong></span> <span class='ocrx_word' id='word_1_488' title='bbox 1465 1205 1540 1232; x_wconf 79' lang='lat' dir='ltr'><strong>furto</strong></span> <span class='ocrx_word' id='word_1_489' title='bbox 1548 1205 1666 1241; x_wconf 64' lang='lat' dir='ltr'><strong>aufugit.</strong></span> <span class='ocrx_word' id='word_1_490' title='bbox 1690 1205 1745 1233; x_wconf 86' lang='lat' dir='ltr'><strong>Sed</strong></span> <span class='ocrx_word' id='word_1_491' title='bbox 1760 1206 1831 1233; x_wconf 90' lang='lat' dir='ltr'><strong>odor</strong></span> <span class='ocrx_word' id='word_1_492' title='bbox 1846 1205 1902 1233; x_wconf 88' lang='lat' dir='ltr'><strong>mi-</strong></span> 
     </span>
    </p>
   </div>
   <div class='ocr_carea' id='block_1_69' title="bbox 1105 1250 1900 1288">
    <p class='ocr_par' dir='ltr' id='par_1_69' title="bbox 1105 1250 1900 1288">
     <span class='ocr_line' id='line_1_69' title="bbox 1105 1250 1900 1288; baseline 0.003 -10"><span class='ocrx_word' id='word_1_493' title='bbox 1105 1250 1261 1278; x_wconf 83' lang='lat' dir='ltr'><strong>raculorum</strong></span> <span class='ocrx_word' id='word_1_494' title='bbox 1278 1251 1401 1279; x_wconf 89' lang='lat' dir='ltr'><strong>ostendit</strong></span> <span class='ocrx_word' id='word_1_495' title='bbox 1417 1253 1687 1288; x_wconf 77' lang='lat' dir='ltr'><strong>unguentum,quod</strong></span> <span class='ocrx_word' id='word_1_496' title='bbox 1701 1252 1853 1285; x_wconf 66' lang='lat' dir='ltr'><strong>celabatur,</strong></span> <span class='ocrx_word' id='word_1_497' title='bbox 1870 1257 1900 1280; x_wconf 81' lang='lat' dir='ltr'><strong>et</strong></span> 
     </span>
    </p>
   </div>
   <div class='ocr_carea' id='block_1_70' title="bbox 1104 1297 1718 1327">
    <p class='ocr_par' dir='ltr' id='par_1_70' title="bbox 1104 1297 1718 1327">
     <span class='ocr_line' id='line_1_70' title="bbox 1104 1297 1718 1327; baseline 0.007 -4"><span class='ocrx_word' id='word_1_498' title='bbox 1104 1297 1265 1325; x_wconf 84' lang='lat' dir='ltr'><strong>morborum</strong></span> <span class='ocrx_word' id='word_1_499' title='bbox 1280 1298 1388 1326; x_wconf 91' lang='lat' dir='ltr'><strong>curatio</strong></span> <span class='ocrx_word' id='word_1_500' title='bbox 1401 1298 1453 1326; x_wconf 86' lang='lat' dir='ltr'><strong>l‘uit</strong></span> <span class='ocrx_word' id='word_1_501' title='bbox 1470 1299 1536 1326; x_wconf 81' lang='lat' dir='ltr'><strong>lurti</strong></span> <span class='ocrx_word' id='word_1_502' title='bbox 1552 1298 1718 1327; x_wconf 78' lang='lat' dir='ltr'><strong>accusatrix.</strong></span> 
     </span>
    </p>
   </div>
   <div class='ocr_carea' id='block_1_71' title="bbox 1139 1343 1900 1379">
    <p class='ocr_par' dir='ltr' id='par_1_71' title="bbox 1139 1343 1900 1379">
     <span class='ocr_line' id='line_1_71' title="bbox 1139 1343 1900 1379; baseline 0.005 -9"><span class='ocrx_word' id='word_1_503' title='bbox 1139 1343 1209 1371; x_wconf 76' lang='lat' dir='ltr'><strong>XVI.</strong></span> <span class='ocrx_word' id='word_1_504' title='bbox 1222 1343 1322 1371; x_wconf 81' lang='lat' dir='ltr'><strong>Mulier</strong></span> <span class='ocrx_word' id='word_1_505' title='bbox 1338 1345 1411 1372; x_wconf 89' lang='lat' dir='ltr'><strong>enim</strong></span> <span class='ocrx_word' id='word_1_506' title='bbox 1431 1346 1568 1379; x_wconf 55' lang='lat' dir='ltr'><strong>quaedam,</strong></span> <span class='ocrx_word' id='word_1_507' title='bbox 1584 1346 1650 1373; x_wconf 89' lang='lat' dir='ltr'><strong>dum</strong></span> <span class='ocrx_word' id='word_1_508' title='bbox 1672 1346 1696 1373; x_wconf 85' lang='lat' dir='ltr'><strong>is</strong></span> <span class='ocrx_word' id='word_1_509' title='bbox 1706 1345 1735 1373; x_wconf 91' lang='lat' dir='ltr'><strong>in</strong></span> <span class='ocrx_word' id='word_1_510' title='bbox 1750 1346 1794 1374; x_wconf 78' lang='lat' dir='ltr'><strong>via</strong></span> <span class='ocrx_word' id='word_1_511' title='bbox 1805 1346 1900 1374; x_wconf 77' lang='lat' dir='ltr'><strong>ferre-</strong></span> 
     </span>
    </p>
   </div>
   <div class='ocr_carea' id='block_1_72' title="bbox 1104 1390 1900 1427">
    <p class='ocr_par' dir='ltr' id='par_1_72' title="bbox 1104 1390 1900 1427">
     <span class='ocr_line' id='line_1_72' title="bbox 1104 1390 1900 1427; baseline 0.008 -11"><span class='ocrx_word' id='word_1_512' title='bbox 1104 1394 1159 1422; x_wconf 90' lang='lat' dir='ltr'><strong>tur,</strong></span> <span class='ocrx_word' id='word_1_513' title='bbox 1169 1393 1198 1417; x_wconf 88' lang='lat' dir='ltr'><strong>et</strong></span> <span class='ocrx_word' id='word_1_514' title='bbox 1210 1390 1328 1424; x_wconf 82' lang='lat' dir='ltr'><strong>quicum</strong></span> <span class='ocrx_word' id='word_1_515' title='bbox 1342 1391 1468 1419; x_wconf 73' lang='lat' dir='ltr'><strong>ferebant</strong></span> <span class='ocrx_word' id='word_1_516' title='bbox 1492 1392 1519 1418; x_wconf 86' lang='lat' dir='ltr'><strong>in</strong></span> <span class='ocrx_word' id='word_1_517' title='bbox 1532 1392 1663 1427; x_wconf 83' lang='lat' dir='ltr'><strong>quodam.</strong></span> <span class='ocrx_word' id='word_1_518' title='bbox 1699 1396 1730 1420; x_wconf 83' lang='lat' dir='ltr'><strong>ut</strong></span> <span class='ocrx_word' id='word_1_519' title='bbox 1755 1398 1798 1421; x_wconf 87' lang='lat' dir='ltr'><strong>est</strong></span> <span class='ocrx_word' id='word_1_520' title='bbox 1829 1400 1900 1421; x_wconf 84' lang='lat' dir='ltr'><strong>con-</strong></span> 
     </span>
    </p>
   </div>
   <div class='ocr_carea' id='block_1_73' title="bbox 1104 1437 1898 1475">
    <p class='ocr_par' dir='ltr' id='par_1_73' title="bbox 1104 1437 1898 1475">
     <span class='ocr_line' id='line_1_73' title="bbox 1104 1437 1898 1475; baseline 0.008 -13"><span class='ocrx_word' id='word_1_521' title='bbox 1104 1440 1278 1468; x_wconf 81' lang='lat' dir='ltr'><strong>sentaneum,</strong></span> <span class='ocrx_word' id='word_1_522' title='bbox 1303 1437 1403 1464; x_wconf 83' lang='lat' dir='ltr'><strong>vellent</strong></span> <span class='ocrx_word' id='word_1_523' title='bbox 1416 1437 1478 1465; x_wconf 87' lang='lat' dir='ltr'><strong>loco</strong></span> <span class='ocrx_word' id='word_1_524' title='bbox 1492 1438 1684 1473; x_wconf 86' lang='lat' dir='ltr'><strong>requiescere:</strong></span> <span class='ocrx_word' id='word_1_525' title='bbox 1697 1439 1754 1472; x_wconf 76' lang='lat' dir='ltr'><strong>illa,</strong></span> <span class='ocrx_word' id='word_1_526' title='bbox 1769 1439 1898 1475; x_wconf 79' lang='lat' dir='ltr'><strong>inquam,</strong></span> 
     </span>
    </p>
   </div>
   <div class='ocr_carea' id='block_1_74' title="bbox 1103 1482 1896 1518">
    <p class='ocr_par' dir='ltr' id='par_1_74' title="bbox 1103 1482 1896 1518">
     <span class='ocr_line' id='line_1_74' title="bbox 1103 1482 1896 1518; baseline 0.008 -11"><span class='ocrx_word' id='word_1_527' title='bbox 1103 1488 1165 1509; x_wconf 86' lang='lat' dir='ltr'><strong>cum</strong></span> <span class='ocrx_word' id='word_1_528' title='bbox 1181 1489 1197 1508; x_wconf 83' lang='lat' dir='ltr'><strong>a</strong></span> <span class='ocrx_word' id='word_1_529' title='bbox 1215 1482 1333 1517; x_wconf 75' lang='lat' dir='ltr'><strong>maligno</strong></span> <span class='ocrx_word' id='word_1_530' title='bbox 1346 1487 1493 1511; x_wconf 79' lang='lat' dir='ltr'><strong>vexaretur</strong></span> <span class='ocrx_word' id='word_1_531' title='bbox 1501 1483 1611 1518; x_wconf 83' lang='lat' dir='ltr'><strong>spiritu,</strong></span> <span class='ocrx_word' id='word_1_532' title='bbox 1628 1485 1656 1512; x_wconf 88' lang='lat' dir='ltr'><strong>in</strong></span> <span class='ocrx_word' id='word_1_533' title='bbox 1668 1485 1788 1513; x_wconf 87' lang='lat' dir='ltr'><strong>loculum</strong></span> <span class='ocrx_word' id='word_1_534' title='bbox 1799 1486 1896 1518; x_wconf 89' lang='lat' dir='ltr'><strong>irruit,</strong></span> 
     </span>
    </p>
   </div>
   <div class='ocr_carea' id='block_1_75' title="bbox 1104 1528 1898 1567">
    <p class='ocr_par' dir='ltr' id='par_1_75' title="bbox 1104 1528 1898 1567">
     <span class='ocr_line' id='line_1_75' title="bbox 1104 1528 1898 1567; baseline 0.006 -12"><span class='ocrx_word' id='word_1_535' title='bbox 1104 1532 1131 1555; x_wconf 87' lang='lat' dir='ltr'><strong>et</strong></span> <span class='ocrx_word' id='word_1_536' title='bbox 1141 1528 1260 1563; x_wconf 75' lang='lat' dir='ltr'><strong>graviter</strong></span> <span class='ocrx_word' id='word_1_537' title='bbox 1269 1529 1376 1562; x_wconf 90' lang='lat' dir='ltr'><strong>insiliit,</strong></span> <span class='ocrx_word' id='word_1_538' title='bbox 1392 1534 1420 1556; x_wconf 89' lang='lat' dir='ltr'><strong>et</strong></span> <span class='ocrx_word' id='word_1_539' title='bbox 1429 1529 1514 1558; x_wconf 88' lang='lat' dir='ltr'><strong>veluti</strong></span> <span class='ocrx_word' id='word_1_540' title='bbox 1526 1537 1541 1558; x_wconf 84' lang='lat' dir='ltr'><strong>a</strong></span> <span class='ocrx_word' id='word_1_541' title='bbox 1553 1538 1653 1567; x_wconf 71' lang='lat' dir='ltr'><strong>magno</strong></span> <span class='ocrx_word' id='word_1_542' title='bbox 1664 1531 1748 1560; x_wconf 79' lang='lat' dir='ltr'><strong>ﬂuctu</strong></span> <span class='ocrx_word' id='word_1_543' title='bbox 1764 1532 1816 1560; x_wconf 74' lang='lat' dir='ltr'><strong>fuit</strong></span> <span class='ocrx_word' id='word_1_544' title='bbox 1828 1540 1898 1560; x_wconf 83' lang='lat' dir='ltr'><strong>exa-</strong></span> 
     </span>
    </p>
   </div>
   <div class='ocr_carea' id='block_1_76' title="bbox 1103 1573 1899 1612">
    <p class='ocr_par' dir='ltr' id='par_1_76' title="bbox 1103 1573 1899 1612">
     <span class='ocr_line' id='line_1_76' title="bbox 1103 1573 1899 1612; baseline 0.008 -12"><span class='ocrx_word' id='word_1_545' title='bbox 1103 1573 1196 1607; x_wconf 80' lang='lat' dir='ltr'><strong>gitata.</strong></span> <span class='ocrx_word' id='word_1_546' title='bbox 1228 1575 1332 1603; x_wconf 86' lang='lat' dir='ltr'><strong>Deinde</strong></span> <span class='ocrx_word' id='word_1_547' title='bbox 1356 1583 1419 1602; x_wconf 89' lang='lat' dir='ltr'><strong>cum</strong></span> <span class='ocrx_word' id='word_1_548' title='bbox 1461 1581 1587 1604; x_wconf 82' lang='lat' dir='ltr'><strong>sanctum</strong></span> <span class='ocrx_word' id='word_1_549' title='bbox 1613 1578 1781 1612; x_wconf 81' lang='lat' dir='ltr'><strong>turpissimis</strong></span> <span class='ocrx_word' id='word_1_550' title='bbox 1819 1583 1899 1606; x_wconf 82' lang='lat' dir='ltr'><strong>esset</strong></span> 
     </span>
    </p>
   </div>
   <div class='ocr_carea' id='block_1_77' title="bbox 1102 1617 1897 1657">
    <p class='ocr_par' dir='ltr' id='par_1_77' title="bbox 1102 1617 1897 1657">
     <span class='ocr_line' id='line_1_77' title="bbox 1102 1617 1897 1657; baseline 0.009 -13"><span class='ocrx_word' id='word_1_551' title='bbox 1102 1617 1233 1646; x_wconf 80' lang='lat' dir='ltr'><strong>insectata</strong></span> <span class='ocrx_word' id='word_1_552' title='bbox 1251 1621 1412 1653; x_wconf 81' lang='lat' dir='ltr'><strong>maledictis,</strong></span> <span class='ocrx_word' id='word_1_553' title='bbox 1432 1628 1488 1648; x_wconf 89' lang='lat' dir='ltr'><strong>non</strong></span> <span class='ocrx_word' id='word_1_554' title='bbox 1511 1621 1557 1649; x_wconf 84' lang='lat' dir='ltr'><strong>illa</strong></span> <span class='ocrx_word' id='word_1_555' title='bbox 1579 1622 1690 1657; x_wconf 88' lang='lat' dir='ltr'><strong>quidem</strong></span> <span class='ocrx_word' id='word_1_556' title='bbox 1701 1624 1827 1656; x_wconf 87' lang='lat' dir='ltr'><strong>omnino,</strong></span> <span class='ocrx_word' id='word_1_557' title='bbox 1845 1624 1897 1651; x_wconf 85' lang='lat' dir='ltr'><strong>sed</strong></span> 
     </span>
    </p>
   </div>
   <div class='ocr_carea' id='block_1_78' title="bbox 1102 1665 1896 1704">
    <p class='ocr_par' dir='ltr' id='par_1_78' title="bbox 1102 1665 1896 1704">
     <span class='ocr_line' id='line_1_78' title="bbox 1102 1665 1896 1704; baseline 0.008 -13"><span class='ocrx_word' id='word_1_558' title='bbox 1102 1665 1147 1696; x_wconf 89' lang='lat' dir='ltr'><strong>qui</strong></span> <span class='ocrx_word' id='word_1_559' title='bbox 1164 1672 1225 1692; x_wconf 87' lang='lat' dir='ltr'><strong>eam</strong></span> <span class='ocrx_word' id='word_1_560' title='bbox 1249 1666 1432 1699; x_wconf 80' lang='lat' dir='ltr'><strong>inliabitabat,</strong></span> <span class='ocrx_word' id='word_1_561' title='bbox 1458 1674 1539 1701; x_wconf 87' lang='lat' dir='ltr'><strong>quem</strong></span> <span class='ocrx_word' id='word_1_562' title='bbox 1566 1668 1755 1696; x_wconf 76' lang='lat' dir='ltr'><strong>adversarium</strong></span> <span class='ocrx_word' id='word_1_563' title='bbox 1776 1669 1896 1704; x_wconf 83' lang='lat' dir='ltr'><strong>dixeris,</strong></span> 
     </span>
    </p>
   </div>
   <div class='ocr_carea' id='block_1_79' title="bbox 1103 1713 1895 1750">
    <p class='ocr_par' dir='ltr' id='par_1_79' title="bbox 1103 1713 1895 1750">
     <span class='ocr_line' id='line_1_79' title="bbox 1103 1713 1895 1750; baseline 0.005 -9"><span class='ocrx_word' id='word_1_564' title='bbox 1103 1713 1181 1742; x_wconf 84' lang='lat' dir='ltr'><strong>fortis</strong></span> <span class='ocrx_word' id='word_1_565' title='bbox 1197 1713 1242 1741; x_wconf 88' lang='lat' dir='ltr'><strong>ille</strong></span> <span class='ocrx_word' id='word_1_566' title='bbox 1257 1714 1292 1740; x_wconf 86' lang='lat' dir='ltr'><strong>ab</strong></span> <span class='ocrx_word' id='word_1_567' title='bbox 1307 1722 1342 1741; x_wconf 88' lang='lat' dir='ltr'><strong>eo</strong></span> <span class='ocrx_word' id='word_1_568' title='bbox 1357 1721 1508 1748; x_wconf 89' lang='lat' dir='ltr'><strong>percussus</strong></span> <span class='ocrx_word' id='word_1_569' title='bbox 1524 1715 1649 1747; x_wconf 85' lang='lat' dir='ltr'><strong>recessit,</strong></span> <span class='ocrx_word' id='word_1_570' title='bbox 1663 1716 1759 1744; x_wconf 87' lang='lat' dir='ltr'><strong>abiens</strong></span> <span class='ocrx_word' id='word_1_571' title='bbox 1774 1717 1801 1744; x_wconf 89' lang='lat' dir='ltr'><strong>in</strong></span> <span class='ocrx_word' id='word_1_572' title='bbox 1821 1717 1895 1750; x_wconf 88' lang='lat' dir='ltr'><strong>loca,</strong></span> 
     </span>
    </p>
   </div>
   <div class='ocr_carea' id='block_1_80' title="bbox 1101 1760 1896 1796">
    <p class='ocr_par' dir='ltr' id='par_1_80' title="bbox 1101 1760 1896 1796">
     <span class='ocr_line' id='line_1_80' title="bbox 1101 1760 1896 1796; baseline 0.006 -9"><span class='ocrx_word' id='word_1_573' title='bbox 1101 1761 1135 1788; x_wconf 87' lang='lat' dir='ltr'><strong>ad</strong></span> <span class='ocrx_word' id='word_1_574' title='bbox 1150 1768 1210 1796; x_wconf 80' lang='lat' dir='ltr'><strong>qua:</strong></span> <span class='ocrx_word' id='word_1_575' title='bbox 1225 1768 1239 1787; x_wconf 87' lang='lat' dir='ltr'><strong>a</strong></span> <span class='ocrx_word' id='word_1_576' title='bbox 1260 1760 1316 1787; x_wconf 88' lang='lat' dir='ltr'><strong>Deo</strong></span> <span class='ocrx_word' id='word_1_577' title='bbox 1331 1760 1422 1788; x_wconf 76' lang='lat' dir='ltr'><strong>fuerat</strong></span> <span class='ocrx_word' id='word_1_578' title='bbox 1432 1761 1644 1790; x_wconf 86' lang='lat' dir='ltr'><strong>condemnatus.</strong></span> <span class='ocrx_word' id='word_1_579' title='bbox 1658 1762 1705 1790; x_wconf 85' lang='lat' dir='ltr'><strong>Illa</strong></span> <span class='ocrx_word' id='word_1_580' title='bbox 1714 1769 1807 1791; x_wconf 86' lang='lat' dir='ltr'><strong>autem</strong></span> <span class='ocrx_word' id='word_1_581' title='bbox 1825 1771 1896 1792; x_wconf 87' lang='lat' dir='ltr'><strong>sana</strong></span> 
     </span>
    </p>
   </div>
   <div class='ocr_carea' id='block_1_81' title="bbox 1101 1797 1895 1845">
    <p class='ocr_par' dir='ltr' id='par_1_81' title="bbox 1101 1797 1895 1845">
     <span class='ocr_line' id='line_1_81' title="bbox 1101 1797 1895 1845; baseline 0.005 -11"><span class='ocrx_word' id='word_1_582' title='bbox 1101 1797 1318 1834; x_wconf 70' lang='lat' dir='ltr'><strong>dommni&#39;ursus</strong></span> <span class='ocrx_word' id='word_1_583' title='bbox 1337 1810 1380 1834; x_wconf 89' lang='lat' dir='ltr'><strong>est</strong></span> <span class='ocrx_word' id='word_1_584' title='bbox 1405 1814 1527 1834; x_wconf 85' lang='lat' dir='ltr'><strong>reversa.</strong></span> <span class='ocrx_word' id='word_1_585' title='bbox 1558 1807 1617 1835; x_wconf 81' lang='lat' dir='ltr'><strong>Non</strong></span> <span class='ocrx_word' id='word_1_586' title='bbox 1646 1808 1756 1844; x_wconf 78' lang='lat' dir='ltr'><strong>longum</strong></span> <span class='ocrx_word' id='word_1_587' title='bbox 1783 1814 1895 1845; x_wconf 80' lang='lat' dir='ltr'><strong>tempus</strong></span> 
     </span>
    </p>
   </div>
   <div class='ocr_carea' id='block_1_82' title="bbox 1102 1851 1895 1888">
    <p class='ocr_par' dir='ltr' id='par_1_82' title="bbox 1102 1851 1895 1888">
     <span class='ocr_line' id='line_1_82' title="bbox 1102 1851 1895 1888; baseline 0.005 -10"><span class='ocrx_word' id='word_1_588' title='bbox 1102 1853 1303 1884; x_wconf 85' lang='lat' dir='ltr'><strong>intercesserat,</strong></span> <span class='ocrx_word' id='word_1_589' title='bbox 1317 1856 1345 1879; x_wconf 78' lang='lat' dir='ltr'><strong>et</strong></span> <span class='ocrx_word' id='word_1_590' title='bbox 1371 1851 1447 1887; x_wconf 74' lang='lat' dir='ltr'><strong>virgo</strong></span> <span class='ocrx_word' id='word_1_591' title='bbox 1463 1853 1586 1886; x_wconf 70' lang='lat' dir='ltr'><strong>quzedam</strong></span> <span class='ocrx_word' id='word_1_592' title='bbox 1602 1854 1729 1888; x_wconf 75' lang='lat' dir='ltr'><strong>prmfecta</strong></span> <span class='ocrx_word' id='word_1_593' title='bbox 1754 1859 1895 1882; x_wconf 84' lang='lat' dir='ltr'><strong>monaste-</strong></span> 
     </span>
    </p>
   </div>
   <div class='ocr_carea' id='block_1_83' title="bbox 1101 1890 1897 1935">
    <p class='ocr_par' dir='ltr' id='par_1_83' title="bbox 1101 1890 1897 1935">
     <span class='ocr_line' id='line_1_83' title="bbox 1101 1890 1897 1935; baseline 0.004 -11"><span class='ocrx_word' id='word_1_594' title='bbox 1101 1898 1144 1930; x_wconf 79' lang='lat' dir='ltr'><strong>rii,</strong></span> <span class='ocrx_word' id='word_1_595' title='bbox 1156 1898 1228 1932; x_wconf 89' lang='lat' dir='ltr'><strong>quod</strong></span> <span class='ocrx_word' id='word_1_596' title='bbox 1254 1897 1403 1924; x_wconf 79' lang='lat' dir='ltr'><strong>vocabatur</strong></span> <span class='ocrx_word' id='word_1_597' title='bbox 1418 1897 1599 1928; x_wconf 76' lang='lat' dir='ltr'><strong>Mantineum,</strong></span> <span class='ocrx_word' id='word_1_598' title='bbox 1621 1890 1684 1926; x_wconf 68' lang='lat' dir='ltr'><strong>cum</strong></span> <span class='ocrx_word' id='word_1_599' title='bbox 1700 1903 1808 1927; x_wconf 87' lang='lat' dir='ltr'><strong>secreto</strong></span> <span class='ocrx_word' id='word_1_600' title='bbox 1822 1907 1897 1935; x_wconf 86' lang='lat' dir='ltr'><strong>quo-</strong></span> 
     </span>
    </p>
   </div>
   <div class='ocr_carea' id='block_1_84' title="bbox 1101 1943 1894 1980">
    <p class='ocr_par' dir='ltr' id='par_1_84' title="bbox 1101 1943 1894 1980">
     <span class='ocr_line' id='line_1_84' title="bbox 1101 1943 1894 1980; baseline 0.003 -8"><span class='ocrx_word' id='word_1_601' title='bbox 1101 1945 1163 1972; x_wconf 88' lang='lat' dir='ltr'><strong>dam</strong></span> <span class='ocrx_word' id='word_1_602' title='bbox 1176 1949 1202 1971; x_wconf 92' lang='lat' dir='ltr'><strong>et</strong></span> <span class='ocrx_word' id='word_1_603' title='bbox 1214 1943 1290 1979; x_wconf 72' lang='lat' dir='ltr'><strong>gravi</strong></span> <span class='ocrx_word' id='word_1_604' title='bbox 1306 1943 1401 1972; x_wconf 87' lang='lat' dir='ltr'><strong>morbo</strong></span> <span class='ocrx_word' id='word_1_605' title='bbox 1412 1943 1597 1976; x_wconf 86' lang='lat' dir='ltr'><strong>laboraret,et</strong></span> <span class='ocrx_word' id='word_1_606' title='bbox 1611 1952 1666 1971; x_wconf 88' lang='lat' dir='ltr'><strong>non</strong></span> <span class='ocrx_word' id='word_1_607' title='bbox 1677 1950 1768 1979; x_wconf 77' lang='lat' dir='ltr'><strong>posset</strong></span> <span class='ocrx_word' id='word_1_608' title='bbox 1782 1953 1894 1980; x_wconf 76' lang='lat' dir='ltr'><strong>graves,</strong></span> 
     </span>
    </p>
   </div>
   <div class='ocr_carea' id='block_1_85' title="bbox 1100 1989 1896 2024">
    <p class='ocr_par' dir='ltr' id='par_1_85' title="bbox 1100 1989 1896 2024">
     <span class='ocr_line' id='line_1_85' title="bbox 1100 1989 1896 2024; baseline 0.004 -8"><span class='ocrx_word' id='word_1_609' title='bbox 1100 1997 1167 2024; x_wconf 85' lang='lat' dir='ltr'><strong>quos</strong></span> <span class='ocrx_word' id='word_1_610' title='bbox 1184 1989 1322 2017; x_wconf 77' lang='lat' dir='ltr'><strong>sentiebat</strong></span> <span class='ocrx_word' id='word_1_611' title='bbox 1335 1996 1368 2017; x_wconf 92' lang='lat' dir='ltr'><strong>ex</strong></span> <span class='ocrx_word' id='word_1_612' title='bbox 1385 1997 1428 2022; x_wconf 86' lang='lat' dir='ltr'><strong>eo,</strong></span> <span class='ocrx_word' id='word_1_613' title='bbox 1443 1989 1515 2016; x_wconf 81' lang='lat' dir='ltr'><strong>ferre</strong></span> <span class='ocrx_word' id='word_1_614' title='bbox 1526 1989 1647 2023; x_wconf 88' lang='lat' dir='ltr'><strong>dolores,</strong></span> <span class='ocrx_word' id='word_1_615' title='bbox 1658 1998 1722 2018; x_wconf 83' lang='lat' dir='ltr'><strong>cum</strong></span> <span class='ocrx_word' id='word_1_616' title='bbox 1735 1991 1896 2020; x_wconf 78' lang='lat' dir='ltr'><strong>rescivisset</strong></span> 
     </span>
    </p>
   </div>
   <div class='ocr_carea' id='block_1_86' title="bbox 1101 2035 1895 2071">
    <p class='ocr_par' dir='ltr' id='par_1_86' title="bbox 1101 2035 1895 2071">
     <span class='ocr_line' id='line_1_86' title="bbox 1101 2035 1895 2071; baseline 0.004 -9"><span class='ocrx_word' id='word_1_617' title='bbox 1101 2035 1166 2062; x_wconf 90' lang='lat' dir='ltr'><strong>illud</strong></span> <span class='ocrx_word' id='word_1_618' title='bbox 1183 2040 1322 2063; x_wconf 85' lang='lat' dir='ltr'><strong>mortuum</strong></span> <span class='ocrx_word' id='word_1_619' title='bbox 1352 2035 1437 2062; x_wconf 88' lang='lat' dir='ltr'><strong>vitam</strong></span> <span class='ocrx_word' id='word_1_620' title='bbox 1464 2035 1582 2063; x_wconf 73' lang='lat' dir='ltr'><strong>alierens</strong></span> <span class='ocrx_word' id='word_1_621' title='bbox 1612 2044 1712 2071; x_wconf 85' lang='lat' dir='ltr'><strong>corpus</strong></span> <span class='ocrx_word' id='word_1_622' title='bbox 1729 2037 1834 2071; x_wconf 60' lang='lat' dir='ltr'><strong>afer-ri,</strong></span> <span class='ocrx_word' id='word_1_623' title='bbox 1863 2043 1895 2066; x_wconf 87' lang='lat' dir='ltr'><strong>et</strong></span> 
     </span>
    </p>
   </div>
   <div class='ocr_carea' id='block_1_87' title="bbox 1102 2080 1895 2115">
    <p class='ocr_par' dir='ltr' id='par_1_87' title="bbox 1102 2080 1895 2115">
     <span class='ocr_line' id='line_1_87' title="bbox 1102 2080 1895 2115; baseline 0.005 -8"><span class='ocrx_word' id='word_1_624' title='bbox 1102 2088 1198 2115; x_wconf 78' lang='lat' dir='ltr'><strong>magna</strong></span> <span class='ocrx_word' id='word_1_625' title='bbox 1215 2080 1268 2108; x_wconf 87' lang='lat' dir='ltr'><strong>lide</strong></span> <span class='ocrx_word' id='word_1_626' title='bbox 1285 2081 1512 2108; x_wconf 85' lang='lat' dir='ltr'><strong>etanimiardore</strong></span> <span class='ocrx_word' id='word_1_627' title='bbox 1537 2081 1562 2108; x_wconf 91' lang='lat' dir='ltr'><strong>ei</strong></span> <span class='ocrx_word' id='word_1_628' title='bbox 1593 2081 1665 2109; x_wconf 78' lang='lat' dir='ltr'><strong>facta</strong></span> <span class='ocrx_word' id='word_1_629' title='bbox 1693 2082 1812 2115; x_wconf 83' lang='lat' dir='ltr'><strong>obviam,</strong></span> <span class='ocrx_word' id='word_1_630' title='bbox 1831 2089 1895 2111; x_wconf 86' lang='lat' dir='ltr'><strong>lan-</strong></span> 
     </span>
    </p>
   </div>
   <div class='ocr_carea' id='block_1_88' title="bbox 1100 2126 1893 2160">
    <p class='ocr_par' dir='ltr' id='par_1_88' title="bbox 1100 2126 1893 2160">
     <span class='ocr_line' id='line_1_88' title="bbox 1100 2126 1893 2160; baseline 0.006 -8"><span class='ocrx_word' id='word_1_631' title='bbox 1100 2133 1181 2160; x_wconf 89' lang='lat' dir='ltr'><strong>quam</strong></span> <span class='ocrx_word' id='word_1_632' title='bbox 1196 2126 1299 2154; x_wconf 89' lang='lat' dir='ltr'><strong>viventi</strong></span> <span class='ocrx_word' id='word_1_633' title='bbox 1315 2130 1342 2153; x_wconf 90' lang='lat' dir='ltr'><strong>et</strong></span> <span class='ocrx_word' id='word_1_634' title='bbox 1356 2126 1478 2154; x_wconf 83' lang='lat' dir='ltr'><strong>audienti</strong></span> <span class='ocrx_word' id='word_1_635' title='bbox 1492 2132 1588 2155; x_wconf 76' lang='lat' dir='ltr'><strong>sancto</strong></span> <span class='ocrx_word' id='word_1_636' title='bbox 1600 2129 1634 2155; x_wconf 74' lang='lat' dir='ltr'><strong>ad</strong></span> <span class='ocrx_word' id='word_1_637' title='bbox 1650 2128 1769 2156; x_wconf 84' lang='lat' dir='ltr'><strong>loculum</strong></span> <span class='ocrx_word' id='word_1_638' title='bbox 1780 2129 1805 2157; x_wconf 85' lang='lat' dir='ltr'><strong>ei</strong></span> <span class='ocrx_word' id='word_1_639' title='bbox 1815 2137 1893 2158; x_wconf 88' lang='lat' dir='ltr'><strong>mor-</strong></span> 
     </span>
    </p>
   </div>
   <div class='ocr_carea' id='block_1_89' title="bbox 1100 2172 1892 2208">
    <p class='ocr_par' dir='ltr' id='par_1_89' title="bbox 1100 2172 1892 2208">
     <span class='ocr_line' id='line_1_89' title="bbox 1100 2172 1892 2208; baseline 0.008 -10"><span class='ocrx_word' id='word_1_640' title='bbox 1100 2172 1164 2199; x_wconf 88' lang='lat' dir='ltr'><strong>bum</strong></span> <span class='ocrx_word' id='word_1_641' title='bbox 1181 2172 1305 2203; x_wconf 79' lang='lat' dir='ltr'><strong>dixisset,</strong></span> <span class='ocrx_word' id='word_1_642' title='bbox 1332 2172 1453 2200; x_wconf 81' lang='lat' dir='ltr'><strong>ardentis</strong></span> <span class='ocrx_word' id='word_1_643' title='bbox 1484 2173 1547 2201; x_wconf 82' lang='lat' dir='ltr'><strong>lidei</strong></span> <span class='ocrx_word' id='word_1_644' title='bbox 1567 2174 1733 2208; x_wconf 87' lang='lat' dir='ltr'><strong>mercedem,</strong></span> <span class='ocrx_word' id='word_1_645' title='bbox 1771 2176 1892 2204; x_wconf 78' lang='lat' dir='ltr'><strong>celerem</strong></span> 
     </span>
    </p>
   </div>
   <div class='ocr_carea' id='block_1_90' title="bbox 1100 2218 1893 2254">
    <p class='ocr_par' dir='ltr' id='par_1_90' title="bbox 1100 2218 1893 2254">
     <span class='ocr_line' id='line_1_90' title="bbox 1100 2218 1893 2254; baseline 0.008 -10"><span class='ocrx_word' id='word_1_646' title='bbox 1100 2218 1204 2245; x_wconf 85' lang='lat' dir='ltr'><strong>invenit</strong></span> <span class='ocrx_word' id='word_1_647' title='bbox 1219 2218 1399 2245; x_wconf 87' lang='lat' dir='ltr'><strong>curationem.</strong></span> <span class='ocrx_word' id='word_1_648' title='bbox 1417 2219 1558 2254; x_wconf 82' lang='lat' dir='ltr'><strong>Ejusmodi</strong></span> <span class='ocrx_word' id='word_1_649' title='bbox 1576 2220 1706 2248; x_wconf 79' lang='lat' dir='ltr'><strong>miracula</strong></span> <span class='ocrx_word' id='word_1_650' title='bbox 1736 2221 1852 2254; x_wconf 77' lang='lat' dir='ltr'><strong>faciens.</strong></span> <span class='ocrx_word' id='word_1_651' title='bbox 1863 2227 1893 2250; x_wconf 86' lang='lat' dir='ltr'><strong>et</strong></span> 
     </span>
    </p>
   </div>
   <div class='ocr_carea' id='block_1_91' title="bbox 259 2258 1890 2303">
    <p class='ocr_par' dir='ltr' id='par_1_91' title="bbox 259 2258 1890 2303">
     <span class='ocr_line' id='line_1_91' title="bbox 259 2258 1890 2303; baseline 0.002 -11"><span class='ocrx_word' id='word_1_652' title='bbox 259 2268 289 2292; x_wconf 88' lang='lat' dir='ltr'><strong>ut</strong></span> <span class='ocrx_word' id='word_1_653' title='bbox 307 2267 366 2291; x_wconf 85' lang='lat' dir='ltr'><strong>erat</strong></span> <span class='ocrx_word' id='word_1_654' title='bbox 388 2265 470 2288; x_wconf 89' lang='lat' dir='ltr'><strong>antea</strong></span> <span class='ocrx_word' id='word_1_655' title='bbox 485 2269 492 2288; x_wconf 87' lang='lat'><strong>:</strong></span> <span class='ocrx_word' id='word_1_656' title='bbox 507 2263 538 2287; x_wconf 90' lang='lat' dir='ltr'><strong>ut</strong></span> <span class='ocrx_word' id='word_1_657' title='bbox 569 2260 612 2287; x_wconf 88' lang='lat' dir='ltr'><strong>vel</strong></span> <span class='ocrx_word' id='word_1_658' title='bbox 647 2266 681 2285; x_wconf 77' lang='lat' dir='ltr'><strong>ex</strong></span> <span class='ocrx_word' id='word_1_659' title='bbox 706 2258 758 2285; x_wconf 86' lang='lat' dir='ltr'><strong>hoc</strong></span> <span class='ocrx_word' id='word_1_660' title='bbox 777 2263 850 2286; x_wconf 82' lang='lat' dir='ltr'><strong>esset</strong></span> <span class='ocrx_word' id='word_1_661' title='bbox 874 2258 1046 2285; x_wconf 80' lang='lat' dir='ltr'><strong>manifestum</strong></span> <span class='ocrx_word' id='word_1_662' title='bbox 1064 2265 1086 2294; x_wconf 77' lang='grc' dir='ltr'><strong>ι)</strong></span> <span class='ocrx_word' id='word_1_663' title='bbox 1100 2273 1159 2292; x_wconf 70' lang='lat' dir='ltr'><strong>eam</strong></span> <span class='ocrx_word' id='word_1_664' title='bbox 1171 2273 1187 2291; x_wconf 63' lang='grc' dir='ltr'><strong>ε)</strong></span> <span class='ocrx_word' id='word_1_665' title='bbox 1208 2265 1263 2292; x_wconf 71' lang='grc' dir='ltr'><strong>ι)θο</strong></span> <span class='ocrx_word' id='word_1_666' title='bbox 1275 2265 1388 2299; x_wconf 63' lang='lat' dir='ltr'><strong>gloriam</strong></span> <span class='ocrx_word' id='word_1_667' title='bbox 1404 2266 1571 2300; x_wconf 82' lang='lat' dir='ltr'><strong>adipiscens,</strong></span> <span class='ocrx_word' id='word_1_668' title='bbox 1593 2267 1752 2303; x_wconf 83' lang='lat' dir='ltr'><strong>Byzantium</strong></span> <span class='ocrx_word' id='word_1_669' title='bbox 1776 2269 1890 2297; x_wconf 80' lang='lat' dir='ltr'><strong>tandem</strong></span> 
     </span>
    </p>
   </div>
   <div class='ocr_carea' id='block_1_92' title="bbox 256 2304 1047 2344">
    <p class='ocr_par' dir='ltr' id='par_1_92' title="bbox 256 2304 1047 2344">
     <span class='ocr_line' id='line_1_92' title="bbox 256 2304 1047 2344; baseline -0.01 -6"><span class='ocrx_word' id='word_1_670' title='bbox 256 2311 393 2341; x_wconf 78' lang='lat' dir='ltr'><strong>omnibus,</strong></span> <span class='ocrx_word' id='word_1_671' title='bbox 415 2307 488 2344; x_wconf 84' lang='lat' dir='ltr'><strong>quod</strong></span> <span class='ocrx_word' id='word_1_672' title='bbox 518 2311 581 2342; x_wconf 90' lang='lat' dir='ltr'><strong>post</strong></span> <span class='ocrx_word' id='word_1_673' title='bbox 622 2304 792 2341; x_wconf 80' lang='lat' dir='ltr'><strong>sepulturam</strong></span> <span class='ocrx_word' id='word_1_674' title='bbox 829 2304 959 2332; x_wconf 85' lang='lat' dir='ltr'><strong>manserit</strong></span> <span class='ocrx_word' id='word_1_675' title='bbox 985 2312 1047 2331; x_wconf 82' lang='lat' dir='ltr'><strong>cor-</strong></span> 
     </span>
    </p>
   </div>
   <div class='ocr_carea' id='block_1_93' title="bbox 235 2350 1046 2392">
    <p class='ocr_par' dir='ltr' id='par_1_93' title="bbox 235 2350 1046 2392">
     <span class='ocr_line' id='line_1_93' title="bbox 235 2350 1046 2392; baseline -0.01 -7"><span class='ocrx_word' id='word_1_676' title='bbox 235 2366 308 2392; x_wconf 37' lang='lat' dir='ltr'><strong>,pus</strong></span> <span class='ocrx_word' id='word_1_677' title='bbox 348 2355 488 2391; x_wconf 89' lang='lat' dir='ltr'><strong>potentius</strong></span> <span class='ocrx_word' id='word_1_678' title='bbox 528 2353 641 2381; x_wconf 89' lang='lat' dir='ltr'><strong>interitu</strong></span> <span class='ocrx_word' id='word_1_679' title='bbox 677 2356 704 2379; x_wconf 89' lang='lat' dir='ltr'><strong>et</strong></span> <span class='ocrx_word' id='word_1_680' title='bbox 741 2351 932 2379; x_wconf 70' lang='lat' dir='ltr'><strong>dissolutione.</strong></span> <span class='ocrx_word' id='word_1_681' title='bbox 967 2350 1046 2383; x_wconf 78' lang='lat' dir='ltr'><strong>Quod</strong></span> 
     </span>
    </p>
   </div>
   <div class='ocr_carea' id='block_1_94' title="bbox 231 2398 1046 2441">
    <p class='ocr_par' dir='ltr' id='par_1_94' title="bbox 231 2398 1046 2441">
     <span class='ocr_line' id='line_1_94' title="bbox 231 2398 1046 2441; baseline -0.006 -10"><span class='ocrx_word' id='word_1_682' title='bbox 231 2398 365 2441; x_wconf 77' lang='lat' dir='ltr'><strong>quidem</strong></span> <span class='ocrx_word' id='word_1_683' title='bbox 378 2402 465 2430; x_wconf 90' lang='lat' dir='ltr'><strong>visum</strong></span> <span class='ocrx_word' id='word_1_684' title='bbox 478 2400 571 2428; x_wconf 90' lang='lat' dir='ltr'><strong>multis</strong></span> <span class='ocrx_word' id='word_1_685' title='bbox 588 2399 762 2427; x_wconf 62' lang='lat' dir='ltr'><strong>daemonibus</strong></span> <span class='ocrx_word' id='word_1_686' title='bbox 784 2403 812 2426; x_wconf 90' lang='lat' dir='ltr'><strong>ct</strong></span> <span class='ocrx_word' id='word_1_687' title='bbox 834 2399 939 2428; x_wconf 78' lang='lat' dir='ltr'><strong>morbis</strong></span> <span class='ocrx_word' id='word_1_688' title='bbox 963 2408 1046 2428; x_wconf 84' lang='lat' dir='ltr'><strong>causa</strong></span> 
     </span>
    </p>
   </div>
   <div class='ocr_carea' id='block_1_95' title="bbox 257 2445 1046 2482">
    <p class='ocr_par' dir='ltr' id='par_1_95' title="bbox 257 2445 1046 2482">
     <span class='ocr_line' id='line_1_95' title="bbox 257 2445 1046 2482; baseline -0.004 -6"><span class='ocrx_word' id='word_1_689' title='bbox 257 2450 319 2482; x_wconf 78' lang='lat' dir='ltr'><strong>fuit,</strong></span> <span class='ocrx_word' id='word_1_690' title='bbox 335 2453 365 2476; x_wconf 92' lang='lat' dir='ltr'><strong>ut</strong></span> <span class='ocrx_word' id='word_1_691' title='bbox 385 2448 534 2482; x_wconf 78' lang='lat' dir='ltr'><strong>lugerent;</strong></span> <span class='ocrx_word' id='word_1_692' title='bbox 557 2450 586 2474; x_wconf 88' lang='lat' dir='ltr'><strong>et</strong></span> <span class='ocrx_word' id='word_1_693' title='bbox 599 2445 711 2473; x_wconf 89' lang='lat' dir='ltr'><strong>merito.</strong></span> <span class='ocrx_word' id='word_1_694' title='bbox 734 2446 762 2472; x_wconf 77' lang='lat' dir='ltr'><strong>Si</strong></span> <span class='ocrx_word' id='word_1_695' title='bbox 785 2445 858 2472; x_wconf 78' lang='lat' dir='ltr'><strong>enirn</strong></span> <span class='ocrx_word' id='word_1_696' title='bbox 884 2446 964 2473; x_wconf 83' lang='lat' dir='ltr'><strong>etiam</strong></span> <span class='ocrx_word' id='word_1_697' title='bbox 984 2454 1046 2474; x_wconf 90' lang='lat' dir='ltr'><strong>cum</strong></span> 
     </span>
    </p>
   </div>
   <div class='ocr_carea' id='block_1_96' title="bbox 258 2491 1046 2526">
    <p class='ocr_par' dir='ltr' id='par_1_96' title="bbox 258 2491 1046 2526">
     <span class='ocr_line' id='line_1_96' title="bbox 258 2491 1046 2526; baseline -0.004 -5"><span class='ocrx_word' id='word_1_698' title='bbox 258 2499 331 2521; x_wconf 87' lang='lat' dir='ltr'><strong>esset</strong></span> <span class='ocrx_word' id='word_1_699' title='bbox 343 2493 518 2524; x_wconf 86' lang='lat' dir='ltr'><strong>absconsum,</strong></span> <span class='ocrx_word' id='word_1_700' title='bbox 533 2495 591 2518; x_wconf 87' lang='lat' dir='ltr'><strong>erat</strong></span> <span class='ocrx_word' id='word_1_701' title='bbox 601 2491 641 2518; x_wconf 90' lang='lat' dir='ltr'><strong>eis</strong></span> <span class='ocrx_word' id='word_1_702' title='bbox 656 2491 949 2525; x_wconf 77' lang='lat' dir='ltr'><strong>terribilc,.postquam</strong></span> <span class='ocrx_word' id='word_1_703' title='bbox 959 2500 1046 2526; x_wconf 86' lang='lat' dir='ltr'><strong>appa-</strong></span> 
     </span>
    </p>
   </div>
   <div class='ocr_carea' id='block_1_97' title="bbox 259 2537 1046 2575">
    <p class='ocr_par' dir='ltr' id='par_1_97' title="bbox 259 2537 1046 2575">
     <span class='ocr_line' id='line_1_97' title="bbox 259 2537 1046 2575; baseline -0.001 -9"><span class='ocrx_word' id='word_1_704' title='bbox 259 2538 461 2575; x_wconf 87' lang='lat' dir='ltr'><strong>ruitquomodo</strong></span> <span class='ocrx_word' id='word_1_705' title='bbox 477 2543 532 2565; x_wconf 89' lang='lat' dir='ltr'><strong>non</strong></span> <span class='ocrx_word' id='word_1_706' title='bbox 551 2541 625 2565; x_wconf 85' lang='lat' dir='ltr'><strong>esset</strong></span> <span class='ocrx_word' id='word_1_707' title='bbox 652 2537 799 2572; x_wconf 80' lang='lat' dir='ltr'><strong>ejusmodi,</strong></span> <span class='ocrx_word' id='word_1_708' title='bbox 825 2542 854 2564; x_wconf 91' lang='lat' dir='ltr'><strong>ut</strong></span> <span class='ocrx_word' id='word_1_709' title='bbox 877 2545 931 2564; x_wconf 90' lang='lat' dir='ltr'><strong>non</strong></span> <span class='ocrx_word' id='word_1_710' title='bbox 957 2542 1046 2572; x_wconf 81' lang='lat' dir='ltr'><strong>posset</strong></span> 
     </span>
    </p>
   </div>
   <div class='ocr_carea' id='block_1_98' title="bbox 258 2583 531 2613">
    <p class='ocr_par' dir='ltr' id='par_1_98' title="bbox 258 2583 531 2613">
     <span class='ocr_line' id='line_1_98' title="bbox 258 2583 531 2613; baseline -0.007 -1"><span class='ocrx_word' id='word_1_711' title='bbox 258 2585 370 2613; x_wconf 84' lang='lat' dir='ltr'><strong>omnino</strong></span> <span class='ocrx_word' id='word_1_712' title='bbox 380 2583 531 2612; x_wconf 80' lang='lat' dir='ltr'><strong>sustineri?</strong></span> 
     </span>
    </p>
   </div>
   <div class='ocr_carea' id='block_1_99' title="bbox 294 2629 1047 2666">
    <p class='ocr_par' dir='ltr' id='par_1_99' title="bbox 294 2629 1047 2666">
     <span class='ocr_line' id='line_1_99' title="bbox 294 2629 1047 2666; baseline -0.003 -8"><span class='ocrx_word' id='word_1_713' title='bbox 294 2631 350 2658; x_wconf 74' lang='lat' dir='ltr'><strong>XV.</strong></span> <span class='ocrx_word' id='word_1_714' title='bbox 363 2630 432 2664; x_wconf 82' lang='lat' dir='ltr'><strong>Quid</strong></span> <span class='ocrx_word' id='word_1_715' title='bbox 451 2634 510 2666; x_wconf 88' lang='lat' dir='ltr'><strong>post</strong></span> <span class='ocrx_word' id='word_1_716' title='bbox 527 2629 585 2658; x_wconf 66' lang='lat' dir='ltr'><strong>haec</strong></span> <span class='ocrx_word' id='word_1_717' title='bbox 602 2633 644 2657; x_wconf 86' lang='lat' dir='ltr'><strong>est</strong></span> <span class='ocrx_word' id='word_1_718' title='bbox 657 2634 836 2657; x_wconf 82' lang='lat' dir='ltr'><strong>consecutum</strong></span> <span class='ocrx_word' id='word_1_719' title='bbox 853 2630 864 2656; x_wconf 90' lang='lat'>?</span> <span class='ocrx_word' id='word_1_720' title='bbox 892 2630 1047 2657; x_wconf 74' lang='lat' dir='ltr'><strong>Cmitende-</strong></span> 
     </span>
    </p>
   </div>
   <div class='ocr_carea' id='block_1_100' title="bbox 258 2675 1045 2710">
    <p class='ocr_par' dir='ltr' id='par_1_100' title="bbox 258 2675 1045 2710">
     <span class='ocr_line' id='line_1_100' title="bbox 258 2675 1045 2710; baseline 0 -6"><span class='ocrx_word' id='word_1_721' title='bbox 258 2679 302 2705; x_wconf 82' lang='lat' dir='ltr'><strong>bat</strong></span> <span class='ocrx_word' id='word_1_722' title='bbox 318 2683 414 2709; x_wconf 88' lang='lat' dir='ltr'><strong>mater,</strong></span> <span class='ocrx_word' id='word_1_723' title='bbox 431 2683 509 2704; x_wconf 79' lang='lat' dir='ltr'><strong>sat-ro</strong></span> <span class='ocrx_word' id='word_1_724' title='bbox 524 2675 632 2704; x_wconf 85' lang='lat' dir='ltr'><strong>sublato</strong></span> <span class='ocrx_word' id='word_1_725' title='bbox 652 2683 778 2710; x_wconf 72' lang='lat' dir='ltr'><strong>corpore,</strong></span> <span class='ocrx_word' id='word_1_726' title='bbox 792 2676 903 2703; x_wconf 79' lang='lat' dir='ltr'><strong>domum</strong></span> <span class='ocrx_word' id='word_1_727' title='bbox 932 2677 1045 2704; x_wconf 79' lang='lat' dir='ltr'><strong>reverti.</strong></span> 
     </span>
    </p>
   </div>
   <div class='ocr_carea' id='block_1_101' title="bbox 259 2722 1044 2756">
    <p class='ocr_par' dir='ltr' id='par_1_101' title="bbox 259 2722 1044 2756">
     <span class='ocr_line' id='line_1_101' title="bbox 259 2722 1044 2756; baseline -0.001 -6"><span class='ocrx_word' id='word_1_728' title='bbox 259 2724 321 2752; x_wconf 56' lang='lat' dir='ltr'><strong>lla‘c</strong></span> <span class='ocrx_word' id='word_1_729' title='bbox 331 2723 415 2756; x_wconf 90' lang='lat' dir='ltr'><strong>enim,</strong></span> <span class='ocrx_word' id='word_1_730' title='bbox 426 2722 542 2756; x_wconf 84' lang='lat' dir='ltr'><strong>dicebat,</strong></span> <span class='ocrx_word' id='word_1_731' title='bbox 556 2722 635 2750; x_wconf 85' lang='lat' dir='ltr'><strong>stella</strong></span> <span class='ocrx_word' id='word_1_732' title='bbox 655 2730 688 2750; x_wconf 87' lang='lat' dir='ltr'><strong>ex</strong></span> <span class='ocrx_word' id='word_1_733' title='bbox 702 2730 761 2750; x_wconf 82' lang='lat' dir='ltr'><strong>tneo</strong></span> <span class='ocrx_word' id='word_1_734' title='bbox 779 2728 873 2750; x_wconf 83' lang='lat' dir='ltr'><strong>ventre</strong></span> <span class='ocrx_word' id='word_1_735' title='bbox 901 2729 960 2749; x_wconf 86' lang='lat' dir='ltr'><strong>orta</strong></span> <span class='ocrx_word' id='word_1_736' title='bbox 991 2728 1044 2750; x_wconf 82' lang='lat' dir='ltr'><strong>est.</strong></span> 
     </span>
    </p>
   </div>
   <div class='ocr_carea' id='block_1_102' title="bbox 258 2768 1045 2803">
    <p class='ocr_par' dir='ltr' id='par_1_102' title="bbox 258 2768 1045 2803">
     <span class='ocr_line' id='line_1_102' title="bbox 258 2768 1045 2803; baseline -0.001 -6"><span class='ocrx_word' id='word_1_737' title='bbox 258 2771 309 2803; x_wconf 83' lang='lat' dir='ltr'><strong>Qui</strong></span> <span class='ocrx_word' id='word_1_738' title='bbox 327 2775 416 2797; x_wconf 85' lang='lat' dir='ltr'><strong>autem</strong></span> <span class='ocrx_word' id='word_1_739' title='bbox 429 2770 500 2796; x_wconf 51' lang='lat' dir='ltr'><strong>lutea</strong></span> <span class='ocrx_word' id='word_1_740' title='bbox 515 2768 675 2795; x_wconf 87' lang='lat' dir='ltr'><strong>habitabant</strong></span> <span class='ocrx_word' id='word_1_741' title='bbox 693 2768 818 2802; x_wconf 81' lang='lat' dir='ltr'><strong>regione,</strong></span> <span class='ocrx_word' id='word_1_742' title='bbox 844 2768 1045 2796; x_wconf 87' lang='lat' dir='ltr'><strong>contendebant</strong></span> 
     </span>
    </p>
   </div>
   <div class='ocr_carea' id='block_1_103' title="bbox 260 2813 1044 2849">
    <p class='ocr_par' dir='ltr' id='par_1_103' title="bbox 260 2813 1044 2849">
     <span class='ocr_line' id='line_1_103' title="bbox 260 2813 1044 2849; baseline -0.003 -5"><span class='ocrx_word' id='word_1_743' title='bbox 260 2824 313 2844; x_wconf 79' lang='lat' dir='ltr'><strong>nun</strong></span> <span class='ocrx_word' id='word_1_744' title='bbox 327 2815 489 2846; x_wconf 84' lang='lat' dir='ltr'><strong>concedere,</strong></span> <span class='ocrx_word' id='word_1_745' title='bbox 509 2819 539 2841; x_wconf 89' lang='lat' dir='ltr'><strong>ut</strong></span> <span class='ocrx_word' id='word_1_746' title='bbox 555 2813 581 2841; x_wconf 87' lang='lat' dir='ltr'><strong>id</strong></span> <span class='ocrx_word' id='word_1_747' title='bbox 592 2813 795 2849; x_wconf 76' lang='lat' dir='ltr'><strong>aggrederetur,</strong></span> <span class='ocrx_word' id='word_1_748' title='bbox 811 2813 879 2840; x_wconf 76' lang='lat' dir='ltr'><strong>Nam</strong></span> <span class='ocrx_word' id='word_1_749' title='bbox 893 2814 956 2847; x_wconf 80' lang='lat' dir='ltr'><strong>etsi,</strong></span> <span class='ocrx_word' id='word_1_750' title='bbox 970 2814 1044 2842; x_wconf 81' lang='lat' dir='ltr'><strong>dice-</strong></span> 
     </span>
    </p>
   </div>
   <div class='ocr_carea' id='block_1_104' title="bbox 259 2858 1044 2895">
    <p class='ocr_par' dir='ltr' id='par_1_104' title="bbox 259 2858 1044 2895">
     <span class='ocr_line' id='line_1_104' title="bbox 259 2858 1044 2895; baseline -0.001 -6"><span class='ocrx_word' id='word_1_751' title='bbox 259 2862 337 2893; x_wconf 81' lang='lat' dir='ltr'><strong>bant,</strong></span> <span class='ocrx_word' id='word_1_752' title='bbox 350 2868 382 2886; x_wconf 90' lang='lat' dir='ltr'><strong>ex</strong></span> <span class='ocrx_word' id='word_1_753' title='bbox 394 2864 420 2887; x_wconf 89' lang='lat' dir='ltr'><strong>te</strong></span> <span class='ocrx_word' id='word_1_754' title='bbox 434 2859 568 2895; x_wconf 86' lang='lat' dir='ltr'><strong>processit</strong></span> <span class='ocrx_word' id='word_1_755' title='bbox 579 2858 624 2886; x_wconf 85' lang='lat' dir='ltr'><strong>illa</strong></span> <span class='ocrx_word' id='word_1_756' title='bbox 634 2858 722 2892; x_wconf 81' lang='lat' dir='ltr'><strong>stella,</strong></span> <span class='ocrx_word' id='word_1_757' title='bbox 737 2859 858 2887; x_wconf 85' lang='lat' dir='ltr'><strong>cernitur</strong></span> <span class='ocrx_word' id='word_1_758' title='bbox 873 2863 962 2887; x_wconf 89' lang='lat' dir='ltr'><strong>tamen</strong></span> <span class='ocrx_word' id='word_1_759' title='bbox 974 2862 1044 2895; x_wconf 91' lang='lat' dir='ltr'><strong>apud</strong></span> 
     </span>
    </p>
   </div>
   <div class='ocr_carea' id='block_1_105' title="bbox 258 2906 1044 2944">
    <p class='ocr_par' dir='ltr' id='par_1_105' title="bbox 258 2906 1044 2944">
     <span class='ocr_line' id='line_1_105' title="bbox 258 2906 1044 2944; baseline 0 -8"><span class='ocrx_word' id='word_1_760' title='bbox 258 2915 308 2936; x_wconf 87' lang='lat' dir='ltr'><strong>nos</strong></span> <span class='ocrx_word' id='word_1_761' title='bbox 315 2906 458 2935; x_wconf 76' lang='lat' dir='ltr'><strong>occidiSSe.</strong></span> <span class='ocrx_word' id='word_1_762' title='bbox 467 2907 608 2940; x_wconf 83' lang='lat' dir='ltr'><strong>Quomodo</strong></span> <span class='ocrx_word' id='word_1_763' title='bbox 616 2914 680 2943; x_wconf 75' lang='lat' dir='ltr'><strong>ergo</strong></span> <span class='ocrx_word' id='word_1_764' title='bbox 691 2915 753 2936; x_wconf 91' lang='lat' dir='ltr'><strong>eum</strong></span> <span class='ocrx_word' id='word_1_765' title='bbox 761 2915 778 2935; x_wconf 81' lang='lat' dir='ltr'><strong>a</strong></span> <span class='ocrx_word' id='word_1_766' title='bbox 786 2906 865 2936; x_wconf 86' lang='lat' dir='ltr'><strong>nobis</strong></span> <span class='ocrx_word' id='word_1_767' title='bbox 872 2907 991 2942; x_wconf 81' lang='lat' dir='ltr'><strong>auferes,</strong></span> <span class='ocrx_word' id='word_1_768' title='bbox 1000 2909 1044 2944; x_wconf 86' lang='lat' dir='ltr'><strong>qui</strong></span> 
     </span>
    </p>
   </div>
   <div class='ocr_carea' id='block_1_106' title="bbox 1099 2311 1890 2350">
    <p class='ocr_par' dir='ltr' id='par_1_106' title="bbox 1099 2311 1890 2350">
     <span class='ocr_line' id='line_1_106' title="bbox 1099 2311 1890 2350; baseline 0.008 -12"><span class='ocrx_word' id='word_1_769' title='bbox 1099 2311 1281 2339; x_wconf 86' lang='lat' dir='ltr'><strong>introducitur</strong></span> <span class='ocrx_word' id='word_1_770' title='bbox 1306 2319 1406 2347; x_wconf 84' lang='lat' dir='ltr'><strong>corpus</strong></span> <span class='ocrx_word' id='word_1_771' title='bbox 1441 2313 1603 2347; x_wconf 87' lang='lat' dir='ltr'><strong>parentibus</strong></span> <span class='ocrx_word' id='word_1_772' title='bbox 1643 2315 1890 2350; x_wconf 74' lang='lat' dir='ltr'><strong>iucundissimum,</strong></span> 
     </span>
    </p>
   </div>
   <div class='ocr_carea' id='block_1_107' title="bbox 1098 2357 1891 2396">
    <p class='ocr_par' dir='ltr' id='par_1_107' title="bbox 1098 2357 1891 2396">
     <span class='ocr_line' id='line_1_107' title="bbox 1098 2357 1891 2396; baseline 0.006 -11"><span class='ocrx_word' id='word_1_773' title='bbox 1098 2357 1313 2393; x_wconf 87' lang='lat' dir='ltr'><strong>mortalibusque</strong></span> <span class='ocrx_word' id='word_1_774' title='bbox 1329 2357 1518 2393; x_wconf 86' lang='lat' dir='ltr'><strong>utilissimum,</strong></span> <span class='ocrx_word' id='word_1_775' title='bbox 1537 2360 1614 2387; x_wconf 85' lang='lat' dir='ltr'><strong>malis</strong></span> <span class='ocrx_word' id='word_1_776' title='bbox 1631 2361 1774 2396; x_wconf 84' lang='lat' dir='ltr'><strong>spiritibus</strong></span> <span class='ocrx_word' id='word_1_777' title='bbox 1789 2367 1891 2396; x_wconf 83' lang='lat' dir='ltr'><strong>poten-</strong></span> 
     </span>
    </p>
   </div>
   <div class='ocr_carea' id='block_1_108' title="bbox 1099 2402 1892 2439">
    <p class='ocr_par' dir='ltr' id='par_1_108' title="bbox 1099 2402 1892 2439">
     <span class='ocr_line' id='line_1_108' title="bbox 1099 2402 1892 2439; baseline 0.008 -9"><span class='ocrx_word' id='word_1_778' title='bbox 1099 2403 1162 2438; x_wconf 84' lang='lat' dir='ltr'><strong>tius,</strong></span> <span class='ocrx_word' id='word_1_779' title='bbox 1177 2402 1383 2437; x_wconf 65' lang='lat' dir='ltr'><strong>aagritudinibus</strong></span> <span class='ocrx_word' id='word_1_780' title='bbox 1397 2408 1425 2431; x_wconf 91' lang='lat' dir='ltr'><strong>et</strong></span> <span class='ocrx_word' id='word_1_781' title='bbox 1439 2405 1542 2432; x_wconf 90' lang='lat' dir='ltr'><strong>morbis</strong></span> <span class='ocrx_word' id='word_1_782' title='bbox 1555 2405 1682 2439; x_wconf 87' lang='lat' dir='ltr'><strong>validius,</strong></span> <span class='ocrx_word' id='word_1_783' title='bbox 1701 2407 1892 2436; x_wconf 83' lang='lat' dir='ltr'><strong>medicamen-</strong></span> 
     </span>
    </p>
   </div>
   <div class='ocr_carea' id='block_1_109' title="bbox 1099 2449 1893 2486">
    <p class='ocr_par' dir='ltr' id='par_1_109' title="bbox 1099 2449 1893 2486">
     <span class='ocr_line' id='line_1_109' title="bbox 1099 2449 1893 2486; baseline 0.008 -10"><span class='ocrx_word' id='word_1_784' title='bbox 1099 2453 1157 2476; x_wconf 88' lang='lat' dir='ltr'><strong>tum</strong></span> <span class='ocrx_word' id='word_1_785' title='bbox 1173 2457 1235 2476; x_wconf 86' lang='lat' dir='ltr'><strong>vcre</strong></span> <span class='ocrx_word' id='word_1_786' title='bbox 1250 2449 1460 2483; x_wconf 78' lang='lat' dir='ltr'><strong>inexpugnabile</strong></span> <span class='ocrx_word' id='word_1_787' title='bbox 1476 2458 1484 2477; x_wconf 71' lang='grc' dir='ltr'>ε</span> <span class='ocrx_word' id='word_1_788' title='bbox 1507 2459 1598 2486; x_wconf 88' lang='lat' dir='ltr'><strong>neque</strong></span> <span class='ocrx_word' id='word_1_789' title='bbox 1614 2453 1709 2481; x_wconf 79' lang='lat' dir='ltr'><strong>valens</strong></span> <span class='ocrx_word' id='word_1_790' title='bbox 1727 2454 1818 2481; x_wconf 89' lang='lat' dir='ltr'><strong>solum</strong></span> <span class='ocrx_word' id='word_1_791' title='bbox 1837 2455 1893 2483; x_wconf 60' lang='lat' dir='ltr'><strong>ad-</strong></span> 
     </span>
    </p>
   </div>
   <div class='ocr_carea' id='block_1_110' title="bbox 1098 2494 1892 2532">
    <p class='ocr_par' dir='ltr' id='par_1_110' title="bbox 1098 2494 1892 2532">
     <span class='ocr_line' id='line_1_110' title="bbox 1098 2494 1892 2532; baseline 0.01 -13"><span class='ocrx_word' id='word_1_792' title='bbox 1098 2502 1193 2521; x_wconf 77' lang='lat' dir='ltr'><strong>versus</strong></span> <span class='ocrx_word' id='word_1_793' title='bbox 1211 2502 1294 2520; x_wconf 89' lang='lat' dir='ltr'><strong>unum</strong></span> <span class='ocrx_word' id='word_1_794' title='bbox 1311 2494 1448 2528; x_wconf 86' lang='lat' dir='ltr'><strong>morbum,</strong></span> <span class='ocrx_word' id='word_1_795' title='bbox 1461 2496 1519 2529; x_wconf 87' lang='lat' dir='ltr'><strong>sed,</strong></span> <span class='ocrx_word' id='word_1_796' title='bbox 1541 2502 1570 2525; x_wconf 89' lang='lat' dir='ltr'><strong>ut</strong></span> <span class='ocrx_word' id='word_1_797' title='bbox 1585 2498 1669 2525; x_wconf 88' lang='lat' dir='ltr'><strong>semel</strong></span> <span class='ocrx_word' id='word_1_798' title='bbox 1692 2497 1792 2532; x_wconf 81' lang='lat' dir='ltr'><strong>dicam,</strong></span> <span class='ocrx_word' id='word_1_799' title='bbox 1819 2500 1892 2527; x_wconf 85' lang='lat' dir='ltr'><strong>resi-</strong></span> 
     </span>
    </p>
   </div>
   <div class='ocr_carea' id='block_1_111' title="bbox 1098 2540 1322 2567">
    <p class='ocr_par' dir='ltr' id='par_1_111' title="bbox 1098 2540 1322 2567">
     <span class='ocr_line' id='line_1_111' title="bbox 1098 2540 1322 2567; baseline 0 -1"><span class='ocrx_word' id='word_1_800' title='bbox 1098 2544 1173 2567; x_wconf 80' lang='lat' dir='ltr'><strong>Stcns</strong></span> <span class='ocrx_word' id='word_1_801' title='bbox 1186 2540 1322 2566; x_wconf 88' lang='lat' dir='ltr'><strong>omnibus.</strong></span> 
     </span>
    </p>
   </div>
   <div class='ocr_carea' id='block_1_112' title="bbox 1133 2587 1888 2625">
    <p class='ocr_par' dir='ltr' id='par_1_112' title="bbox 1133 2587 1888 2625">
     <span class='ocr_line' id='line_1_112' title="bbox 1133 2587 1888 2625; baseline 0.008 -12"><span class='ocrx_word' id='word_1_802' title='bbox 1133 2587 1219 2614; x_wconf 86' lang='lat' dir='ltr'><strong>Mater</strong></span> <span class='ocrx_word' id='word_1_803' title='bbox 1229 2594 1294 2622; x_wconf 73' lang='lat' dir='ltr'><strong>ergo</strong></span> <span class='ocrx_word' id='word_1_804' title='bbox 1311 2587 1371 2614; x_wconf 78' lang='lat' dir='ltr'><strong>laeta</strong></span> <span class='ocrx_word' id='word_1_805' title='bbox 1384 2587 1429 2614; x_wconf 86' lang='lat' dir='ltr'><strong>tali</strong></span> <span class='ocrx_word' id='word_1_806' title='bbox 1446 2587 1534 2615; x_wconf 91' lang='lat' dir='ltr'><strong>reditu</strong></span> <span class='ocrx_word' id='word_1_807' title='bbox 1554 2588 1613 2622; x_wconf 83' lang='lat' dir='ltr'><strong>lilii,</strong></span> <span class='ocrx_word' id='word_1_808' title='bbox 1627 2595 1654 2617; x_wconf 91' lang='lat' dir='ltr'><strong>et</strong></span> <span class='ocrx_word' id='word_1_809' title='bbox 1667 2589 1748 2618; x_wconf 87' lang='lat' dir='ltr'><strong>simul</strong></span> <span class='ocrx_word' id='word_1_810' title='bbox 1760 2596 1844 2625; x_wconf 86' lang='lat' dir='ltr'><strong>caput</strong></span> <span class='ocrx_word' id='word_1_811' title='bbox 1860 2591 1888 2618; x_wconf 89' lang='lat' dir='ltr'><strong>in</strong></span> 
     </span>
    </p>
   </div>
   <div class='ocr_carea' id='block_1_113' title="bbox 1097 2632 1889 2671">
    <p class='ocr_par' dir='ltr' id='par_1_113' title="bbox 1097 2632 1889 2671">
     <span class='ocr_line' id='line_1_113' title="bbox 1097 2632 1889 2671; baseline 0.006 -12"><span class='ocrx_word' id='word_1_812' title='bbox 1097 2632 1207 2660; x_wconf 76' lang='lat' dir='ltr'><strong>Christo</strong></span> <span class='ocrx_word' id='word_1_813' title='bbox 1219 2633 1325 2666; x_wconf 78' lang='lat' dir='ltr'><strong>tollens,</strong></span> <span class='ocrx_word' id='word_1_814' title='bbox 1347 2633 1574 2669; x_wconf 85' lang='lat' dir='ltr'><strong>splendoremque</strong></span> <span class='ocrx_word' id='word_1_815' title='bbox 1602 2639 1630 2662; x_wconf 86' lang='lat' dir='ltr'><strong>et</strong></span> <span class='ocrx_word' id='word_1_816' title='bbox 1654 2636 1889 2671; x_wconf 72' lang='lat' dir='ltr'><strong>magniﬁcentiam</strong></span> 
     </span>
    </p>
   </div>
   <div class='ocr_carea' id='block_1_114' title="bbox 1098 2678 1888 2719">
    <p class='ocr_par' dir='ltr' id='par_1_114' title="bbox 1098 2678 1888 2719">
     <span class='ocr_line' id='line_1_114' title="bbox 1098 2678 1888 2719; baseline 0.008 -14"><span class='ocrx_word' id='word_1_817' title='bbox 1098 2678 1125 2705; x_wconf 91' lang='lat' dir='ltr'><strong>in</strong></span> <span class='ocrx_word' id='word_1_818' title='bbox 1152 2684 1274 2714; x_wconf 87' lang='lat' dir='ltr'><strong>tempore</strong></span> <span class='ocrx_word' id='word_1_819' title='bbox 1313 2680 1474 2712; x_wconf 84' lang='lat' dir='ltr'><strong>ostendens,</strong></span> <span class='ocrx_word' id='word_1_820' title='bbox 1509 2681 1615 2716; x_wconf 75' lang='lat' dir='ltr'><strong>argenti</strong></span> <span class='ocrx_word' id='word_1_821' title='bbox 1645 2689 1744 2717; x_wconf 77' lang='lat' dir='ltr'><strong>magno</strong></span> <span class='ocrx_word' id='word_1_822' title='bbox 1772 2689 1888 2719; x_wconf 83' lang='lat' dir='ltr'><strong>sumptu</strong></span> 
     </span>
    </p>
   </div>
   <div class='ocr_carea' id='block_1_115' title="bbox 1097 2726 1887 2764">
    <p class='ocr_par' dir='ltr' id='par_1_115' title="bbox 1097 2726 1887 2764">
     <span class='ocr_line' id='line_1_115' title="bbox 1097 2726 1887 2764; baseline 0.008 -12"><span class='ocrx_word' id='word_1_823' title='bbox 1097 2732 1204 2760; x_wconf 79' lang='lat' dir='ltr'><strong>capsum</strong></span> <span class='ocrx_word' id='word_1_824' title='bbox 1222 2726 1309 2753; x_wconf 88' lang='lat' dir='ltr'><strong>induit</strong></span> <span class='ocrx_word' id='word_1_825' title='bbox 1324 2735 1330 2753; x_wconf 90' lang='lat'>:</span> <span class='ocrx_word' id='word_1_826' title='bbox 1347 2734 1401 2754; x_wconf 90' lang='lat' dir='ltr'><strong>non</strong></span> <span class='ocrx_word' id='word_1_827' title='bbox 1414 2727 1502 2754; x_wconf 85' lang='lat' dir='ltr'><strong>solum</strong></span> <span class='ocrx_word' id='word_1_828' title='bbox 1523 2727 1550 2755; x_wconf 90' lang='lat' dir='ltr'><strong>id</strong></span> <span class='ocrx_word' id='word_1_829' title='bbox 1566 2727 1681 2762; x_wconf 79' lang='lat' dir='ltr'><strong>faciens,</strong></span> <span class='ocrx_word' id='word_1_830' title='bbox 1712 2734 1843 2764; x_wconf 83' lang='lat' dir='ltr'><strong>tanquam</strong></span> <span class='ocrx_word' id='word_1_831' title='bbox 1859 2732 1887 2759; x_wconf 92' lang='lat' dir='ltr'><strong>in</strong></span> 
     </span>
    </p>
   </div>
   <div class='ocr_carea' id='block_1_116' title="bbox 1097 2772 1887 2812">
    <p class='ocr_par' dir='ltr' id='par_1_116' title="bbox 1097 2772 1887 2812">
     <span class='ocr_line' id='line_1_116' title="bbox 1097 2772 1887 2812; baseline 0.009 -15"><span class='ocrx_word' id='word_1_832' title='bbox 1097 2772 1210 2806; x_wconf 75' lang='lat' dir='ltr'><strong>gratiam</strong></span> <span class='ocrx_word' id='word_1_833' title='bbox 1229 2772 1285 2802; x_wconf 85' lang='lat' dir='ltr'><strong>ﬁlii,</strong></span> <span class='ocrx_word' id='word_1_834' title='bbox 1301 2774 1347 2799; x_wconf 86' lang='lat' dir='ltr'><strong>sed</strong></span> <span class='ocrx_word' id='word_1_835' title='bbox 1363 2781 1424 2800; x_wconf 88' lang='lat' dir='ltr'><strong>cum</strong></span> <span class='ocrx_word' id='word_1_836' title='bbox 1440 2773 1553 2801; x_wconf 87' lang='lat' dir='ltr'><strong>studens</strong></span> <span class='ocrx_word' id='word_1_837' title='bbox 1577 2774 1723 2808; x_wconf 79' lang='lat' dir='ltr'><strong>honorare,</strong></span> <span class='ocrx_word' id='word_1_838' title='bbox 1756 2780 1887 2812; x_wconf 85' lang='lat' dir='ltr'><strong>tanquam</strong></span> 
     </span>
    </p>
   </div>
   <div class='ocr_carea' id='block_1_117' title="bbox 1098 2817 1890 2854">
    <p class='ocr_par' dir='ltr' id='par_1_117' title="bbox 1098 2817 1890 2854">
     <span class='ocr_line' id='line_1_117' title="bbox 1098 2817 1890 2854; baseline 0.006 -11"><span class='ocrx_word' id='word_1_839' title='bbox 1098 2817 1144 2844; x_wconf 89' lang='lat' dir='ltr'><strong>Dei</strong></span> <span class='ocrx_word' id='word_1_840' title='bbox 1163 2817 1279 2844; x_wconf 86' lang='lat' dir='ltr'><strong>amicum</strong></span> <span class='ocrx_word' id='word_1_841' title='bbox 1296 2827 1303 2844; x_wconf 71' lang='grc' dir='ltr'><strong>ι</strong></span> <span class='ocrx_word' id='word_1_842' title='bbox 1333 2823 1360 2844; x_wconf 85' lang='grc' dir='ltr'><strong>ιιι</strong></span> <span class='ocrx_word' id='word_1_843' title='bbox 1378 2817 1444 2845; x_wconf 91' lang='lat' dir='ltr'><strong>illud</strong></span> <span class='ocrx_word' id='word_1_844' title='bbox 1473 2819 1583 2854; x_wconf 89' lang='lat' dir='ltr'><strong>quidem</strong></span> <span class='ocrx_word' id='word_1_845' title='bbox 1600 2824 1674 2847; x_wconf 82' lang='lat' dir='ltr'><strong>esset</strong></span> <span class='ocrx_word' id='word_1_846' title='bbox 1703 2826 1819 2854; x_wconf 67' lang='lat' dir='ltr'><strong>naturae,</strong></span> <span class='ocrx_word' id='word_1_847' title='bbox 1837 2823 1890 2851; x_wconf 58' lang='lat' dir='ltr'><strong>hee</strong></span> 
     </span>
    </p>
   </div>
   <div class='ocr_carea' id='block_1_118' title="bbox 1097 2863 1888 2898">
    <p class='ocr_par' dir='ltr' id='par_1_118' title="bbox 1097 2863 1888 2898">
     <span class='ocr_line' id='line_1_118' title="bbox 1097 2863 1888 2898; baseline 0.009 -8"><span class='ocrx_word' id='word_1_848' title='bbox 1097 2871 1162 2890; x_wconf 86' lang='lat' dir='ltr'><strong>vero</strong></span> <span class='ocrx_word' id='word_1_849' title='bbox 1175 2863 1214 2898; x_wconf 84' lang='lat' dir='ltr'><strong>pii</strong></span> <span class='ocrx_word' id='word_1_850' title='bbox 1230 2863 1325 2896; x_wconf 86' lang='lat' dir='ltr'><strong>animi,</strong></span> <span class='ocrx_word' id='word_1_851' title='bbox 1338 2869 1365 2890; x_wconf 89' lang='lat' dir='ltr'><strong>et</strong></span> <span class='ocrx_word' id='word_1_852' title='bbox 1380 2865 1480 2892; x_wconf 90' lang='lat' dir='ltr'><strong>mentis</strong></span> <span class='ocrx_word' id='word_1_853' title='bbox 1493 2865 1578 2893; x_wconf 87' lang='lat' dir='ltr'><strong>Deum</strong></span> <span class='ocrx_word' id='word_1_854' title='bbox 1608 2867 1736 2894; x_wconf 83' lang='lat' dir='ltr'><strong>amantis.</strong></span> <span class='ocrx_word' id='word_1_855' title='bbox 1757 2868 1825 2895; x_wconf 88' lang='lat' dir='ltr'><strong>Cum</strong></span> <span class='ocrx_word' id='word_1_856' title='bbox 1846 2869 1888 2897; x_wconf 82' lang='lat' dir='ltr'><strong>sic</strong></span> 
     </span>
    </p>
   </div>
   <div class='ocr_carea' id='block_1_119' title="bbox 1098 2913 1886 2948">
    <p class='ocr_par' dir='ltr' id='par_1_119' title="bbox 1098 2913 1886 2948">
     <span class='ocr_line' id='line_1_119' title="bbox 1098 2913 1886 2948; baseline 0.01 -13"><span class='ocrx_word' id='word_1_857' title='bbox 1098 2917 1162 2945; x_wconf 76' lang='lat' dir='ltr'><strong>ergo</strong></span> <span class='ocrx_word' id='word_1_858' title='bbox 1180 2917 1287 2945; x_wconf 85' lang='lat' dir='ltr'><strong>capsam</strong></span> <span class='ocrx_word' id='word_1_859' title='bbox 1306 2915 1419 2948; x_wconf 77' lang='lat' dir='ltr'><strong>argento</strong></span> <span class='ocrx_word' id='word_1_860' title='bbox 1432 2917 1560 2947; x_wconf 88' lang='lat' dir='ltr'><strong>parentes</strong></span> <span class='ocrx_word' id='word_1_861' title='bbox 1574 2913 1670 2948; x_wconf 89' lang='lat' dir='ltr'><strong>optimi</strong></span> <span class='ocrx_word' id='word_1_862' title='bbox 1684 2914 1886 2945; x_wconf 82' lang='lat' dir='ltr'><strong>circumdedis-</strong></span> 
     </span>
    </p>
   </div>
  </div>
