2024 3153
137 146 180 178 49Ἱ

499 152 731 184 MARTYRIUM
752 154 781 184 S.
802 154 949 185 SOPEILE
970 157 1015 186 ΕΤ
1039 157 1224 189 [³ἷΙᾸᾸἮΗΙ
1247 159 1345 190 EJUS.

1698 160 1750 189 498

136 206 197 235 sent,
212 203 264 231 hoc
275 212 340 233 vere
353 213 462 234 sacrum
483 208 613 243 templum
642 208 784 243 depoth
796 209 823 237 in
850 210 911 245 pul-
926 214 949 243 Α
963 218 1059 238 mones
1073 211 1212 246 fugantur,
1227 213 1314 239 morbi
1329 212 1480 245 solvuntur,
1497 217 1523 240 et
1534 212 1604 240 Deus
1619 211 1646 239 in
1662 213 1750 240 omni-

135 247 192 276 ehro
201 249 312 284 templo,
324 251 398 285 quod
412 252 462 287 ipsi
471 252 591 288 Deiparaa
600 258 824 287 construxerant,
835 262 912 283 eom-
967 256 1027 287 bus.
1043 261 1070 284 et
1084 265 1134 292 per
1148 257 1240 285 omnia
1254 258 1573 293 gloritleatur.Quoniam
1592 266 1654 285 cum
1670 258 1751 286 decet

134 300 221 321 munes
235 294 393 325 hominibus
407 297 495 326 en‘eeti
510 299 710 332 benefactores,
728 300 793 328 dato
828 301 912 335 dono,

132 340 195 374 quod
208 341 366 370 extenditur
381 342 408 370 in
430 345 626 380 sempiternum
645 353 652 372 :
668 353 718 381 per
751 354 831 382 quem
857 347 913 376 dae-

138 428 1759 444 —_—-——-——_—_———

966 303 1056 330 omnis
1070 302 1166 338 gloria,
1182 304 1272 331 honor
1285 308 1313 331 et
1327 303 1460 337 adoratio,
1486 311 1559 331 nunc
1585 308 1614 331 et
1642 310 1752 340 semper

966 353 994 376 et
1014 349 1041 376 in
1058 350 1155 378 sazcula
1164 350 1339 377 saeculorum.
1353 350 1450 377 Amen.

470 484 825 562 MENSIS
883 484 1416 566 AUGUSTUS.

445 657 766 705 ΜΑΡΤΥΡΙΟΝ
801 661 917 704 ΤΩΝ

981 661 1125 705 ιΓΙΩΝ
1162 657 1447 705 ΓΥΝΑΙΚΩΝ

791 739 1103 808 ΣΟΦΙΑΣ

705 838 767 866 ΚΔῙ
782 837 851 865 ΤΩΝ
866 836 1069 866 ΘΥΓΔΤΕΡΩΝ
1083 837 1201 865 ΔΥΤΗΣ

279 906 638 977 ΠΙΣΤΕΩΣ,
687 902 1032 963 ΕΛΠΙΔΟΣ
1090 905 1230 961 ΚΑΙ
1287 903 1622 962 ΑΓΑΠΗΣ.

374 1053 742 1099 MARTYBIUM
780 1052 1138 1117 SANCTARUM
1179 1050 1502 1098 MULIERUM

519 1132 522 1134 ί
742 1139 1159 1197 ΞΟΡΗΙᾸΕ

795 1231 836 1258 ET
852 1231 929 1257 EJUS
944 1230 1098 1257 FILIARUM

434 1293 601 1345 FlDEI
618 1330 637 1361 ,

706 1292 847 1344 SPEI
902 1291 985 1342 ET
1051 1289 1462 1343 CHABITATIS.

306 1399 404 1429 (Latine
416 1398 479 1430 apud
490 1396 590 1422 Suriuln
603 1395 634 1420 ad
644 1395 711 1421 diem
726 1396 734 1421 l
750 1395 867 1427 Augusti;
881 1394 965 1420 Grece
981 1401 1012 1420 ex
1027 1395 1079 1420 eod.
1097 1401 1141 1419 ms.
1155 1394 1232 1419 Grave.
1248 1395 1317 1419 Paris
1339 1401 1364 1419 n.
1380 1395 1447 1425 ιω,
1458 1401 1506 1419 saec
1535 1395 1590 1425 xu.)

171 1550 210 1576 A'.
226 1548 306 1576 Μετὰ
327 1548 356 1574 to
370 1547 566 1583 διαγγελθῆναι
586 1548 726 1583 πανταχοῦ
740 1548 770 1574 τὸ
790 1548 926 1584 σωτήριον

1012 1547 1032 1576 Ι.
1049 1547 1197 1583 Postquam
1215 1547 1448 1575 Iuissetsalutaris
1475 1547 1633 1582 praedicatio
1663 1547 1763 1584 ubique

136 1596 279 1630 κήρυγμα,
293 1593 471 1629 πλωρηθῆνιι
491 1602 522 1620 τε
538 1593 574 1620 τὰ
591 1593 680 1621 πάντα
698 1593 746 1620 τοῦ
758 1594 860 1628 γνῶναι
877 1593 924 1621 τὸν

137 1639 249 1675 Κύριον,
266 1640 349 1666 οἱονεὶ
368 1638 494 1674 λείψανον
507 1639 606 1670 κακίαις
625 1639 764 1675 Ἁδριανὸς
777 1639 826 1675 τὴν
840 1640 922 1667 αὑτο-

132 1687 260 1721 κράτορα
281 1685 422 1722 Ῥημαίων
443 1685 545 1712 διέπων
557 1685 655 1722 ἀρχὴν,
671 1685 771 1720 πολλὴν
789 1685 868 1721 εἴπερ
881 1695 923 1717 τις

136 1732 215 1763 ἄλλος
225 1731 277 1767 τὴν
299 1731 366 1766 πρὶς
379 1731 441 1763 τοὺς
455 1730 650 1767 ψευδωνύμους
663 1731 740 1762 θεοὺς
752 1731 925 1758 ἐπεδείκνυτο

136 1776 372 1812 δεισιδαιμονίαν,
399 1777 463 1808 τοὺς
488 1776 537 1812 μὲν
568 1775 698 1808 θωπείαις
726 1776 924 1813 ὑπερχόμενος,

137 1823 199 1854 τοὺς
213 1823 242 1848 δὲ
256 1822 304 1849 καὶ
316 1822 440 1854 ἀπειλαῖς
457 1822 666 1858 καταπλήττων.
683 1821 752 1849 Κατ’
767 1823 856 1850 ἐκεῖνο
872 1822 927 1850 τοι-

138 1876 185 1893 νυν
199 1867 311 1902 καιροῦ,
327 1867 394 1901 γυνή
409 1875 450 1898 τις
465 1866 581 1902 εὐσεϐὴς
597 1867 645 1894 καὶ
662 1866 795 1902 φιλόθεος,
808 1866 928 1903 τοῦνομα

137 1913 234 1947 Σοφία,
245 1913 342 1947 γένευς
353 1912 407 1939 τῶν
416 1912 565 1947 ἐπιφανῶν,
578 1912 668 1948 χώρας
685 1913 804 1945 Ἰταλῶν,
814 1912 928 1949 χηρείαν

140 1960 285 1986 omnium
313 1959 409 1994 ἀνδρὸς
428 1958 581 1994 Θυγατράσι
602 1959 697 1994 μόναις
713 1959 788 1994 τρισὶ
805 1960 850 1986 τὸν
871 1959 928 1995 βίον

141 2004 280 2031 ἐσάλευεν.
304 2002 379 2039 Αὕτη
395 2005 427 2038 τῇ
452 2003 617 2040 περιωνύμῳ
630 2004 685 2031 τῶν
702 2005 807 2031 πόλεων
832 2004 929 2041 Ῥώμῃ

142 2050 339 2085 ἒπιδημήσασα.
348 2050 407 2080 ταῖς
418 2049 563 2085 παρθένοις
577 2049 644 2085 ὁμοῦ
661 2050 728 2077 πολὺ
739 2050 769 2077 τὺ
777 2050 871 2086 χάριεν
882 2051 929 2078 καὶ

143 2096 291 2130 ἒπαγωγὺν
319 2095 446 2130 ἐχούσαις
474 2097 545 2123 κατά
564 2105 592 2122 τε
609 2096 689 2132 σῶμα
705 2096 751 2123 καὶ
761 2097 810 2132 τὴν
827 2096 928 2132 ψυχὴν,

142 2140 190 2174 οὐχ
204 2138 320 2174 ὑπήχθη
336 2139 370 2174 τῇ
387 2138 486 2174 πλάνῃ,
506 2139 564 2166 οὐδὲ
582 2140 650 2174 πρὸς
662 2139 712 2175 τὴν
725 2139 771 2166 τοῦ
783 2139 930 2172 δυσσεόοῦς

144 2186 336 2221 βασιλεύοντος
354 2185 503 2220 θρησκείαν
523 2186 664 2220 ἀπέκλινε,
688 2187 748 2213 λίαν
767 2186 816 2222 τὴν
832 2187 930 2222 κλῆσιν

143 2231 189 2259 ἐπὶ
206 2232 261 2259 τῶν
276 2232 367 2266 ἔργων
380 2232 551 2264 δεικνύουσα,
566 2233 582 2267 ἡ
598 2232 646 2267 τῆς
660 2233 762 2260 ἄνωθεν
783 2233 867 2265 ὅντως
887 2242 931 2260 σο-
943 2223 966 2252 c

145 2279 206 2313 φίας
221 2277 379 2312 ἐπώνυμος.
400 2277 432 2304 Ἦ
443 2277 495 2313 γὰρ
507 2278 609 2306 ἄνωθεν
632 2279 725 2313 σοφία,
741 2280 823 2314 φησὶν
834 2281 848 2307 ὸ
858 2280 930 2312 θεῖος

150 2323 289 2355 Ἰάκωϐος,
306 2323 414 2357 πρῶτον
431 2322 480 2358 μὲν
496 2323 564 2358 ἁγνή
581 2325 665 2357 ἐστιν,
682 2325 779 2350 ἔπειτα
793 2325 930 2360 εἰρηνικὴ,

146 2369 285 2405 εὐπειθὴς,
317 2369 404 2404 μεστὴ
419 2369 511 2401 ὲλὲους
534 2370 581 2396 καὶ
610 2370 725 2405 καρπῶν
743 2369 863 2403 ἀγαθῶν.
886 2370 931 2404 Ἐξ

149 2412 185 2442 ὧν
200 2416 255 2451 γὰρ
269 2416 283 2441 ό
298 2416 349 2450 τῆς
363 2415 464 2451 ἀρετῆς
481 2416 545 2451 παρ’
559 2416 630 2450 αὐτῇ
645 2416 750 2451 καρπδς
766 2415 932 2452 ὲγνωρίζετο

147 2461 205 2491 ταῖς
233 2461 388 2496 θυγατράσι
419 2461 469 2492 τὰς
490 2462 677 2496 προσηγορίας
713 2461 867 2496 ἡρμόζετο·
886 2461 934 2488 καὶ

150 2506 250 2533 ἐκεῖναι
280 2506 364 2533 πάλιν
392 2506 580 2540 ἁληθευούσας
606 2507 708 2538 ταύτας
735 2507 800 2543 παρ’
823 2508 933 2540 ἑαυταῐς

151 2552 296 2585 ἐδείκνυον,
315 2552 362 2578 καὶ
376 2552 451 2578 οὐδὲν
465 2552 569 2588 ἀπᾷδον
593 2552 652 2578 οὐδὲ
667 2552 806 2588 ἀλλότριον
821 2550 894 2588 εῐχον
907 2553 932 2580 ot

153 2597 241 2625 κλάδοι
252 2598 304 2632 τῆς
319 2597 409 2634 ῥίζης.

187 2643 223 2670 B’.
246 2643 325 2670 Ἐπεὶ
345 2643 374 2670 δὲ
395 2642 471 2678 παρᾶ
489 2644 556 2671 «in
576 2643 732 2679 διεϐεϐόητο
745 2645 763 2681 ἢ
780 2654 809 2672 τε
828 2645 936 2678 σύνεσις

155 2690 262 2716 ἐκείνων
287 2689 337 2716 καὶ
355 2690 371 2725 ἠ
390 2690 474 2725 ἀρετὴ
497 2690 543 2716 καὶ
560 2690 590 2716 τδ
608 2690 677 2725 προς
699 2691 818 2726 Χριστὸν
842 2691 933 2724 σέϐας,

156 2735 204 2762 οὐκ
225 2736 346 2770 ὲνεγκὼν
364 2735 379 2762 ό
401 2735 448 2762 τοῦ
476 2736 573 2770 φθόνου
602 2736 702 2772 πατὴρ,
730 2736 774 2763 διὰ
792 2736 935 2772 βασκάνων

155 2781 300 2816 ὀφθαλμῶν
321 2781 458 2816 Ἀντιόχου
478 2782 551 2813 τινὸς
567 2781 674 2818 ἀνδρὸς,
693 2782 742 2818 τὴν
759 2784 809 2818 τῆς
833 2782 935 2815 πόλεως

160 2827 285 2862 πρόνοιαν
308 2827 536 2863 πεπιπευμένου,
564 2829 612 2864 τὴν
630 2829 771 2856 εῦσὲὁειαν
797 2829 886 2857 αὐτῶν
902 2829 940 2865 τῷ

975 1594 1149 1626 annuntiata,
1165 1598 1193 1621 et
1208 1592 1300 1621 omnia
1314 1597 1406 1621 essent
1421 1593 1523 1628 repleta
1540 1594 1696 1629 cognitione
1712 1594 1764 1622 Do-

975 1639 1053 1674 mini,
1070 1639 1153 1667 veluti
1165 1639 1288 1674 quaedam
1303 1639 1543 1675 scelerisreliquia:
1557 1640 1690 1668 Adrianus
1706 1640 1763 1668 Ilc~

976 1694 1118 1714 manorum
1132 1685 1325 1713 administrans
1355 1685 1499 1721 imperium
1511 1706 1519 1718 ,
1537 1686 1565 1713 in
1579 1685 1662 1713 falsos
1688 1686 1765 1719 deos,

976 1732 1023 1767 qui
1045 1731 1234 1764 nominantur,
1267 1732 1428 1759 ostendebat
1456 1731 1615 1766 plurimam,
1642 1730 1665 1758 si
1695 1731 1767 1760 ulius

976 1777 1056 1811 alius,
1066 1777 1301 1813 superstitionem,
1324 1777 1392 1805 alios
1408 1776 1518 1812 quidem
1545 1776 1668 1804 alliciens
1693 1775 1768 1805 blan-

978 1823 1062 1855 ditiis,
1079 1823 1146 1851 alios
1171 1826 1262 1850 autem
1277 1823 1359 1850 etiam
1377 1822 1460 1849 minis
1476 1821 1614 1851 territans.
1640 1821 1689 1849 illo
1716 1829 1767 1850 au-

979 1873 1034 1897 tem
1048 1873 1170 1903 tempore
1184 1868 1282 1895 mulier
1304 1867 1427 1903 quaedam
1444 1868 1488 1903 pia
1505 1872 1534 1895 et
1560 1867 1697 1903 religiosa,
1716 1875 1768 1896 no-

981 1915 1055 1942 mine
1065 1913 1178 1949 Sophia,
1188 1914 1259 1942 clara
1273 1922 1386 1950 genere,
1397 1914 1463 1942 Itala
1488 1913 1608 1946 natione,
1621 1921 1682 1941 eum
1695 1918 1770 1942 esset

980 1961 1091 1989 viduata
1107 1961 1216 1995 marito,
1230 1969 1291 1989 cum
1306 1961 1393 1989 tribus
1413 1960 1519 1989 ﬁliabus
1534 1960 1598 1988 solis
1615 1960 1696 1988 vitam
1711 1959 1769 1995 agi-

980 2007 1065 2035 tabat.
1079 2006 1115 2034 Ea
1123 2014 1184 2034 cum
1195 2007 1275 2035 simul
1293 2015 1353 2035 cum
1363 2005 1523 2042 virginibus,
1537 2013 1597 2041 quas
1610 2005 1770 2034 erantvalde

981 2053 1114 2087 honestae,
1142 2056 1169 2080 et
1184 2052 1323 2088 elegantes
1350 2051 1441 2079 animo
1475 2057 1502 2079 et
1527 2058 1653 2086 corpore,
1677 2050 1771 2079 Roma:

981 2102 1085 2126 versata
1099 2103 1182 2131 esset,
1198 2097 1320 2126 nonfuit
1346 2105 1439 2125 errore
1465 2097 1587 2130 seducta,
1620 2104 1708 2133 neque
1736 2096 1771 2125 ad

981 2144 1056 2180 impii
1077 2143 1249 2179 imperatoris
1291 2143 1434 2171 reclinavit
1474 2142 1644 2179 religionem,
1691 2141 1772 2170 facts

982 2190 1048 2225 ipsis
1096 2189 1209 2225 pulchre
1256 2197 1333 2217 suam
1373 2188 1520 2217 ostendens
1559 2188 1770 2224 appellationem

982 2244 1042 2271 quae
1057 2243 1155 2263 nomen
1169 2243 1232 2263 vere
1266 2235 1425 2272 sumpsisset
1441 2243 1456 2263 a
1482 2243 1600 2270 superna
1626 2234 1771 2270 sapientia,

983 2287 1011 2310 et
1028 2282 1165 2310 diceretur
1177 2282 1290 2318 Sophia.
1301 2281 1368 2314 Quae
1381 2285 1422 2309 est
1437 2281 1509 2308 enim
1524 2280 1642 2315 desuper
1657 2279 1773 2314 Sapien-

983 2329 1031 2359 tia,
1047 2327 1136 2362 inquit
1149 2326 1257 2354 divinus
1278 2326 1405 2359 Iacobus,
1417 2325 1535 2360 primum
1545 2324 1656 2359 quidem
1670 2324 1769 2360 pudica

984 2377 1035 2406 est,
1051 2372 1149 2400 deinde
1175 2372 1299 2408 pacifica,
1316 2372 1450 2404 modesta,
1467 2370 1609 2402 obediens,
1625 2370 1706 2405 plena
1722 2371 1773 2397 mi-

986 2417 1134 2446 sericordia
1149 2422 1176 2445 et
1194 2417 1326 2445 fructibus
1342 2416 1433 2444 bonis.
1452 2416 1490 2443 Eo
1505 2416 1592 2448 enim,
1604 2415 1685 2451 :quod
1714 2415 1772 2443 vir-

986 2464 1054 2492 tutis
1072 2463 1178 2492 fructus
1195 2468 1266 2499 apud
1287 2470 1348 2490 eam
1384 2461 1595 2498 agnoscebatur,
1633 2462 1775 2497 adaptavit

987 2510 1093 2538 ﬁliabus
1124 2510 1180 2537 suis
1210 2509 1431 2546 appellationes:
1459 2513 1485 2536 et
1500 2508 1552 2536 illae
1569 2516 1664 2536 rursus
1693 2508 1721 2535 in
1744 2515 1774 2535 se

987 2556 1169 2584 ostendebant
1183 2563 1244 2584 esse
1257 2564 1348 2589 veras,
1375 2563 1466 2590 neque
1506 2555 1643 2582 habebant
1669 2553 1775 2588 aliquid

987 2602 1068 2635 rami,
1083 2601 1156 2637 quod
1171 2601 1338 2636 disereparet
1352 2606 1398 2629 aut
1413 2605 1485 2629 esset
1499 2600 1617 2628 alienum
1633 2607 1648 2626 a
1672 2599 1773 2626 radice.

1025 2647 1058 2675 ll.
1073 2647 1141 2675 Cum
1153 2652 1244 2675 autem
1252 2647 1436 2675 celebraretur
1443 2646 1514 2682 apud
1524 2652 1619 2673 omnes
1631 2649 1657 2672 et
1669 2645 1775 2671 illarum

989 2693 1132 2729 prudentia
1151 2698 1177 2721 et
1186 2693 1284 2726 virtus,
1302 2698 1329 2720 et
1344 2693 1371 2719 in
1388 2692 1527 2719 Christum
1543 2690 1646 2726 religio,
1662 2697 1717 2716 non
1733 2688 1774 2716 fe-

990 2748 1053 2768 rens
1065 2745 1141 2775 pater
1152 2740 1271 2773 invidiae,
1282 2747 1329 2775 per
1342 2738 1448 2766 invidos
1458 2737 1550 2765 oculos
1566 2736 1706 2771 cujusdam
1718 2736 1776 2762 An-

988 2786 1074 2814 tiochi
1088 2806 1095 2819 ,
1105 2786 1185 2822 cujus
1193 2786 1254 2814 tidei
1265 2785 1409 2814 commissa
1419 2785 1506 2812 fuerat
1517 2783 1677 2819 pra-tectura
1687 2781 1774 2814 urbis,

984 2831 1122 2868 signiﬁcat
1141 2832 1296 2867 imperatori
1307 2838 1400 2859 earum
1412 2830 1553 2866 pietatem,
1574 2832 1602 2856 et
1625 2835 1672 2856 eas
1685 2827 1774 2856 defert
