2024 3153
242 136 292 167 511

879 134 1019 165 MENSlS
1038 133 1251 164 AUGUSTUS.

1819 130 1874 164 512

242 189 289 217 sed
303 188 500 224 propemodum
526 188 614 224 ipsum
632 189 714 217 etiam
728 189 836 225 iussum
849 189 1031 225 prmi-nicius,

1090 188 1177 222 μόνον,
1203 186 1271 214 ἀλλὰ
1292 186 1392 222 μικροῦ
1409 185 1459 213 καὶ
1483 186 1549 214 αὐτὸ
1564 185 1595 213 τὸ
1612 187 1779 222 πρόσταγμα
1798 186 1874 221 φθά-

242 235 269 262 in
293 233 411 262 mediam
438 233 573 261 ﬂammam
600 234 716 267 insiluit,
740 239 869 270 tanquam
902 235 930 262 in
949 242 1034 270 aquas

242 279 343 308 calidas
370 284 398 307 et
411 279 519 307 lavacra
538 280 711 308 suavissima.
725 281 854 309 Protinus
879 288 942 316 ergo
959 280 1035 307 flam-

245 331 289 351 ma
316 323 426 359 quidem
452 322 665 357 diffundebatur,
679 330 707 352 et
735 326 958 361 apprehendebat
987 332 1035 352 eos

240 369 287 404 qui
296 369 514 397 circumstabant.
528 369 629 406 Tetigit
641 376 732 399 autem
744 371 814 406 ignis
829 373 916 407 ipsum
926 379 1034 406 quoque

239 413 368 448 iudicem,
377 417 433 441 tum
447 418 476 441 ut
488 413 666 442 ulcisceretur
675 415 852 450 impietatem,
869 420 924 443 tum
935 420 966 443 ut
976 416 1034 451 ipse

243 459 356 486 minime
372 459 519 492 dubitaret,
543 459 590 488 sed
604 464 727 488 uteretur
744 462 834 497 seipso
849 465 918 489 teste
936 461 1034 489 divinae

243 505 384 540 potentiae.
408 505 454 533 Sic
476 512 540 541 ergo
567 513 612 533 res
631 506 739 541 quidem
769 507 915 542 impiorum
932 506 1033 535 allicie-

243 550 342 578 bantur
369 550 517 585 dedecore;
551 551 752 587 glorificabatur
781 558 872 580 autem
895 553 968 581 Deus
985 561 1034 588 per

242 605 320 625 suam
347 604 506 634 martyrem.
540 600 630 627 Judici
654 605 745 628 autem
773 601 843 628 male
864 609 894 629 se
916 601 1034 629 habebat

243 651 275 671 ea
293 651 355 679 pars
373 645 505 680 corporis,
530 653 613 680 quam
632 645 740 673 ﬂamma
757 647 894 682 tetigerat,
909 651 936 674 et
950 647 1033 674 mittit

241 690 384 725 quosdam,
399 691 445 726 qui
458 695 582 719 sanctam
595 691 834 725 adducerent.Qui
850 697 941 720 autem
956 693 1033 720 missi

244 735 364 769 fuerant,
375 737 469 765 vident
484 737 616 772 quosdam
638 738 763 765 candidis
777 738 886 766 indutos
902 738 1032 772 vestibus,

242 781 359 816 eleganti
384 786 411 809 et
426 782 542 810 honesta
558 783 659 818 specie,
675 784 720 818 qui
745 784 787 811 vel
805 784 860 811 sola
875 784 962 812 forma
986 792 1034 819 po-

244 831 331 854 terant
347 827 483 855 adducere
499 827 526 855 in
547 828 755 856 admirationem
769 838 776 861 ;
799 830 845 865 qui
863 829 945 857 etiam
961 837 1032 864 saepe

243 873 293 900 visi
309 873 418 900 fuerant
433 881 495 901 cum
515 874 594 902 beata
615 876 717 903 versari
737 875 763 902 in
779 875 900 908 fornace,
917 880 945 903 et
957 876 1036 903 simul

243 926 306 946 cum
330 926 362 946 ca
379 927 476 954 preces
501 919 628 947 fundere.
653 920 721 948 Cum
747 925 838 948 autem
856 921 898 949 eis
912 926 1033 949 sanctam

244 966 408 994 conantibus
432 975 530 1002 capere
552 968 648 994 δοίη-ω
663 974 756 996 essent
771 969 900 1002 dexterm,
917 977 970 996 non
987 977 1034 996 va-

245 1011 334 1038 lentes
362 1011 463 1046 aliquid
484 1012 603 1047 amplius
632 1011 724 1039 facere
746 1021 752 1038 :
775 1013 920 1048 Egredere,
935 1013 1035 1041 clama-

245 1055 323 1089 bant,
344 1057 441 1083 ancilla
463 1055 509 1083 Dei
534 1062 639 1084 :vocat
664 1062 690 1085 te
709 1058 793 1093 judex
832 1059 897 1091 Quae
923 1059 974 1086 etsi
1002 1067 1034 1086 ex

245 1101 307 1136 igne
327 1109 437 1138 egressa
460 1107 533 1130 esset
548 1103 641 1136 illaesa,
660 1111 722 1131 cum
737 1104 761 1131 ei
776 1101 892 1131 omnino
908 1112 963 1131 non
985 1113 1035 1132 n0-

245 1148 348 1176 cuisset
369 1148 448 1184 ignis,
464 1153 492 1176 et
507 1149 607 1184 impius
630 1157 729 1185 corpus
748 1150 859 1177 haberet
879 1151 969 1178 adhuc
983 1159 1027 1178 ss-

247 1195 446 1227 miustulatum,
467 1199 495 1222 et
515 1203 547 1222 ex
566 1195 625 1230 ipso
647 1199 741 1230 posset
761 1196 912 1232 intelligere
930 1206 937 1223 :
961 1204 1035 1224 cras-

245 1247 307 1268 sam
338 1246 429 1267 tamen
458 1241 558 1268 nubem
584 1240 677 1268 ferens
702 1242 727 1268 in
755 1242 852 1275 oculis,
875 1247 932 1269 erat
958 1243 1036 1277 plane

245 1286 389 1321 insipiens.
418 1286 566 1321 Propterea
588 1287 616 1314 in
637 1294 700 1314 eam
729 1295 824 1315 rursus
852 1289 905 1316 alia
932 1289 1037 1316 induxit

247 1331 389 1367 supplicia,
410 1332 525 1368 etjubet
547 1333 608 1367 eius
628 1333 749 1360 membra
773 1333 893 1369 transfigi
911 1334 1035 1361 terebris.

246 1378 315 1405 Cum
342 1384 433 1405 autem
467 1383 570 1415 martyr
596 1379 700 1406 habens
718 1380 830 1407 omnino
856 1374 973 1407 mentem
1003 1381 1037 1407 ad

248 1424 332 1451 Deum
347 1425 491 1456 sublatam,
507 1432 602 1457 parum
619 1429 664 1452 aut
679 1425 748 1452 nihil
764 1431 872 1453 curaret
888 1431 1035 1460 tormenta,

247 1477 308 1497 eam
324 1475 411 1498 morte
429 1471 604 1498 condemnat.
630 1470 707 1504 Quod
725 1471 836 1506 quidem
857 1480 918 1499 cum
933 1473 1037 1500 audiis-

247 1520 289 1542 sct
305 1516 517 1548 adulescentula,
533 1517 610 1551 cujus
624 1524 679 1544 non
699 1522 776 1544 erant
788 1518 880 1552 pusilli
897 1522 924 1545 et.
938 1518 1036 1546 mulie-

248 1561 312 1588 bres
334 1562 457 1596 spiritus,
493 1567 521 1589 et
542 1566 694 1596 reputasset
721 1563 772 1590 hoc
796 1570 857 1590 esse
888 1563 971 1590 veluti
1000 1553 1073 1591 si-C

250 1607 396 1641 gnaculum
412 1612 438 1633 et
453 1606 608 1634 firmitatem
625 1615 679 1634 sum
697 1607 725 1634 iu
747 1608 830 1635 Deum
847 1608 1038 1642 confessionis,

249 1660 361 1687 magnas
384 1653 438 1680 Deo
455 1654 509 1688 egit
524 1654 624 1689 gratias
643 1663 649 1680 :
665 1654 722 1689 Ago
738 1654 785 1682 tibi
809 1655 919 1691 gratias,
935 1656 1039 1690 dicens,

249 1698 341 1726 divina
356 1699 486 1731 Trinitas,
502 1707 556 1728 una
570 1699 711 1732 divinitas,
726 1709 779 1727 una
801 1701 898 1737 gloria,
918 1710 972 1730 una
991 1711 1041 1737 po-

250 1745 347 1776 tentia,
366 1745 438 1779 quod
461 1749 487 1772 te
509 1750 537 1772 et
551 1746 605 1773 tuis
625 1746 790 1781 martyribus
813 1747 882 1775 meis
903 1749 1042 1776 sororibus

250 1791 359 1826 dignam
373 1799 428 1824 me,
444 1799 504 1827 quae
523 1798 583 1819 sum
604 1791 727 1824 minima,
749 1792 903 1820 reddidisti.
915 1793 1042 1822 Concede

251 1842 352 1869 autem,
374 1841 403 1864 ut
424 1842 513 1865 mater
524 1845 584 1865 mea
607 1843 668 1873 post
685 1845 776 1865 meum
791 1838 933 1866 decessum
947 1841 1042 1868 tandiu

252 1883 287 1910 sit
315 1890 341 1909 m
363 1883 415 1910 hac
436 1883 534 1911 misera
554 1883 610 1912 vita
639 1888 789 1918 superstes,
814 1888 844 1912 ut
869 1885 922 1913 tuis
938 1886 1043 1914 ancillis

251 1928 322 1963 jusla
341 1928 432 1956 faciat.

287 2014 357 2043 XIV.
378 2015 447 2044 Cum
463 2016 503 2044 sic
520 2022 630 2052 precata
652 2023 725 2046 esset
744 2019 823 2046 beata
843 2019 968 2048 Charitas
992 2020 1041 2048 ad-

253 2062 386 2088 miranda:
405 2062 466 2089 filiae
481 2067 569 2089 mater
587 2062 753 2091 admirabilis
771 2072 820 2099 pro
842 2073 873 2092 ea
893 2070 934 2093 est
949 2074 1044 2100 prcca-

255 2111 293 2138 ta,
313 2114 367 2132 non
388 2111 418 2133 ut
435 2114 494 2134 eam
525 2107 629 2135 videret
658 2109 758 2142 vivam,
773 2114 801 2136 et
821 2109 902 2145 longo
922 2114 1044 2145 tempore

253 2155 367 2185 viveret.
394 2161 508 2183 mortem
533 2156 675 2193 eﬂugiens,
696 2164 724 2185 ct
741 2166 801 2185 eam
818 2159 904 2186 solam
931 2159 1046 2187 haberet

255 2202 468 2229 consolationem
492 2208 521 2230 et
544 2211 620 2238 spem
653 2205 813 2237 senectutis,
837 2212 899 2232 cum
921 2205 954 2232 ab
984 2205 1045 2233 aliis

256 2252 329 2276 (sset
350 2249 458 2276 deserta
488 2248 612 2282 ﬁliabus;
635 2249 704 2276 nihil
735 2249 833 2277 horum
857 2255 899 2277 est
923 2257 1044 2284 precata.

256 2299 303 2322 aut
317 2294 416 2327 voluit;
440 2294 497 2322 Ιιωε
511 2295 586 2322 enim
607 2294 746 2330 judicabat
769 2302 830 2322 esse
856 2300 974 2323 matrum
994 2295 1047 2323 illi-

255 2341 355 2368 beralis
377 2346 404 2368 et.
420 2341 513 2376 pusilli
538 2341 633 2372 animi,
655 2345 684 2368 et
707 2349 768 2376 quae
792 2341 936 2368 intuentur
955 2341 1044 2369 solum

255 2385 290 2412 ad
313 2385 340 2412 id
359 2386 430 2420 quod
457 2385 544 2418 adest,
562 2389 590 2413 et
611 2385 683 2420 quod
703 2384 832 2412 videtur:
855 2385 902 2411 sed
927 2388 956 2411 ut
981 2392 1047 2412 con-

257 2432 399 2458 venienter
414 2431 476 2466 ejus
501 2431 641 2466 proposito
665 2431 806 2465 acciperet
831 2431 1046 2458 consummatio-

257 2486 330 2510 nem,
343 2482 371 2505 et
380 2478 451 2505 bona
463 2478 533 2505 facta
547 2478 636 2505 bonus
649 2484 809 2512 sequeretur
824 2478 924 2505 exitus.
941 2477 1046 2510 Quatu-

257 2532 352 2559 obrem
378 2531 411 2558 ad
435 2535 551 2558 mortem
584 2531 609 2559 ei
634 2531 738 2558 addens
764 2531 897 2564 animum,
920 2536 947 2558 et
963 2531 996 2558 ad
1016 2531 1048 2558 fi-

259 2585 323 2606 nem
351 2585 448 2605 cursus
475 2577 639 2604 confirmans
660 2586 667 2604 :
692 2577 776 2612 Euge,
799 2577 918 2609 dicebat,
937 2584 953 2604 0
976 2575 1046 2609 filia;

260 2632 277 2651 ο
292 2624 344 2651 mei
371 2623 441 2651 uteri
471 2631 566 2651 revera
593 2623 659 2650 felix
678 2623 787 2658 plantat
803 2630 819 2649 ο
841 2629 902 2657 quae
928 2622 1048 2649 honora-

259 2672 323 2700 visti
361 2670 502 2707 parentes!
525 2678 542 2698 o
564 2678 624 2705 qua:
647 2671 730 2698 Deum
757 2670 785 2697 in
810 2669 863 2696 tuis
889 2668 1046 2703 glorificasti

261 2718 401 2745 membris.
423 2717 489 2750 Quis
515 2724 570 2744 non
592 2721 666 2743 tuam
692 2715 814 2742 laudabit
840 2713 1049 2742 fortitudinem?

259 2763 327 2794 Ouis
343 2771 397 2790 non
407 2762 491 2790 animi
506 2762 591 2789 robur
602 2765 630 2789 et
637 2759 834 2789 constantiam?
843 2758 916 2786 Vnde
929 2759 962 2786 ad
974 2767 1048 2787 com-

262 2816 372 2835 munem
391 2808 547 2839 Dnminum,
564 2806 597 2833 ad
616 2807 776 2837 thalamum,
791 2805 817 2831 in
835 2812 914 2838 quem
931 2813 985 2833 non
1005 2813 1049 2833 ca-

262 2852 291 2879 di
331 2852 469 2884 interitus,
490 2852 522 2878 ad
543 2852 662 2884 quietem
683 2857 775 2876 rorem
794 2850 910 2883 beatam,
927 2851 1048 2878 laborum

1085 241 1178 265 νουσα,
1206 233 1250 259 ἐπὶ
1275 233 1360 268 μέσης
1385 233 1468 268 ἥλατο
1492 232 1542 267 τῆς
1569 231 1681 267 φλογὸς,
1707 232 1803 268 ὥσπερ
1826 231 1876 258 ἐπὶ

1086 279 1196 314 θερμῶν
1216 279 1322 305 ὑδάτων
1344 278 1391 305 καὶ
1413 278 1534 313 λουτρῶν
1564 277 1671 313 ἥδιστα.
1703 278 1872 313 Παραυτίκα

1086 325 1182 360 γοῦνή
1200 325 1249 360 μὲν
1271 324 1336 359 φλὸξ
1359 324 1493 360 διεχεῖτο,
1522 324 1570 351 καὶ
1595 323 1651 350 τῶν
1677 325 1874 357 περιεστώτων

1086 369 1293 405 ἐπελαμϐάνετο
1304 378 1311 385 ·
1327 371 1429 406 ἥπτετο
1441 370 1469 397 δὲ
1483 370 1528 397 καὶ
1543 369 1626 396 αὖτοῦ
1645 369 1691 396 τοῦ
1704 370 1873 403 δικάζοντος,

1086 416 1146 450 ἅμα
1171 416 1219 451 μὲν
1246 415 1296 451 τὴν
1316 416 1444 442 ἀσέϐειαν
1472 415 1653 450 ἀμυνόμενον,
1673 415 1720 441 καὶ
1747 417 1817 450 πρὸς
1843 415 1876 442 τδ

1087 463 1171 498 μηδὲν
1187 463 1268 490 αὐτὸν
1284 462 1439 498 ἀμφίϐολον
1453 462 1537 497 ἔχειν,
1561 461 1621 488 ἀλλ’
1641 462 1729 496 ἐαυτῷ
1752 462 1875 497 μάρτυρι

1086 508 1204 544 χρῆσθαι
1219 509 1270 543 τῆς
1283 508 1331 535 τοῦ
1346 507 1414 534 Θεοῦ
1426 508 1578 543 δυνάμεως.
1596 507 1690 539 Οὕτως
1705 504 1753 534 οὖν
1774 507 1808 534 τὰ
1822 507 1875 542 μὲν

1084 554 1139 581 τῶν
1161 554 1269 580 ἀσεϐῶν
1294 553 1491 589 κατῃσχὺνετο,
1511 553 1578 584 Θεὸς
1599 553 1628 579 δέ
1649 552 1694 578 διὰ
1717 553 1765 587 τῆς
1788 552 1876 579 αὐτοῦ

1088 599 1226 634 μάρτυρος
1241 599 1400 631 ἐδοξάζετο·
1418 598 1476 634 εἶχε
1493 598 1520 625 δέ
1536 598 1583 625 καὶ
1598 597 1637 633 τῷ
1655 598 1771 634 δικαστῇ
1787 599 1876 633 πονή-

1087 654 1139 682 ρως
1154 645 1183 672 τὺ
1197 645 1413 681 παραπολαῦααν
1436 645 1486 680 τῆς
1502 645 1602 679 φλογὸς
1619 645 1702 681 μέρος
1717 644 1766 671 τοῦ
1780 644 1877 680 σῶμα-

1085 700 1141 724 τος,
1167 692 1215 719 καὶ
1240 692 1345 726 πέμπει
1369 692 1445 723 τινὰς
1471 691 1585 724 ἄξοντας
1606 691 1655 726 τὴν
1677 691 1769 725 ἁγίαν.
1789 691 1822 718 οἱ
1846 690 1877 719 δὲ

1086 737 1260 773 πεμφθέντες
1275 736 1512 772 λευκημονοῦντας
1529 737 1624 773 ἐώρων
1638 737 1715 769 τινὰς
1730 736 1877 772 εὐπροσὼ-

1087 793 1154 816 non;
1173 784 1214 810 ὅτι
1233 783 1351 819 μάλιστα
1371 782 1419 810 καὶ
1435 784 1583 818 χαρίεντας
1599 783 1732 818 ἔκπληξιν
1754 783 1810 810 ἀπὸ
1825 783 1878 818 τῆς

1089 831 1195 865 μορφῆς
1220 830 1345 863 ἐμποιεῖν
1367 830 1550 864 δυναμένους·
1574 828 1599 855 οἳ
1632 830 1681 857 καὶ
1698 829 1831 861 πολλάκις
1847 831 1879 856 ἐν

1055 876 1075 903 Β
1088 876 1120 909 τῇ
1132 874 1240 908 καμίνῳ
1251 873 1379 904 συνόντες
1391 874 1423 908 τῇ
1443 873 1569 908 μακαρίᾳ
1580 873 1627 900 καὶ
1638 874 1879 908 συναναφέροντες

1088 920 1156 955 αὐτῇ
1178 920 1228 951 τὰς
1243 919 1328 954 εὐχὰς
1344 919 1508 954 ἐθεάθησαν.
1536 919 1615 946 Ἐπεὶ
1633 917 1681 946 οὖν
1702 919 1878 954 ἐπιχειροῦσι

1088 965 1196 996 τούτοις
1215 965 1265 1001 τὴν
1287 965 1368 999 ἁγίαν
1393 965 1486 991 λαϐεῖν
1514 965 1646 1000 παρεῖντο
1674 966 1702 991 αί
1724 964 1823 998 δεξιαὶ,
1845 965 1878 991 οὐ

1088 1010 1235 1044 δυνάμενοί
1258 1019 1284 1037 τι
1309 1011 1409 1044 δρᾶσαι
1426 1010 1508 1037 πλέον
1521 1018 1528 1026 ο
1558 1009 1659 1042 Ἐξιθι,
1677 1010 1775 1043 ἐϐόων,
1793 1011 1810 1045 ἡ
1827 1009 1879 1037 τοῦ

1089 1056 1158 1083 Θεοῦ
1178 1056 1271 1091 δούλη,
1291 1058 1305 1083 ὸ
1321 1055 1439 1088 δικάζων
1456 1055 1545 1083 καλεῖ.
1569 1056 1614 1087 Ὠς
1627 1055 1675 1082 οὖν
1694 1055 1806 1087 ἄθικτος
1821 1055 1878 1082 ἀπὸ

1090 1102 1138 1129 τοῦ
1159 1101 1247 1138 πυρὸς
1269 1101 1381 1137 ἐξῆλθεν
1401 1101 1477 1128 οὐδὲν
1497 1101 1584 1136 αὐτὴν
1607 1101 1638 1128 τδ
1661 1101 1794 1136 παράπαν
1812 1101 1880 1136 βλά-

1090 1148 1203 1182 ψαντος,
1219 1149 1232 1174 ὁ
1249 1147 1382 1183 δυσσεὸὴς
1398 1148 1488 1174 καίτοι
1507 1147 1676 1183 ἡμίφλεκτον
1693 1148 1734 1174 ἔτι
1750 1147 1780 1174 τδ
1794 1147 1880 1180 σῶμα

1091 1194 1172 1230 ἔχων,
1198 1194 1246 1220 καὶ
1272 1193 1318 1227 ἀφ’
1344 1193 1442 1219 ἑαυτοῦ
1468 1193 1589 1218 συνεῖναι
1614 1193 1774 1228 δυνάμενος,
1802 1193 1882 1228 ὅμως

1091 1240 1164 1275 παχὺ
1180 1240 1270 1275 φέρων
1286 1239 1316 1266 τὸ
1328 1239 1373 1265 ἐπὶ
1387 1239 1441 1265 τῶν
1454 1239 1602 1273 ὀφθαλμῶν
1620 1240 1669 1274 τῆς
1679 1239 1768 1274 ψυχῆς
1786 1239 1881 1274 νέφος.

1091 1286 1222 1317 ἀσύνετος
1245 1283 1289 1321 ἦν.
1319 1286 1373 1312 Καὶ
1397 1285 1441 1312 διὰ
1461 1285 1542 1311 τοῦτο
1564 1286 1612 1311 καὶ
1635 1285 1714 1316 αὖθις
1741 1285 1882 1321 τιμωρίας

1091 1333 1197 1367 ἐπῆγεν
1213 1332 1322 1368 ἐτερας,
1341 1333 1388 1358 καὶ
1402 1332 1551 1363 τρυπάνοις
1564 1331 1650 1367 αὐτὴν
1661 1331 1768 1358 κελεύει
1781 1331 1883 1358 διαπε-

1092 1378 1223 1414 ρονᾶσθαι
1240 1378 1274 1405 τὰ
1290 1378 1369 1413 μέλη.
1394 1377 1472 1404 Ἐπεὶ
1489 1378 1517 1404 δέ
1532 1377 1582 1413 τὴν
1598 1377 1723 1404 διάνοιαν
1746 1378 1791 1404 διὰ
1808 1386 1884 1405 παν-

1090 1426 1136 1455 τὸς
1147 1424 1216 1460 πρὸς
1230 1425 1297 1451 Θεὸν
1312 1424 1411 1460 ἔχουσα
1427 1424 1480 1450 τῶν
1493 1424 1675 1458 ἐπαγομένων
1689 1424 1769 1458 ὀλίγα
1780 1424 1884 1460 ἐφρόν-

1091 1470 1165 1501 τιζεν
1181 1470 1197 1505 ἦ
1211 1470 1300 1502 οὐδὲν,
1326 1470 1373 1497 τὸν
1393 1469 1436 1496 διὰ
1462 1469 1557 1504 ξίφους
1579 1470 1694 1497 θάνατον
1720 1471 1769 1497 καὶ
1792 1470 1883 1505 αὐτῆς

1092 1516 1265 1549 κατακρίνει,
1285 1516 1354 1551 ὅπερ
1364 1517 1380 1551 ἡ
1391 1516 1475 1551 μηδὲν
1486 1516 1597 1550 ἀγεννὲς
1610 1516 1678 1552 μηδέ
1690 1516 1758 1551 (θῆλυ
1767 1517 1884 1552 φρονοῦ-

1092 1571 1127 1589 σα
1147 1563 1236 1593 νεᾶνις
1249 1562 1400 1596 ἀκούσασα,
1416 1563 1465 1590 καὶ
1478 1562 1574 1598 ῶσπερ
1589 1562 1723 1598 σφραγῖδα
1739 1562 1819 1589 τοῦτο
1832 1563 1883 1589 καὶ

1092 1608 1242 1643 ἀσφάλειαν
1265 1609 1315 1644 τῆς
1343 1608 1413 1643 πρὸς
1438 1608 1505 1635 Θεὸν
1527 1608 1673 1643 ὁμολογίας
1697 1608 1882 1644 λογισαμένη,

1092 1654 1194 1686 πολλὰς
1208 1655 1342 1690 ὡμολόγει
1354 1654 1393 1690 τῷ
1406 1654 1465 1690 Θεῷ
1480 1655 1614 1690 χάριτας·
1640 1654 1802 1690 Εὗχαριπτῶ
1825 1663 1882 1688 σοι,

1091 1701 1220 1734 λέγουσα,
1240 1702 1299 1728 θεία
1322 1701 1423 1736 Τριὰς,
1453 1701 1502 1737 μία
1528 1700 1635 1736 θεύτης,
1664 1700 1713 1735 μία
1734 1700 1811 1733 δόξα,
1827 1700 1882 1736 μία

1096 1748 1224 1784 δύναμις,
1239 1749 1279 1775 ὅτι
1297 1747 1346 1775 καί
1362 1756 1395 1783 με
1410 1747 1458 1774 τοῦ
1472 1747 1616 1782 νυμφῶνος
1629 1746 1677 1773 τοῦ
1694 1747 1740 1773 σοῦ
1757 1747 1805 1773 καὶ
1825 1746 1883 1774 τῶν

1094 1793 1148 1820 σῶν
1192 1793 1339 1829 μαρτύρων
1374 1793 1429 1820 τῶν
1458 1793 1534 1829 ἐμῶν
1564 1792 1691 1828 ἀδελφῶν
1722 1793 1802 1826 ἀξίαν
1831 1793 1884 1828 τὴν

1093 1839 1240 1874 ἐλαχίστην
1263 1838 1378 1871 ἔδειξας.
1402 1839 1451 1870 Δδς
1475 1838 1504 1865 δέ
1532 1838 1580 1865 καὶ
1594 1839 1644 1874 τὴν
1669 1839 1739 1874 ἐμὴν
1770 1838 1883 1874 μητέρα

1095 1886 1164 1920 μετὰ
1175 1886 1225 1921 τὴν
1234 1885 1303 1921 ἐμὴν
1317 1885 1447 1920 τελευτὴν
1459 1885 1497 1920 τῷ
1509 1884 1675 1920 ταλαιπώρῳ
1686 1885 1773 1920 τούτῳ
1783 1885 1885 1920 ἐπιζῆ-

1094 1941 1140 1959 σαι
1163 1931 1224 1967 βίῳ,
1241 1932 1304 1958 ὅσον
1321 1931 1356 1962 τὰ
1379 1931 1562 1966 νενομισμένα
1577 1931 1638 1962 ταῖς
1660 1931 1720 1962 σαῖς
1742 1930 1882 1965 θεραπαι-

1094 1978 1165 2004 νίσιν
1180 1970 1406 2012 ’ἀφοσιώσασοαμ

1132 2025 1183 2052 1Δ’.
1203 2024 1282 2051 Οὕτω
1302 2023 1353 2057 τῆς
1375 2023 1515 2058 μακαρίας
1532 2022 1677 2058 δεηθείσης
1704 2023 1841 2058 Ἀγάπης,
1867 2023 1885 2059 ἡ

1094 2070 1144 2104 τῆς
1172 2069 1327 2104 θαυμασίας
1357 2069 1494 2104 Θυγατρὸς
1523 2068 1664 2103 θαυμασία
1697 2069 1790 2104 μήτηρ
1820 2070 1886 2095 τινὰ

1095 2115 1167 2150 ὑπὲρ
1183 2114 1269 2149 αὐτῆς
1296 2114 1390 2148 δέησιν
1407 2114 1537 2144 ἐποιεῖτο,
1554 2113 1603 2147 οὐχ
1627 2113 1671 2139 ita
1688 2113 1780 2145 ζῶσαν
1797 2113 1887 2148 αὐτὴν

1095 2161 1158 2197 ὁρᾷ,
1188 2161 1245 2187 οὐδ’
1272 2160 1316 2187 ἵνα
1343 2160 1449 2195 μακρὸν
1471 2160 1569 2194 χρόνον
1595 2159 1664 2194 βιῴη
1694 2159 1739 2185 τὸν
1767 2159 1886 2186 θάνατον

1061 2221 1083 2250 D
1098 2206 1267 2241 ἐκφυγοῦσα,
1285 2207 1332 2233 καὶ
1355 2205 1533 2241 παραμυθίαν
1552 2205 1638 2239 αὐτὴν
1654 2205 1739 2240 μόνην
1754 2205 1813 2239 ἔχοι
1837 2206 1887 2232 καὶ

1097 2251 1256 2288 γηροκόμον
1282 2251 1376 2277 ἐλπίδα
1399 2251 1454 2277 τῶν
1478 2250 1566 2277 ἄλλων
1594 2249 1755 2284 θυγατέρων
1778 2250 1888 2284 ἔρημος

1097 2298 1182 2326 οὖσα·
1203 2297 1281 2324 οὒδὲν
1302 2297 1423 2324 τοιοῦτον
1443 2297 1460 2332 ἢ
1484 2296 1586 2330 ηὔξατο
1611 2296 1628 2331 ἢ
1644 2295 1774 2330 ἠθέλησε.
1790 2295 1888 2321 Ταῦτα.

1096 2345 1152 2380 γὰρ
1174 2344 1296 2377 ἀγεννῶν
1316 2343 1406 2377 ἔκρινε
1428 2342 1556 2378 μητέρων
1580 2343 1627 2368 καὶ
1654 2343 1722 2376 πρὸς
1744 2341 1774 2367 τὸ
1797 2341 1889 2375 παρὸν

1100 2391 1182 2426 μόνον
1201 2390 1372 2425 βλεπουσῶν,
1389 2389 1446 2415 ἀλλ’
1465 2388 1536 2414 ὥστε
1554 2387 1627 2414 κατὰ
1644 2387 1694 2422 τὴν
1712 2386 1801 2420 αὐτῆς
1815 2387 1887 2421 πρό-

1098 2438 1174 2464 Θεσιν
1191 2437 1239 2463 καὶ
1255 2435 1306 2472 τὴν
1322 2435 1462 2462 τελείωσιν
1481 2434 1612 2465 δέξασθαι
1637 2433 1685 2459 καὶ
1701 2432 1797 2462 καλαῖς
1811 2432 1888 2467 πρᾶ-

1099 2482 1156 2514 ξεσι
1172 2481 1254 2508 καλὸν
1279 2480 1464 2514 ἀκολουθῆσαι
1488 2479 1538 2506 καὶ
1562 2479 1649 2510 τέλος.
1671 2478 1717 2504 Διὸ
1740 2477 1788 2504 καὶ
1815 2476 1891 2511 πρὸς

1098 2529 1145 2554 τδν
1158 2528 1274 2554 θάνατον
1290 2526 1479 2560 ἐπαλαίφουσα
1503 2525 1617 2559 ταύτην,
1637 2524 1684 2550 καὶ
1705 2523 1773 2558 πρὸς
1790 2523 1821 2549 τὸ
1837 2522 1890 2549 τοῦ

1098 2573 1201 2608 δρόμου
1231 2573 1307 2604 τέλος
1343 2571 1556 2607 ἐπιρῤωννῦσα·
1586 2570 1667 2604 Εὖγε,
1702 2566 1725 2596 ὦ
1753 2568 1888 2602 θύγατερ,

1098 2619 1186 2653 ιλεγε,
1203 2616 1225 2646 ὧ
1243 2619 1361 2654 γαστρὸς
1385 2618 1455 2653 ἐμῆς
1481 2617 1618 2652 μακάριον
1642 2616 1727 2648 ὅντως
1751 2615 1848 2649 φυτὸν,
1865 2611 1892 2641 ὦ

1099 2667 1189 2700 γονεῖς
1201 2666 1352 2701 τιμήσασα,
1378 2662 1401 2692 ὦ
1427 2664 1495 2691 Θεὸν
1528 2665 1558 2690 ἐν
1582 2664 1640 2694 τοις
1662 2663 1719 2694 σοῖς
1747 2660 1890 2693 “ﬁdem:

1103 2710 1198 2745 μέλεσι
1210 2717 1218 2725 ·
1235 2710 1277 2741 τίς
1291 2717 1321 2735 σε
1338 2710 1387 2745 τῆς
1403 2708 1515 2743 ἀνδρίας
1531 2708 1582 2735 οὐκ
1600 2707 1760 2738 ἐπαινέσεις
1777 2705 1820 2737 τίς
1836 2705 1891 2740 τῆς

1100 2756 1261 2791 καρτερίας,
1287 2755 1330 2787 τίς
1353 2755 1404 2788 τῆς
1428 2754 1603 2787 ἐνστάσεωςς
1633 2753 1730 2780 Ἀπιθι
1759 2751 1829 2786 πρὸς
1842 2751 1893 2776 τὴν

1101 2802 1189 2829 κοινὸν
1204 2801 1355 2835 Δεσπότην,
1374 2799 1443 2834 πρὸς
1456 2799 1503 2825 τὸν
1524 2798 1658 2833 νυμφῶνα
1672 2797 1718 2823 τὴν
1733 2796 1891 2832 ἄφθαρτον,

1101 2847 1170 2882 προς
1182 2846 1230 2880 τὴν
1249 2846 1386 2880 μακαρίαν
1402 2845 1486 2876 ὅντως
1500 2845 1663 2874 ἀνάπαυσιν,
1681 2841 1890 2877 anonqu
