  <div class='ocr_page' id='page_1' title='image "/cluster/home/n/w/nwhite01/storage/ocr_20150623/115/njp.32101077772976/305.png"; bbox 0 0 2024 3153; ppageno 0'>
   <div class='ocr_carea' id='block_1_1' title="bbox 238 177 318 209">
    <p class='ocr_par' dir='ltr' id='par_1_1' title="bbox 238 177 318 209">
     <span class='ocr_line' id='line_1_1' title="bbox 238 177 318 209; baseline 0 0"><span class='ocrx_word' id='word_1_1' title='bbox 238 198 243 202; x_wconf 94' lang='grc'><strong><em>-</em></strong></span> <span class='ocrx_word' id='word_1_2' title='bbox 265 177 318 209; x_wconf 75' lang='grc'><strong>515</strong></span> 
     </span>
    </p>
   </div>
   <div class='ocr_carea' id='block_1_2' title="bbox 883 181 1271 213">
    <p class='ocr_par' dir='ltr' id='par_1_2' title="bbox 883 181 1271 213">
     <span class='ocr_line' id='line_1_2' title="bbox 883 181 1271 213; baseline 0.008 -3"><span class='ocrx_word' id='word_1_3' title='bbox 883 181 1026 212; x_wconf 82' lang='lat' dir='ltr'><strong>MENSIS</strong></span> <span class='ocrx_word' id='word_1_4' title='bbox 1052 183 1128 212; x_wconf 79' lang='lat' dir='ltr'><strong>AUC</strong></span> <span class='ocrx_word' id='word_1_5' title='bbox 1136 182 1271 213; x_wconf 72' lang='lat' dir='ltr'><strong>US’I&#39;US.</strong></span> 
     </span>
    </p>
   </div>
   <div class='ocr_carea' id='block_1_3' title="bbox 1834 181 1885 211">
    <p class='ocr_par' dir='ltr' id='par_1_3' title="bbox 1834 181 1885 211">
     <span class='ocr_line' id='line_1_3' title="bbox 1834 181 1885 211; baseline 0 0"><span class='ocrx_word' id='word_1_6' title='bbox 1834 181 1885 211; x_wconf 71' lang='grc'><strong>516</strong></span> 
     </span>
    </p>
   </div>
   <div class='ocr_carea' id='block_1_4' title="bbox 259 236 1887 275">
    <p class='ocr_par' dir='ltr' id='par_1_4' title="bbox 259 236 1887 275">
     <span class='ocr_line' id='line_1_4' title="bbox 259 236 1887 275; baseline 0.002 -11"><span class='ocrx_word' id='word_1_7' title='bbox 259 236 442 264; x_wconf 87' lang='lat' dir='ltr'><strong>Christianum</strong></span> <span class='ocrx_word' id='word_1_8' title='bbox 459 236 688 272; x_wconf 85' lang='lat' dir='ltr'><strong>deprehenderit,</strong></span> <span class='ocrx_word' id='word_1_9' title='bbox 705 245 801 266; x_wconf 87' lang='lat' dir='ltr'><strong>omnes</strong></span> <span class='ocrx_word' id='word_1_10' title='bbox 828 238 887 273; x_wconf 76' lang='lat' dir='ltr'><strong>ejus</strong></span> <span class='ocrx_word' id='word_1_11' title='bbox 906 239 1047 268; x_wconf 76' lang='lat' dir='ltr'><strong>facultates</strong></span> <span class='ocrx_word' id='word_1_12' title='bbox 1061 243 1086 274; x_wconf 75' lang='grc' dir='ltr'><strong>Α</strong></span> <span class='ocrx_word' id='word_1_13' title='bbox 1099 242 1120 268; x_wconf 87' lang='grc' dir='ltr'>Τ</span> <span class='ocrx_word' id='word_1_14' title='bbox 1133 244 1218 268; x_wconf 86' lang='lat' dir='ltr'><strong>tulqu</strong></span> <span class='ocrx_word' id='word_1_15' title='bbox 1229 245 1352 269; x_wconf 85' lang='lat' dir='ltr'><strong>vocatum</strong></span> <span class='ocrx_word' id='word_1_16' title='bbox 1369 240 1452 268; x_wconf 86' lang='lat' dir='ltr'><strong>fuisse</strong></span> <span class='ocrx_word' id='word_1_17' title='bbox 1465 239 1592 272; x_wconf 67' lang='lat' dir='ltr'><strong>diximus,</strong></span> <span class='ocrx_word' id='word_1_18' title='bbox 1610 239 1700 275; x_wconf 83' lang='lat' dir='ltr'><strong>itaque</strong></span> <span class='ocrx_word' id='word_1_19' title='bbox 1729 240 1887 268; x_wconf 76' lang='lat' dir='ltr'><strong>Neutesium</strong></span> 
     </span>
    </p>
   </div>
   <div class='ocr_carea' id='block_1_5' title="bbox 259 282 1046 319">
    <p class='ocr_par' dir='ltr' id='par_1_5' title="bbox 259 282 1046 319">
     <span class='ocr_line' id='line_1_5' title="bbox 259 282 1046 319; baseline 0.008 -11"><span class='ocrx_word' id='word_1_20' title='bbox 259 282 316 316; x_wconf 90' lang='lat' dir='ltr'><strong>ipse</strong></span> <span class='ocrx_word' id='word_1_21' title='bbox 327 282 474 317; x_wconf 75' lang='lat' dir='ltr'><strong>possideat.</strong></span> <span class='ocrx_word' id='word_1_22' title='bbox 487 283 581 310; x_wconf 78' lang='lat' dir='ltr'><strong>Moneo</strong></span> <span class='ocrx_word' id='word_1_23' title='bbox 592 283 672 319; x_wconf 81' lang='lat' dir='ltr'><strong>igitur</strong></span> <span class='ocrx_word' id='word_1_24' title='bbox 686 291 743 317; x_wconf 86' lang='lat' dir='ltr'><strong>vos,</strong></span> <span class='ocrx_word' id='word_1_25' title='bbox 761 285 868 315; x_wconf 78' lang='lat' dir='ltr'><strong>fratres.</strong></span> <span class='ocrx_word' id='word_1_26' title='bbox 881 290 909 312; x_wconf 91' lang='lat' dir='ltr'><strong>ut</strong></span> <span class='ocrx_word' id='word_1_27' title='bbox 924 291 1046 315; x_wconf 81' lang='lat' dir='ltr'><strong>terrenas</strong></span> 
     </span>
    </p>
   </div>
   <div class='ocr_carea' id='block_1_6' title="bbox 258 327 1045 366">
    <p class='ocr_par' dir='ltr' id='par_1_6' title="bbox 258 327 1045 366">
     <span class='ocr_line' id='line_1_6' title="bbox 258 327 1045 366; baseline 0.008 -13"><span class='ocrx_word' id='word_1_28' title='bbox 258 327 365 354; x_wconf 92' lang='lat' dir='ltr'><strong>divitias</strong></span> <span class='ocrx_word' id='word_1_29' title='bbox 377 329 567 360; x_wconf 89' lang='lat' dir='ltr'><strong>eontemnatis,</strong></span> <span class='ocrx_word' id='word_1_30' title='bbox 579 337 633 363; x_wconf 90' lang='lat' dir='ltr'><strong>quo</strong></span> <span class='ocrx_word' id='word_1_31' title='bbox 647 330 765 357; x_wconf 74' lang='lat' dir='ltr'><strong>cmlestis</strong></span> <span class='ocrx_word' id='word_1_32' title='bbox 775 331 849 366; x_wconf 77' lang='lat' dir='ltr'><strong>regni</strong></span> <span class='ocrx_word' id='word_1_33' title='bbox 862 330 1045 359; x_wconf 75' lang='lat' dir='ltr'><strong>[nereditatem</strong></span> 
     </span>
    </p>
   </div>
   <div class='ocr_carea' id='block_1_7' title="bbox 257 374 1047 412">
    <p class='ocr_par' dir='ltr' id='par_1_7' title="bbox 257 374 1047 412">
     <span class='ocr_line' id='line_1_7' title="bbox 257 374 1047 412; baseline 0.006 -12"><span class='ocrx_word' id='word_1_34' title='bbox 257 374 400 408; x_wconf 76' lang='lat' dir='ltr'><strong>percipere</strong></span> <span class='ocrx_word' id='word_1_35' title='bbox 425 376 552 409; x_wconf 86' lang='lat' dir='ltr'><strong>possitis:</strong></span> <span class='ocrx_word' id='word_1_36' title='bbox 582 375 669 402; x_wconf 81' lang='lat' dir='ltr'><strong>Nolite</strong></span> <span class='ocrx_word' id='word_1_37' title='bbox 699 376 877 410; x_wconf 87' lang='lat' dir='ltr'><strong>hujusmundi</strong></span> <span class='ocrx_word' id='word_1_38' title='bbox 911 377 1047 412; x_wconf 92' lang='lat' dir='ltr'><strong>principes</strong></span> 
     </span>
    </p>
   </div>
   <div class='ocr_carea' id='block_1_8' title="bbox 257 421 1046 455">
    <p class='ocr_par' dir='ltr' id='par_1_8' title="bbox 257 421 1046 455">
     <span class='ocr_line' id='line_1_8' title="bbox 257 421 1046 455; baseline 0.006 -10"><span class='ocrx_word' id='word_1_39' title='bbox 257 421 436 454; x_wconf 74' lang='lat' dir='ltr'><strong>extimescere</strong></span> <span class='ocrx_word' id='word_1_40' title='bbox 452 421 518 448; x_wconf 80' lang='lat' dir='ltr'><strong>:sed</strong></span> <span class='ocrx_word' id='word_1_41' title='bbox 534 421 618 448; x_wconf 90' lang='lat' dir='ltr'><strong>Deum</strong></span> <span class='ocrx_word' id='word_1_42' title='bbox 649 422 709 449; x_wconf 81' lang='lat' dir='ltr'><strong>coeli</strong></span> <span class='ocrx_word' id='word_1_43' title='bbox 738 428 766 449; x_wconf 88' lang='lat' dir='ltr'><strong>et</strong></span> <span class='ocrx_word' id='word_1_44' title='bbox 795 427 874 450; x_wconf 62' lang='lat' dir='ltr'><strong>terrae</strong></span> <span class='ocrx_word' id='word_1_45' title='bbox 891 423 1046 455; x_wconf 84' lang='lat' dir='ltr'><strong>Dominum,</strong></span> 
     </span>
    </p>
   </div>
   <div class='ocr_carea' id='block_1_9' title="bbox 257 466 1046 502">
    <p class='ocr_par' dir='ltr' id='par_1_9' title="bbox 257 466 1046 502">
     <span class='ocr_line' id='line_1_9' title="bbox 257 466 1046 502; baseline 0.004 -9"><span class='ocrx_word' id='word_1_46' title='bbox 257 466 370 501; x_wconf 86' lang='lat' dir='ltr'><strong>ejusque</strong></span> <span class='ocrx_word' id='word_1_47' title='bbox 383 467 549 502; x_wconf 76' lang='lat' dir='ltr'><strong>unigenitum</strong></span> <span class='ocrx_word' id='word_1_48' title='bbox 565 467 659 494; x_wconf 82' lang='lat' dir='ltr'><strong>Filium</strong></span> <span class='ocrx_word' id='word_1_49' title='bbox 669 467 760 494; x_wconf 85' lang='lat' dir='ltr'><strong>Jesum</strong></span> <span class='ocrx_word' id='word_1_50' title='bbox 774 468 909 495; x_wconf 74' lang='lat' dir='ltr'><strong>Christum</strong></span> <span class='ocrx_word' id='word_1_51' title='bbox 926 470 1046 501; x_wconf 85' lang='lat' dir='ltr'><strong>adorate,</strong></span> 
     </span>
    </p>
   </div>
   <div class='ocr_carea' id='block_1_10' title="bbox 259 512 1047 548">
    <p class='ocr_par' dir='ltr' id='par_1_10' title="bbox 259 512 1047 548">
     <span class='ocr_line' id='line_1_10' title="bbox 259 512 1047 548; baseline 0.005 -10"><span class='ocrx_word' id='word_1_52' title='bbox 259 512 431 543; x_wconf 85' lang='lat' dir='ltr'><strong>illumeolite,</strong></span> <span class='ocrx_word' id='word_1_53' title='bbox 441 513 472 539; x_wconf 87' lang='lat' dir='ltr'><strong>ad</strong></span> <span class='ocrx_word' id='word_1_54' title='bbox 487 513 561 540; x_wconf 80' lang='lat' dir='ltr'><strong>illum</strong></span> <span class='ocrx_word' id='word_1_55' title='bbox 572 513 720 548; x_wconf 75' lang='lat' dir='ltr'><strong>confugite,</strong></span> <span class='ocrx_word' id='word_1_56' title='bbox 730 515 775 548; x_wconf 87' lang='lat' dir='ltr'><strong>qui</strong></span> <span class='ocrx_word' id='word_1_57' title='bbox 787 520 874 548; x_wconf 86' lang='lat' dir='ltr'><strong>potest</strong></span> <span class='ocrx_word' id='word_1_58' title='bbox 889 523 938 542; x_wconf 88' lang='lat' dir='ltr'><strong>nos</strong></span> <span class='ocrx_word' id='word_1_59' title='bbox 953 523 1047 542; x_wconf 82' lang='lat' dir='ltr'><strong>omnes</strong></span> 
     </span>
    </p>
   </div>
   <div class='ocr_carea' id='block_1_11' title="bbox 261 559 1047 592">
    <p class='ocr_par' dir='ltr' id='par_1_11' title="bbox 261 559 1047 592">
     <span class='ocr_line' id='line_1_11' title="bbox 261 559 1047 592; baseline 0.006 -8"><span class='ocrx_word' id='word_1_60' title='bbox 261 559 407 592; x_wconf 88' lang='lat' dir='ltr'><strong>eriperede</strong></span> <span class='ocrx_word' id='word_1_61' title='bbox 419 559 544 585; x_wconf 85' lang='lat' dir='ltr'><strong>manibus</strong></span> <span class='ocrx_word' id='word_1_62' title='bbox 576 559 746 590; x_wconf 84' lang='lat' dir='ltr'><strong>inimicorum</strong></span> <span class='ocrx_word' id='word_1_63' title='bbox 778 565 932 587; x_wconf 85' lang='lat' dir='ltr'><strong>nostrOrunt</strong></span> <span class='ocrx_word' id='word_1_64' title='bbox 964 567 991 588; x_wconf 89' lang='lat' dir='ltr'><strong>et</strong></span> <span class='ocrx_word' id='word_1_65' title='bbox 1014 562 1047 589; x_wconf 85' lang='lat' dir='ltr'><strong>de</strong></span> 
     </span>
    </p>
   </div>
   <div class='ocr_carea' id='block_1_12' title="bbox 260 604 1010 640">
    <p class='ocr_par' dir='ltr' id='par_1_12' title="bbox 260 604 1010 640">
     <span class='ocr_line' id='line_1_12' title="bbox 260 604 1010 640; baseline 0.005 -10"><span class='ocrx_word' id='word_1_66' title='bbox 260 604 356 631; x_wconf 70' lang='lat' dir='ltr'><strong>diaboli</strong></span> <span class='ocrx_word' id='word_1_67' title='bbox 376 605 477 631; x_wconf 86' lang='lat' dir='ltr'><strong>malitia</strong></span> <span class='ocrx_word' id='word_1_68' title='bbox 497 605 623 632; x_wconf 73' lang='lat' dir='ltr'><strong>liberatos</strong></span> <span class='ocrx_word' id='word_1_69' title='bbox 649 613 698 632; x_wconf 88' lang='lat' dir='ltr'><strong>sua</strong></span> <span class='ocrx_word' id='word_1_70' title='bbox 722 606 806 640; x_wconf 78' lang='lat' dir='ltr'><strong>gratia</strong></span> <span class='ocrx_word' id='word_1_71' title='bbox 824 607 1010 634; x_wconf 86' lang='lat' dir='ltr'><strong>corroborarc.</strong></span> 
     </span>
    </p>
   </div>
   <div class='ocr_carea' id='block_1_13' title="bbox 293 646 1046 684">
    <p class='ocr_par' dir='ltr' id='par_1_13' title="bbox 293 646 1046 684">
     <span class='ocr_line' id='line_1_13' title="bbox 293 646 1046 684; baseline 0.008 -11"><span class='ocrx_word' id='word_1_72' title='bbox 293 646 326 673; x_wconf 85' lang='grc'><strong>11.</strong></span> <span class='ocrx_word' id='word_1_73' title='bbox 340 646 416 674; x_wconf 90' lang='lat' dir='ltr'><strong>Tunc</strong></span> <span class='ocrx_word' id='word_1_74' title='bbox 430 649 568 682; x_wconf 77' lang='lat' dir='ltr'><strong>presbyter</strong></span> <span class='ocrx_word' id='word_1_75' title='bbox 587 649 707 682; x_wconf 84' lang='lat' dir='ltr'><strong>quidam,</strong></span> <span class='ocrx_word' id='word_1_76' title='bbox 734 649 843 677; x_wconf 86' lang='lat' dir='ltr'><strong>nomine</strong></span> <span class='ocrx_word' id='word_1_77' title='bbox 858 651 966 678; x_wconf 85' lang='lat' dir='ltr'><strong>Bonus:</strong></span> <span class='ocrx_word' id='word_1_78' title='bbox 982 652 1046 684; x_wconf 85' lang='lat' dir='ltr'><strong>Nos,</strong></span> 
     </span>
    </p>
   </div>
   <div class='ocr_carea' id='block_1_14' title="bbox 259 691 1048 731">
    <p class='ocr_par' dir='ltr' id='par_1_14' title="bbox 259 691 1048 731">
     <span class='ocr_line' id='line_1_14' title="bbox 259 691 1048 731; baseline 0.006 -13"><span class='ocrx_word' id='word_1_79' title='bbox 259 691 367 725; x_wconf 75' lang='lat' dir='ltr'><strong>inquit,</strong></span> <span class='ocrx_word' id='word_1_80' title='bbox 400 697 522 719; x_wconf 83' lang='lat' dir='ltr'><strong>terrenas</strong></span> <span class='ocrx_word' id='word_1_81' title='bbox 566 699 673 720; x_wconf 84' lang='lat' dir='ltr'><strong>nostras</strong></span> <span class='ocrx_word' id='word_1_82' title='bbox 710 693 852 722; x_wconf 85' lang='lat' dir='ltr'><strong>facultates</strong></span> <span class='ocrx_word' id='word_1_83' title='bbox 895 696 1048 731; x_wconf 82' lang='lat' dir='ltr'><strong>relinquere</strong></span> 
     </span>
    </p>
   </div>
   <div class='ocr_carea' id='block_1_15' title="bbox 259 737 1048 776">
    <p class='ocr_par' dir='ltr' id='par_1_15' title="bbox 259 737 1048 776">
     <span class='ocr_line' id='line_1_15' title="bbox 259 737 1048 776; baseline 0.009 -14"><span class='ocrx_word' id='word_1_84' title='bbox 259 737 286 763; x_wconf 91' lang='lat' dir='ltr'><strong>in</strong></span> <span class='ocrx_word' id='word_1_85' title='bbox 303 737 395 764; x_wconf 88' lang='lat' dir='ltr'><strong>animo</strong></span> <span class='ocrx_word' id='word_1_86' title='bbox 411 738 553 770; x_wconf 74' lang='lat' dir='ltr'><strong>habemus,</strong></span> <span class='ocrx_word' id='word_1_87' title='bbox 566 739 688 773; x_wconf 86' lang='lat' dir='ltr'><strong>quinimo</strong></span> <span class='ocrx_word' id='word_1_88' title='bbox 707 741 865 775; x_wconf 78' lang='lat' dir='ltr'><strong>sanguinem</strong></span> <span class='ocrx_word' id='word_1_89' title='bbox 878 741 965 776; x_wconf 81' lang='lat' dir='ltr'><strong>ipsum</strong></span> <span class='ocrx_word' id='word_1_90' title='bbox 986 750 1048 776; x_wconf 90' lang='lat' dir='ltr'><strong>pro-</strong></span> 
     </span>
    </p>
   </div>
   <div class='ocr_carea' id='block_1_16' title="bbox 261 784 1046 821">
    <p class='ocr_par' dir='ltr' id='par_1_16' title="bbox 261 784 1046 821">
     <span class='ocr_line' id='line_1_16' title="bbox 261 784 1046 821; baseline 0.005 -11"><span class='ocrx_word' id='word_1_91' title='bbox 261 789 320 817; x_wconf 90' lang='lat' dir='ltr'><strong>pter</strong></span> <span class='ocrx_word' id='word_1_92' title='bbox 339 784 479 810; x_wconf 82' lang='lat' dir='ltr'><strong>Dominum</strong></span> <span class='ocrx_word' id='word_1_93' title='bbox 510 791 633 811; x_wconf 84' lang='lat' dir='ltr'><strong>nostrum</strong></span> <span class='ocrx_word' id='word_1_94' title='bbox 660 784 751 812; x_wconf 81' lang='lat' dir='ltr'><strong>Jesum</strong></span> <span class='ocrx_word' id='word_1_95' title='bbox 774 786 925 820; x_wconf 83' lang='lat' dir='ltr'><strong>Christum,</strong></span> <span class='ocrx_word' id='word_1_96' title='bbox 949 788 1046 821; x_wconf 68' lang='lat' dir='ltr'><strong>eteius</strong></span> 
     </span>
    </p>
   </div>
   <div class='ocr_carea' id='block_1_17' title="bbox 260 829 1049 866">
    <p class='ocr_par' dir='ltr' id='par_1_17' title="bbox 260 829 1049 866">
     <span class='ocr_line' id='line_1_17' title="bbox 260 829 1049 866; baseline 0.005 -10"><span class='ocrx_word' id='word_1_97' title='bbox 260 829 377 856; x_wconf 82' lang='lat' dir='ltr'><strong>nominis</strong></span> <span class='ocrx_word' id='word_1_98' title='bbox 404 830 600 857; x_wconf 66' lang='lat' dir='ltr'><strong>confess&#39;oui-m</strong></span> <span class='ocrx_word' id='word_1_99' title='bbox 624 831 763 858; x_wconf 66' lang='lat' dir='ltr'><strong>effundere</strong></span> <span class='ocrx_word' id='word_1_100' title='bbox 793 833 877 866; x_wconf 83' lang='lat' dir='ltr'><strong>parati</strong></span> <span class='ocrx_word' id='word_1_101' title='bbox 900 841 1004 864; x_wconf 88' lang='lat' dir='ltr'><strong>sumus,</strong></span> <span class='ocrx_word' id='word_1_102' title='bbox 1021 839 1049 861; x_wconf 91' lang='lat' dir='ltr'><strong>ut</strong></span> 
     </span>
    </p>
   </div>
   <div class='ocr_carea' id='block_1_18' title="bbox 259 875 1049 910">
    <p class='ocr_par' dir='ltr' id='par_1_18' title="bbox 259 875 1049 910">
     <span class='ocr_line' id='line_1_18' title="bbox 259 875 1049 910; baseline 0.006 -8"><span class='ocrx_word' id='word_1_103' title='bbox 259 875 334 902; x_wconf 74' lang='lat' dir='ltr'><strong>illiilli</strong></span> <span class='ocrx_word' id='word_1_104' title='bbox 344 875 449 909; x_wconf 79' lang='lat' dir='ltr'><strong>assequi</strong></span> <span class='ocrx_word' id='word_1_105' title='bbox 465 876 535 910; x_wconf 69' lang='lat' dir='ltr'><strong>digni</strong></span> <span class='ocrx_word' id='word_1_106' title='bbox 547 876 704 904; x_wconf 81' lang='lat' dir='ltr'><strong>ciliciamur.</strong></span> <span class='ocrx_word' id='word_1_107' title='bbox 718 877 763 903; x_wconf 87' lang='lat' dir='ltr'><strong>llis</strong></span> <span class='ocrx_word' id='word_1_108' title='bbox 774 878 863 908; x_wconf 81' lang='lat' dir='ltr'><strong>dictis,</strong></span> <span class='ocrx_word' id='word_1_109' title='bbox 874 887 967 908; x_wconf 87' lang='lat' dir='ltr'><strong>omnes</strong></span> <span class='ocrx_word' id='word_1_110' title='bbox 992 880 1049 907; x_wconf 83' lang='lat' dir='ltr'><strong>Cie-</strong></span> 
     </span>
    </p>
   </div>
   <div class='ocr_carea' id='block_1_19' title="bbox 1098 278 1888 321">
    <p class='ocr_par' dir='ltr' id='par_1_19' title="bbox 1098 278 1888 321">
     <span class='ocr_line' id='line_1_19' title="bbox 1098 278 1888 321; baseline -0.001 -7"><span class='ocrx_word' id='word_1_111' title='bbox 1098 288 1125 314; x_wconf 95' lang='lat' dir='ltr'><strong>in</strong></span> <span class='ocrx_word' id='word_1_112' title='bbox 1143 295 1238 321; x_wconf 84' lang='lat' dir='ltr'><strong>aquam</strong></span> <span class='ocrx_word' id='word_1_113' title='bbox 1253 278 1372 319; x_wconf 82' lang='lat' dir='ltr'><strong>demisit,</strong></span> <span class='ocrx_word' id='word_1_114' title='bbox 1389 292 1415 314; x_wconf 91' lang='lat' dir='ltr'><strong>el</strong></span> <span class='ocrx_word' id='word_1_115' title='bbox 1430 286 1575 321; x_wconf 72' lang='lat' dir='ltr'><strong>baptizaiit</strong></span> <span class='ocrx_word' id='word_1_116' title='bbox 1591 288 1619 313; x_wconf 91' lang='lat' dir='ltr'><strong>in</strong></span> <span class='ocrx_word' id='word_1_117' title='bbox 1651 287 1760 314; x_wconf 88' lang='lat' dir='ltr'><strong>nomine</strong></span> <span class='ocrx_word' id='word_1_118' title='bbox 1789 288 1888 319; x_wconf 77' lang='lat' dir='ltr'><strong>Patris,</strong></span> 
     </span>
    </p>
   </div>
   <div class='ocr_carea' id='block_1_20' title="bbox 1100 332 1890 367">
    <p class='ocr_par' dir='ltr' id='par_1_20' title="bbox 1100 332 1890 367">
     <span class='ocr_line' id='line_1_20' title="bbox 1100 332 1890 367; baseline 0.001 -8"><span class='ocrx_word' id='word_1_119' title='bbox 1100 337 1126 360; x_wconf 87' lang='lat' dir='ltr'><strong>et</strong></span> <span class='ocrx_word' id='word_1_120' title='bbox 1140 333 1209 365; x_wconf 83' lang='lat' dir='ltr'><strong>Filii,</strong></span> <span class='ocrx_word' id='word_1_121' title='bbox 1222 338 1249 360; x_wconf 82' lang='lat' dir='ltr'><strong>et</strong></span> <span class='ocrx_word' id='word_1_122' title='bbox 1264 332 1379 366; x_wconf 70' lang='lat' dir='ltr'><strong>Spiritus</strong></span> <span class='ocrx_word' id='word_1_123' title='bbox 1396 332 1492 359; x_wconf 87' lang='lat' dir='ltr'><strong>sancti.</strong></span> <span class='ocrx_word' id='word_1_124' title='bbox 1522 333 1590 359; x_wconf 86' lang='lat' dir='ltr'><strong>Cum</strong></span> <span class='ocrx_word' id='word_1_125' title='bbox 1630 340 1693 360; x_wconf 86' lang='lat' dir='ltr'><strong>vero</strong></span> <span class='ocrx_word' id='word_1_126' title='bbox 1722 340 1755 360; x_wconf 74' lang='lat' dir='ltr'><strong>ex</strong></span> <span class='ocrx_word' id='word_1_127' title='bbox 1785 333 1890 367; x_wconf 72' lang='lat' dir='ltr'><strong>piscina</strong></span> 
     </span>
    </p>
   </div>
   <div class='ocr_carea' id='block_1_21' title="bbox 1098 378 1888 412">
    <p class='ocr_par' dir='ltr' id='par_1_21' title="bbox 1098 378 1888 412">
     <span class='ocr_line' id='line_1_21' title="bbox 1098 378 1888 412; baseline 0.001 -8"><span class='ocrx_word' id='word_1_128' title='bbox 1098 378 1217 411; x_wconf 74' lang='lat' dir='ltr'><strong>cxiisset,</strong></span> <span class='ocrx_word' id='word_1_129' title='bbox 1230 379 1312 412; x_wconf 73' lang='lat' dir='ltr'><strong>erepit</strong></span> <span class='ocrx_word' id='word_1_130' title='bbox 1337 378 1421 412; x_wconf 57' lang='lat' dir='ltr'><strong>ipsus</strong></span> <span class='ocrx_word' id='word_1_131' title='bbox 1437 378 1490 404; x_wconf 88' lang='lat' dir='ltr'><strong>filia</strong></span> <span class='ocrx_word' id='word_1_132' title='bbox 1510 379 1628 405; x_wconf 83' lang='lat' dir='ltr'><strong>clamare</strong></span> <span class='ocrx_word' id='word_1_133' title='bbox 1645 387 1651 405; x_wconf 77' lang='grc' dir='ltr'>ε</span> <span class='ocrx_word' id='word_1_134' title='bbox 1679 379 1720 405; x_wconf 86' lang='lat' dir='ltr'><strong>En</strong></span> <span class='ocrx_word' id='word_1_135' title='bbox 1746 379 1888 406; x_wconf 82' lang='lat' dir='ltr'><strong>hominem</strong></span> 
     </span>
    </p>
   </div>
   <div class='ocr_carea' id='block_1_22' title="bbox 1098 423 1888 459">
    <p class='ocr_par' dir='ltr' id='par_1_22' title="bbox 1098 423 1888 459">
     <span class='ocr_line' id='line_1_22' title="bbox 1098 423 1888 459; baseline 0.001 -9"><span class='ocrx_word' id='word_1_136' title='bbox 1098 425 1186 455; x_wconf 81' lang='lat' dir='ltr'><strong>video,</strong></span> <span class='ocrx_word' id='word_1_137' title='bbox 1205 424 1250 458; x_wconf 91' lang='lat' dir='ltr'><strong>qui</strong></span> <span class='ocrx_word' id='word_1_138' title='bbox 1266 424 1353 459; x_wconf 80' lang='lat' dir='ltr'><strong>tetigit</strong></span> <span class='ocrx_word' id='word_1_139' title='bbox 1382 424 1476 451; x_wconf 66' lang='lat' dir='ltr'><strong>oeulos</strong></span> <span class='ocrx_word' id='word_1_140' title='bbox 1502 431 1587 455; x_wconf 84' lang='lat' dir='ltr'><strong>meos,</strong></span> <span class='ocrx_word' id='word_1_141' title='bbox 1612 424 1639 451; x_wconf 89' lang='lat' dir='ltr'><strong>in</strong></span> <span class='ocrx_word' id='word_1_142' title='bbox 1664 424 1745 459; x_wconf 82' lang='lat' dir='ltr'><strong>cujus</strong></span> <span class='ocrx_word' id='word_1_143' title='bbox 1769 423 1888 452; x_wconf 85' lang='lat' dir='ltr'><strong>circuitu</strong></span> 
     </span>
    </p>
   </div>
   <div class='ocr_carea' id='block_1_23' title="bbox 1099 469 1890 505">
    <p class='ocr_par' dir='ltr' id='par_1_23' title="bbox 1099 469 1890 505">
     <span class='ocr_line' id='line_1_23' title="bbox 1099 469 1890 505; baseline 0 -9"><span class='ocrx_word' id='word_1_144' title='bbox 1099 478 1201 505; x_wconf 56' lang='lat' dir='ltr'><strong>magna</strong></span> <span class='ocrx_word' id='word_1_145' title='bbox 1221 471 1288 497; x_wconf 87' lang='lat' dir='ltr'><strong>lucis</strong></span> <span class='ocrx_word' id='word_1_146' title='bbox 1304 470 1432 504; x_wconf 75' lang='lat' dir='ltr'><strong>splendor</strong></span> <span class='ocrx_word' id='word_1_147' title='bbox 1447 475 1568 504; x_wconf 81' lang='lat' dir='ltr'><strong>apparet.</strong></span> <span class='ocrx_word' id='word_1_148' title='bbox 1595 470 1672 499; x_wconf 86' lang='lat' dir='ltr'><strong>Tunc</strong></span> <span class='ocrx_word' id='word_1_149' title='bbox 1688 469 1844 504; x_wconf 81' lang='lat' dir='ltr'><strong>Stephanus</strong></span> <span class='ocrx_word' id='word_1_150' title='bbox 1862 474 1890 497; x_wconf 82' lang='lat' dir='ltr'><strong>et</strong></span> 
     </span>
    </p>
   </div>
   <div class='ocr_carea' id='block_1_24' title="bbox 1097 513 1890 548">
    <p class='ocr_par' dir='ltr' id='par_1_24' title="bbox 1097 513 1890 548">
     <span class='ocr_line' id='line_1_24' title="bbox 1097 513 1890 548; baseline -0.001 -7"><span class='ocrx_word' id='word_1_151' title='bbox 1097 514 1184 548; x_wconf 65' lang='lat' dir='ltr'><strong>ipsum</strong></span> <span class='ocrx_word' id='word_1_152' title='bbox 1201 514 1319 541; x_wconf 79' lang='lat' dir='ltr'><strong>Ncmcsii</strong></span> <span class='ocrx_word' id='word_1_153' title='bbox 1336 515 1414 541; x_wconf 78' lang='lat' dir='ltr'><strong>ﬁliam</strong></span> <span class='ocrx_word' id='word_1_154' title='bbox 1433 514 1590 548; x_wconf 78' lang='lat' dir='ltr'><strong>baptizavit,</strong></span> <span class='ocrx_word' id='word_1_155' title='bbox 1602 522 1659 548; x_wconf 66' lang='lat'><strong>([11:13</strong></span> <span class='ocrx_word' id='word_1_156' title='bbox 1678 513 1778 540; x_wconf 76' lang='lat' dir='ltr'><strong>Lucilla</strong></span> <span class='ocrx_word' id='word_1_157' title='bbox 1795 519 1890 543; x_wconf 71' lang='lat' dir='ltr'><strong>vocata</strong></span> 
     </span>
    </p>
   </div>
   <div class='ocr_carea' id='block_1_25' title="bbox 1098 558 1890 593">
    <p class='ocr_par' dir='ltr' id='par_1_25' title="bbox 1098 558 1890 593">
     <span class='ocr_line' id='line_1_25' title="bbox 1098 558 1890 593; baseline -0.003 -7"><span class='ocrx_word' id='word_1_158' title='bbox 1098 566 1150 587; x_wconf 81' lang='lat' dir='ltr'><strong>est.</strong></span> <span class='ocrx_word' id='word_1_159' title='bbox 1174 559 1212 586; x_wconf 72' lang='lat' dir='ltr'><strong>Ex</strong></span> <span class='ocrx_word' id='word_1_160' title='bbox 1231 560 1282 586; x_wconf 79' lang='lat' dir='ltr'><strong>hoc</strong></span> <span class='ocrx_word' id='word_1_161' title='bbox 1314 565 1435 593; x_wconf 81' lang='lat' dir='ltr'><strong>tempore</strong></span> <span class='ocrx_word' id='word_1_162' title='bbox 1469 558 1546 585; x_wconf 87' lang='lat' dir='ltr'><strong>nmlti</strong></span> <span class='ocrx_word' id='word_1_163' title='bbox 1571 563 1714 593; x_wconf 68' lang='lat' dir='ltr'><strong>cmpcrunt</strong></span> <span class='ocrx_word' id='word_1_164' title='bbox 1744 558 1777 584; x_wconf 87' lang='lat' dir='ltr'><strong>ad</strong></span> <span class='ocrx_word' id='word_1_165' title='bbox 1805 559 1890 593; x_wconf 81' lang='lat' dir='ltr'><strong>pedes</strong></span> 
     </span>
    </p>
   </div>
   <div class='ocr_carea' id='block_1_26' title="bbox 1098 603 1889 639">
    <p class='ocr_par' dir='ltr' id='par_1_26' title="bbox 1098 603 1889 639">
     <span class='ocr_line' id='line_1_26' title="bbox 1098 603 1889 639; baseline -0.003 -8"><span class='ocrx_word' id='word_1_166' title='bbox 1098 604 1171 632; x_wconf 87' lang='lat' dir='ltr'><strong>beati</strong></span> <span class='ocrx_word' id='word_1_167' title='bbox 1189 603 1324 639; x_wconf 73' lang='lat' dir='ltr'><strong>pontificis</strong></span> <span class='ocrx_word' id='word_1_168' title='bbox 1351 603 1482 638; x_wconf 83' lang='lat' dir='ltr'><strong>Stephani</strong></span> <span class='ocrx_word' id='word_1_169' title='bbox 1507 611 1536 630; x_wconf 90' lang='lat' dir='ltr'><strong>se</strong></span> <span class='ocrx_word' id='word_1_170' title='bbox 1558 608 1743 637; x_wconf 69' lang='lat' dir='ltr'><strong>prosternere,</strong></span> <span class='ocrx_word' id='word_1_171' title='bbox 1771 608 1798 629; x_wconf 90' lang='lat' dir='ltr'><strong>et</strong></span> <span class='ocrx_word' id='word_1_172' title='bbox 1825 611 1889 629; x_wconf 82' lang='lat' dir='ltr'><strong>cunt</strong></span> 
     </span>
    </p>
   </div>
   <div class='ocr_carea' id='block_1_27' title="bbox 1099 647 1890 682">
    <p class='ocr_par' dir='ltr' id='par_1_27' title="bbox 1099 647 1890 682">
     <span class='ocr_line' id='line_1_27' title="bbox 1099 647 1890 682; baseline -0.001 -8"><span class='ocrx_word' id='word_1_173' title='bbox 1099 648 1225 682; x_wconf 85' lang='lat' dir='ltr'><strong>lacrymis</strong></span> <span class='ocrx_word' id='word_1_174' title='bbox 1251 648 1413 682; x_wconf 81' lang='lat' dir='ltr'><strong>baptismum</strong></span> <span class='ocrx_word' id='word_1_175' title='bbox 1431 647 1464 673; x_wconf 89' lang='lat' dir='ltr'><strong>ab</strong></span> <span class='ocrx_word' id='word_1_176' title='bbox 1478 655 1510 674; x_wconf 87' lang='lat' dir='ltr'><strong>eo</strong></span> <span class='ocrx_word' id='word_1_177' title='bbox 1524 653 1627 682; x_wconf 81' lang='lat' dir='ltr'><strong>petere.</strong></span> <span class='ocrx_word' id='word_1_178' title='bbox 1642 647 1689 674; x_wconf 85' lang='lat' dir='ltr'><strong>illo</strong></span> <span class='ocrx_word' id='word_1_179' title='bbox 1705 647 1795 681; x_wconf 85' lang='lat' dir='ltr'><strong>itaque</strong></span> <span class='ocrx_word' id='word_1_180' title='bbox 1833 647 1890 678; x_wconf 81' lang='lat' dir='ltr'><strong>die,</strong></span> 
     </span>
    </p>
   </div>
   <div class='ocr_carea' id='block_1_28' title="bbox 1097 693 1890 727">
    <p class='ocr_par' dir='ltr' id='par_1_28' title="bbox 1097 693 1890 727">
     <span class='ocr_line' id='line_1_28' title="bbox 1097 693 1890 727; baseline -0.003 -7"><span class='ocrx_word' id='word_1_181' title='bbox 1097 701 1151 727; x_wconf 90' lang='lat' dir='ltr'><strong>quo</strong></span> <span class='ocrx_word' id='word_1_182' title='bbox 1167 693 1268 720; x_wconf 79' lang='lat' dir='ltr'><strong>Lucilla</strong></span> <span class='ocrx_word' id='word_1_183' title='bbox 1279 693 1415 727; x_wconf 82' lang='lat' dir='ltr'><strong>baptizata</strong></span> <span class='ocrx_word' id='word_1_184' title='bbox 1430 697 1480 724; x_wconf 70' lang='lat' dir='ltr'><strong>est,</strong></span> <span class='ocrx_word' id='word_1_185' title='bbox 1491 700 1578 719; x_wconf 85' lang='lat' dir='ltr'><strong>mares</strong></span> <span class='ocrx_word' id='word_1_186' title='bbox 1589 698 1615 719; x_wconf 89' lang='lat' dir='ltr'><strong>et</strong></span> <span class='ocrx_word' id='word_1_187' title='bbox 1627 693 1735 720; x_wconf 78' lang='lat' dir='ltr'><strong>femina:</strong></span> <span class='ocrx_word' id='word_1_188' title='bbox 1746 693 1890 727; x_wconf 78' lang='lat' dir='ltr'><strong>sexaginta</strong></span> 
     </span>
    </p>
   </div>
   <div class='ocr_carea' id='block_1_29' title="bbox 1098 738 1890 774">
    <p class='ocr_par' dir='ltr' id='par_1_29' title="bbox 1098 738 1890 774">
     <span class='ocr_line' id='line_1_29' title="bbox 1098 738 1890 774; baseline -0.003 -8"><span class='ocrx_word' id='word_1_189' title='bbox 1098 739 1152 766; x_wconf 93' lang='lat' dir='ltr'><strong>duo</strong></span> <span class='ocrx_word' id='word_1_190' title='bbox 1178 739 1306 774; x_wconf 83' lang='lat' dir='ltr'><strong>baptizati</strong></span> <span class='ocrx_word' id='word_1_191' title='bbox 1335 744 1408 765; x_wconf 89' lang='lat' dir='ltr'><strong>sunt.</strong></span> <span class='ocrx_word' id='word_1_192' title='bbox 1436 738 1481 766; x_wconf 89' lang='lat' dir='ltr'><strong>Sic</strong></span> <span class='ocrx_word' id='word_1_193' title='bbox 1511 738 1602 773; x_wconf 81' lang='lat' dir='ltr'><strong>igitur,</strong></span> <span class='ocrx_word' id='word_1_194' title='bbox 1626 739 1717 765; x_wconf 84' lang='lat' dir='ltr'><strong>divina</strong></span> <span class='ocrx_word' id='word_1_195' title='bbox 1735 739 1823 773; x_wconf 71' lang='lat' dir='ltr'><strong>gratia</strong></span> <span class='ocrx_word' id='word_1_196' title='bbox 1859 742 1890 765; x_wconf 90' lang='lat' dir='ltr'><strong>et</strong></span> 
     </span>
    </p>
   </div>
   <div class='ocr_carea' id='block_1_30' title="bbox 1101 783 1892 820">
    <p class='ocr_par' dir='ltr' id='par_1_30' title="bbox 1101 783 1892 820">
     <span class='ocr_line' id='line_1_30' title="bbox 1101 783 1892 820; baseline -0.003 -8"><span class='ocrx_word' id='word_1_197' title='bbox 1101 793 1153 820; x_wconf 81' lang='lat' dir='ltr'><strong>ope</strong></span> <span class='ocrx_word' id='word_1_198' title='bbox 1169 785 1324 819; x_wconf 74' lang='lat' dir='ltr'><strong>adiuvante,</strong></span> <span class='ocrx_word' id='word_1_199' title='bbox 1344 784 1420 810; x_wconf 91' lang='lat' dir='ltr'><strong>multi</strong></span> <span class='ocrx_word' id='word_1_200' title='bbox 1439 784 1488 810; x_wconf 87' lang='lat' dir='ltr'><strong>viri</strong></span> <span class='ocrx_word' id='word_1_201' title='bbox 1505 783 1588 811; x_wconf 86' lang='lat' dir='ltr'><strong>Deum</strong></span> <span class='ocrx_word' id='word_1_202' title='bbox 1609 789 1762 811; x_wconf 78' lang='lat' dir='ltr'><strong>metuentes</strong></span> <span class='ocrx_word' id='word_1_203' title='bbox 1778 792 1812 810; x_wconf 74' lang='lat' dir='ltr'><strong>ex</strong></span> <span class='ocrx_word' id='word_1_204' title='bbox 1824 792 1892 818; x_wconf 73' lang='lat' dir='ltr'><strong>geu—</strong></span> 
     </span>
    </p>
   </div>
   <div class='ocr_carea' id='block_1_31' title="bbox 1104 830 1892 865">
    <p class='ocr_par' dir='ltr' id='par_1_31' title="bbox 1104 830 1892 865">
     <span class='ocr_line' id='line_1_31' title="bbox 1104 830 1892 865; baseline -0.004 -7"><span class='ocrx_word' id='word_1_205' title='bbox 1104 832 1184 864; x_wconf 86' lang='lat' dir='ltr'><strong>tibus,</strong></span> <span class='ocrx_word' id='word_1_206' title='bbox 1199 832 1306 858; x_wconf 89' lang='lat' dir='ltr'><strong>beatum</strong></span> <span class='ocrx_word' id='word_1_207' title='bbox 1325 830 1478 865; x_wconf 80' lang='lat' dir='ltr'><strong>pontificem</strong></span> <span class='ocrx_word' id='word_1_208' title='bbox 1500 830 1668 864; x_wconf 82' lang='lat' dir='ltr'><strong>Stephanum</strong></span> <span class='ocrx_word' id='word_1_209' title='bbox 1697 831 1836 863; x_wconf 81' lang='lat' dir='ltr'><strong>adierunt,</strong></span> <span class='ocrx_word' id='word_1_210' title='bbox 1862 834 1892 856; x_wconf 89' lang='lat' dir='ltr'><strong>ut</strong></span> 
     </span>
    </p>
   </div>
   <div class='ocr_carea' id='block_1_32' title="bbox 1100 876 1893 912">
    <p class='ocr_par' dir='ltr' id='par_1_32' title="bbox 1100 876 1893 912">
     <span class='ocr_line' id='line_1_32' title="bbox 1100 876 1893 912; baseline -0.004 -7"><span class='ocrx_word' id='word_1_211' title='bbox 1100 879 1132 905; x_wconf 88' lang='lat' dir='ltr'><strong>ab</strong></span> <span class='ocrx_word' id='word_1_212' title='bbox 1147 879 1194 905; x_wconf 88' lang='lat' dir='ltr'><strong>illo</strong></span> <span class='ocrx_word' id='word_1_213' title='bbox 1206 877 1307 905; x_wconf 80' lang='lat' dir='ltr'><strong>Christi</strong></span> <span class='ocrx_word' id='word_1_214' title='bbox 1328 878 1492 912; x_wconf 83' lang='lat' dir='ltr'><strong>baptismum</strong></span> <span class='ocrx_word' id='word_1_215' title='bbox 1507 877 1671 912; x_wconf 87' lang='lat' dir='ltr'><strong>accipereut.</strong></span> <span class='ocrx_word' id='word_1_216' title='bbox 1694 876 1753 903; x_wconf 74' lang='lat' dir='ltr'><strong>Mox</strong></span> <span class='ocrx_word' id='word_1_217' title='bbox 1768 877 1811 902; x_wconf 85' lang='lat' dir='ltr'><strong>ille</strong></span> <span class='ocrx_word' id='word_1_218' title='bbox 1827 883 1893 902; x_wconf 75' lang='lat' dir='ltr'><strong>san-</strong></span> 
     </span>
    </p>
   </div>
   <div class='ocr_carea' id='block_1_33' title="bbox 260 916 1892 961">
    <p class='ocr_par' dir='ltr' id='par_1_33' title="bbox 260 916 1892 961">
     <span class='ocr_line' id='line_1_33' title="bbox 260 916 1892 961; baseline 0.001 -15"><span class='ocrx_word' id='word_1_219' title='bbox 260 921 309 947; x_wconf 89' lang='lat' dir='ltr'><strong>rici</strong></span> <span class='ocrx_word' id='word_1_220' title='bbox 330 921 361 947; x_wconf 88' lang='lat' dir='ltr'><strong>ad</strong></span> <span class='ocrx_word' id='word_1_221' title='bbox 384 921 529 947; x_wconf 81' lang='lat' dir='ltr'><strong>beatissimi</strong></span> <span class='ocrx_word' id='word_1_222' title='bbox 547 923 682 955; x_wconf 80' lang='lat' dir='ltr'><strong>pontificis</strong></span> <span class='ocrx_word' id='word_1_223' title='bbox 706 923 787 957; x_wconf 55' lang='lat' dir='ltr'><strong>pedes</strong></span> <span class='ocrx_word' id='word_1_224' title='bbox 803 926 941 958; x_wconf 76' lang='lat' dir='ltr'><strong>prostrati,</strong></span> <span class='ocrx_word' id='word_1_225' title='bbox 967 926 1048 961; x_wconf 65' lang='grc' dir='ltr'><strong>εἰειιῆ</strong></span> <span class='ocrx_word' id='word_1_226' title='bbox 1066 916 1086 943; x_wconf 72' lang='grc' dir='ltr'><strong><em>Β</em></strong></span> <span class='ocrx_word' id='word_1_227' title='bbox 1102 923 1239 950; x_wconf 84' lang='lat' dir='ltr'><strong>ctissimus</strong></span> <span class='ocrx_word' id='word_1_228' title='bbox 1266 923 1398 957; x_wconf 73' lang='lat' dir='ltr'><strong>pontifex,</strong></span> <span class='ocrx_word' id='word_1_229' title='bbox 1418 922 1539 956; x_wconf 81' lang='lat' dir='ltr'><strong>Spiritus</strong></span> <span class='ocrx_word' id='word_1_230' title='bbox 1556 922 1641 948; x_wconf 88' lang='lat' dir='ltr'><strong>sancti</strong></span> <span class='ocrx_word' id='word_1_231' title='bbox 1658 922 1742 956; x_wconf 79' lang='lat' dir='ltr'><strong>gratia</strong></span> <span class='ocrx_word' id='word_1_232' title='bbox 1760 922 1892 951; x_wconf 61' lang='lat' dir='ltr'><strong>refrrtus,</strong></span> 
     </span>
    </p>
   </div>
   <div class='ocr_carea' id='block_1_34' title="bbox 261 966 1049 1002">
    <p class='ocr_par' dir='ltr' id='par_1_34' title="bbox 261 966 1049 1002">
     <span class='ocr_line' id='line_1_34' title="bbox 261 966 1049 1002; baseline 0.008 -10"><span class='ocrx_word' id='word_1_233' title='bbox 261 966 385 998; x_wconf 66' lang='lat' dir='ltr'><strong>ficarent,</strong></span> <span class='ocrx_word' id='word_1_234' title='bbox 409 967 479 1001; x_wconf 78' lang='lat' dir='ltr'><strong>quod</strong></span> <span class='ocrx_word' id='word_1_235' title='bbox 495 968 609 1002; x_wconf 75' lang='lat' dir='ltr'><strong>quisque</strong></span> <span class='ocrx_word' id='word_1_236' title='bbox 628 970 742 1002; x_wconf 72' lang='lat' dir='ltr'><strong>gentiles</strong></span> <span class='ocrx_word' id='word_1_237' title='bbox 773 969 845 996; x_wconf 89' lang='lat' dir='ltr'><strong>domi</strong></span> <span class='ocrx_word' id='word_1_238' title='bbox 880 978 934 997; x_wconf 82' lang='lat' dir='ltr'><strong>su.e</strong></span> <span class='ocrx_word' id='word_1_239' title='bbox 964 971 1049 998; x_wconf 84' lang='lat' dir='ltr'><strong>habe-</strong></span> 
     </span>
    </p>
   </div>
   <div class='ocr_carea' id='block_1_35' title="bbox 261 1013 1050 1051">
    <p class='ocr_par' dir='ltr' id='par_1_35' title="bbox 261 1013 1050 1051">
     <span class='ocr_line' id='line_1_35' title="bbox 261 1013 1050 1051; baseline 0.006 -12"><span class='ocrx_word' id='word_1_240' title='bbox 261 1018 312 1045; x_wconf 85' lang='lat' dir='ltr'><strong>ret,</strong></span> <span class='ocrx_word' id='word_1_241' title='bbox 324 1013 368 1047; x_wconf 89' lang='lat' dir='ltr'><strong>qui</strong></span> <span class='ocrx_word' id='word_1_242' title='bbox 381 1013 511 1047; x_wconf 83' lang='lat' dir='ltr'><strong>baptizari</strong></span> <span class='ocrx_word' id='word_1_243' title='bbox 529 1019 664 1047; x_wconf 78' lang='lat' dir='ltr'><strong>Optarent.</strong></span> <span class='ocrx_word' id='word_1_244' title='bbox 679 1015 770 1049; x_wconf 85' lang='lat' dir='ltr'><strong>Itaque</strong></span> <span class='ocrx_word' id='word_1_245' title='bbox 780 1024 794 1042; x_wconf 84' lang='lat' dir='ltr'><strong>a</strong></span> <span class='ocrx_word' id='word_1_246' title='bbox 805 1017 931 1050; x_wconf 69' lang='lat' dir='ltr'><strong>pontifice</strong></span> <span class='ocrx_word' id='word_1_247' title='bbox 945 1025 1050 1051; x_wconf 66' lang='lat' dir='ltr'><strong>quere-</strong></span> 
     </span>
    </p>
   </div>
   <div class='ocr_carea' id='block_1_36' title="bbox 260 1058 1048 1097">
    <p class='ocr_par' dir='ltr' id='par_1_36' title="bbox 260 1058 1048 1097">
     <span class='ocr_line' id='line_1_36' title="bbox 260 1058 1048 1097; baseline 0.006 -12"><span class='ocrx_word' id='word_1_248' title='bbox 260 1058 326 1085; x_wconf 79' lang='lat' dir='ltr'><strong>bant</strong></span> <span class='ocrx_word' id='word_1_249' title='bbox 343 1066 405 1085; x_wconf 85' lang='lat' dir='ltr'><strong>unm</strong></span> <span class='ocrx_word' id='word_1_250' title='bbox 426 1059 498 1097; x_wconf 58' lang='lat' dir='ltr'><strong>alio,</strong></span> <span class='ocrx_word' id='word_1_251' title='bbox 524 1067 557 1085; x_wconf 86' lang='lat' dir='ltr'><strong>an</strong></span> <span class='ocrx_word' id='word_1_252' title='bbox 584 1060 616 1086; x_wconf 89' lang='lat' dir='ltr'><strong>ad</strong></span> <span class='ocrx_word' id='word_1_253' title='bbox 644 1068 705 1087; x_wconf 84' lang='lat' dir='ltr'><strong>eum</strong></span> <span class='ocrx_word' id='word_1_254' title='bbox 737 1061 796 1087; x_wconf 90' lang='lat' dir='ltr'><strong>illos</strong></span> <span class='ocrx_word' id='word_1_255' title='bbox 822 1062 928 1088; x_wconf 80' lang='lat' dir='ltr'><strong>ducturi</strong></span> <span class='ocrx_word' id='word_1_256' title='bbox 948 1067 1048 1095; x_wconf 82' lang='lat' dir='ltr'><strong>essent.</strong></span> 
     </span>
    </p>
   </div>
   <div class='ocr_carea' id='block_1_37' title="bbox 260 1104 1048 1142">
    <p class='ocr_par' dir='ltr' id='par_1_37' title="bbox 260 1104 1048 1142">
     <span class='ocr_line' id='line_1_37' title="bbox 260 1104 1048 1142; baseline 0.008 -12"><span class='ocrx_word' id='word_1_257' title='bbox 260 1112 314 1139; x_wconf 91' lang='lat' dir='ltr'><strong>quo</strong></span> <span class='ocrx_word' id='word_1_258' title='bbox 345 1104 473 1138; x_wconf 85' lang='lat' dir='ltr'><strong>baptizari</strong></span> <span class='ocrx_word' id='word_1_259' title='bbox 508 1110 628 1136; x_wconf 79' lang='lat' dir='ltr'><strong>possent.</strong></span> <span class='ocrx_word' id='word_1_260' title='bbox 655 1105 740 1133; x_wconf 83' lang='lat' dir='ltr'><strong>Jussit</strong></span> <span class='ocrx_word' id='word_1_261' title='bbox 771 1107 851 1142; x_wconf 78' lang='lat' dir='ltr'><strong>igitur</strong></span> <span class='ocrx_word' id='word_1_262' title='bbox 874 1108 1048 1137; x_wconf 78' lang='lat' dir='ltr'><strong>beatissimus</strong></span> 
     </span>
    </p>
   </div>
   <div class='ocr_carea' id='block_1_38' title="bbox 261 1151 1047 1188">
    <p class='ocr_par' dir='ltr' id='par_1_38' title="bbox 261 1151 1047 1188">
     <span class='ocr_line' id='line_1_38' title="bbox 261 1151 1047 1188; baseline 0.005 -11"><span class='ocrx_word' id='word_1_263' title='bbox 261 1151 415 1186; x_wconf 77' lang='lat' dir='ltr'><strong>episcopus,</strong></span> <span class='ocrx_word' id='word_1_264' title='bbox 429 1155 457 1177; x_wconf 90' lang='lat' dir='ltr'><strong>ut</strong></span> <span class='ocrx_word' id='word_1_265' title='bbox 472 1156 581 1185; x_wconf 84' lang='lat' dir='ltr'><strong>postero</strong></span> <span class='ocrx_word' id='word_1_266' title='bbox 597 1152 639 1178; x_wconf 90' lang='lat' dir='ltr'><strong>die</strong></span> <span class='ocrx_word' id='word_1_267' title='bbox 653 1152 686 1178; x_wconf 88' lang='lat' dir='ltr'><strong>ad</strong></span> <span class='ocrx_word' id='word_1_268' title='bbox 704 1156 836 1188; x_wconf 72' lang='lat' dir='ltr'><strong>cryptam,</strong></span> <span class='ocrx_word' id='word_1_269' title='bbox 862 1162 921 1188; x_wconf 77' lang='lat' dir='ltr'><strong>quae</strong></span> <span class='ocrx_word' id='word_1_270' title='bbox 929 1155 1047 1188; x_wconf 82' lang='lat' dir='ltr'><strong>appella-</strong></span> 
     </span>
    </p>
   </div>
   <div class='ocr_carea' id='block_1_39' title="bbox 260 1196 1049 1234">
    <p class='ocr_par' dir='ltr' id='par_1_39' title="bbox 260 1196 1049 1234">
     <span class='ocr_line' id='line_1_39' title="bbox 260 1196 1049 1234; baseline 0.004 -10"><span class='ocrx_word' id='word_1_271' title='bbox 260 1202 303 1224; x_wconf 85' lang='lat' dir='ltr'><strong>tur</strong></span> <span class='ocrx_word' id='word_1_272' title='bbox 318 1196 479 1231; x_wconf 80' lang='lat' dir='ltr'><strong>Ncpotiana,</strong></span> <span class='ocrx_word' id='word_1_273' title='bbox 494 1205 588 1224; x_wconf 84' lang='lat' dir='ltr'><strong>omnes</strong></span> <span class='ocrx_word' id='word_1_274' title='bbox 604 1199 792 1225; x_wconf 79' lang='lat' dir='ltr'><strong>convenirent.</strong></span> <span class='ocrx_word' id='word_1_275' title='bbox 826 1198 894 1226; x_wconf 85' lang='lat' dir='ltr'><strong>Cum</strong></span> <span class='ocrx_word' id='word_1_276' title='bbox 918 1200 1000 1234; x_wconf 74' lang='lat' dir='ltr'><strong>igitur</strong></span> <span class='ocrx_word' id='word_1_277' title='bbox 1016 1200 1049 1227; x_wconf 88' lang='lat' dir='ltr'><strong>ad</strong></span> 
     </span>
    </p>
   </div>
   <div class='ocr_carea' id='block_1_40' title="bbox 261 1243 1048 1278">
    <p class='ocr_par' dir='ltr' id='par_1_40' title="bbox 261 1243 1048 1278">
     <span class='ocr_line' id='line_1_40' title="bbox 261 1243 1048 1278; baseline 0.003 -8"><span class='ocrx_word' id='word_1_278' title='bbox 261 1251 319 1271; x_wconf 78' lang='lat' dir='ltr'><strong>eam</strong></span> <span class='ocrx_word' id='word_1_279' title='bbox 347 1248 467 1278; x_wconf 88' lang='lat' dir='ltr'><strong>cryptam</strong></span> <span class='ocrx_word' id='word_1_280' title='bbox 492 1244 694 1275; x_wconf 83' lang='lat' dir='ltr'><strong>convenissent,</strong></span> <span class='ocrx_word' id='word_1_281' title='bbox 721 1244 824 1271; x_wconf 80' lang='lat' dir='ltr'><strong>inventi</strong></span> <span class='ocrx_word' id='word_1_282' title='bbox 845 1249 909 1271; x_wconf 89' lang='lat' dir='ltr'><strong>sunt</strong></span> <span class='ocrx_word' id='word_1_283' title='bbox 924 1243 979 1272; x_wconf 88' lang='lat' dir='ltr'><strong>illic</strong></span> <span class='ocrx_word' id='word_1_284' title='bbox 994 1250 1048 1272; x_wconf 89' lang='lat' dir='ltr'><strong>tam</strong></span> 
     </span>
    </p>
   </div>
   <div class='ocr_carea' id='block_1_41' title="bbox 261 1289 1045 1325">
    <p class='ocr_par' dir='ltr' id='par_1_41' title="bbox 261 1289 1045 1325">
     <span class='ocr_line' id='line_1_41' title="bbox 261 1289 1045 1325; baseline 0.003 -9"><span class='ocrx_word' id='word_1_285' title='bbox 261 1297 361 1320; x_wconf 80' lang='lat' dir='ltr'><strong>mares,</strong></span> <span class='ocrx_word' id='word_1_286' title='bbox 391 1298 472 1324; x_wconf 83' lang='lat' dir='ltr'><strong>quant</strong></span> <span class='ocrx_word' id='word_1_287' title='bbox 494 1289 734 1321; x_wconf 69' lang='lat' dir='ltr'><strong>femium,ceutum</strong></span> <span class='ocrx_word' id='word_1_288' title='bbox 756 1295 782 1317; x_wconf 90' lang='lat' dir='ltr'><strong>et</strong></span> <span class='ocrx_word' id='word_1_289' title='bbox 797 1291 874 1322; x_wconf 45' lang='lat' dir='ltr'><strong>octoi;</strong></span> <span class='ocrx_word' id='word_1_290' title='bbox 904 1299 972 1325; x_wconf 92' lang='lat' dir='ltr'><strong>quos</strong></span> <span class='ocrx_word' id='word_1_291' title='bbox 1000 1291 1045 1318; x_wconf 91' lang='lat' dir='ltr'><strong>illo</strong></span> 
     </span>
    </p>
   </div>
   <div class='ocr_carea' id='block_1_42' title="bbox 262 1334 1043 1369">
    <p class='ocr_par' dir='ltr' id='par_1_42' title="bbox 262 1334 1043 1369">
     <span class='ocr_line' id='line_1_42' title="bbox 262 1334 1043 1369; baseline 0.003 -7"><span class='ocrx_word' id='word_1_292' title='bbox 262 1336 321 1369; x_wconf 88' lang='lat' dir='ltr'><strong>ipso</strong></span> <span class='ocrx_word' id='word_1_293' title='bbox 337 1335 380 1362; x_wconf 89' lang='lat' dir='ltr'><strong>dic</strong></span> <span class='ocrx_word' id='word_1_294' title='bbox 395 1334 518 1362; x_wconf 78' lang='lat' dir='ltr'><strong>Pontifex</strong></span> <span class='ocrx_word' id='word_1_295' title='bbox 545 1335 572 1362; x_wconf 90' lang='lat' dir='ltr'><strong>in</strong></span> <span class='ocrx_word' id='word_1_296' title='bbox 597 1336 707 1362; x_wconf 81' lang='lat' dir='ltr'><strong>neruine</strong></span> <span class='ocrx_word' id='word_1_297' title='bbox 736 1336 840 1363; x_wconf 87' lang='lat' dir='ltr'><strong>Domini</strong></span> <span class='ocrx_word' id='word_1_298' title='bbox 864 1337 950 1363; x_wconf 85' lang='lat' dir='ltr'><strong>nostri</strong></span> <span class='ocrx_word' id='word_1_299' title='bbox 979 1335 1043 1365; x_wconf 83' lang='lat' dir='ltr'><strong>Jcsu</strong></span> 
     </span>
    </p>
   </div>
   <div class='ocr_carea' id='block_1_43' title="bbox 260 1380 1048 1417">
    <p class='ocr_par' dir='ltr' id='par_1_43' title="bbox 260 1380 1048 1417">
     <span class='ocr_line' id='line_1_43' title="bbox 260 1380 1048 1417; baseline 0.001 -10"><span class='ocrx_word' id='word_1_300' title='bbox 260 1380 361 1407; x_wconf 86' lang='lat' dir='ltr'><strong>Christi</strong></span> <span class='ocrx_word' id='word_1_301' title='bbox 379 1380 548 1407; x_wconf 85' lang='lat' dir='ltr'><strong>sanctissiqu</strong></span> <span class='ocrx_word' id='word_1_302' title='bbox 559 1380 722 1414; x_wconf 83' lang='lat' dir='ltr'><strong>baptismate</strong></span> <span class='ocrx_word' id='word_1_303' title='bbox 736 1385 762 1407; x_wconf 88' lang='lat' dir='ltr'><strong>et</strong></span> <span class='ocrx_word' id='word_1_304' title='bbox 772 1381 830 1408; x_wconf 86' lang='lat' dir='ltr'><strong>aliis</strong></span> <span class='ocrx_word' id='word_1_305' title='bbox 838 1381 938 1408; x_wconf 85' lang='lat' dir='ltr'><strong>divinis</strong></span> <span class='ocrx_word' id='word_1_306' title='bbox 948 1388 1048 1417; x_wconf 74' lang='lat' dir='ltr'><strong>mystc-</strong></span> 
     </span>
    </p>
   </div>
   <div class='ocr_carea' id='block_1_44' title="bbox 263 1426 1047 1462">
    <p class='ocr_par' dir='ltr' id='par_1_44' title="bbox 263 1426 1047 1462">
     <span class='ocr_line' id='line_1_44' title="bbox 263 1426 1047 1462; baseline 0.003 -10"><span class='ocrx_word' id='word_1_307' title='bbox 263 1427 311 1453; x_wconf 85' lang='lat' dir='ltr'><strong>riis</strong></span> <span class='ocrx_word' id='word_1_308' title='bbox 326 1427 506 1459; x_wconf 87' lang='lat' dir='ltr'><strong>consecravit,</strong></span> <span class='ocrx_word' id='word_1_309' title='bbox 529 1431 556 1453; x_wconf 88' lang='lat' dir='ltr'><strong>et</strong></span> <span class='ocrx_word' id='word_1_310' title='bbox 576 1431 604 1453; x_wconf 90' lang='lat' dir='ltr'><strong>ut</strong></span> <span class='ocrx_word' id='word_1_311' title='bbox 633 1426 685 1453; x_wconf 79' lang='lat' dir='ltr'><strong>illis</strong></span> <span class='ocrx_word' id='word_1_312' title='bbox 701 1427 835 1461; x_wconf 64' lang='lat' dir='ltr'><strong>placatum</strong></span> <span class='ocrx_word' id='word_1_313' title='bbox 855 1435 885 1454; x_wconf 86' lang='lat' dir='ltr'><strong>ac</strong></span> <span class='ocrx_word' id='word_1_314' title='bbox 903 1427 1047 1462; x_wconf 80' lang='lat' dir='ltr'><strong>propitium</strong></span> 
     </span>
    </p>
   </div>
   <div class='ocr_carea' id='block_1_45' title="bbox 261 1471 1048 1508">
    <p class='ocr_par' dir='ltr' id='par_1_45' title="bbox 261 1471 1048 1508">
     <span class='ocr_line' id='line_1_45' title="bbox 261 1471 1048 1508; baseline 0.005 -11"><span class='ocrx_word' id='word_1_315' title='bbox 261 1471 343 1498; x_wconf 78' lang='lat' dir='ltr'><strong>Deum</strong></span> <span class='ocrx_word' id='word_1_316' title='bbox 361 1472 495 1502; x_wconf 83' lang='lat' dir='ltr'><strong>redderet,</strong></span> <span class='ocrx_word' id='word_1_317' title='bbox 517 1472 678 1499; x_wconf 79' lang='lat' dir='ltr'><strong>sacrificium</strong></span> <span class='ocrx_word' id='word_1_318' title='bbox 705 1473 811 1504; x_wconf 80' lang='lat' dir='ltr'><strong>obtulit,</strong></span> <span class='ocrx_word' id='word_1_319' title='bbox 831 1472 923 1508; x_wconf 75' lang='lat' dir='ltr'><strong>sicque</strong></span> <span class='ocrx_word' id='word_1_320' title='bbox 952 1482 1048 1501; x_wconf 86' lang='lat' dir='ltr'><strong>omnes</strong></span> 
     </span>
    </p>
   </div>
   <div class='ocr_carea' id='block_1_46' title="bbox 261 1517 820 1552">
    <p class='ocr_par' dir='ltr' id='par_1_46' title="bbox 261 1517 820 1552">
     <span class='ocr_line' id='line_1_46' title="bbox 261 1517 820 1552; baseline 0.002 -9"><span class='ocrx_word' id='word_1_321' title='bbox 261 1523 494 1545; x_wconf 83' lang='lat' dir='ltr'><strong>sacramentorum</strong></span> <span class='ocrx_word' id='word_1_322' title='bbox 511 1518 654 1552; x_wconf 83' lang='lat' dir='ltr'><strong>participes</strong></span> <span class='ocrx_word' id='word_1_323' title='bbox 669 1517 732 1544; x_wconf 81' lang='lat' dir='ltr'><strong>facti</strong></span> <span class='ocrx_word' id='word_1_324' title='bbox 745 1523 820 1545; x_wconf 87' lang='lat' dir='ltr'><strong>sunt.</strong></span> 
     </span>
    </p>
   </div>
   <div class='ocr_carea' id='block_1_47' title="bbox 300 1563 1047 1598">
    <p class='ocr_par' dir='ltr' id='par_1_47' title="bbox 300 1563 1047 1598">
     <span class='ocr_line' id='line_1_47' title="bbox 300 1563 1047 1598; baseline 0.003 -8"><span class='ocrx_word' id='word_1_325' title='bbox 300 1563 343 1590; x_wconf 85' lang='grc' dir='ltr'><strong>1ι11.</strong></span> <span class='ocrx_word' id='word_1_326' title='bbox 359 1564 398 1590; x_wconf 84' lang='lat' dir='ltr'><strong>Eo</strong></span> <span class='ocrx_word' id='word_1_327' title='bbox 408 1568 497 1590; x_wconf 85' lang='lat' dir='ltr'><strong>autem</strong></span> <span class='ocrx_word' id='word_1_328' title='bbox 509 1564 563 1596; x_wconf 89' lang='lat' dir='ltr'><strong>dic,</strong></span> <span class='ocrx_word' id='word_1_329' title='bbox 576 1563 621 1598; x_wconf 84' lang='lat' dir='ltr'><strong>qui</strong></span> <span class='ocrx_word' id='word_1_330' title='bbox 632 1564 760 1598; x_wconf 65' lang='lat' dir='ltr'><strong>deinceps</strong></span> <span class='ocrx_word' id='word_1_331' title='bbox 770 1569 879 1591; x_wconf 78' lang='lat' dir='ltr'><strong>secutus</strong></span> <span class='ocrx_word' id='word_1_332' title='bbox 888 1570 940 1596; x_wconf 81' lang='lat' dir='ltr'><strong>est,</strong></span> <span class='ocrx_word' id='word_1_333' title='bbox 953 1566 1047 1592; x_wconf 62' lang='lat' dir='ltr'><strong>beatus</strong></span> 
     </span>
    </p>
   </div>
   <div class='ocr_carea' id='block_1_48' title="bbox 262 1609 1048 1645">
    <p class='ocr_par' dir='ltr' id='par_1_48' title="bbox 262 1609 1048 1645">
     <span class='ocr_line' id='line_1_48' title="bbox 262 1609 1048 1645; baseline 0 -8"><span class='ocrx_word' id='word_1_334' title='bbox 262 1610 421 1643; x_wconf 84' lang='lat' dir='ltr'><strong>Stephanus</strong></span> <span class='ocrx_word' id='word_1_335' title='bbox 439 1609 575 1636; x_wconf 82' lang='lat' dir='ltr'><strong>ordinavit</strong></span> <span class='ocrx_word' id='word_1_336' title='bbox 609 1614 664 1636; x_wconf 71' lang='lat' dir='ltr'><strong>tres</strong></span> <span class='ocrx_word' id='word_1_337' title='bbox 692 1609 876 1644; x_wconf 60' lang='lat' dir='ltr'><strong>presbyteros,</strong></span> <span class='ocrx_word' id='word_1_338' title='bbox 904 1615 1048 1645; x_wconf 59' lang='lat' dir='ltr'><strong>ctscptI-m</strong></span> 
     </span>
    </p>
   </div>
   <div class='ocr_carea' id='block_1_49' title="bbox 260 1654 1051 1687">
    <p class='ocr_par' dir='ltr' id='par_1_49' title="bbox 260 1654 1051 1687">
     <span class='ocr_line' id='line_1_49' title="bbox 260 1654 1051 1687; baseline 0 -5"><span class='ocrx_word' id='word_1_339' title='bbox 260 1656 400 1687; x_wconf 81' lang='lat' dir='ltr'><strong>diaconos,</strong></span> <span class='ocrx_word' id='word_1_340' title='bbox 418 1663 450 1682; x_wconf 85' lang='lat' dir='ltr'><strong>ac</strong></span> <span class='ocrx_word' id='word_1_341' title='bbox 465 1654 600 1681; x_wconf 78' lang='lat' dir='ltr'><strong>sexdecim</strong></span> <span class='ocrx_word' id='word_1_342' title='bbox 612 1654 725 1681; x_wconf 71' lang='lat' dir='ltr'><strong>clericos</strong></span> <span class='ocrx_word' id='word_1_343' title='bbox 749 1660 772 1682; x_wconf 85' lang='lat' dir='ltr'><strong>et</strong></span> <span class='ocrx_word' id='word_1_344' title='bbox 792 1655 888 1683; x_wconf 86' lang='lat' dir='ltr'><strong>sedens</strong></span> <span class='ocrx_word' id='word_1_345' title='bbox 909 1663 1002 1682; x_wconf 75' lang='lat' dir='ltr'><strong>ontncs</strong></span> <span class='ocrx_word' id='word_1_346' title='bbox 1020 1656 1051 1683; x_wconf 85' lang='lat' dir='ltr'><strong>il-</strong></span> 
     </span>
    </p>
   </div>
   <div class='ocr_carea' id='block_1_50' title="bbox 261 1700 1049 1735">
    <p class='ocr_par' dir='ltr' id='par_1_50' title="bbox 261 1700 1049 1735">
     <span class='ocr_line' id='line_1_50' title="bbox 261 1700 1049 1735; baseline 0.001 -7"><span class='ocrx_word' id='word_1_347' title='bbox 261 1701 301 1728; x_wconf 77' lang='lat' dir='ltr'><strong>los</strong></span> <span class='ocrx_word' id='word_1_348' title='bbox 324 1701 439 1728; x_wconf 86' lang='lat' dir='ltr'><strong>docebat</strong></span> <span class='ocrx_word' id='word_1_349' title='bbox 464 1701 496 1726; x_wconf 81' lang='lat' dir='ltr'><strong>de</strong></span> <span class='ocrx_word' id='word_1_350' title='bbox 519 1708 600 1735; x_wconf 72' lang='lat' dir='ltr'><strong>regno</strong></span> <span class='ocrx_word' id='word_1_351' title='bbox 618 1700 682 1730; x_wconf 87' lang='lat' dir='ltr'><strong>Dei.</strong></span> <span class='ocrx_word' id='word_1_352' title='bbox 698 1708 730 1727; x_wconf 85' lang='lat' dir='ltr'><strong>ac</strong></span> <span class='ocrx_word' id='word_1_353' title='bbox 744 1701 777 1727; x_wconf 90' lang='lat' dir='ltr'><strong>de</strong></span> <span class='ocrx_word' id='word_1_354' title='bbox 814 1702 980 1735; x_wconf 81' lang='lat' dir='ltr'><strong>sempiterna</strong></span> <span class='ocrx_word' id='word_1_355' title='bbox 1004 1703 1049 1729; x_wconf 79' lang='lat' dir='ltr'><strong>illa</strong></span> 
     </span>
    </p>
   </div>
   <div class='ocr_carea' id='block_1_51' title="bbox 261 1746 1049 1782">
    <p class='ocr_par' dir='ltr' id='par_1_51' title="bbox 261 1746 1049 1782">
     <span class='ocr_line' id='line_1_51' title="bbox 261 1746 1049 1782; baseline 0.003 -9"><span class='ocrx_word' id='word_1_356' title='bbox 261 1748 325 1779; x_wconf 82' lang='lat' dir='ltr'><strong>vita,</strong></span> <span class='ocrx_word' id='word_1_357' title='bbox 343 1756 402 1782; x_wconf 84' lang='lat' dir='ltr'><strong>qua:</strong></span> <span class='ocrx_word' id='word_1_358' title='bbox 411 1747 498 1774; x_wconf 90' lang='lat' dir='ltr'><strong>futura</strong></span> <span class='ocrx_word' id='word_1_359' title='bbox 509 1751 559 1773; x_wconf 89' lang='lat' dir='ltr'><strong>est.</strong></span> <span class='ocrx_word' id='word_1_360' title='bbox 575 1746 634 1774; x_wconf 82' lang='lat' dir='ltr'><strong>Mox</strong></span> <span class='ocrx_word' id='word_1_361' title='bbox 651 1753 790 1781; x_wconf 73' lang='lat' dir='ltr'><strong>coeperunt</strong></span> <span class='ocrx_word' id='word_1_362' title='bbox 809 1747 900 1782; x_wconf 86' lang='lat' dir='ltr'><strong>populi</strong></span> <span class='ocrx_word' id='word_1_363' title='bbox 925 1755 956 1774; x_wconf 84' lang='lat' dir='ltr'><strong>ex</strong></span> <span class='ocrx_word' id='word_1_364' title='bbox 973 1747 1049 1776; x_wconf 64' lang='lat' dir='ltr'><strong>Grat-</strong></span> 
     </span>
    </p>
   </div>
   <div class='ocr_carea' id='block_1_52' title="bbox 260 1792 1049 1828">
    <p class='ocr_par' dir='ltr' id='par_1_52' title="bbox 260 1792 1049 1828">
     <span class='ocr_line' id='line_1_52' title="bbox 260 1792 1049 1828; baseline 0.001 -7"><span class='ocrx_word' id='word_1_365' title='bbox 260 1794 301 1822; x_wconf 87' lang='lat' dir='ltr'><strong>cis</strong></span> <span class='ocrx_word' id='word_1_366' title='bbox 325 1798 352 1820; x_wconf 88' lang='lat' dir='ltr'><strong>et</strong></span> <span class='ocrx_word' id='word_1_367' title='bbox 366 1793 476 1827; x_wconf 82' lang='lat' dir='ltr'><strong>reliquis</strong></span> <span class='ocrx_word' id='word_1_368' title='bbox 487 1792 610 1827; x_wconf 74' lang='lat' dir='ltr'><strong>gentibus</strong></span> <span class='ocrx_word' id='word_1_369' title='bbox 625 1792 656 1819; x_wconf 83' lang='lat' dir='ltr'><strong>ad</strong></span> <span class='ocrx_word' id='word_1_370' title='bbox 676 1800 737 1819; x_wconf 88' lang='lat' dir='ltr'><strong>emn</strong></span> <span class='ocrx_word' id='word_1_371' title='bbox 748 1793 852 1824; x_wconf 72' lang='lat' dir='ltr'><strong>venire,</strong></span> <span class='ocrx_word' id='word_1_372' title='bbox 878 1795 922 1828; x_wconf 88' lang='lat' dir='ltr'><strong>qui</strong></span> <span class='ocrx_word' id='word_1_373' title='bbox 943 1794 1049 1822; x_wconf 80' lang='lat' dir='ltr'><strong>divinos</strong></span> 
     </span>
    </p>
   </div>
   <div class='ocr_carea' id='block_1_53' title="bbox 261 1838 1045 1877">
    <p class='ocr_par' dir='ltr' id='par_1_53' title="bbox 261 1838 1045 1877">
     <span class='ocr_line' id='line_1_53' title="bbox 261 1838 1045 1877; baseline 0 -10"><span class='ocrx_word' id='word_1_374' title='bbox 261 1847 400 1867; x_wconf 82' lang='lat' dir='ltr'><strong>sermones</strong></span> <span class='ocrx_word' id='word_1_375' title='bbox 431 1840 582 1877; x_wconf 59' lang='lat' dir='ltr'><strong>audientes,</strong></span> <span class='ocrx_word' id='word_1_376' title='bbox 596 1847 610 1865; x_wconf 87' lang='lat' dir='ltr'><strong>a</strong></span> <span class='ocrx_word' id='word_1_377' title='bbox 627 1838 768 1875; x_wconf 84' lang='lat' dir='ltr'><strong>Stephano</strong></span> <span class='ocrx_word' id='word_1_378' title='bbox 782 1839 907 1874; x_wconf 83' lang='lat' dir='ltr'><strong>pontifice</strong></span> <span class='ocrx_word' id='word_1_379' title='bbox 922 1839 1045 1875; x_wconf 79' lang='lat' dir='ltr'><strong>baptiza-</strong></span> 
     </span>
    </p>
   </div>
   <div class='ocr_carea' id='block_1_54' title="bbox 260 1885 1049 1920">
    <p class='ocr_par' dir='ltr' id='par_1_54' title="bbox 260 1885 1049 1920">
     <span class='ocr_line' id='line_1_54' title="bbox 260 1885 1049 1920; baseline 0.001 -8"><span class='ocrx_word' id='word_1_380' title='bbox 260 1886 368 1913; x_wconf 88' lang='lat' dir='ltr'><strong>bantur.</strong></span> <span class='ocrx_word' id='word_1_381' title='bbox 388 1887 493 1912; x_wconf 84' lang='lat' dir='ltr'><strong>Interea</strong></span> <span class='ocrx_word' id='word_1_382' title='bbox 506 1885 693 1920; x_wconf 86' lang='lat' dir='ltr'><strong>venitquidam</strong></span> <span class='ocrx_word' id='word_1_383' title='bbox 713 1885 838 1912; x_wconf 83' lang='lat' dir='ltr'><strong>tribunus</strong></span> <span class='ocrx_word' id='word_1_384' title='bbox 855 1885 981 1919; x_wconf 88' lang='lat' dir='ltr'><strong>militum,</strong></span> <span class='ocrx_word' id='word_1_385' title='bbox 996 1886 1049 1914; x_wconf 83' lang='lat' dir='ltr'><strong>Ne-</strong></span> 
     </span>
    </p>
   </div>
   <div class='ocr_carea' id='block_1_55' title="bbox 264 1931 1036 1966">
    <p class='ocr_par' dir='ltr' id='par_1_55' title="bbox 264 1931 1036 1966">
     <span class='ocr_line' id='line_1_55' title="bbox 264 1931 1036 1966; baseline -0.001 -6"><span class='ocrx_word' id='word_1_386' title='bbox 264 1933 364 1960; x_wconf 80' lang='lat' dir='ltr'><strong>mesius</strong></span> <span class='ocrx_word' id='word_1_387' title='bbox 375 1933 495 1963; x_wconf 86' lang='lat' dir='ltr'><strong>nomine.</strong></span> <span class='ocrx_word' id='word_1_388' title='bbox 517 1932 558 1959; x_wconf 90' lang='lat' dir='ltr'><strong>cui</strong></span> <span class='ocrx_word' id='word_1_389' title='bbox 578 1937 633 1959; x_wconf 86' lang='lat' dir='ltr'><strong>erat</strong></span> <span class='ocrx_word' id='word_1_390' title='bbox 652 1931 702 1958; x_wconf 88' lang='lat' dir='ltr'><strong>filia</strong></span> <span class='ocrx_word' id='word_1_391' title='bbox 724 1931 802 1958; x_wconf 87' lang='lat' dir='ltr'><strong>unica</strong></span> <span class='ocrx_word' id='word_1_392' title='bbox 831 1940 890 1966; x_wconf 76' lang='lat' dir='ltr'><strong>qua:</strong></span> <span class='ocrx_word' id='word_1_393' title='bbox 919 1933 952 1959; x_wconf 84' lang='lat' dir='ltr'><strong>ab</strong></span> <span class='ocrx_word' id='word_1_394' title='bbox 973 1933 1036 1959; x_wconf 83' lang='lat' dir='ltr'><strong>inca</strong></span> 
     </span>
    </p>
   </div>
   <div class='ocr_carea' id='block_1_56' title="bbox 262 1977 1047 2013">
    <p class='ocr_par' dir='ltr' id='par_1_56' title="bbox 262 1977 1047 2013">
     <span class='ocr_line' id='line_1_56' title="bbox 262 1977 1047 2013; baseline -0.003 -7"><span class='ocrx_word' id='word_1_395' title='bbox 262 1979 368 2006; x_wconf 76' lang='lat' dir='ltr'><strong>nabulis</strong></span> <span class='ocrx_word' id='word_1_396' title='bbox 402 1983 510 2013; x_wconf 80' lang='lat' dir='ltr'><strong>apertos</strong></span> <span class='ocrx_word' id='word_1_397' title='bbox 526 1977 635 2012; x_wconf 90' lang='lat' dir='ltr'><strong>quidem</strong></span> <span class='ocrx_word' id='word_1_398' title='bbox 652 1977 748 2004; x_wconf 87' lang='lat' dir='ltr'><strong>oculos</strong></span> <span class='ocrx_word' id='word_1_399' title='bbox 760 1977 902 2008; x_wconf 84' lang='lat' dir='ltr'><strong>habuerat,</strong></span> <span class='ocrx_word' id='word_1_400' title='bbox 920 1977 966 2004; x_wconf 92' lang='lat' dir='ltr'><strong>scd</strong></span> <span class='ocrx_word' id='word_1_401' title='bbox 980 1978 1047 2005; x_wconf 88' lang='lat' dir='ltr'><strong>nihil</strong></span> 
     </span>
    </p>
   </div>
   <div class='ocr_carea' id='block_1_57' title="bbox 260 2023 1048 2060">
    <p class='ocr_par' dir='ltr' id='par_1_57' title="bbox 260 2023 1048 2060">
     <span class='ocr_line' id='line_1_57' title="bbox 260 2023 1048 2060; baseline -0.003 -7"><span class='ocrx_word' id='word_1_402' title='bbox 260 2026 370 2059; x_wconf 81' lang='lat' dir='ltr'><strong>omnino</strong></span> <span class='ocrx_word' id='word_1_403' title='bbox 385 2025 543 2060; x_wconf 83' lang='lat' dir='ltr'><strong>aspiciebat.</strong></span> <span class='ocrx_word' id='word_1_404' title='bbox 561 2023 606 2050; x_wconf 86' lang='lat' dir='ltr'><strong>Ille</strong></span> <span class='ocrx_word' id='word_1_405' title='bbox 621 2031 650 2050; x_wconf 87' lang='lat' dir='ltr'><strong>se</strong></span> <span class='ocrx_word' id='word_1_406' title='bbox 666 2023 699 2050; x_wconf 85' lang='lat' dir='ltr'><strong>ad</strong></span> <span class='ocrx_word' id='word_1_407' title='bbox 716 2023 786 2050; x_wconf 84' lang='lat' dir='ltr'><strong>beati</strong></span> <span class='ocrx_word' id='word_1_408' title='bbox 800 2024 936 2058; x_wconf 84' lang='lat' dir='ltr'><strong>pontificis</strong></span> <span class='ocrx_word' id='word_1_409' title='bbox 965 2024 1048 2058; x_wconf 87' lang='lat' dir='ltr'><strong>pedes</strong></span> 
     </span>
    </p>
   </div>
   <div class='ocr_carea' id='block_1_58' title="bbox 260 2068 1049 2106">
    <p class='ocr_par' dir='ltr' id='par_1_58' title="bbox 260 2068 1049 2106">
     <span class='ocr_line' id='line_1_58' title="bbox 260 2068 1049 2106; baseline -0.004 -8"><span class='ocrx_word' id='word_1_410' title='bbox 260 2072 416 2106; x_wconf 75' lang='lat' dir='ltr'><strong>prostravit,</strong></span> <span class='ocrx_word' id='word_1_411' title='bbox 444 2077 475 2096; x_wconf 84' lang='lat' dir='ltr'><strong>ac</strong></span> <span class='ocrx_word' id='word_1_412' title='bbox 505 2069 589 2096; x_wconf 77' lang='lat' dir='ltr'><strong>dixit:</strong></span> <span class='ocrx_word' id='word_1_413' title='bbox 617 2069 670 2096; x_wconf 85' lang='lat' dir='ltr'><strong>Oro</strong></span> <span class='ocrx_word' id='word_1_414' title='bbox 690 2073 725 2100; x_wconf 85' lang='lat' dir='ltr'><strong>te,</strong></span> <span class='ocrx_word' id='word_1_415' title='bbox 747 2068 879 2102; x_wconf 76' lang='lat' dir='ltr'><strong>pontifex,</strong></span> <span class='ocrx_word' id='word_1_416' title='bbox 899 2073 928 2095; x_wconf 89' lang='lat' dir='ltr'><strong>ut</strong></span> <span class='ocrx_word' id='word_1_417' title='bbox 958 2076 1000 2095; x_wconf 84' lang='lat' dir='ltr'><strong>me</strong></span> <span class='ocrx_word' id='word_1_418' title='bbox 1023 2072 1049 2095; x_wconf 86' lang='lat' dir='ltr'><strong>ct</strong></span> 
     </span>
    </p>
   </div>
   <div class='ocr_carea' id='block_1_59' title="bbox 262 2114 1048 2148">
    <p class='ocr_par' dir='ltr' id='par_1_59' title="bbox 262 2114 1048 2148">
     <span class='ocr_line' id='line_1_59' title="bbox 262 2114 1048 2148; baseline -0.001 -7"><span class='ocrx_word' id='word_1_419' title='bbox 262 2116 341 2144; x_wconf 80' lang='lat' dir='ltr'><strong>ﬁliam</strong></span> <span class='ocrx_word' id='word_1_420' title='bbox 354 2122 441 2141; x_wconf 87' lang='lat' dir='ltr'><strong>meam</strong></span> <span class='ocrx_word' id='word_1_421' title='bbox 469 2114 603 2147; x_wconf 59' lang='lat' dir='ltr'><strong>baptizata,</strong></span> <span class='ocrx_word' id='word_1_422' title='bbox 635 2121 689 2148; x_wconf 91' lang='lat' dir='ltr'><strong>quo</strong></span> <span class='ocrx_word' id='word_1_423' title='bbox 719 2117 746 2140; x_wconf 85' lang='lat' dir='ltr'><strong>et</strong></span> <span class='ocrx_word' id='word_1_424' title='bbox 782 2114 841 2147; x_wconf 90' lang='lat' dir='ltr'><strong>ipsa</strong></span> <span class='ocrx_word' id='word_1_425' title='bbox 867 2114 1048 2147; x_wconf 86' lang='lat' dir='ltr'><strong>illuminctur,</strong></span> 
     </span>
    </p>
   </div>
   <div class='ocr_carea' id='block_1_60' title="bbox 261 2159 1048 2194">
    <p class='ocr_par' dir='ltr' id='par_1_60' title="bbox 261 2159 1048 2194">
     <span class='ocr_line' id='line_1_60' title="bbox 261 2159 1048 2194; baseline -0.001 -6"><span class='ocrx_word' id='word_1_426' title='bbox 261 2166 288 2189; x_wconf 80' lang='lat' dir='ltr'><strong>et</strong></span> <span class='ocrx_word' id='word_1_427' title='bbox 300 2162 405 2188; x_wconf 82' lang='lat' dir='ltr'><strong>animas</strong></span> <span class='ocrx_word' id='word_1_428' title='bbox 438 2165 545 2187; x_wconf 85' lang='lat' dir='ltr'><strong>nostras</strong></span> <span class='ocrx_word' id='word_1_429' title='bbox 583 2159 616 2186; x_wconf 91' lang='lat' dir='ltr'><strong>ab</strong></span> <span class='ocrx_word' id='word_1_430' title='bbox 645 2159 756 2186; x_wconf 68' lang='lat' dir='ltr'><strong>internis</strong></span> <span class='ocrx_word' id='word_1_431' title='bbox 783 2159 905 2186; x_wconf 80' lang='lat' dir='ltr'><strong>tenebris</strong></span> <span class='ocrx_word' id='word_1_432' title='bbox 938 2160 1048 2194; x_wconf 67' lang='lat' dir='ltr'><strong>eripias,</strong></span> 
     </span>
    </p>
   </div>
   <div class='ocr_carea' id='block_1_61' title="bbox 260 2204 1048 2242">
    <p class='ocr_par' dir='ltr' id='par_1_61' title="bbox 260 2204 1048 2242">
     <span class='ocr_line' id='line_1_61' title="bbox 260 2204 1048 2242; baseline -0.001 -9"><span class='ocrx_word' id='word_1_433' title='bbox 260 2206 385 2242; x_wconf 83' lang='lat' dir='ltr'><strong>quoniam</strong></span> <span class='ocrx_word' id='word_1_434' title='bbox 406 2205 438 2232; x_wconf 84' lang='lat' dir='ltr'><strong>ad</strong></span> <span class='ocrx_word' id='word_1_435' title='bbox 468 2206 537 2232; x_wconf 76' lang='lat' dir='ltr'><strong>hanc</strong></span> <span class='ocrx_word' id='word_1_436' title='bbox 556 2212 641 2238; x_wconf 79' lang='lat' dir='ltr'><strong>usque</strong></span> <span class='ocrx_word' id='word_1_437' title='bbox 659 2204 729 2231; x_wconf 86' lang='lat' dir='ltr'><strong>diem</strong></span> <span class='ocrx_word' id='word_1_438' title='bbox 744 2211 853 2238; x_wconf 77' lang='lat' dir='ltr'><strong>semper</strong></span> <span class='ocrx_word' id='word_1_439' title='bbox 884 2204 910 2230; x_wconf 82' lang='lat' dir='ltr'><strong>in</strong></span> <span class='ocrx_word' id='word_1_440' title='bbox 922 2205 1048 2232; x_wconf 61' lang='grc' dir='ltr'><strong>ξυναινεῖς</strong></span> 
     </span>
    </p>
   </div>
   <div class='ocr_carea' id='block_1_62' title="bbox 1101 967 1890 1003">
    <p class='ocr_par' dir='ltr' id='par_1_62' title="bbox 1101 967 1890 1003">
     <span class='ocr_line' id='line_1_62' title="bbox 1101 967 1890 1003; baseline -0.004 -8"><span class='ocrx_word' id='word_1_441' title='bbox 1101 969 1181 1003; x_wconf 71' lang='lat' dir='ltr'><strong>cmpit</strong></span> <span class='ocrx_word' id='word_1_442' title='bbox 1193 969 1409 995; x_wconf 80' lang='lat' dir='ltr'><strong>Christianorum</strong></span> <span class='ocrx_word' id='word_1_443' title='bbox 1427 968 1627 994; x_wconf 84' lang='lat' dir='ltr'><strong>multitudinem</strong></span> <span class='ocrx_word' id='word_1_444' title='bbox 1643 968 1669 995; x_wconf 91' lang='lat' dir='ltr'><strong>in</strong></span> <span class='ocrx_word' id='word_1_445' title='bbox 1689 976 1772 994; x_wconf 90' lang='lat' dir='ltr'><strong>unum</strong></span> <span class='ocrx_word' id='word_1_446' title='bbox 1799 967 1890 994; x_wconf 77' lang='lat' dir='ltr'><strong>letum</strong></span> 
     </span>
    </p>
   </div>
   <div class='ocr_carea' id='block_1_63' title="bbox 1100 1013 1892 1048">
    <p class='ocr_par' dir='ltr' id='par_1_63' title="bbox 1100 1013 1892 1048">
     <span class='ocr_line' id='line_1_63' title="bbox 1100 1013 1892 1048; baseline -0.001 -7"><span class='ocrx_word' id='word_1_447' title='bbox 1100 1022 1263 1047; x_wconf 82' lang='lat' dir='ltr'><strong>convocare,</strong></span> <span class='ocrx_word' id='word_1_448' title='bbox 1278 1015 1425 1048; x_wconf 71' lang='lat' dir='ltr'><strong>divinaque</strong></span> <span class='ocrx_word' id='word_1_449' title='bbox 1444 1013 1529 1040; x_wconf 77' lang='lat' dir='ltr'><strong>cilicia</strong></span> <span class='ocrx_word' id='word_1_450' title='bbox 1544 1013 1696 1041; x_wconf 78' lang='lat' dir='ltr'><strong>celebrabat</strong></span> <span class='ocrx_word' id='word_1_451' title='bbox 1706 1013 1731 1040; x_wconf 88' lang='lat' dir='ltr'><strong>in</strong></span> <span class='ocrx_word' id='word_1_452' title='bbox 1741 1018 1892 1047; x_wconf 68' lang='lat' dir='ltr'><strong>martyrum</strong></span> 
     </span>
    </p>
   </div>
   <div class='ocr_carea' id='block_1_64' title="bbox 1099 1060 1892 1096">
    <p class='ocr_par' dir='ltr' id='par_1_64' title="bbox 1099 1060 1892 1096">
     <span class='ocr_line' id='line_1_64' title="bbox 1099 1060 1892 1096; baseline 0 -9"><span class='ocrx_word' id='word_1_453' title='bbox 1099 1061 1230 1092; x_wconf 76' lang='lat' dir='ltr'><strong>latibulis,</strong></span> <span class='ocrx_word' id='word_1_454' title='bbox 1245 1069 1304 1095; x_wconf 84' lang='lat' dir='ltr'><strong>quae</strong></span> <span class='ocrx_word' id='word_1_455' title='bbox 1325 1065 1424 1096; x_wconf 81' lang='lat' dir='ltr'><strong>cryptae</strong></span> <span class='ocrx_word' id='word_1_456' title='bbox 1447 1060 1620 1094; x_wconf 83' lang='lat' dir='ltr'><strong>appellantur</strong></span> <span class='ocrx_word' id='word_1_457' title='bbox 1647 1061 1656 1086; x_wconf 77' lang='grc' dir='ltr'><strong>ε’</strong></span> <span class='ocrx_word' id='word_1_458' title='bbox 1684 1067 1738 1093; x_wconf 91' lang='lat' dir='ltr'><strong>quo</strong></span> <span class='ocrx_word' id='word_1_459' title='bbox 1767 1064 1892 1094; x_wconf 86' lang='lat' dir='ltr'><strong>tempore</strong></span> 
     </span>
    </p>
   </div>
   <div class='ocr_carea' id='block_1_65' title="bbox 1099 1105 1829 1140">
    <p class='ocr_par' dir='ltr' id='par_1_65' title="bbox 1099 1105 1829 1140">
     <span class='ocr_line' id='line_1_65' title="bbox 1099 1105 1829 1140; baseline -0.001 -7"><span class='ocrx_word' id='word_1_460' title='bbox 1099 1106 1256 1133; x_wconf 86' lang='lat' dir='ltr'><strong>Nemesium</strong></span> <span class='ocrx_word' id='word_1_461' title='bbox 1274 1112 1378 1140; x_wconf 87' lang='lat' dir='ltr'><strong>patrem</strong></span> <span class='ocrx_word' id='word_1_462' title='bbox 1395 1105 1506 1132; x_wconf 62' lang='lat' dir='ltr'><strong>Lucili-ae</strong></span> <span class='ocrx_word' id='word_1_463' title='bbox 1519 1105 1657 1133; x_wconf 84' lang='lat' dir='ltr'><strong>ordinavit</strong></span> <span class='ocrx_word' id='word_1_464' title='bbox 1671 1105 1829 1132; x_wconf 84' lang='lat' dir='ltr'><strong>diaconum.</strong></span> 
     </span>
    </p>
   </div>
   <div class='ocr_carea' id='block_1_66' title="bbox 1135 1150 1894 1185">
    <p class='ocr_par' dir='ltr' id='par_1_66' title="bbox 1135 1150 1894 1185">
     <span class='ocr_line' id='line_1_66' title="bbox 1135 1150 1894 1185; baseline 0 -7"><span class='ocrx_word' id='word_1_465' title='bbox 1135 1150 1168 1178; x_wconf 75' lang='grc' dir='ltr'><strong>ν.</strong></span> <span class='ocrx_word' id='word_1_466' title='bbox 1185 1151 1334 1185; x_wconf 88' lang='lat' dir='ltr'><strong>lmpietatis</strong></span> <span class='ocrx_word' id='word_1_467' title='bbox 1349 1158 1413 1177; x_wconf 84' lang='lat' dir='ltr'><strong>vero</strong></span> <span class='ocrx_word' id='word_1_468' title='bbox 1432 1156 1581 1178; x_wconf 84' lang='lat' dir='ltr'><strong>sectatores</strong></span> <span class='ocrx_word' id='word_1_469' title='bbox 1610 1151 1719 1185; x_wconf 89' lang='lat' dir='ltr'><strong>quidatn</strong></span> <span class='ocrx_word' id='word_1_470' title='bbox 1742 1159 1804 1177; x_wconf 86' lang='lat' dir='ltr'><strong>cum</strong></span> <span class='ocrx_word' id='word_1_471' title='bbox 1833 1151 1894 1178; x_wconf 76' lang='lat' dir='ltr'><strong>htcc</strong></span> 
     </span>
    </p>
   </div>
   <div class='ocr_carea' id='block_1_67' title="bbox 1100 1196 1891 1232">
    <p class='ocr_par' dir='ltr' id='par_1_67' title="bbox 1100 1196 1891 1232">
     <span class='ocr_line' id='line_1_67' title="bbox 1100 1196 1891 1232; baseline -0.001 -8"><span class='ocrx_word' id='word_1_472' title='bbox 1100 1197 1277 1228; x_wconf 63' lang='lat' dir='ltr'><strong>audixissent,</strong></span> <span class='ocrx_word' id='word_1_473' title='bbox 1308 1197 1420 1232; x_wconf 88' lang='lat' dir='ltr'><strong>insuper</strong></span> <span class='ocrx_word' id='word_1_474' title='bbox 1433 1201 1460 1223; x_wconf 87' lang='lat' dir='ltr'><strong>et</strong></span> <span class='ocrx_word' id='word_1_475' title='bbox 1484 1196 1642 1224; x_wconf 70' lang='lat' dir='ltr'><strong>Nemesium</strong></span> <span class='ocrx_word' id='word_1_476' title='bbox 1661 1197 1801 1223; x_wconf 90' lang='lat' dir='ltr'><strong>tribunum</strong></span> <span class='ocrx_word' id='word_1_477' title='bbox 1827 1205 1891 1223; x_wconf 89' lang='lat' dir='ltr'><strong>cum</strong></span> 
     </span>
    </p>
   </div>
   <div class='ocr_carea' id='block_1_68' title="bbox 1100 1242 1894 1278">
    <p class='ocr_par' dir='ltr' id='par_1_68' title="bbox 1100 1242 1894 1278">
     <span class='ocr_line' id='line_1_68' title="bbox 1100 1242 1894 1278; baseline -0.001 -7"><span class='ocrx_word' id='word_1_478' title='bbox 1100 1248 1156 1271; x_wconf 87' lang='lat' dir='ltr'><strong>tota</strong></span> <span class='ocrx_word' id='word_1_479' title='bbox 1169 1242 1269 1270; x_wconf 83' lang='lat' dir='ltr'><strong>familia</strong></span> <span class='ocrx_word' id='word_1_480' title='bbox 1287 1242 1387 1270; x_wconf 85' lang='lat' dir='ltr'><strong>Christi</strong></span> <span class='ocrx_word' id='word_1_481' title='bbox 1404 1243 1485 1269; x_wconf 87' lang='lat' dir='ltr'><strong>fidem</strong></span> <span class='ocrx_word' id='word_1_482' title='bbox 1517 1243 1627 1274; x_wconf 76' lang='lat' dir='ltr'><strong>sectari,</strong></span> <span class='ocrx_word' id='word_1_483' title='bbox 1652 1243 1843 1278; x_wconf 87' lang='lat' dir='ltr'><strong>baptismoque</strong></span> <span class='ocrx_word' id='word_1_484' title='bbox 1865 1249 1894 1270; x_wconf 84' lang='lat' dir='ltr'><strong>et</strong></span> 
     </span>
    </p>
   </div>
   <div class='ocr_carea' id='block_1_69' title="bbox 1102 1286 1892 1322">
    <p class='ocr_par' dir='ltr' id='par_1_69' title="bbox 1102 1286 1892 1322">
     <span class='ocr_line' id='line_1_69' title="bbox 1102 1286 1892 1322; baseline 0.001 -8"><span class='ocrx_word' id='word_1_485' title='bbox 1102 1287 1164 1314; x_wconf 83' lang='lat' dir='ltr'><strong>ﬁdei</strong></span> <span class='ocrx_word' id='word_1_486' title='bbox 1179 1287 1281 1314; x_wconf 83' lang='lat' dir='ltr'><strong>lumine</strong></span> <span class='ocrx_word' id='word_1_487' title='bbox 1290 1286 1425 1321; x_wconf 82' lang='lat' dir='ltr'><strong>adju:um,</strong></span> <span class='ocrx_word' id='word_1_488' title='bbox 1438 1287 1585 1314; x_wconf 63' lang='lat' dir='ltr'><strong>caecitatem</strong></span> <span class='ocrx_word' id='word_1_489' title='bbox 1599 1287 1892 1322; x_wconf 62' lang='lat' dir='ltr'><strong>pristinamabjccisse,</strong></span> 
     </span>
    </p>
   </div>
   <div class='ocr_carea' id='block_1_70' title="bbox 1101 1334 1890 1362">
    <p class='ocr_par' dir='ltr' id='par_1_70' title="bbox 1101 1334 1890 1362">
     <span class='ocr_line' id='line_1_70' title="bbox 1101 1334 1890 1362; baseline 0 -1"><span class='ocrx_word' id='word_1_490' title='bbox 1101 1342 1159 1361; x_wconf 91' lang='lat' dir='ltr'><strong>rem</strong></span> <span class='ocrx_word' id='word_1_491' title='bbox 1174 1334 1330 1361; x_wconf 86' lang='lat' dir='ltr'><strong>detulerunt</strong></span> <span class='ocrx_word' id='word_1_492' title='bbox 1346 1334 1378 1360; x_wconf 87' lang='lat' dir='ltr'><strong>ad</strong></span> <span class='ocrx_word' id='word_1_493' title='bbox 1391 1334 1563 1361; x_wconf 78' lang='lat' dir='ltr'><strong>Glabrionem</strong></span> <span class='ocrx_word' id='word_1_494' title='bbox 1581 1339 1607 1361; x_wconf 91' lang='lat' dir='ltr'><strong>et</strong></span> <span class='ocrx_word' id='word_1_495' title='bbox 1624 1334 1768 1361; x_wconf 81' lang='lat' dir='ltr'><strong>Maximum</strong></span> <span class='ocrx_word' id='word_1_496' title='bbox 1786 1343 1890 1362; x_wconf 87' lang='lat' dir='ltr'><strong>consu-</strong></span> 
     </span>
    </p>
   </div>
   <div class='ocr_carea' id='block_1_71' title="bbox 1099 1380 1893 1414">
    <p class='ocr_par' dir='ltr' id='par_1_71' title="bbox 1099 1380 1893 1414">
     <span class='ocr_line' id='line_1_71' title="bbox 1099 1380 1893 1414; baseline 0.001 -7"><span class='ocrx_word' id='word_1_497' title='bbox 1099 1380 1149 1412; x_wconf 86' lang='lat' dir='ltr'><strong>les,</strong></span> <span class='ocrx_word' id='word_1_498' title='bbox 1162 1380 1285 1407; x_wconf 87' lang='lat' dir='ltr'><strong>homines</strong></span> <span class='ocrx_word' id='word_1_499' title='bbox 1293 1380 1395 1406; x_wconf 89' lang='lat' dir='ltr'><strong>scilicet</strong></span> <span class='ocrx_word' id='word_1_500' title='bbox 1411 1380 1559 1414; x_wconf 87' lang='lat' dir='ltr'><strong>impietatis</strong></span> <span class='ocrx_word' id='word_1_501' title='bbox 1568 1381 1643 1408; x_wconf 85' lang='lat' dir='ltr'><strong>valde</strong></span> <span class='ocrx_word' id='word_1_502' title='bbox 1658 1381 1893 1409; x_wconf 82' lang='lat' dir='ltr'><strong>studiosos.Tuuc</strong></span> 
     </span>
    </p>
   </div>
   <div class='ocr_carea' id='block_1_72' title="bbox 1100 1425 1892 1463">
    <p class='ocr_par' dir='ltr' id='par_1_72' title="bbox 1100 1425 1892 1463">
     <span class='ocr_line' id='line_1_72' title="bbox 1100 1425 1892 1463; baseline 0.003 -10"><span class='ocrx_word' id='word_1_503' title='bbox 1100 1426 1139 1453; x_wconf 90' lang='lat' dir='ltr'><strong>illi</strong></span> <span class='ocrx_word' id='word_1_504' title='bbox 1156 1427 1188 1453; x_wconf 89' lang='lat' dir='ltr'><strong>de</strong></span> <span class='ocrx_word' id='word_1_505' title='bbox 1206 1434 1236 1453; x_wconf 90' lang='lat' dir='ltr'><strong>ea</strong></span> <span class='ocrx_word' id='word_1_506' title='bbox 1255 1434 1283 1453; x_wconf 91' lang='lat' dir='ltr'><strong>re</strong></span> <span class='ocrx_word' id='word_1_507' title='bbox 1293 1425 1487 1459; x_wconf 78' lang='lat' dir='ltr'><strong>Consultantes,</strong></span> <span class='ocrx_word' id='word_1_508' title='bbox 1499 1432 1695 1461; x_wconf 76' lang='lat' dir='ltr'><strong>prteCeperunt,</strong></span> <span class='ocrx_word' id='word_1_509' title='bbox 1714 1432 1743 1454; x_wconf 91' lang='lat' dir='ltr'><strong>ut</strong></span> <span class='ocrx_word' id='word_1_510' title='bbox 1763 1436 1892 1463; x_wconf 85' lang='lat' dir='ltr'><strong>quocun-</strong></span> 
     </span>
    </p>
   </div>
   <div class='ocr_carea' id='block_1_73' title="bbox 1103 1472 1892 1508">
    <p class='ocr_par' dir='ltr' id='par_1_73' title="bbox 1103 1472 1892 1508">
     <span class='ocr_line' id='line_1_73' title="bbox 1103 1472 1892 1508; baseline 0.001 -9"><span class='ocrx_word' id='word_1_511' title='bbox 1103 1481 1155 1508; x_wconf 87' lang='lat' dir='ltr'><strong>que</strong></span> <span class='ocrx_word' id='word_1_512' title='bbox 1174 1473 1200 1500; x_wconf 90' lang='lat' dir='ltr'><strong>in</strong></span> <span class='ocrx_word' id='word_1_513' title='bbox 1231 1473 1289 1500; x_wconf 89' lang='lat' dir='ltr'><strong>loco</strong></span> <span class='ocrx_word' id='word_1_514' title='bbox 1317 1472 1459 1498; x_wconf 70' lang='lat' dir='ltr'><strong>Ni-tnesius</strong></span> <span class='ocrx_word' id='word_1_515' title='bbox 1485 1473 1617 1499; x_wconf 87' lang='lat' dir='ltr'><strong>diaconus</strong></span> <span class='ocrx_word' id='word_1_516' title='bbox 1645 1473 1760 1500; x_wconf 58' lang='lat' dir='ltr'><strong>inveniri</strong></span> <span class='ocrx_word' id='word_1_517' title='bbox 1786 1479 1892 1507; x_wconf 72' lang='lat' dir='ltr'><strong>posset,</strong></span> 
     </span>
    </p>
   </div>
   <div class='ocr_carea' id='block_1_74' title="bbox 1102 1518 1894 1554">
    <p class='ocr_par' dir='ltr' id='par_1_74' title="bbox 1102 1518 1894 1554">
     <span class='ocr_line' id='line_1_74' title="bbox 1102 1518 1894 1554; baseline 0.004 -10"><span class='ocrx_word' id='word_1_518' title='bbox 1102 1519 1214 1545; x_wconf 90' lang='lat' dir='ltr'><strong>omnino</strong></span> <span class='ocrx_word' id='word_1_519' title='bbox 1232 1518 1398 1553; x_wconf 62' lang='lat' dir='ltr'><strong>gravissim&#39;s</strong></span> <span class='ocrx_word' id='word_1_520' title='bbox 1411 1518 1550 1552; x_wconf 77' lang='lat' dir='ltr'><strong>suppliciis</strong></span> <span class='ocrx_word' id='word_1_521' title='bbox 1568 1519 1743 1554; x_wconf 77' lang='lat' dir='ltr'><strong>afﬂigeretur.</strong></span> <span class='ocrx_word' id='word_1_522' title='bbox 1758 1519 1826 1546; x_wconf 88' lang='lat' dir='ltr'><strong>Cum</strong></span> <span class='ocrx_word' id='word_1_523' title='bbox 1841 1528 1894 1547; x_wconf 90' lang='lat' dir='ltr'><strong>au-</strong></span> 
     </span>
    </p>
   </div>
   <div class='ocr_carea' id='block_1_75' title="bbox 1101 1562 1891 1599">
    <p class='ocr_par' dir='ltr' id='par_1_75' title="bbox 1101 1562 1891 1599">
     <span class='ocr_line' id='line_1_75' title="bbox 1101 1562 1891 1599; baseline 0.001 -9"><span class='ocrx_word' id='word_1_524' title='bbox 1101 1568 1153 1590; x_wconf 82' lang='lat' dir='ltr'><strong>tem</strong></span> <span class='ocrx_word' id='word_1_525' title='bbox 1168 1563 1309 1590; x_wconf 85' lang='lat' dir='ltr'><strong>Nemesius</strong></span> <span class='ocrx_word' id='word_1_526' title='bbox 1328 1564 1384 1598; x_wconf 81' lang='lat' dir='ltr'><strong>ipse</strong></span> <span class='ocrx_word' id='word_1_527' title='bbox 1400 1562 1516 1599; x_wconf 83' lang='lat' dir='ltr'><strong>quodam</strong></span> <span class='ocrx_word' id='word_1_528' title='bbox 1540 1563 1584 1590; x_wconf 85' lang='lat' dir='ltr'><strong>die</strong></span> <span class='ocrx_word' id='word_1_529' title='bbox 1611 1572 1659 1599; x_wconf 88' lang='lat' dir='ltr'><strong>per</strong></span> <span class='ocrx_word' id='word_1_530' title='bbox 1682 1565 1750 1591; x_wconf 86' lang='lat' dir='ltr'><strong>viam</strong></span> <span class='ocrx_word' id='word_1_531' title='bbox 1773 1566 1891 1599; x_wconf 86' lang='lat' dir='ltr'><strong>Appiaut</strong></span> 
     </span>
    </p>
   </div>
   <div class='ocr_carea' id='block_1_76' title="bbox 1102 1608 1891 1645">
    <p class='ocr_par' dir='ltr' id='par_1_76' title="bbox 1102 1608 1891 1645">
     <span class='ocr_line' id='line_1_76' title="bbox 1102 1608 1891 1645; baseline 0.004 -9"><span class='ocrx_word' id='word_1_532' title='bbox 1102 1609 1154 1636; x_wconf 89' lang='lat' dir='ltr'><strong>iter</strong></span> <span class='ocrx_word' id='word_1_533' title='bbox 1168 1608 1487 1644; x_wconf 83' lang='lat' dir='ltr'><strong>faceret.etessetprope</strong></span> <span class='ocrx_word' id='word_1_534' title='bbox 1503 1609 1594 1637; x_wconf 70' lang='lat' dir='ltr'><strong>Manis</strong></span> <span class='ocrx_word' id='word_1_535' title='bbox 1611 1611 1752 1645; x_wconf 86' lang='lat' dir='ltr'><strong>templum,</strong></span> <span class='ocrx_word' id='word_1_536' title='bbox 1770 1615 1797 1638; x_wconf 89' lang='lat' dir='ltr'><strong>ct</strong></span> <span class='ocrx_word' id='word_1_537' title='bbox 1809 1611 1891 1639; x_wconf 74' lang='lat' dir='ltr'><strong>Vale-</strong></span> 
     </span>
    </p>
   </div>
   <div class='ocr_carea' id='block_1_77' title="bbox 1102 1655 1894 1692">
    <p class='ocr_par' dir='ltr' id='par_1_77' title="bbox 1102 1655 1894 1692">
     <span class='ocr_line' id='line_1_77' title="bbox 1102 1655 1894 1692; baseline 0.003 -9"><span class='ocrx_word' id='word_1_538' title='bbox 1102 1655 1211 1683; x_wconf 85' lang='lat' dir='ltr'><strong>rianum</strong></span> <span class='ocrx_word' id='word_1_539' title='bbox 1232 1663 1263 1684; x_wconf 86' lang='lat' dir='ltr'><strong>ac</strong></span> <span class='ocrx_word' id='word_1_540' title='bbox 1279 1655 1422 1683; x_wconf 74' lang='lat' dir='ltr'><strong>Maximum</strong></span> <span class='ocrx_word' id='word_1_541' title='bbox 1437 1655 1534 1690; x_wconf 80' lang='lat' dir='ltr'><strong>impios</strong></span> <span class='ocrx_word' id='word_1_542' title='bbox 1552 1656 1676 1688; x_wconf 81' lang='lat' dir='ltr'><strong>homines</strong></span> <span class='ocrx_word' id='word_1_543' title='bbox 1696 1657 1810 1690; x_wconf 79' lang='lat' dir='ltr'><strong>videret,</strong></span> <span class='ocrx_word' id='word_1_544' title='bbox 1844 1658 1894 1692; x_wconf 90' lang='lat' dir='ltr'><strong>qui</strong></span> 
     </span>
    </p>
   </div>
   <div class='ocr_carea' id='block_1_78' title="bbox 1102 1701 1895 1731">
    <p class='ocr_par' dir='ltr' id='par_1_78' title="bbox 1102 1701 1895 1731">
     <span class='ocr_line' id='line_1_78' title="bbox 1102 1701 1895 1731; baseline 0.004 -3"><span class='ocrx_word' id='word_1_545' title='bbox 1102 1706 1130 1728; x_wconf 91' lang='lat' dir='ltr'><strong>ut</strong></span> <span class='ocrx_word' id='word_1_546' title='bbox 1144 1705 1222 1728; x_wconf 88' lang='lat' dir='ltr'><strong>antea</strong></span> <span class='ocrx_word' id='word_1_547' title='bbox 1238 1706 1434 1729; x_wconf 68' lang='lat' dir='ltr'><strong>consumerant</strong></span> <span class='ocrx_word' id='word_1_548' title='bbox 1449 1701 1595 1729; x_wconf 73' lang='lat' dir='ltr'><strong>fmdissima</strong></span> <span class='ocrx_word' id='word_1_549' title='bbox 1609 1703 1778 1730; x_wconf 74' lang='lat' dir='ltr'><strong>dminonibus</strong></span> <span class='ocrx_word' id='word_1_550' title='bbox 1807 1704 1895 1731; x_wconf 86' lang='lat' dir='ltr'><strong>sacri-</strong></span> 
     </span>
    </p>
   </div>
   <div class='ocr_carea' id='block_1_79' title="bbox 1100 1747 1892 1784">
    <p class='ocr_par' dir='ltr' id='par_1_79' title="bbox 1100 1747 1892 1784">
     <span class='ocr_line' id='line_1_79' title="bbox 1100 1747 1892 1784; baseline 0.004 -10"><span class='ocrx_word' id='word_1_551' title='bbox 1100 1747 1159 1774; x_wconf 83' lang='lat' dir='ltr'><strong>ﬁcia</strong></span> <span class='ocrx_word' id='word_1_552' title='bbox 1181 1747 1341 1779; x_wconf 76' lang='lat' dir='ltr'><strong>offerebant,</strong></span> <span class='ocrx_word' id='word_1_553' title='bbox 1359 1748 1394 1774; x_wconf 88' lang='lat' dir='ltr'><strong>ita</strong></span> <span class='ocrx_word' id='word_1_554' title='bbox 1411 1747 1494 1774; x_wconf 86' lang='lat' dir='ltr'><strong>Deum</strong></span> <span class='ocrx_word' id='word_1_555' title='bbox 1541 1748 1631 1782; x_wconf 90' lang='lat' dir='ltr'><strong>ipsum</strong></span> <span class='ocrx_word' id='word_1_556' title='bbox 1655 1748 1731 1775; x_wconf 76' lang='lat' dir='ltr'><strong>ﬂexis</strong></span> <span class='ocrx_word' id='word_1_557' title='bbox 1775 1750 1892 1784; x_wconf 80' lang='lat' dir='ltr'><strong>genibus</strong></span> 
     </span>
    </p>
   </div>
   <div class='ocr_carea' id='block_1_80' title="bbox 1100 1793 1892 1830">
    <p class='ocr_par' dir='ltr' id='par_1_80' title="bbox 1100 1793 1892 1830">
     <span class='ocr_line' id='line_1_80' title="bbox 1100 1793 1892 1830; baseline 0.004 -11"><span class='ocrx_word' id='word_1_558' title='bbox 1100 1793 1187 1820; x_wconf 82' lang='lat' dir='ltr'><strong>oravit</strong></span> <span class='ocrx_word' id='word_1_559' title='bbox 1205 1803 1211 1819; x_wconf 86' lang='lat'><strong>:</strong></span> <span class='ocrx_word' id='word_1_560' title='bbox 1229 1793 1343 1819; x_wconf 86' lang='lat' dir='ltr'><strong>Domino</strong></span> <span class='ocrx_word' id='word_1_561' title='bbox 1363 1793 1432 1820; x_wconf 83' lang='lat' dir='ltr'><strong>Deus</strong></span> <span class='ocrx_word' id='word_1_562' title='bbox 1444 1798 1550 1820; x_wconf 81' lang='lat' dir='ltr'><strong>creator</strong></span> <span class='ocrx_word' id='word_1_563' title='bbox 1566 1793 1627 1820; x_wconf 74' lang='lat' dir='ltr'><strong>C(cli</strong></span> <span class='ocrx_word' id='word_1_564' title='bbox 1640 1799 1667 1821; x_wconf 88' lang='lat' dir='ltr'><strong>et</strong></span> <span class='ocrx_word' id='word_1_565' title='bbox 1683 1799 1771 1827; x_wconf 78' lang='lat' dir='ltr'><strong>terrae,</strong></span> <span class='ocrx_word' id='word_1_566' title='bbox 1788 1795 1892 1830; x_wconf 81' lang='lat' dir='ltr'><strong>dissipa</strong></span> 
     </span>
    </p>
   </div>
   <div class='ocr_carea' id='block_1_81' title="bbox 1100 1839 1894 1873">
    <p class='ocr_par' dir='ltr' id='par_1_81' title="bbox 1100 1839 1894 1873">
     <span class='ocr_line' id='line_1_81' title="bbox 1100 1839 1894 1873; baseline 0.003 -8"><span class='ocrx_word' id='word_1_567' title='bbox 1100 1839 1212 1866; x_wconf 84' lang='lat' dir='ltr'><strong>consilia</strong></span> <span class='ocrx_word' id='word_1_568' title='bbox 1221 1843 1247 1865; x_wconf 87' lang='lat' dir='ltr'><strong>et</strong></span> <span class='ocrx_word' id='word_1_569' title='bbox 1256 1839 1407 1871; x_wconf 86' lang='lat' dir='ltr'><strong>machinas,</strong></span> <span class='ocrx_word' id='word_1_570' title='bbox 1421 1839 1517 1873; x_wconf 79' lang='lat' dir='ltr'><strong>quibus</strong></span> <span class='ocrx_word' id='word_1_571' title='bbox 1532 1839 1655 1867; x_wconf 88' lang='lat' dir='ltr'><strong>diabolus</strong></span> <span class='ocrx_word' id='word_1_572' title='bbox 1666 1840 1798 1867; x_wconf 80' lang='lat' dir='ltr'><strong>humanas</strong></span> <span class='ocrx_word' id='word_1_573' title='bbox 1810 1849 1894 1868; x_wconf 85' lang='lat' dir='ltr'><strong>men-</strong></span> 
     </span>
    </p>
   </div>
   <div class='ocr_carea' id='block_1_82' title="bbox 1100 1885 1892 1921">
    <p class='ocr_par' dir='ltr' id='par_1_82' title="bbox 1100 1885 1892 1921">
     <span class='ocr_line' id='line_1_82' title="bbox 1100 1885 1892 1921; baseline 0.004 -9"><span class='ocrx_word' id='word_1_574' title='bbox 1100 1889 1141 1912; x_wconf 81' lang='lat' dir='ltr'><strong>tes</strong></span> <span class='ocrx_word' id='word_1_575' title='bbox 1156 1885 1284 1920; x_wconf 87' lang='lat' dir='ltr'><strong>pervertit</strong></span> <span class='ocrx_word' id='word_1_576' title='bbox 1301 1885 1418 1919; x_wconf 83' lang='lat' dir='ltr'><strong>;dissipa</strong></span> <span class='ocrx_word' id='word_1_577' title='bbox 1432 1893 1491 1916; x_wconf 86' lang='lat' dir='ltr'><strong>eas,</strong></span> <span class='ocrx_word' id='word_1_578' title='bbox 1502 1893 1602 1920; x_wconf 58' lang='lat' dir='ltr'><strong>quaso,</strong></span> <span class='ocrx_word' id='word_1_579' title='bbox 1612 1894 1659 1921; x_wconf 84' lang='lat' dir='ltr'><strong>per</strong></span> <span class='ocrx_word' id='word_1_580' title='bbox 1669 1895 1766 1914; x_wconf 86' lang='lat' dir='ltr'><strong>nomen</strong></span> <span class='ocrx_word' id='word_1_581' title='bbox 1783 1886 1892 1915; x_wconf 86' lang='lat' dir='ltr'><strong>Domini</strong></span> 
     </span>
    </p>
   </div>
   <div class='ocr_carea' id='block_1_83' title="bbox 1100 1931 1892 1967">
    <p class='ocr_par' dir='ltr' id='par_1_83' title="bbox 1100 1931 1892 1967">
     <span class='ocr_line' id='line_1_83' title="bbox 1100 1931 1892 1967; baseline 0.003 -10"><span class='ocrx_word' id='word_1_582' title='bbox 1100 1931 1185 1958; x_wconf 87' lang='lat' dir='ltr'><strong>nostri</strong></span> <span class='ocrx_word' id='word_1_583' title='bbox 1209 1931 1272 1958; x_wconf 78' lang='lat' dir='ltr'><strong>Jesu</strong></span> <span class='ocrx_word' id='word_1_584' title='bbox 1312 1931 1414 1958; x_wconf 74' lang='lat' dir='ltr'><strong>Chriin</strong></span> <span class='ocrx_word' id='word_1_585' title='bbox 1452 1931 1511 1958; x_wconf 81' lang='lat' dir='ltr'><strong>Filii</strong></span> <span class='ocrx_word' id='word_1_586' title='bbox 1542 1932 1592 1964; x_wconf 90' lang='lat' dir='ltr'><strong>tui,</strong></span> <span class='ocrx_word' id='word_1_587' title='bbox 1626 1940 1706 1967; x_wconf 86' lang='lat' dir='ltr'><strong>quem</strong></span> <span class='ocrx_word' id='word_1_588' title='bbox 1735 1932 1832 1959; x_wconf 86' lang='lat' dir='ltr'><strong>misisti</strong></span> <span class='ocrx_word' id='word_1_589' title='bbox 1863 1933 1892 1960; x_wconf 88' lang='lat' dir='ltr'><strong>in</strong></span> 
     </span>
    </p>
   </div>
   <div class='ocr_carea' id='block_1_84' title="bbox 1101 1976 1878 2010">
    <p class='ocr_par' dir='ltr' id='par_1_84' title="bbox 1101 1976 1878 2010">
     <span class='ocr_line' id='line_1_84' title="bbox 1101 1976 1878 2010; baseline 0.001 -6"><span class='ocrx_word' id='word_1_590' title='bbox 1101 1977 1175 2004; x_wconf 88' lang='lat' dir='ltr'><strong>hunc</strong></span> <span class='ocrx_word' id='word_1_591' title='bbox 1190 1978 1333 2004; x_wconf 88' lang='lat' dir='ltr'><strong>mundum.</strong></span> <span class='ocrx_word' id='word_1_592' title='bbox 1354 1976 1470 2004; x_wconf 85' lang='lat' dir='ltr'><strong>Contcrc</strong></span> <span class='ocrx_word' id='word_1_593' title='bbox 1490 1977 1630 2010; x_wconf 83' lang='lat' dir='ltr'><strong>Satanam,</strong></span> <span class='ocrx_word' id='word_1_594' title='bbox 1646 1982 1675 2004; x_wconf 93' lang='lat' dir='ltr'><strong>ut</strong></span> <span class='ocrx_word' id='word_1_595' title='bbox 1698 1978 1789 2005; x_wconf 88' lang='lat' dir='ltr'><strong>miseri</strong></span> <span class='ocrx_word' id='word_1_596' title='bbox 1812 1979 1878 2005; x_wconf 85' lang='lat' dir='ltr'><strong>etin</strong></span> 
     </span>
    </p>
   </div>
   <div class='ocr_carea' id='block_1_85' title="bbox 1101 2021 1893 2058">
    <p class='ocr_par' dir='ltr' id='par_1_85' title="bbox 1101 2021 1893 2058">
     <span class='ocr_line' id='line_1_85' title="bbox 1101 2021 1893 2058; baseline 0.001 -10"><span class='ocrx_word' id='word_1_597' title='bbox 1101 2021 1193 2049; x_wconf 75' lang='lat' dir='ltr'><strong>felices</strong></span> <span class='ocrx_word' id='word_1_598' title='bbox 1205 2022 1248 2049; x_wconf 89' lang='lat' dir='ltr'><strong>isti</strong></span> <span class='ocrx_word' id='word_1_599' title='bbox 1258 2022 1290 2048; x_wconf 89' lang='lat' dir='ltr'><strong>ab</strong></span> <span class='ocrx_word' id='word_1_600' title='bbox 1299 2022 1357 2056; x_wconf 84' lang='lat' dir='ltr'><strong>ejus</strong></span> <span class='ocrx_word' id='word_1_601' title='bbox 1371 2022 1473 2056; x_wconf 81' lang='lat' dir='ltr'><strong>laqueis</strong></span> <span class='ocrx_word' id='word_1_602' title='bbox 1480 2022 1578 2057; x_wconf 90' lang='lat' dir='ltr'><strong>quibus</strong></span> <span class='ocrx_word' id='word_1_603' title='bbox 1589 2021 1684 2048; x_wconf 88' lang='lat' dir='ltr'><strong>irretiti</strong></span> <span class='ocrx_word' id='word_1_604' title='bbox 1697 2027 1758 2049; x_wconf 84' lang='lat' dir='ltr'><strong>sntit</strong></span> <span class='ocrx_word' id='word_1_605' title='bbox 1770 2023 1893 2058; x_wconf 82' lang='lat' dir='ltr'><strong>eripian—</strong></span> 
     </span>
    </p>
   </div>
   <div class='ocr_carea' id='block_1_86' title="bbox 1101 2058 1894 2099">
    <p class='ocr_par' dir='ltr' id='par_1_86' title="bbox 1101 2058 1894 2099">
     <span class='ocr_line' id='line_1_86' title="bbox 1101 2058 1894 2099; baseline 0.001 -5"><span class='ocrx_word' id='word_1_606' title='bbox 1101 2072 1156 2099; x_wconf 87' lang='lat' dir='ltr'><strong>tur,</strong></span> <span class='ocrx_word' id='word_1_607' title='bbox 1173 2076 1203 2095; x_wconf 84' lang='lat' dir='ltr'><strong>ac</strong></span> <span class='ocrx_word' id='word_1_608' title='bbox 1221 2058 1362 2094; x_wconf 45' lang='lat' dir='ltr'><strong>humanis.</strong></span> <span class='ocrx_word' id='word_1_609' title='bbox 1379 2067 1503 2094; x_wconf 87' lang='lat' dir='ltr'><strong>manibus</strong></span> <span class='ocrx_word' id='word_1_610' title='bbox 1535 2068 1665 2095; x_wconf 85' lang='lat' dir='ltr'><strong>fabricata</strong></span> <span class='ocrx_word' id='word_1_611' title='bbox 1680 2069 1826 2095; x_wconf 85' lang='lat' dir='ltr'><strong>simulacra</strong></span> <span class='ocrx_word' id='word_1_612' title='bbox 1846 2070 1894 2096; x_wconf 64' lang='grc' dir='ltr'><strong>ιω.</strong></span> 
     </span>
    </p>
   </div>
   <div class='ocr_carea' id='block_1_87' title="bbox 1101 2113 1888 2148">
    <p class='ocr_par' dir='ltr' id='par_1_87' title="bbox 1101 2113 1888 2148">
     <span class='ocr_line' id='line_1_87' title="bbox 1101 2113 1888 2148; baseline 0.001 -7"><span class='ocrx_word' id='word_1_613' title='bbox 1101 2114 1296 2148; x_wconf 81' lang='lat' dir='ltr'><strong>relinquentes,</strong></span> <span class='ocrx_word' id='word_1_614' title='bbox 1318 2117 1466 2148; x_wconf 75' lang='lat' dir='ltr'><strong>agnoscant</strong></span> <span class='ocrx_word' id='word_1_615' title='bbox 1482 2117 1508 2140; x_wconf 84' lang='lat' dir='ltr'><strong>te</strong></span> <span class='ocrx_word' id='word_1_616' title='bbox 1522 2113 1644 2140; x_wconf 82' lang='lat' dir='ltr'><strong>omnium</strong></span> <span class='ocrx_word' id='word_1_617' title='bbox 1662 2121 1752 2141; x_wconf 91' lang='lat' dir='ltr'><strong>rerum</strong></span> <span class='ocrx_word' id='word_1_618' title='bbox 1776 2119 1888 2142; x_wconf 88' lang='lat' dir='ltr'><strong>creato-</strong></span> 
     </span>
    </p>
   </div>
   <div class='ocr_carea' id='block_1_88' title="bbox 1105 2157 1894 2192">
    <p class='ocr_par' dir='ltr' id='par_1_88' title="bbox 1105 2157 1894 2192">
     <span class='ocr_line' id='line_1_88' title="bbox 1105 2157 1894 2192; baseline 0.003 -8"><span class='ocrx_word' id='word_1_619' title='bbox 1105 2166 1172 2190; x_wconf 82' lang='lat' dir='ltr'><strong>rem,</strong></span> <span class='ocrx_word' id='word_1_620' title='bbox 1186 2158 1270 2184; x_wconf 77' lang='lat' dir='ltr'><strong>Deum</strong></span> <span class='ocrx_word' id='word_1_621' title='bbox 1285 2162 1313 2185; x_wconf 90' lang='lat' dir='ltr'><strong>et</strong></span> <span class='ocrx_word' id='word_1_622' title='bbox 1332 2157 1440 2184; x_wconf 83' lang='lat' dir='ltr'><strong>Patrem</strong></span> <span class='ocrx_word' id='word_1_623' title='bbox 1463 2158 1690 2192; x_wconf 83' lang='lat' dir='ltr'><strong>omnipotentem,</strong></span> <span class='ocrx_word' id='word_1_624' title='bbox 1724 2164 1753 2186; x_wconf 87' lang='lat' dir='ltr'><strong>et</strong></span> <span class='ocrx_word' id='word_1_625' title='bbox 1777 2160 1894 2186; x_wconf 89' lang='lat' dir='ltr'><strong>unicum</strong></span> 
     </span>
    </p>
   </div>
   <div class='ocr_carea' id='block_1_89' title="bbox 1103 2203 1893 2240">
    <p class='ocr_par' dir='ltr' id='par_1_89' title="bbox 1103 2203 1893 2240">
     <span class='ocr_line' id='line_1_89' title="bbox 1103 2203 1893 2240; baseline 0.004 -10"><span class='ocrx_word' id='word_1_626' title='bbox 1103 2203 1201 2230; x_wconf 79' lang='lat' dir='ltr'><strong>Filium</strong></span> <span class='ocrx_word' id='word_1_627' title='bbox 1218 2208 1295 2231; x_wconf 92' lang='lat' dir='ltr'><strong>tuum</strong></span> <span class='ocrx_word' id='word_1_628' title='bbox 1314 2205 1459 2230; x_wconf 89' lang='lat' dir='ltr'><strong>Dominum</strong></span> <span class='ocrx_word' id='word_1_629' title='bbox 1480 2203 1572 2231; x_wconf 70' lang='lat' dir='ltr'><strong>Iesum</strong></span> <span class='ocrx_word' id='word_1_630' title='bbox 1591 2205 1799 2232; x_wconf 85' lang='lat' dir='ltr'><strong>Christum.an</strong></span> <span class='ocrx_word' id='word_1_631' title='bbox 1831 2206 1893 2240; x_wconf 77' lang='lat' dir='ltr'><strong>ipSI</strong></span> 
     </span>
    </p>
   </div>
   <div class='ocr_carea' id='block_1_90' title="bbox 259 2249 1892 2290">
    <p class='ocr_par' dir='ltr' id='par_1_90' title="bbox 259 2249 1892 2290">
     <span class='ocr_line' id='line_1_90' title="bbox 259 2249 1892 2290; baseline -0.001 -9"><span class='ocrx_word' id='word_1_632' title='bbox 259 2257 287 2281; x_wconf 88' lang='lat' dir='ltr'><strong>et</strong></span> <span class='ocrx_word' id='word_1_633' title='bbox 302 2252 441 2280; x_wconf 88' lang='lat' dir='ltr'><strong>doloribus</strong></span> <span class='ocrx_word' id='word_1_634' title='bbox 458 2250 658 2286; x_wconf 71' lang='lat' dir='ltr'><strong>propterhujus</strong></span> <span class='ocrx_word' id='word_1_635' title='bbox 673 2249 734 2277; x_wconf 79' lang='lat' dir='ltr'><strong>filiae</strong></span> <span class='ocrx_word' id='word_1_636' title='bbox 748 2257 815 2277; x_wconf 66' lang='lat' dir='ltr'><strong>mere</strong></span> <span class='ocrx_word' id='word_1_637' title='bbox 825 2249 974 2276; x_wconf 79' lang='lat' dir='ltr'><strong>caecitatem</strong></span> <span class='ocrx_word' id='word_1_638' title='bbox 989 2258 1049 2276; x_wconf 84' lang='lat' dir='ltr'><strong>ver-</strong></span> <span class='ocrx_word' id='word_1_639' title='bbox 1066 2257 1087 2285; x_wconf 80' lang='grc' dir='ltr'><strong>ι)</strong></span> <span class='ocrx_word' id='word_1_640' title='bbox 1103 2250 1169 2276; x_wconf 87' lang='lat' dir='ltr'><strong>hora</strong></span> <span class='ocrx_word' id='word_1_641' title='bbox 1185 2249 1289 2290; x_wconf 64' lang='lat' dir='ltr'><strong>impius</strong></span> <span class='ocrx_word' id='word_1_642' title='bbox 1301 2249 1434 2276; x_wconf 77' lang='lat' dir='ltr'><strong>Maximus</strong></span> <span class='ocrx_word' id='word_1_643' title='bbox 1456 2257 1470 2276; x_wconf 90' lang='lat' dir='ltr'><strong>a</strong></span> <span class='ocrx_word' id='word_1_644' title='bbox 1493 2250 1617 2278; x_wconf 67' lang='lat' dir='ltr'><strong>daemone</strong></span> <span class='ocrx_word' id='word_1_645' title='bbox 1640 2255 1793 2286; x_wconf 82' lang='lat' dir='ltr'><strong>correptus,</strong></span> <span class='ocrx_word' id='word_1_646' title='bbox 1821 2259 1892 2279; x_wconf 84' lang='lat' dir='ltr'><strong>voce</strong></span> 
     </span>
    </p>
   </div>
   <div class='ocr_carea' id='block_1_91' title="bbox 258 2294 1046 2330">
    <p class='ocr_par' dir='ltr' id='par_1_91' title="bbox 258 2294 1046 2330">
     <span class='ocr_line' id='line_1_91' title="bbox 258 2294 1046 2330; baseline -0.006 -5"><span class='ocrx_word' id='word_1_647' title='bbox 258 2302 334 2325; x_wconf 78' lang='lat' dir='ltr'><strong>satus</strong></span> <span class='ocrx_word' id='word_1_648' title='bbox 349 2296 397 2323; x_wconf 89' lang='lat' dir='ltr'><strong>fui.</strong></span> <span class='ocrx_word' id='word_1_649' title='bbox 410 2295 488 2322; x_wconf 89' lang='lat' dir='ltr'><strong>Tunc</strong></span> <span class='ocrx_word' id='word_1_650' title='bbox 500 2294 596 2321; x_wconf 86' lang='lat' dir='ltr'><strong>beatus</strong></span> <span class='ocrx_word' id='word_1_651' title='bbox 612 2295 757 2330; x_wconf 80' lang='lat' dir='ltr'><strong>episcopus</strong></span> <span class='ocrx_word' id='word_1_652' title='bbox 772 2303 777 2320; x_wconf 96' lang='lat'><strong>:</strong></span> <span class='ocrx_word' id='word_1_653' title='bbox 795 2294 823 2320; x_wconf 84' lang='lat' dir='ltr'><strong>Si</strong></span> <span class='ocrx_word' id='word_1_654' title='bbox 837 2294 935 2327; x_wconf 86' lang='lat' dir='ltr'><strong>credis,</strong></span> <span class='ocrx_word' id='word_1_655' title='bbox 947 2294 1046 2329; x_wconf 82' lang='lat' dir='ltr'><strong>inquit,</strong></span> 
     </span>
    </p>
   </div>
   <div class='ocr_carea' id='block_1_92' title="bbox 257 2340 1047 2373">
    <p class='ocr_par' dir='ltr' id='par_1_92' title="bbox 257 2340 1047 2373">
     <span class='ocr_line' id='line_1_92' title="bbox 257 2340 1047 2373; baseline -0.005 -2"><span class='ocrx_word' id='word_1_656' title='bbox 257 2351 290 2371; x_wconf 71' lang='lat' dir='ltr'><strong>ex</strong></span> <span class='ocrx_word' id='word_1_657' title='bbox 310 2347 366 2370; x_wconf 88' lang='lat' dir='ltr'><strong>toto</strong></span> <span class='ocrx_word' id='word_1_658' title='bbox 383 2342 477 2373; x_wconf 88' lang='lat' dir='ltr'><strong>corde,</strong></span> <span class='ocrx_word' id='word_1_659' title='bbox 495 2341 586 2368; x_wconf 87' lang='lat' dir='ltr'><strong>omnia</strong></span> <span class='ocrx_word' id='word_1_660' title='bbox 612 2340 660 2367; x_wconf 88' lang='lat' dir='ltr'><strong>tibi</strong></span> <span class='ocrx_word' id='word_1_661' title='bbox 686 2341 808 2368; x_wconf 89' lang='lat' dir='ltr'><strong>credenti</strong></span> <span class='ocrx_word' id='word_1_662' title='bbox 833 2347 961 2368; x_wconf 83' lang='lat' dir='ltr'><strong>concessa</strong></span> <span class='ocrx_word' id='word_1_663' title='bbox 987 2340 1047 2368; x_wconf 90' lang='lat' dir='ltr'><strong>fue-</strong></span> 
     </span>
    </p>
   </div>
   <div class='ocr_carea' id='block_1_93' title="bbox 257 2386 1048 2422">
    <p class='ocr_par' dir='ltr' id='par_1_93' title="bbox 257 2386 1048 2422">
     <span class='ocr_line' id='line_1_93' title="bbox 257 2386 1048 2422; baseline -0.003 -6"><span class='ocrx_word' id='word_1_664' title='bbox 257 2389 322 2416; x_wconf 86' lang='lat' dir='ltr'><strong>rint.</strong></span> <span class='ocrx_word' id='word_1_665' title='bbox 333 2388 370 2415; x_wconf 85' lang='lat' dir='ltr'><strong>Ad</strong></span> <span class='ocrx_word' id='word_1_666' title='bbox 386 2387 442 2415; x_wconf 71' lang='lat' dir='ltr'><strong>hinc</strong></span> <span class='ocrx_word' id='word_1_667' title='bbox 454 2387 596 2414; x_wconf 74' lang='lat' dir='ltr'><strong>Nemesius</strong></span> <span class='ocrx_word' id='word_1_668' title='bbox 607 2386 749 2413; x_wconf 88' lang='lat' dir='ltr'><strong>tribunus:</strong></span> <span class='ocrx_word' id='word_1_669' title='bbox 764 2387 820 2422; x_wconf 74' lang='lat' dir='ltr'><strong>Ego</strong></span> <span class='ocrx_word' id='word_1_670' title='bbox 835 2386 867 2413; x_wconf 85' lang='lat' dir='ltr'><strong>ad</strong></span> <span class='ocrx_word' id='word_1_671' title='bbox 879 2387 949 2414; x_wconf 81' lang='lat' dir='ltr'><strong>hanc</strong></span> <span class='ocrx_word' id='word_1_672' title='bbox 962 2394 1048 2422; x_wconf 75' lang='lat' dir='ltr'><strong>usque</strong></span> 
     </span>
    </p>
   </div>
   <div class='ocr_carea' id='block_1_94' title="bbox 256 2432 1045 2463">
    <p class='ocr_par' dir='ltr' id='par_1_94' title="bbox 256 2432 1045 2463">
     <span class='ocr_line' id='line_1_94' title="bbox 256 2432 1045 2463; baseline -0.004 -2"><span class='ocrx_word' id='word_1_673' title='bbox 256 2434 329 2461; x_wconf 84' lang='lat' dir='ltr'><strong>diem</strong></span> <span class='ocrx_word' id='word_1_674' title='bbox 342 2437 398 2460; x_wconf 91' lang='lat' dir='ltr'><strong>toto</strong></span> <span class='ocrx_word' id='word_1_675' title='bbox 412 2433 503 2459; x_wconf 91' lang='lat' dir='ltr'><strong>animo</strong></span> <span class='ocrx_word' id='word_1_676' title='bbox 516 2432 629 2463; x_wconf 86' lang='lat' dir='ltr'><strong>credidi,</strong></span> <span class='ocrx_word' id='word_1_677' title='bbox 657 2436 685 2458; x_wconf 90' lang='lat' dir='ltr'><strong>et</strong></span> <span class='ocrx_word' id='word_1_678' title='bbox 697 2439 769 2459; x_wconf 86' lang='lat' dir='ltr'><strong>nunc</strong></span> <span class='ocrx_word' id='word_1_679' title='bbox 801 2432 884 2459; x_wconf 86' lang='lat' dir='ltr'><strong>credo</strong></span> <span class='ocrx_word' id='word_1_680' title='bbox 900 2432 1045 2458; x_wconf 88' lang='lat' dir='ltr'><strong>Dominum</strong></span> 
     </span>
    </p>
   </div>
   <div class='ocr_carea' id='block_1_95' title="bbox 256 2478 1047 2512">
    <p class='ocr_par' dir='ltr' id='par_1_95' title="bbox 256 2478 1047 2512">
     <span class='ocr_line' id='line_1_95' title="bbox 256 2478 1047 2512; baseline -0.004 -5"><span class='ocrx_word' id='word_1_681' title='bbox 256 2479 349 2507; x_wconf 80' lang='lat' dir='ltr'><strong>Jesum</strong></span> <span class='ocrx_word' id='word_1_682' title='bbox 366 2479 504 2506; x_wconf 88' lang='lat' dir='ltr'><strong>Christum</strong></span> <span class='ocrx_word' id='word_1_683' title='bbox 520 2478 604 2505; x_wconf 89' lang='lat' dir='ltr'><strong>Deum</strong></span> <span class='ocrx_word' id='word_1_684' title='bbox 616 2485 676 2505; x_wconf 88' lang='lat' dir='ltr'><strong>esse</strong></span> <span class='ocrx_word' id='word_1_685' title='bbox 691 2478 738 2512; x_wconf 84' lang='lat' dir='ltr'><strong>qui</strong></span> <span class='ocrx_word' id='word_1_686' title='bbox 757 2478 865 2512; x_wconf 84' lang='lat' dir='ltr'><strong>aperuit</strong></span> <span class='ocrx_word' id='word_1_687' title='bbox 875 2478 970 2505; x_wconf 74' lang='lat' dir='ltr'><strong>oculos</strong></span> <span class='ocrx_word' id='word_1_688' title='bbox 984 2479 1047 2505; x_wconf 64' lang='lat' dir='ltr'><strong>caeci</strong></span> 
     </span>
    </p>
   </div>
   <div class='ocr_carea' id='block_1_96' title="bbox 258 2523 1047 2560">
    <p class='ocr_par' dir='ltr' id='par_1_96' title="bbox 258 2523 1047 2560">
     <span class='ocr_line' id='line_1_96' title="bbox 258 2523 1047 2560; baseline -0.003 -7"><span class='ocrx_word' id='word_1_689' title='bbox 258 2526 313 2553; x_wconf 88' lang='lat' dir='ltr'><strong>nati</strong></span> <span class='ocrx_word' id='word_1_690' title='bbox 328 2535 335 2552; x_wconf 93' lang='lat'><strong>:</strong></span> <span class='ocrx_word' id='word_1_691' title='bbox 353 2533 443 2560; x_wconf 87' lang='lat' dir='ltr'><strong>neque</strong></span> <span class='ocrx_word' id='word_1_692' title='bbox 459 2524 530 2552; x_wconf 90' lang='lat' dir='ltr'><strong>enim</strong></span> <span class='ocrx_word' id='word_1_693' title='bbox 542 2524 668 2551; x_wconf 83' lang='lat' dir='ltr'><strong>immanis</strong></span> <span class='ocrx_word' id='word_1_694' title='bbox 681 2524 803 2551; x_wconf 88' lang='lat' dir='ltr'><strong>consiliis</strong></span> <span class='ocrx_word' id='word_1_695' title='bbox 833 2524 978 2558; x_wconf 89' lang='lat' dir='ltr'><strong>impulsus,</strong></span> <span class='ocrx_word' id='word_1_696' title='bbox 1001 2523 1047 2551; x_wconf 85' lang='lat' dir='ltr'><strong>sed</strong></span> 
     </span>
    </p>
   </div>
   <div class='ocr_carea' id='block_1_97' title="bbox 256 2570 1010 2608">
    <p class='ocr_par' dir='ltr' id='par_1_97' title="bbox 256 2570 1010 2608">
     <span class='ocr_line' id='line_1_97' title="bbox 256 2570 1010 2608; baseline -0.004 -8"><span class='ocrx_word' id='word_1_697' title='bbox 256 2573 318 2608; x_wconf 81' lang='lat' dir='ltr'><strong>ejus</strong></span> <span class='ocrx_word' id='word_1_698' title='bbox 336 2571 422 2606; x_wconf 83' lang='lat' dir='ltr'><strong>ipsius</strong></span> <span class='ocrx_word' id='word_1_699' title='bbox 437 2570 588 2602; x_wconf 86' lang='lat' dir='ltr'><strong>vocatione,</strong></span> <span class='ocrx_word' id='word_1_700' title='bbox 607 2570 639 2597; x_wconf 87' lang='lat' dir='ltr'><strong>ad</strong></span> <span class='ocrx_word' id='word_1_701' title='bbox 656 2570 828 2597; x_wconf 81' lang='lat' dir='ltr'><strong>sanctitatem</strong></span> <span class='ocrx_word' id='word_1_702' title='bbox 847 2574 920 2597; x_wconf 84' lang='lat' dir='ltr'><strong>tuam</strong></span> <span class='ocrx_word' id='word_1_703' title='bbox 937 2570 1010 2597; x_wconf 88' lang='lat' dir='ltr'><strong>veni.</strong></span> 
     </span>
    </p>
   </div>
   <div class='ocr_carea' id='block_1_98' title="bbox 292 2614 1048 2650">
    <p class='ocr_par' dir='ltr' id='par_1_98' title="bbox 292 2614 1048 2650">
     <span class='ocr_line' id='line_1_98' title="bbox 292 2614 1048 2650; baseline -0.008 -5"><span class='ocrx_word' id='word_1_704' title='bbox 292 2617 338 2645; x_wconf 83' lang='lat' dir='ltr'><strong>IV.</strong></span> <span class='ocrx_word' id='word_1_705' title='bbox 356 2617 403 2644; x_wconf 90' lang='lat' dir='ltr'><strong>His</strong></span> <span class='ocrx_word' id='word_1_706' title='bbox 419 2616 530 2648; x_wconf 85' lang='lat' dir='ltr'><strong>auditis,</strong></span> <span class='ocrx_word' id='word_1_707' title='bbox 542 2615 633 2642; x_wconf 82' lang='lat' dir='ltr'><strong>statim</strong></span> <span class='ocrx_word' id='word_1_708' title='bbox 650 2614 746 2642; x_wconf 85' lang='lat' dir='ltr'><strong>beatus</strong></span> <span class='ocrx_word' id='word_1_709' title='bbox 766 2614 891 2650; x_wconf 81' lang='lat' dir='ltr'><strong>pontifex</strong></span> <span class='ocrx_word' id='word_1_710' title='bbox 912 2615 1048 2643; x_wconf 82' lang='lat' dir='ltr'><strong>hominem</strong></span> 
     </span>
    </p>
   </div>
   <div class='ocr_carea' id='block_1_99' title="bbox 257 2661 1047 2697">
    <p class='ocr_par' dir='ltr' id='par_1_99' title="bbox 257 2661 1047 2697">
     <span class='ocr_line' id='line_1_99' title="bbox 257 2661 1047 2697; baseline -0.009 -5"><span class='ocrx_word' id='word_1_711' title='bbox 257 2665 336 2693; x_wconf 83' lang='lat' dir='ltr'><strong>illum</strong></span> <span class='ocrx_word' id='word_1_712' title='bbox 357 2661 470 2691; x_wconf 75' lang='lat' dir='ltr'><strong>adduxit</strong></span> <span class='ocrx_word' id='word_1_713' title='bbox 508 2661 542 2689; x_wconf 85' lang='lat' dir='ltr'><strong>ad</strong></span> <span class='ocrx_word' id='word_1_714' title='bbox 564 2661 652 2688; x_wconf 89' lang='lat' dir='ltr'><strong>locum</strong></span> <span class='ocrx_word' id='word_1_715' title='bbox 689 2661 845 2697; x_wconf 86' lang='lat' dir='ltr'><strong>quemdam,</strong></span> <span class='ocrx_word' id='word_1_716' title='bbox 874 2662 920 2694; x_wconf 90' lang='lat' dir='ltr'><strong>qui</strong></span> <span class='ocrx_word' id='word_1_717' title='bbox 937 2664 1047 2686; x_wconf 86' lang='lat' dir='ltr'><strong>vocatur</strong></span> 
     </span>
    </p>
   </div>
   <div class='ocr_carea' id='block_1_100' title="bbox 257 2705 1048 2744">
    <p class='ocr_par' dir='ltr' id='par_1_100' title="bbox 257 2705 1048 2744">
     <span class='ocr_line' id='line_1_100' title="bbox 257 2705 1048 2744; baseline -0.008 -5"><span class='ocrx_word' id='word_1_718' title='bbox 257 2707 366 2740; x_wconf 82' lang='lat' dir='ltr'><strong>Titulus</strong></span> <span class='ocrx_word' id='word_1_719' title='bbox 379 2709 494 2744; x_wconf 87' lang='lat' dir='ltr'><strong>pastoris</strong></span> <span class='ocrx_word' id='word_1_720' title='bbox 511 2715 649 2743; x_wconf 86' lang='lat' dir='ltr'><strong>;cumque</strong></span> <span class='ocrx_word' id='word_1_721' title='bbox 664 2712 692 2734; x_wconf 89' lang='lat' dir='ltr'><strong>et</strong></span> <span class='ocrx_word' id='word_1_722' title='bbox 708 2708 808 2742; x_wconf 89' lang='lat' dir='ltr'><strong>ipsum,</strong></span> <span class='ocrx_word' id='word_1_723' title='bbox 837 2710 863 2732; x_wconf 91' lang='lat' dir='ltr'><strong>et</strong></span> <span class='ocrx_word' id='word_1_724' title='bbox 878 2705 938 2740; x_wconf 78' lang='lat' dir='ltr'><strong>ejus</strong></span> <span class='ocrx_word' id='word_1_725' title='bbox 965 2705 1048 2733; x_wconf 80' lang='lat' dir='ltr'><strong>ﬁliam</strong></span> 
     </span>
    </p>
   </div>
   <div class='ocr_carea' id='block_1_101' title="bbox 256 2750 1048 2788">
    <p class='ocr_par' dir='ltr' id='par_1_101' title="bbox 256 2750 1048 2788">
     <span class='ocr_line' id='line_1_101' title="bbox 256 2750 1048 2788; baseline -0.009 -3"><span class='ocrx_word' id='word_1_726' title='bbox 256 2756 423 2786; x_wconf 76' lang='lat' dir='ltr'><strong>catechismo</strong></span> <span class='ocrx_word' id='word_1_727' title='bbox 437 2753 622 2788; x_wconf 80' lang='lat' dir='ltr'><strong>instruxisset,</strong></span> <span class='ocrx_word' id='word_1_728' title='bbox 638 2751 866 2787; x_wconf 82' lang='lat' dir='ltr'><strong>quemadmodum</strong></span> <span class='ocrx_word' id='word_1_729' title='bbox 885 2750 1048 2778; x_wconf 62' lang='lat' dir='ltr'><strong>Christiania</strong></span> 
     </span>
    </p>
   </div>
   <div class='ocr_carea' id='block_1_102' title="bbox 257 2797 1048 2834">
    <p class='ocr_par' dir='ltr' id='par_1_102' title="bbox 257 2797 1048 2834">
     <span class='ocr_line' id='line_1_102' title="bbox 257 2797 1048 2834; baseline -0.009 -4"><span class='ocrx_word' id='word_1_730' title='bbox 257 2803 319 2830; x_wconf 81' lang='lat' dir='ltr'><strong>fidei</strong></span> <span class='ocrx_word' id='word_1_731' title='bbox 334 2808 454 2828; x_wconf 85' lang='lat' dir='ltr'><strong>canones</strong></span> <span class='ocrx_word' id='word_1_732' title='bbox 466 2805 493 2827; x_wconf 90' lang='lat' dir='ltr'><strong>et</strong></span> <span class='ocrx_word' id='word_1_733' title='bbox 505 2801 571 2826; x_wconf 91' lang='lat' dir='ltr'><strong>ordo</strong></span> <span class='ocrx_word' id='word_1_734' title='bbox 581 2799 709 2834; x_wconf 89' lang='lat' dir='ltr'><strong>postulat,</strong></span> <span class='ocrx_word' id='word_1_735' title='bbox 720 2797 802 2832; x_wconf 86' lang='lat' dir='ltr'><strong>jussit</strong></span> <span class='ocrx_word' id='word_1_736' title='bbox 811 2797 991 2831; x_wconf 76' lang='lat' dir='ltr'><strong>eosjejunare</strong></span> <span class='ocrx_word' id='word_1_737' title='bbox 1001 2805 1048 2825; x_wconf 84' lang='lat' dir='ltr'><strong>us-</strong></span> 
     </span>
    </p>
   </div>
   <div class='ocr_carea' id='block_1_103' title="bbox 257 2843 1048 2882">
    <p class='ocr_par' dir='ltr' id='par_1_103' title="bbox 257 2843 1048 2882">
     <span class='ocr_line' id='line_1_103' title="bbox 257 2843 1048 2882; baseline -0.005 -8"><span class='ocrx_word' id='word_1_738' title='bbox 257 2855 309 2882; x_wconf 90' lang='lat' dir='ltr'><strong>que</strong></span> <span class='ocrx_word' id='word_1_739' title='bbox 317 2847 351 2874; x_wconf 87' lang='lat' dir='ltr'><strong>ad</strong></span> <span class='ocrx_word' id='word_1_740' title='bbox 361 2853 512 2880; x_wconf 83' lang='lat' dir='ltr'><strong>vesperam.</strong></span> <span class='ocrx_word' id='word_1_741' title='bbox 525 2845 591 2871; x_wconf 89' lang='lat' dir='ltr'><strong>Cum</strong></span> <span class='ocrx_word' id='word_1_742' title='bbox 610 2847 701 2870; x_wconf 83' lang='lat' dir='ltr'><strong>autent</strong></span> <span class='ocrx_word' id='word_1_743' title='bbox 721 2843 842 2870; x_wconf 84' lang='lat' dir='ltr'><strong>venisset</strong></span> <span class='ocrx_word' id='word_1_744' title='bbox 856 2843 921 2870; x_wconf 89' lang='lat' dir='ltr'><strong>hora</strong></span> <span class='ocrx_word' id='word_1_745' title='bbox 938 2850 1048 2878; x_wconf 85' lang='lat' dir='ltr'><strong>vesper-</strong></span> 
     </span>
    </p>
   </div>
   <div class='ocr_carea' id='block_1_104' title="bbox 256 2891 1047 2929">
    <p class='ocr_par' dir='ltr' id='par_1_104' title="bbox 256 2891 1047 2929">
     <span class='ocr_line' id='line_1_104' title="bbox 256 2891 1047 2929; baseline -0.005 -6"><span class='ocrx_word' id='word_1_746' title='bbox 256 2895 324 2929; x_wconf 86' lang='lat' dir='ltr'><strong>tina,</strong></span> <span class='ocrx_word' id='word_1_747' title='bbox 341 2893 479 2921; x_wconf 70' lang='lat' dir='ltr'><strong>benedixit</strong></span> <span class='ocrx_word' id='word_1_748' title='bbox 511 2899 587 2926; x_wconf 69' lang='lat' dir='ltr'><strong>aqua:</strong></span> <span class='ocrx_word' id='word_1_749' title='bbox 621 2891 647 2917; x_wconf 93' lang='lat' dir='ltr'><strong>in</strong></span> <span class='ocrx_word' id='word_1_750' title='bbox 680 2891 891 2926; x_wconf 71' lang='lat' dir='ltr'><strong>eoloco.qunm</strong></span> <span class='ocrx_word' id='word_1_751' title='bbox 928 2891 1047 2926; x_wconf 78' lang='lat' dir='ltr'><strong>pastoris</strong></span> 
     </span>
    </p>
   </div>
   <div class='ocr_carea' id='block_1_105' title="bbox 1105 2294 1907 2329">
    <p class='ocr_par' dir='ltr' id='par_1_105' title="bbox 1105 2294 1907 2329">
     <span class='ocr_line' id='line_1_105' title="bbox 1105 2294 1907 2329; baseline 0.004 -9"><span class='ocrx_word' id='word_1_752' title='bbox 1105 2302 1201 2329; x_wconf 78' lang='lat' dir='ltr'><strong>magna</strong></span> <span class='ocrx_word' id='word_1_753' title='bbox 1214 2295 1298 2328; x_wconf 50' lang='lat' dir='ltr'><strong>erepit</strong></span> <span class='ocrx_word' id='word_1_754' title='bbox 1312 2294 1446 2322; x_wconf 77' lang='lat' dir='ltr'><strong>clamare:</strong></span> <span class='ocrx_word' id='word_1_755' title='bbox 1457 2294 1598 2322; x_wconf 79' lang='lat' dir='ltr'><strong>Nemesius</strong></span> <span class='ocrx_word' id='word_1_756' title='bbox 1616 2302 1687 2321; x_wconf 87' lang='lat' dir='ltr'><strong>nunc</strong></span> <span class='ocrx_word' id='word_1_757' title='bbox 1704 2294 1792 2322; x_wconf 84' lang='lat' dir='ltr'><strong>factus</strong></span> <span class='ocrx_word' id='word_1_758' title='bbox 1813 2295 1907 2323; x_wconf 76' lang='lat' dir='ltr'><strong>Chri--</strong></span> 
     </span>
    </p>
   </div>
   <div class='ocr_carea' id='block_1_106' title="bbox 1100 2335 1908 2369">
    <p class='ocr_par' dir='ltr' id='par_1_106' title="bbox 1100 2335 1908 2369">
     <span class='ocr_line' id='line_1_106' title="bbox 1100 2335 1908 2369; baseline 0.004 -3"><span class='ocrx_word' id='word_1_759' title='bbox 1100 2339 1204 2366; x_wconf 87' lang='lat' dir='ltr'><strong>stianus</strong></span> <span class='ocrx_word' id='word_1_760' title='bbox 1214 2347 1256 2366; x_wconf 92' lang='lat' dir='ltr'><strong>me</strong></span> <span class='ocrx_word' id='word_1_761' title='bbox 1269 2339 1397 2367; x_wconf 87' lang='lat' dir='ltr'><strong>incendit.</strong></span> <span class='ocrx_word' id='word_1_762' title='bbox 1416 2341 1483 2367; x_wconf 78' lang='lat' dir='ltr'><strong>Ecce</strong></span> <span class='ocrx_word' id='word_1_763' title='bbox 1493 2341 1564 2367; x_wconf 91' lang='lat' dir='ltr'><strong>illius</strong></span> <span class='ocrx_word' id='word_1_764' title='bbox 1574 2341 1661 2368; x_wconf 88' lang='lat' dir='ltr'><strong>oratio</strong></span> <span class='ocrx_word' id='word_1_765' title='bbox 1671 2349 1715 2368; x_wconf 88' lang='lat' dir='ltr'><strong>me</strong></span> <span class='ocrx_word' id='word_1_766' title='bbox 1725 2342 1838 2369; x_wconf 81' lang='lat' dir='ltr'><strong>cruciat.</strong></span> <span class='ocrx_word' id='word_1_767' title='bbox 1853 2343 1893 2369; x_wconf 86' lang='lat' dir='ltr'><strong>Ex</strong></span> <span class='ocrx_word' id='word_1_768' title='bbox 1905 2335 1908 2338; x_wconf 64' lang='grc'><em>’</em></span> 
     </span>
    </p>
   </div>
   <div class='ocr_carea' id='block_1_107' title="bbox 1104 2386 1895 2422">
    <p class='ocr_par' dir='ltr' id='par_1_107' title="bbox 1104 2386 1895 2422">
     <span class='ocr_line' id='line_1_107' title="bbox 1104 2386 1895 2422; baseline 0.003 -10"><span class='ocrx_word' id='word_1_769' title='bbox 1104 2386 1149 2413; x_wconf 87' lang='lat' dir='ltr'><strong>illa</strong></span> <span class='ocrx_word' id='word_1_770' title='bbox 1158 2386 1311 2421; x_wconf 75' lang='lat' dir='ltr'><strong>igiturhora</strong></span> <span class='ocrx_word' id='word_1_771' title='bbox 1325 2387 1427 2420; x_wconf 76' lang='lat' dir='ltr'><strong>egressi</strong></span> <span class='ocrx_word' id='word_1_772' title='bbox 1441 2394 1456 2413; x_wconf 93' lang='lat' dir='ltr'><strong>e</strong></span> <span class='ocrx_word' id='word_1_773' title='bbox 1467 2387 1724 2422; x_wconf 76' lang='lat' dir='ltr'><strong>templo,jusserunt</strong></span> <span class='ocrx_word' id='word_1_774' title='bbox 1736 2387 1895 2415; x_wconf 80' lang='lat' dir='ltr'><strong>Nemesium</strong></span> 
     </span>
    </p>
   </div>
   <div class='ocr_carea' id='block_1_108' title="bbox 1104 2432 1896 2466">
    <p class='ocr_par' dir='ltr' id='par_1_108' title="bbox 1104 2432 1896 2466">
     <span class='ocr_line' id='line_1_108' title="bbox 1104 2432 1896 2466; baseline 0.003 -7"><span class='ocrx_word' id='word_1_775' title='bbox 1104 2432 1229 2460; x_wconf 83' lang='lat' dir='ltr'><strong>detineri.</strong></span> <span class='ocrx_word' id='word_1_776' title='bbox 1247 2433 1314 2459; x_wconf 90' lang='lat' dir='ltr'><strong>Cum</strong></span> <span class='ocrx_word' id='word_1_777' title='bbox 1335 2440 1398 2459; x_wconf 75' lang='lat' dir='ltr'><strong>vero</strong></span> <span class='ocrx_word' id='word_1_778' title='bbox 1419 2432 1463 2466; x_wconf 86' lang='lat' dir='ltr'><strong>qui</strong></span> <span class='ocrx_word' id='word_1_779' title='bbox 1479 2440 1541 2459; x_wconf 89' lang='lat' dir='ltr'><strong>eum</strong></span> <span class='ocrx_word' id='word_1_780' title='bbox 1564 2437 1717 2466; x_wconf 83' lang='lat' dir='ltr'><strong>tenuerant,</strong></span> <span class='ocrx_word' id='word_1_781' title='bbox 1732 2434 1896 2461; x_wconf 65' lang='lat' dir='ltr'><strong>verberibus</strong></span> 
     </span>
    </p>
   </div>
   <div class='ocr_carea' id='block_1_109' title="bbox 1103 2478 1893 2514">
    <p class='ocr_par' dir='ltr' id='par_1_109' title="bbox 1103 2478 1893 2514">
     <span class='ocr_line' id='line_1_109' title="bbox 1103 2478 1893 2514; baseline 0.001 -9"><span class='ocrx_word' id='word_1_782' title='bbox 1103 2479 1254 2514; x_wconf 86' lang='lat' dir='ltr'><strong>pulsarent,</strong></span> <span class='ocrx_word' id='word_1_783' title='bbox 1266 2483 1377 2512; x_wconf 88' lang='lat' dir='ltr'><strong>repente</strong></span> <span class='ocrx_word' id='word_1_784' title='bbox 1392 2478 1521 2505; x_wconf 72' lang='lat' dir='ltr'><strong>Maximus</strong></span> <span class='ocrx_word' id='word_1_785' title='bbox 1539 2479 1634 2506; x_wconf 88' lang='lat' dir='ltr'><strong>consul</strong></span> <span class='ocrx_word' id='word_1_786' title='bbox 1648 2479 1745 2506; x_wconf 80' lang='lat' dir='ltr'><strong>efflavit</strong></span> <span class='ocrx_word' id='word_1_787' title='bbox 1759 2479 1893 2506; x_wconf 84' lang='lat' dir='ltr'><strong>animam.</strong></span> 
     </span>
    </p>
   </div>
   <div class='ocr_carea' id='block_1_110' title="bbox 1140 2523 1895 2558">
    <p class='ocr_par' dir='ltr' id='par_1_110' title="bbox 1140 2523 1895 2558">
     <span class='ocr_line' id='line_1_110' title="bbox 1140 2523 1895 2558; baseline 0.001 -8"><span class='ocrx_word' id='word_1_788' title='bbox 1140 2523 1285 2558; x_wconf 75' lang='lat' dir='ltr'><strong>VLItaque</strong></span> <span class='ocrx_word' id='word_1_789' title='bbox 1293 2524 1435 2552; x_wconf 80' lang='lat' dir='ltr'><strong>Nemesius</strong></span> <span class='ocrx_word' id='word_1_790' title='bbox 1445 2525 1536 2552; x_wconf 81' lang='lat' dir='ltr'><strong>statim</strong></span> <span class='ocrx_word' id='word_1_791' title='bbox 1545 2525 1644 2553; x_wconf 85' lang='lat' dir='ltr'><strong>ductus</strong></span> <span class='ocrx_word' id='word_1_792' title='bbox 1660 2529 1701 2552; x_wconf 87' lang='lat' dir='ltr'><strong>est</strong></span> <span class='ocrx_word' id='word_1_793' title='bbox 1717 2525 1750 2552; x_wconf 84' lang='lat' dir='ltr'><strong>ad</strong></span> <span class='ocrx_word' id='word_1_794' title='bbox 1768 2525 1895 2552; x_wconf 68' lang='lat' dir='ltr'><strong>Valeria-</strong></span> 
     </span>
    </p>
   </div>
   <div class='ocr_carea' id='block_1_111' title="bbox 1099 2570 1891 2605">
    <p class='ocr_par' dir='ltr' id='par_1_111' title="bbox 1099 2570 1891 2605">
     <span class='ocr_line' id='line_1_111' title="bbox 1099 2570 1891 2605; baseline 0.003 -9"><span class='ocrx_word' id='word_1_795' title='bbox 1099 2578 1164 2597; x_wconf 90' lang='lat' dir='ltr'><strong>num</strong></span> <span class='ocrx_word' id='word_1_796' title='bbox 1182 2570 1209 2597; x_wconf 90' lang='lat' dir='ltr'><strong>in</strong></span> <span class='ocrx_word' id='word_1_797' title='bbox 1226 2571 1368 2605; x_wconf 85' lang='lat' dir='ltr'><strong>palatium,</strong></span> <span class='ocrx_word' id='word_1_798' title='bbox 1383 2571 1455 2605; x_wconf 90' lang='lat' dir='ltr'><strong>quod</strong></span> <span class='ocrx_word' id='word_1_799' title='bbox 1469 2571 1575 2598; x_wconf 84' lang='lat' dir='ltr'><strong>Claudii</strong></span> <span class='ocrx_word' id='word_1_800' title='bbox 1594 2571 1707 2599; x_wconf 87' lang='lat' dir='ltr'><strong>nomine</strong></span> <span class='ocrx_word' id='word_1_801' title='bbox 1722 2571 1891 2605; x_wconf 83' lang='lat' dir='ltr'><strong>appellatur.</strong></span> 
     </span>
    </p>
   </div>
   <div class='ocr_carea' id='block_1_112' title="bbox 1100 2615 1893 2649">
    <p class='ocr_par' dir='ltr' id='par_1_112' title="bbox 1100 2615 1893 2649">
     <span class='ocr_line' id='line_1_112' title="bbox 1100 2615 1893 2649; baseline 0 -7"><span class='ocrx_word' id='word_1_802' title='bbox 1100 2615 1185 2648; x_wconf 87' lang='lat' dir='ltr'><strong>Quem</strong></span> <span class='ocrx_word' id='word_1_803' title='bbox 1203 2616 1243 2643; x_wconf 86' lang='lat' dir='ltr'><strong>sic</strong></span> <span class='ocrx_word' id='word_1_804' title='bbox 1255 2616 1351 2644; x_wconf 70' lang='lat' dir='ltr'><strong>affatus</strong></span> <span class='ocrx_word' id='word_1_805' title='bbox 1367 2621 1409 2643; x_wconf 88' lang='lat' dir='ltr'><strong>est</strong></span> <span class='ocrx_word' id='word_1_806' title='bbox 1419 2616 1596 2643; x_wconf 83' lang='lat' dir='ltr'><strong>Valerianus:</strong></span> <span class='ocrx_word' id='word_1_807' title='bbox 1612 2616 1645 2644; x_wconf 83' lang='lat' dir='ltr'><strong>Et</strong></span> <span class='ocrx_word' id='word_1_808' title='bbox 1672 2617 1782 2644; x_wconf 81' lang='lat' dir='ltr'><strong>ubinam</strong></span> <span class='ocrx_word' id='word_1_809' title='bbox 1799 2623 1854 2649; x_wconf 88' lang='lat' dir='ltr'><strong>est,</strong></span> <span class='ocrx_word' id='word_1_810' title='bbox 1877 2624 1893 2642; x_wconf 90' lang='grc' dir='ltr'><strong>ο</strong></span> 
     </span>
    </p>
   </div>
   <div class='ocr_carea' id='block_1_113' title="bbox 1100 2661 1894 2698">
    <p class='ocr_par' dir='ltr' id='par_1_113' title="bbox 1100 2661 1894 2698">
     <span class='ocr_line' id='line_1_113' title="bbox 1100 2661 1894 2698; baseline 0 -10"><span class='ocrx_word' id='word_1_811' title='bbox 1100 2661 1221 2694; x_wconf 80' lang='lat' dir='ltr'><strong>Nemesi,</strong></span> <span class='ocrx_word' id='word_1_812' title='bbox 1239 2661 1384 2696; x_wconf 87' lang='lat' dir='ltr'><strong>prudentia</strong></span> <span class='ocrx_word' id='word_1_813' title='bbox 1401 2663 1445 2688; x_wconf 83' lang='lat' dir='ltr'><strong>illa</strong></span> <span class='ocrx_word' id='word_1_814' title='bbox 1462 2667 1517 2695; x_wconf 81' lang='lat' dir='ltr'><strong>tua,</strong></span> <span class='ocrx_word' id='word_1_815' title='bbox 1529 2671 1610 2697; x_wconf 84' lang='lat' dir='ltr'><strong>quam</strong></span> <span class='ocrx_word' id='word_1_816' title='bbox 1625 2670 1732 2698; x_wconf 82' lang='lat' dir='ltr'><strong>semper</strong></span> <span class='ocrx_word' id='word_1_817' title='bbox 1746 2662 1773 2688; x_wconf 94' lang='lat' dir='ltr'><strong>in</strong></span> <span class='ocrx_word' id='word_1_818' title='bbox 1791 2666 1818 2688; x_wconf 88' lang='lat' dir='ltr'><strong>te</strong></span> <span class='ocrx_word' id='word_1_819' title='bbox 1845 2670 1894 2689; x_wconf 87' lang='lat' dir='ltr'><strong>co-</strong></span> 
     </span>
    </p>
   </div>
   <div class='ocr_carea' id='block_1_114' title="bbox 1100 2707 1893 2742">
    <p class='ocr_par' dir='ltr' id='par_1_114' title="bbox 1100 2707 1893 2742">
     <span class='ocr_line' id='line_1_114' title="bbox 1100 2707 1893 2742; baseline 0 -8"><span class='ocrx_word' id='word_1_820' title='bbox 1100 2707 1252 2742; x_wconf 78' lang='lat' dir='ltr'><strong>gnovimus,</strong></span> <span class='ocrx_word' id='word_1_821' title='bbox 1269 2713 1325 2734; x_wconf 87' lang='lat' dir='ltr'><strong>tum</strong></span> <span class='ocrx_word' id='word_1_822' title='bbox 1343 2708 1370 2734; x_wconf 89' lang='lat' dir='ltr'><strong>in</strong></span> <span class='ocrx_word' id='word_1_823' title='bbox 1398 2709 1518 2735; x_wconf 83' lang='lat' dir='ltr'><strong>consiliis</strong></span> <span class='ocrx_word' id='word_1_824' title='bbox 1533 2708 1671 2740; x_wconf 74' lang='lat' dir='ltr'><strong>ineundis,</strong></span> <span class='ocrx_word' id='word_1_825' title='bbox 1692 2708 1789 2735; x_wconf 90' lang='lat' dir='ltr'><strong>tumin</strong></span> <span class='ocrx_word' id='word_1_826' title='bbox 1809 2709 1893 2736; x_wconf 85' lang='lat' dir='ltr'><strong>rebus</strong></span> 
     </span>
    </p>
   </div>
   <div class='ocr_carea' id='block_1_115' title="bbox 1101 2752 1888 2789">
    <p class='ocr_par' dir='ltr' id='par_1_115' title="bbox 1101 2752 1888 2789">
     <span class='ocr_line' id='line_1_115' title="bbox 1101 2752 1888 2789; baseline -0.001 -9"><span class='ocrx_word' id='word_1_827' title='bbox 1101 2754 1226 2789; x_wconf 72' lang='lat' dir='ltr'><strong>gerendis</strong></span> <span class='ocrx_word' id='word_1_828' title='bbox 1246 2753 1452 2780; x_wconf 80' lang='lat' dir='ltr'><strong>firmissimam?</strong></span> <span class='ocrx_word' id='word_1_829' title='bbox 1476 2754 1516 2780; x_wconf 80' lang='lat' dir='ltr'><strong>An</strong></span> <span class='ocrx_word' id='word_1_830' title='bbox 1541 2754 1698 2788; x_wconf 43' lang='lat' dir='ltr'><strong>ipnoranius</strong></span> <span class='ocrx_word' id='word_1_831' title='bbox 1725 2761 1788 2784; x_wconf 88' lang='lat' dir='ltr'><strong>nos,</strong></span> <span class='ocrx_word' id='word_1_832' title='bbox 1821 2752 1888 2788; x_wconf 91' lang='lat' dir='ltr'><strong>quid</strong></span> 
     </span>
    </p>
   </div>
   <div class='ocr_carea' id='block_1_116' title="bbox 1101 2798 1893 2834">
    <p class='ocr_par' dir='ltr' id='par_1_116' title="bbox 1101 2798 1893 2834">
     <span class='ocr_line' id='line_1_116' title="bbox 1101 2798 1893 2834; baseline -0.003 -8"><span class='ocrx_word' id='word_1_833' title='bbox 1101 2799 1359 2834; x_wconf 88' lang='lat' dir='ltr'><strong>optimum,quidve</strong></span> <span class='ocrx_word' id='word_1_834' title='bbox 1376 2799 1524 2833; x_wconf 84' lang='lat' dir='ltr'><strong>pessimum</strong></span> <span class='ocrx_word' id='word_1_835' title='bbox 1559 2799 1604 2828; x_wconf 80' lang='lat' dir='ltr'><strong>sit,</strong></span> <span class='ocrx_word' id='word_1_836' title='bbox 1628 2799 1729 2834; x_wconf 86' lang='lat' dir='ltr'><strong>quippe</strong></span> <span class='ocrx_word' id='word_1_837' title='bbox 1763 2798 1810 2833; x_wconf 87' lang='lat' dir='ltr'><strong>qui</strong></span> <span class='ocrx_word' id='word_1_838' title='bbox 1838 2805 1893 2826; x_wconf 90' lang='lat' dir='ltr'><strong>non</strong></span> 
     </span>
    </p>
   </div>
   <div class='ocr_carea' id='block_1_117' title="bbox 1101 2844 1892 2880">
    <p class='ocr_par' dir='ltr' id='par_1_117' title="bbox 1101 2844 1892 2880">
     <span class='ocr_line' id='line_1_117' title="bbox 1101 2844 1892 2880; baseline -0.004 -8"><span class='ocrx_word' id='word_1_839' title='bbox 1101 2845 1173 2872; x_wconf 83' lang='lat' dir='ltr'><strong>aliud</strong></span> <span class='ocrx_word' id='word_1_840' title='bbox 1189 2849 1214 2872; x_wconf 89' lang='lat' dir='ltr'><strong>te</strong></span> <span class='ocrx_word' id='word_1_841' title='bbox 1227 2845 1408 2872; x_wconf 83' lang='lat' dir='ltr'><strong>adhortamur</strong></span> <span class='ocrx_word' id='word_1_842' title='bbox 1428 2849 1459 2871; x_wconf 91' lang='lat' dir='ltr'><strong>ut</strong></span> <span class='ocrx_word' id='word_1_843' title='bbox 1476 2844 1570 2878; x_wconf 80' lang='lat' dir='ltr'><strong>facias,</strong></span> <span class='ocrx_word' id='word_1_844' title='bbox 1586 2845 1637 2872; x_wconf 87' lang='lat' dir='ltr'><strong>ttisi</strong></span> <span class='ocrx_word' id='word_1_845' title='bbox 1655 2845 1727 2880; x_wconf 86' lang='lat' dir='ltr'><strong>quod</strong></span> <span class='ocrx_word' id='word_1_846' title='bbox 1743 2844 1892 2871; x_wconf 80' lang='lat' dir='ltr'><strong>utilitatem</strong></span> 
     </span>
    </p>
   </div>
   <div class='ocr_carea' id='block_1_118' title="bbox 1102 2889 1891 2926">
    <p class='ocr_par' dir='ltr' id='par_1_118' title="bbox 1102 2889 1891 2926">
     <span class='ocr_line' id='line_1_118' title="bbox 1102 2889 1891 2926; baseline -0.001 -8"><span class='ocrx_word' id='word_1_847' title='bbox 1102 2891 1150 2918; x_wconf 90' lang='lat' dir='ltr'><strong>tibi</strong></span> <span class='ocrx_word' id='word_1_848' title='bbox 1166 2891 1264 2919; x_wconf 76' lang='lat' dir='ltr'><strong>aﬂ&#39;errc</strong></span> <span class='ocrx_word' id='word_1_849' title='bbox 1279 2890 1375 2926; x_wconf 85' lang='lat' dir='ltr'><strong>possit,</strong></span> <span class='ocrx_word' id='word_1_850' title='bbox 1389 2895 1418 2917; x_wconf 93' lang='lat' dir='ltr'><strong>ut</strong></span> <span class='ocrx_word' id='word_1_851' title='bbox 1432 2891 1538 2918; x_wconf 86' lang='lat' dir='ltr'><strong>scilicet</strong></span> <span class='ocrx_word' id='word_1_852' title='bbox 1552 2898 1611 2925; x_wconf 73' lang='lat' dir='ltr'><strong>qua:</strong></span> <span class='ocrx_word' id='word_1_853' title='bbox 1624 2899 1686 2918; x_wconf 81' lang='lat' dir='ltr'><strong>vcra</strong></span> <span class='ocrx_word' id='word_1_854' title='bbox 1701 2894 1766 2917; x_wconf 81' lang='lat' dir='ltr'><strong>sunt</strong></span> <span class='ocrx_word' id='word_1_855' title='bbox 1784 2889 1891 2924; x_wconf 84' lang='lat' dir='ltr'><strong>ample-</strong></span> 
     </span>
    </p>
   </div>
  </div>
