2024 3153
138 163 187 198 511

761 162 853 194 VITA
870 162 903 193 S.
922 161 1125 193 STEPHANL

1704 163 1763 199 518

133 226 225 253 piens,
240 218 310 247 deos
327 218 403 254 ipsos
416 225 472 246 non
484 217 606 252 deseras,
623 225 691 253 quos
711 218 786 246 omni
801 223 924 254 tempore
937 222 961 252 Α
973 217 1081 246 miseris
1095 217 1184 245 modis
1200 221 1226 244 te
1239 225 1408 246 consumam.
1420 218 1483 247 llaec
1492 219 1570 253 dixit.
1587 223 1616 249 et
1631 219 1761 257 Sempro-

133 265 287 303 ng
301 265 412 297 coluisti
427 269 456 294 et
475 264 682 297 veneramus?
711 264 755 293 Ad
784 265 843 293 haec
871 264 923 292 Ne-

137 302 243 345 ηιξιιι
250 309 385 339 diaconus
395 308 479 345 :Ego,
489 309 587 344 inquit,
600 308 811 338 scelestissimus
824 309 926 337 verita-

137 358 288 396 ῃίμιω
302 357 514 392 munerem.
531 361 560 384 et
574 355 734 391 sanguinem
747 354 924 384 innocentem

137 402 306 436 diadema,
317 406 345 430 et
359 402 464 430 adhoc
475 410 561 436 usque
573 407 680 437 tempus
705 401 827 436 peccatis
855 408 925 429 one-

137 453 212 478 ratus
226 449 334 482 Eleum
352 456 363 482 ;
380 447 551 478 sodﬂhristi
579 447 689 474 Domini
705 451 732 475 et
756 446 804 474 Dei
819 446 926 474 miseri-

135 494 230 529 eevdia
249 494 492 530 -anodo;adjutus,
522 493 632 521 tandem
648 493 804 520 Creatorem
835 500 925 522 meum

136 540 263 576 annosi.
284 540 364 576 cuius
392 539 526 574 baptismo
539 538 706 566 illuminatus
727 546 799 569 sum,
826 538 873 572 qui
897 541 926 566 et

137 587 233 622 cordis
245 587 302 615 mei
316 585 411 615 oculos
423 585 543 620 aperuit,
557 589 584 611 et
601 586 741 620 corp0reis
771 585 833 612 ﬁliae
857 592 926 613 mete

263 631 359 659 lumen
380 630 511 659 restituit.
528 629 606 658 llunc
617 630 711 664 adoro,
730 630 803 658 hunc
831 630 925 662 timeo.

140 678 202 711 huic
217 677 325 707 cultum
337 681 366 705 et
380 684 476 715 preces
490 678 603 712 supplex
625 676 722 708 offero,
751 677 827 712 cuius
849 677 926 706 ausi-

138 724 205 753 iinm
217 730 326 758 semper
338 723 502 758 implorabo,
521 728 550 750 et
574 723 720 751 simulacra
735 723 840 754 omnia,
866 731 925 758 quae

139 771 278 800 dte-tones
293 777 355 798 esse
367 770 492 804 cognovi,
508 773 536 797 et
552 770 623 804 ipsa,
643 774 671 796 et
697 777 793 796 eorum
808 770 926 797 cultores

138 822 250 846 uenor
267 819 296 841 et
303 821 440 842 exsecror.
452 814 528 841 Tunc
544 816 582 842 ait
592 815 750 841 Valerianus
761 824 766 841 :
777 814 845 842 Nota
860 814 925 842 mihi

139 865 203 897 sunt
218 860 350 892 veneﬁcia
371 866 426 891 tua,
446 861 546 894 quibus
566 860 700 888 humanas
719 861 805 889 ca:ch
820 866 926 894 patrare

132 912 221 943 ,ιᾳριιε
231 913 272 937 es.
283 905 384 940 quippe
393 905 471 940 quiet
482 905 628 933 Maximum
639 905 778 933 consulem
791 906 843 933 tuis
855 914 922 941 pne-

140 950 227 986 stigiis
237 950 271 978 de
280 951 369 978 medio
380 951 512 978 sustulisti
533 961 539 978 :
557 952 622 985 quin
636 952 717 978 etiam
731 951 819 978 adhuc
833 956 927 979 contra

140 1002 263 1035 nostram
283 1001 313 1024 et
333 996 488 1031 reipublica'.
503 997 618 1025 salutem
642 997 927 1027 temererehristiano-

140 1048 297 1081 rupinas;
312 1041 375 1071 talia
388 1041 518 1069 veneﬁcia
530 1049 658 1070 exercere
670 1050 724 1069 non
740 1042 860 1070 desistis.

173 1081 232 1122 Ἧι.
255 1086 310 1126 rlilia
328 1086 420 1119 dictis,
439 1086 600 1115 Valerianus
625 1087 665 1114 ira
694 1087 825 1122 percitus.
846 1088 928 1123 jussit

231 1119 383 1174 illirium
397 1139 507 1173 carcere
521 1132 649 1165 detineri,
670 1119 763 1168 quem,
782 1119 927 1168 cumvopus

140 1171 248 1221 tum,
266 1177 418 1214 sistendum
438 1171 577 1213 pramcpil.
600 1177 686 1205 Jussit
700 1179 782 1206 etiam
798 1178 927 1214 Sempro-

141 1224 219 1261 nium
237 1222 358 1261 hiemes“
374 1221 516 1257 famulum,
533 1223 643 1250 domino
658 1231 707 1251 suo
724 1224 926 1256 ﬁdelissimum,

404 1275 487 1306 aquo.
501 1255 624 1304 ejusdem
637 1269 757 1298 Nemesii
773 1275 827 1298 tum
844 1255 925 1302 facta,

141 1320 198 1353 ιφ
214 1316 290 1353 bona
301 1315 393 1353 magis
407 1315 612 1351 inquirerentur
625 1326 631 1343 :
646 1317 724 1352 cujus
745 1318 828 1344 etiam
845 1317 927 1344 tiliam

141 1352 273 1401 Lucillum
285 1361 418 1390 custodiri
432 1362 560 1397 praecepit
573 1361 644 1396 apud
655 1362 818 1388 sceleratam
831 1370 928 1397 quatu-

143 1406 205 1446 εἰμι
223 1407 384 1446 mulierem,
401 1402 513 1436 nomine
532 1407 686 1434 Maximam.
703 1407 817 1436 Postero
837 1413 928 1436 autent

141 1444 296 1491 dieljns'sit
329 1444 520 1488 iniquissimus
551 1453 710 1481 Valerianus
737 1453 928 1489 Sempronium

231 1499 342 1535 cuidam
359 1499 478 1531 tribuno,
494 1499 541 1535 qui
563 1500 710 1527 vocabatur
730 1499 882 1535 Olympius,
900 1506 929 1529 ut

141 1540 325 1587 Weretnr,
345 1549 373 1585 et
390 1545 423 1572 de
440 1545 551 1572 domino
573 1545 659 1580 ipsius
682 1553 730 1581 per
753 1554 815 1573 eum
838 1547 928 1582 inqui-
941 1555 963 1587 ρ

275 1583 354 1624 illum
373 1591 455 1631 igitur
468 1591 609 1627 Olympius
619 1592 671 1627 ghis
687 1593 776 1620 verbis
788 1602 932 1629 aggressus

141 1629 377 1675 estvs'NoviSIine
394 1645 446 1673 qua
467 1637 500 1665 de
526 1646 608 1665 causa
636 1638 680 1665 hic
701 1643 765 1666 ante
787 1647 837 1666 nos
861 1648 928 1667 con-

141 1671 256 1723 alittiins
268 1688 301 1711 es
315 1681 326 1708 ?
348 1671 412 1709 "ac
425 1681 469 1710 ille
483 1682 530 1709 ait.
542 1682 582 1709 Ad
595 1691 655 1717 qua:
671 1683 846 1718 Sempronius
863 1685 933 1712 nihil

139 1722 295 1767 want.
311 1725 367 1754 Sed
387 1725 566 1755 nihilominus
592 1728 734 1764 Olympius
754 1739 760 1757 :
785 1729 927 1764 Ausculta,

141 1769 240 1813 inquit,
265 1772 424 1809 Semproni,
443 1779 471 1802 et
486 1774 529 1801 [ac
544 1775 618 1810 quod
635 1775 733 1810 jubent
751 1776 933 1811 imperatores

141 1817 253 1848 nostri:
265 1813 311 1848 sin
332 1819 435 1852 minus,
457 1820 551 1848 multis
567 1825 594 1847 et
609 1821 691 1848 variis
709 1823 853 1849 tormentis
869 1830 932 1849 cru-

142 1857 271 1894 eiaheris.
287 1864 421 1894 Ostendas
439 1866 522 1902 igitur
544 1867 622 1893 nobis
637 1866 756 1895 Nemesii
772 1867 874 1895 domini
891 1868 930 1895 tui

143 1911 299 1944 facultates,
312 1904 421 1939 deinde
435 1920 499 1939 vero
512 1912 637 1947 propitiis
649 1914 761 1939 deorum
776 1919 930 1941 nostrorum

143 1958 305 1997 numinibus
314 1958 464 1986 saeritices.
475 1959 516 1986 Ad
528 1959 584 1986 haec
598 1958 794 1994 Sempronius:
808 1961 834 1988 Si
847 1960 931 1988 facul-

144 2008 213 2032 lltes
226 1996 333 2042 domini
347 2002 400 2031 mei
418 2003 537 2031 Nemesii
554 2004 681 2038 requiris,
701 2004 769 2032 scito
783 2005 841 2032 illas
855 2014 870 2032 ει
888 2014 930 2032 me

144 2048 254 2078 Christo
266 2049 354 2077 {uisse
368 2049 491 2083 oblatas;
507 2057 562 2077 non
579 2050 652 2076 enim
671 2055 774 2081 nostra,
791 2050 838 2078 sed
859 2051 930 2078 illius

145 2084 222 2124 ἀιῈί
235 2090 318 2123 bona.
331 2094 409 2129 Quod
420 2102 485 2123 vero
499 2095 568 2123 dicis
589 2100 616 2123 et
631 2104 674 2123 me
687 2096 814 2128 hortaris,
837 2101 865 2124 ut
880 2097 930 2124 diis

146 2134 381 2181 tlifiinéijiﬂcem,
403 2141 476 2169 nullo
497 2142 578 2169 modo
596 2141 696 2170 faciam
710 2152 717 2170 :
731 2142 840 2170 Christo
857 2143 929 2170 enim

294 2187 342 2215 Dei
362 2187 481 2216 viventis
504 2188 572 2216 Filio
602 2189 765 2216 sacriﬁcium
791 2189 878 2217 laudis
903 2194 930 2217 et

144 2225 334 2267 confessionis,
344 2233 389 2273 cui
395 2239 422 2261 et
431 2232 560 2262 dominus
571 2243 649 2263 meus
660 2235 803 2264 Nemcsius
809 2237 929 2271 seipsum
947 2223 969 2250 Ῑ)

144 2274 254 2319 ὼὶιιζίιε
268 2277 336 2307 Cum
357 2280 415 2307 haec
430 2280 543 2308 dixisset
560 2280 751 2316 Sempronius,
769 2282 861 2308 furore
885 2289 930 2308 ac-

144 2319 246 2372 eénpug
260 2330 304 2362 est
321 2320 472 2362 Olympius,
489 2330 515 2353 et
529 2327 691 2355 satellitibus
703 2327 769 2354 dixit
783 2335 789 2354 :
805 2326 930 2354 Proster-

144 2370 200 2408 Βὶῑρ
222 2371 366 2410 hominem
389 2371 483 2410 istum,
498 2377 525 2399 et
549 2373 631 2408 virgis
656 2373 800 2407 percutite.
829 2373 931 2400 Allertc

145 2410 206 2446 ante
319 2407 400 2445 deum
418 2416 531 2445 Martem
554 2426 586 2445 ac
613 2419 757 2453 tripodem,
774 2423 803 2446 ut
823 2418 864 2445 vel
880 2418 931 2445 diis

147 2462 320 2506 ips‘ig'thura
339 2462 447 2496 oﬂerat,
465 2463 506 2491 vel
530 2463 589 2491 sine
613 2463 817 2492 intermissione
842 2464 931 2499 aliqua

251 2509 432 2549 percutiatur.
449 2509 567 2537 Allatum
582 2510 662 2545 igitur
681 2518 794 2537 aureum
805 2510 931 2546 [aereum]

154 2554 355 2597 ~BFs-tgieqidolum
370 2562 423 2582 una
438 2563 500 2583 cum
516 2556 632 2590 tripode,
649 2556 676 2583 in
690 2561 839 2591 conspectu
854 2556 933 2584 Sem-

180 2591 436 2647 ﬁheatumliuit.
449 2601 526 2636 Quod
537 2610 600 2629 cum
613 2602 790 2636 Sempronius
804 2603 930 2630 vidisset:

305 2641 404 2685 inquit,
419 2641 449 2675 te
466 2647 598 2675 Dominus
616 2647 696 2676 Jesus
711 2647 835 2676 Christus
848 2648 932 2675 Filius

181 2682 434 2737 dixit
449 2692 640 2729 Sempronius.
655 2701 687 2720 ac
702 2698 814 2728 repente
829 2693 931 2720 idolum

295 2732 473 2780 liquefactum
491 2744 543 2774 est,
558 2739 637 2784 quasi
657 2748 718 2768 cera
733 2740 795 2774 igne
811 2739 931 2768 admoto.

323 2772 451 2821 uidisset
475 2772 628 2822 Olympius,
658 2772 770 2821 stupore
790 2785 931 2820 perculsus

147 2825 302 2870 obmutuit:
313 2838 376 2859 mox
386 2829 452 2860 vero
466 2829 538 2860 domi
547 2839 603 2860 suae
613 2831 687 2859 illum
699 2830 830 2859 custodiri
839 2831 931 2866 jussit,

253 2885 267 2915 ςΔ
279 2869 338 2907 ἤια
349 2881 431 2907 nocte
447 2877 540 2906 omnia
555 2881 690 2907 tormenta
705 2878 754 2907 tibi
767 2877 890 2910 atteram,
903 2882 930 2904 ct

147 2646 157 2675 (

975 264 1052 291 nium
1075 262 1282 290 custodiendum
1308 264 1417 291 tradidit
1433 264 1555 293 Tertullo
1573 265 1693 299 cuidam.
1708 266 1761 294 do-

975 316 1036 340 mus
1065 316 1123 338 sum
1147 308 1335 344 gubernatori.
1366 310 1508 344 Exuperia:
1532 315 1622 338 autem
1652 312 1760 347 coniugi

976 353 1181 390 Olympiusipse
1188 355 1319 386 narravit,
1329 355 1556 389 quemadmodum
1569 356 1758 392 Sempronius,

973 399 1039 428 Jesu
1053 399 1154 430 Christi
1181 399 1229 428 Dei
1247 401 1289 427 sui
1305 401 1416 428 nomine
1439 401 1579 434 invocato,
1594 401 1685 430 Manis
1699 403 1760 430 ido-

975 444 1031 473 lum
1046 445 1255 472 comminuerat.

1012 490 1079 519 Vill.
1098 490 1175 518 Tunc
1192 491 1326 525 Emporia
1343 499 1428 518 uxor:
1445 491 1474 518 Si
1496 496 1581 524 tanta,
1598 491 1697 527 inquit,
1720 499 1763 521 est

976 535 1077 564 Christi
1091 536 1221 572 potentia,
1234 541 1362 571 quantum
1377 537 1454 568 dicis,
1469 538 1553 564 satius
1568 538 1646 564 nobis
1661 543 1703 566 est
1716 538 1765 565 de-

976 582 1042 610 hinc
1066 582 1128 610 illos
1148 583 1223 617 ipsos
1245 583 1311 610 deos
1336 583 1501 617 relinquere,
1517 583 1563 618 qui
1592 591 1680 618 neque
1710 584 1762 612 sibi

976 634 1064 662 neque
1080 626 1160 654 nobis
1179 635 1258 661 opem
1272 628 1344 654 ferre
1359 633 1485 662 possunt.
1507 627 1668 660 Quaeramus
1682 628 1764 663 igitur

978 671 1064 699 Deum
1088 672 1176 706 illum,
1188 673 1234 707 qui
1248 673 1367 702 Nemesii
1391 673 1492 701 tribuni
1505 673 1566 700 tilia:
1583 674 1674 701 lumen
1684 675 1765 702 resti-

978 717 1040 743 tuit.
1058 716 1135 744 Tunc
1151 716 1292 753 Olympius
1310 718 1433 745 Tertullo
1457 719 1598 753 prmeepit,
1617 723 1647 746 ut
1669 719 1764 748 mitius

977 770 1006 790 se
1021 769 1126 798 gereret
1137 772 1198 791 cum
1211 764 1385 798 Sempronio,
1398 764 1533 800 siquidem
1547 765 1667 792 Nemesii
1678 772 1765 800 pecu-

977 809 1030 836 niis
1059 810 1230 844 inquirendis
1259 811 1316 845 ipse
1353 820 1463 846 cperant
1492 812 1559 839 dare
1586 812 1674 840 vellet.
1708 811 1765 840 lloc

978 852 1134 881 mandatutn
1148 859 1294 882 exsecutus
1310 861 1353 882 est
1372 855 1520 883 Tertullus.
1540 857 1681 892 Olympius
1698 864 1764 884 vero

978 905 1038 924 cum
1054 899 1169 934 conjuge
1182 898 1328 934 Exuperia,
1345 903 1372 927 et
1388 901 1467 928 unico
1479 901 1534 928 ﬁlio
1549 900 1701 933 Theodnlo,
1718 902 1764 928 illa

977 941 1036 978 ipsa
1048 949 1129 970 nocte
1147 950 1296 976 venerunt.
1323 950 1350 973 et
1365 945 1400 973 ad
1419 946 1502 980 pedes
1526 946 1681 981 Sempronii
1699 954 1765 982 pro-

978 988 1068 1020 strati,
1085 987 1232 1017 dixerunt:
1245 989 1299 1016 Nos
1315 990 1396 1032 paulp
1411 996 1475 1018 ante
1492 991 1592 1018 Christi
1610 991 1762 1025 potentiam

978 1033 1168 1069 cognovimus,
1183 1042 1278 1062 verum
1295 1035 1399 1062 scilicet
1426 1036 1510 1063 Deum
1534 1036 1611 1063 illum
1629 1044 1698 1069 esse,
1714 1036 1763 1072 qui

977 1080 1096 1108 Nemesii
1109 1081 1209 1108 tribuni
1226 1080 1285 1108 lilia:
1297 1081 1438 1107 oculorum
1456 1081 1548 1108 lumen
1565 1081 1650 1109 dedit.
1664 1081 1766 1115 Quam-

977 1127 1070 1154 obrem
1101 1132 1127 1155 te
1140 1135 1295 1163 precamur,
1321 1132 1349 1154 ut
1372 1135 1452 1154 cures
1478 1127 1557 1157 nobis
1570 1127 1627 1155 dari
1644 1129 1763 1157 salutare

977 1173 1111 1208 baptisma
1127 1173 1154 1200 itt
1173 1173 1283 1201 nomine
1303 1171 1367 1200 Jesu
1385 1173 1500 1203 Christi.
1519 1182 1602 1208 quem
1617 1178 1647 1201 tu
1663 1175 1762 1209 praedi-

977 1225 1032 1244 cas.
1048 1217 1198 1254 Respondit
1214 1218 1410 1253 Sempronius:
1429 1218 1461 1245 Si
1480 1219 1670 1253 paenitentiam
1686 1220 1766 1256 agilis

978 1272 1010 1292 ex
1030 1269 1086 1291 toto
1103 1264 1184 1294 corde
1200 1270 1301 1296 vestro,
1326 1264 1462 1299 benignus
1479 1269 1521 1292 est
1535 1265 1622 1302 .Deus
1636 1274 1724 1299 meus,
1738 1271 1766 1294 et

978 1310 1092 1345 accipiet
1104 1318 1151 1338 vos
1172 1311 1360 1346 ptenitcntiam
1375 1317 1497 1343 agentes.
1510 1311 1588 1340 Tunc
1601 1311 1761 1348 Olympius:

977 1357 1102 1392 Jamiam,
1120 1357 1217 1392 inquit.
1243 1357 1351 1390 faciam,
1376 1362 1405 1384 nt
1425 1358 1520 1385 credas
1537 1366 1579 1389 nte
1605 1363 1662 1386 toto
1683 1359 1766 1386 corde

978 1402 1080 1430 Christi
1095 1403 1142 1430 Dei
1154 1403 1235 1430 (idem
1256 1403 1343 1438 sequi.
1359 1402 1422 1430 llaec
1436 1403 1517 1436 dixit,
1532 1409 1560 1432 et
1574 1405 1666 1432 statim
1681 1405 1762 1435 cubi-

978 1449 1069 1476 culutn
1092 1451 1230 1484 patefecit,
1253 1451 1280 1477 in
1307 1459 1360 1486 quo
1387 1451 1506 1479 habebat
1532 1453 1617 1480 multa
1643 1458 1671 1480 et
1692 1453 1767 1480 varia

979 1494 1061 1522 idola.
1078 1495 1182 1528 Quibus
1196 1496 1315 1524 ostensis
1332 1506 1338 1523 :
1353 1495 1406 1530 En,
1419 1497 1517 1532 inquit,
1534 1497 1690 1533 Semproni,
1706 1499 1764 1526 hate

979 1543 1070 1570 omnia
1089 1543 1235 1571 simulacra
1253 1543 1280 1570 in
1299 1548 1436 1578 potestate
1456 1549 1502 1572 tua
1530 1549 1596 1572 sunt
1618 1553 1626 1572 :
1647 1546 1691 1573 fac
1706 1546 1758 1574 ills

983 1588 1111 1622 quidquid
1134 1589 1210 1616 libet.
1233 1588 1283 1615 Cm
1308 1589 1488 1624 Sempronius
1505 1599 1513 1618 :
1529 1590 1595 1626 Age,
1619 1591 1767 1620 simulacra

984 1634 1034 1661 ista
1047 1634 1139 1661 omnia
1163 1635 1289 1662 manilius
1313 1635 1430 1669 propriis
1457 1640 1580 1668 contere,
1597 1644 1720 1670 auroque
1740 1642 1768 1663 et

983 1684 1106 1714 argento,
1129 1687 1161 1707 ex
1185 1681 1284 1714 quibus
1307 1681 1433 1708 confecta
1449 1686 1523 1714 sunt,
1542 1682 1604 1716 igne
1627 1683 1764 1714 conﬂatis.

982 1733 1118 1760 pauperes
1133 1734 1278 1762 congrega,
1303 1732 1330 1753 et
1357 1727 1411 1754 illis
1436 1727 1494 1755 haec
1520 1728 1665 1756 distribue.
1691 1729 1770 1756 Fecit

983 1772 1084 1803 omnia,
1105 1780 1164 1807 qme
1186 1773 1368 1807 Sempronius
1391 1772 1510 1807 dixerat,
1527 1773 1682 1808 Olympius,
1698 1774 1770 1802 nihil

983 1825 1094 1851 prorsus
1117 1818 1256 1844 dubitans.
1286 1819 1409 1853 ltcpcnte
1433 1826 1498 1846 vero
1513 1820 1606 1847 audita
1624 1825 1668 1848 est
1687 1828 1737 1848 vox
1753 1830 1768 1848 e

984 1863 1063 1895 cmlo,
1078 1864 1193 1890 dicens:
1213 1863 1243 1890 In
1269 1868 1306 1896 te,
1327 1865 1482 1898 Semproni,
1500 1866 1634 1900 requievit
1657 1866 1770 1900 spiritus

983 1916 1069 1936 meus.
1091 1909 1246 1936 Audierant
1269 1917 1364 1937 vocem
1391 1911 1465 1938 illam
1498 1911 1641 1947 Olympius
1662 1918 1689 1940 et
1709 1914 1770 1947 ejus

984 1963 1061 1987 uxor,
1075 1959 1102 1982 et
1123 1956 1149 1981 in
1165 1955 1216 1982 ﬁde
1230 1956 1287 1990 ipsa
1302 1956 1364 1983 lacti
1385 1962 1450 1984 sunt
1465 1957 1611 1991 ﬁrmiores,
1633 1959 1668 1986 ob
1689 1959 1770 1994 idque

983 2001 1015 2029 ad
1029 2001 1148 2029 salutare
1163 2002 1296 2037 baptisma
1312 2003 1508 2038 promptiores.
1525 2004 1618 2038 Itaque
1640 2005 1770 2039 Sempro-

982 2048 1056 2075 nium
1066 2048 1256 2083 precabantur,
1270 2052 1395 2082 petentes
1407 2053 1436 2075 ut
1450 2048 1569 2083 sigillum
1580 2050 1682 2077 Christi
1696 2051 1771 2078 acci-

983 2098 1090 2129 perent,
1099 2098 1126 2121 et
1135 2101 1184 2129 per
1193 2101 1290 2128 aquam
1300 2102 1332 2120 ac
1340 2093 1470 2131 Spiritum
1479 2095 1570 2122 denuo
1579 2101 1768 2124 nascerentur.

1019 2140 1065 2167 lXt
1093 2140 1190 2168 Omnia
1216 2140 1273 2167 haec
1299 2140 1478 2175 Sempronius
1502 2141 1632 2169 Nemesio
1659 2142 1770 2170 domino

983 2197 1033 2217 suo
1047 2190 1150 2218 retulit.
1167 2189 1232 2222 Qua:
1248 2197 1311 2217 cum
1327 2189 1473 2219 Nemesius
1486 2188 1650 2222 accepisset,
1669 2188 1769 2217 ceteri-

984 2240 1025 2263 ter
1043 2236 1112 2264 adiit
1132 2236 1166 2263 ad
1191 2235 1378 2263 beatissimum
1403 2234 1560 2269 pontiﬁcem
1585 2233 1768 2268 Stephanum,

982 2283 1061 2317 eique
1076 2290 1133 2309 rem
1150 2289 1259 2309 onmem
1275 2281 1411 2316 exposuit.
1432 2280 1478 2307 Ille
1500 2287 1566 2306 vero
1580 2279 1690 2306 Christo
1708 2280 1765 2306 Deo

983 2319 1078 2356 nostro
1103 2328 1217 2363 gloriare
1242 2328 1329 2359 dedit,
1353 2332 1381 2354 et
1403 2327 1526 2360 proxima
1549 2329 1629 2352 nocte
1652 2325 1770 2360 Olympii

984 2376 1094 2402 domum
1110 2373 1187 2400 adiit.
1204 2373 1263 2405 Quo
1276 2373 1343 2403 viso,
1359 2372 1450 2399 statim
1465 2370 1606 2406 Olympius
1617 2370 1768 2405 prostravit

982 2428 1012 2448 se
1028 2421 1062 2448 ad
1081 2419 1216 2454 pontiﬁcis
1231 2419 1315 2454 pedes
1337 2426 1390 2445 una
1402 2426 1464 2446 cum
1481 2425 1565 2445 uxore
1576 2418 1724 2452 Exuperia.
1739 2421 1768 2445 et

982 2466 1038 2494 tilio
1065 2465 1216 2494 Theodulo.
1248 2465 1444 2493 Erexitautetn
1475 2464 1536 2492 illos
1573 2464 1768 2492 sanctissimus

983 2512 1115 2547 pontifex.
1137 2518 1218 2548 atque
1240 2511 1429 2547 interrogavit,
1447 2518 1481 2538 an
1501 2511 1644 2538 crederent
1667 2510 1694 2538 iu
1711 2510 1767 2537 Do-

984 2558 1089 2586 minum
1103 2564 1227 2586 nostrum
1242 2557 1335 2586 Jesum
1351 2558 1500 2588 Christum.
1517 2557 1566 2584 Cui
1580 2564 1676 2584 onmes
1701 2564 1769 2584 con-

983 2603 1059 2632 cordi
1076 2604 1166 2632 animo
1183 2604 1385 2640 responderunt
1401 2612 1410 2630 ε
1428 2602 1584 2635 Credimus,
1607 2601 1690 2631 Pater
1708 2609 1770 2629 san-

983 2650 1114 2688 ctissime,
1125 2651 1151 2677 in
1161 2651 1280 2682 Patrem,
1291 2655 1318 2679 et
1329 2650 1438 2683 Filium,
1448 2655 1476 2678 et
1489 2649 1620 2685 Spiritum
1631 2653 1768 2678 sanctum.

984 2695 1061 2724 Tunc
1089 2696 1214 2731 pontifex
1234 2703 1283 2723 eos
1302 2696 1450 2730 baptizavit
1475 2696 1501 2723 in
1520 2694 1631 2731 nomine
1655 2698 1768 2726 sancite.

983 2741 1228 2769 consubstantialis
1256 2745 1283 2769 et
1311 2741 1461 2770 individua
1491 2746 1574 2776 atque
1607 2739 1769 2768 virilicantis

984 2786 1137 2815 Trinitatis.
1167 2786 1356 2815 Ostenderunt
1384 2791 1476 2814 autem
1503 2787 1543 2814 illi
1561 2791 1590 2814 et
1606 2785 1688 2819 idola,
1709 2792 1769 2820 qua?

984 2833 1103 2867 propriis
1117 2833 1244 2860 manibus
1255 2833 1485 2863 comntinuerant.
1497 2832 1555 2866 Qua
1569 2832 1603 2860 de
1613 2839 1643 2859 re
1655 2831 1770 2859 sanctis-

985 2878 1070 2906 simus
1086 2878 1209 2914 pontifex
1233 2877 1334 2914 gratias
1349 2877 1402 2913 egit
1423 2877 1490 2911 Deo,
1508 2882 1535 2905 ct
1555 2884 1604 2912 pro
1617 2874 1671 2903 illis
1685 2876 1770 2904 satri-
