2024 3153
251 174 304 208 519

247 233 339 260 ﬁcium
365 232 467 261 obtulit
495 232 615 268 benigno
644 235 672 259 et
687 231 783 259 salutis
806 236 906 260 nostris
930 230 1035 258 auctori
1053 235 1074 262 Α

250 277 367 304 Domino
403 277 468 305 Jesu
491 277 616 311 Christo;
637 285 741 312 eosque
767 281 868 305 sanctae
890 276 1037 304 oblationis

248 323 397 358 participes
409 323 484 351 fecit.
497 325 592 359 Itaque
600 327 654 351 tota
666 323 709 350 illa
721 323 818 351 domus
830 322 928 359 gaudio
938 330 1037 359 magno

248 373 277 395 et
303 368 441 396 hilaritate
459 369 560 403 repleta
577 373 629 396 est.

287 414 323 442 Χ.
345 413 455 441 Tertius
491 415 549 442 dies
571 415 752 450 pneterierat,
780 423 842 442 cum
877 414 1038 442 Valerianus

253 465 281 487 et
316 459 459 487 Gallienus
493 460 672 495 imperatores
697 461 776 488 valde
803 461 878 494 impii
903 460 963 487 haec
986 467 1038 486 au-

252 505 374 538 dierunt,
391 505 436 539 qui
459 504 550 532 furore
571 507 690 538 accensi,
714 506 857 540 jusserunt
880 504 1038 531 Nemesium

251 555 279 577 et
294 550 355 584 ejus
380 550 460 576 ﬁliam
488 550 634 583 Lucillam,
656 551 758 578 indicta
787 558 879 580 causa.
905 550 1038 584 torqueri.

254 596 308 623 Sed
321 604 382 622 cum
400 596 483 623 nullis
499 597 640 623 tormentis
653 597 687 623 de
703 597 839 623 sententia
855 597 959 623 moveri
977 603 1039 630 pos-

251 645 325 673 sent,
339 641 400 669 illos
413 642 572 670 obtruncari
593 642 744 676 jusserunt.
765 643 797 669 Et
811 643 874 677 quia
893 642 1040 677 cupiebant

250 685 361 714 Lucillae
386 687 457 721 patri
479 687 657 722 persuadere,
672 692 702 714 ut
719 688 882 714 sententiam
909 692 1039 719 mutaret,

250 735 439 766 praeceperunt
454 732 584 759 Luciliam
603 732 678 766 prius
697 732 868 760 obtruncari.
889 732 957 760 Cum
973 739 1040 759 vero

250 784 278 806 et
294 776 416 806 Nemesii
430 779 602 813 propositum
619 779 715 806 stabile
740 785 822 814 atquc
838 779 977 806 immobile
993 786 1040 806 co-

249 826 419 860 gnovissent,
438 825 514 852 ilium
530 825 613 852 etiam
629 826 717 852 securi
737 825 842 860 percuti
856 825 998 860 jusserunt
1013 825 1040 851 in

249 871 311 898 loco
324 871 382 902 illo,
393 870 440 905 qui
449 870 570 898 estinter
581 871 649 898 duas
662 872 729 902 vias,
742 872 856 906 Appiani
869 876 895 898 et
904 870 1040 904 Latinam,

248 923 305 944 non
328 916 409 951 longe
433 916 467 943 ab
484 916 552 943 urbe
574 916 670 943 Ruina.
701 917 813 944 Postera
842 917 886 944 die
915 916 1039 944 nefarius
1058 911 1078 938 Β

249 962 411 990 Valerianus
423 962 506 998 jussit
520 962 724 998 Sempronium,
742 963 850 999 publice
863 963 1041 995 audiendum,

249 1008 319 1036 sisti.
337 1008 388 1036 Cui
413 1008 483 1035 dixit
501 1016 509 1034 :
527 1008 634 1041 Quare.
644 1017 699 1037 non
718 1010 839 1037 consulis
856 1010 903 1036 tibi
933 1009 994 1044 ipsi,
1014 1014 1042 1037 et

249 1054 303 1081 diis
319 1059 345 1081 te
357 1053 484 1089 subjicis,
503 1062 552 1089 per
575 1063 643 1090 quos
667 1057 796 1084 universa
817 1059 916 1083 natura
935 1057 1040 1092 regitur

249 1103 276 1126 et
288 1099 479 1134 gubernatur?
491 1100 618 1128 Christus
631 1109 673 1128 me
684 1101 753 1137 regit
761 1105 787 1129 et
795 1102 940 1137 gubernat,
954 1102 1043 1137 inquit

250 1143 443 1180 Sempronius,
460 1146 504 1180 qui
517 1151 545 1173 et
558 1147 629 1173 hane
642 1147 807 1174 sententiam
819 1147 887 1174 mihi
899 1147 1043 1176 eonﬂrma-

257 1191 307 1218 vit.
326 1191 403 1219 Tunc
419 1191 504 1226 jussit
516 1192 677 1220 Valerianus
691 1193 883 1228 Sempronium
904 1193 932 1220 in
950 1193 1041 1228 ignem

249 1237 362 1271 conjici.
379 1237 479 1264 Milites
506 1238 588 1273 igitur
613 1246 674 1265 eum
695 1238 785 1274 ignem
811 1240 926 1266 multum
945 1247 1043 1266 accen-

249 1282 364 1315 disserit,
381 1287 506 1310 sanctum
524 1284 600 1311 illum
622 1284 711 1314 virum
725 1284 930 1319 Sempronium,
944 1284 1043 1312 vinclis

250 1332 312 1362 post
325 1333 399 1364 terga
417 1329 558 1361 manibus,
575 1329 604 1356 in
627 1330 746 1357 mediam
764 1329 898 1358 ﬂammam
915 1330 1043 1365 coniece-

252 1378 325 1401 runt.
340 1374 433 1410 itaque
446 1375 622 1403 beatissimus
634 1380 737 1412 martyr
747 1375 928 1411 Sempronius
941 1376 968 1403 in
984 1383 1041 1403 me-

258 1420 300 1446 dia
320 1419 430 1447 ﬂamma
464 1420 582 1455 positus,
599 1422 724 1456 spiritum
757 1421 823 1448 Jesu
839 1421 948 1448 Christo
966 1429 1043 1448 eom-

252 1467 401 1493 mendavit.
417 1467 549 1494 Pretiosa:
576 1473 667 1494 autem
683 1467 771 1502 ipsius
786 1468 910 1503 reliquiae
934 1468 1043 1495 intactae

252 1517 470 1546 permanserunt.
499 1513 580 1540 Venit
605 1518 698 1540 autem
721 1514 818 1541 beatus
833 1513 958 1548 pontifex
976 1514 1039 1541 Ste-

252 1558 361 1592 phanus
386 1566 447 1586 cum
474 1559 580 1586 clericis
597 1564 624 1586 et
648 1560 713 1587 viris
729 1560 873 1595 religiosis,
899 1561 1041 1595 sanctique
1055 1578 1076 1606 ο

251 1603 406 1637 Sempronii
427 1604 554 1638 reliquias
570 1604 689 1639 collegit,
714 1608 743 1631 et
761 1604 820 1631 illas
844 1612 907 1632 cum
923 1604 1041 1640 Olympii

250 1654 278 1676 et
291 1650 440 1680 sociorum,
469 1650 514 1684 qui
544 1651 620 1685 prius
647 1655 759 1686 propter
787 1651 927 1678 Christum
958 1651 1042 1678 inter-

252 1695 313 1722 fecti
327 1695 446 1727 fuerant.
461 1697 644 1724 sanctissimis
669 1697 794 1732 reliquiis
809 1697 963 1725 collocavit.

293 1740 337 1767 XI.
368 1741 433 1769 Post
463 1742 565 1769 multos
595 1742 655 1769 di:s
683 1742 844 1770 Valerianus
861 1749 887 1770 et
904 1743 1043 1771 Gallienus

250 1791 396 1822 coeperunt
416 1789 524 1815 beatum
550 1787 708 1824 episcopum
737 1788 907 1823 Stephanum
932 1795 958 1817 et
983 1792 1042 1825 ejus

251 1832 354 1859 clerum
375 1833 513 1868 inquirere
540 1842 547 1861 :
574 1834 640 1869 quin
676 1834 758 1861 etiam
789 1835 879 1862 edicto
905 1838 1043 1874 proposito

248 1878 402 1913 jusserunt,
415 1883 447 1906 ut
459 1879 618 1915 ubicunque
631 1880 734 1907 inventi
747 1881 874 1914 fuissent,
885 1888 944 1917 post
959 1884 1042 1911 multa

250 1927 279 1949 et
295 1923 368 1950 varia
383 1927 534 1956 tormenta,
562 1929 651 1952 morte
666 1927 843 1954 acerbissima
864 1934 1041 1956 necarentur.

250 1969 344 2005 Itaque
374 1971 480 1998 detenti
510 1976 575 1998 sunt
607 1972 701 1999 clerici
732 1973 887 2007 duodecim,
918 1983 1040 2009 quorum

248 2016 360 2043 nomina
380 2017 438 2043 haec
455 2022 519 2044 sunt
538 2026 545 2044 :
573 2016 703 2052 Faustus,
720 2018 843 2052 Maurus,
869 2020 1040 2051 Primitiriu.

247 2063 407 2088 Columnius
429 2062 652 2100 [Cal-inminens].
676 2064 808 2098 Joannes,
827 2066 1039 2101 Exuperantius,

249 2107 375 2140 (lyr-illus,
386 2107 554 2139 Honoratus.
571 2107 743 2137 Theodosius
755 2110 951 2147 [Theodorus],
964 2111 1041 2138 Basi-

247 2153 311 2186 lius,
321 2154 460 2188 Castulus,
479 2156 610 2184 Donatus.
624 2156 675 2190 Qui
692 2165 754 2184 cum
768 2158 860 2186 multis
875 2151 1040 2187 cruciatibus

249 2202 451 2233 torquerentur,
464 2207 553 2234 neque
562 2201 659 2228 adduci
671 2207 783 2236 possent
794 2207 824 2230 ut
833 2203 958 2231 facerent
969 2205 1041 2239 quod

874 174 1014 205 MENSIS
1034 173 1249 203 AUCUSTUS.

1825 171 1877 203 520

1091 238 1149 258 rum
1172 228 1303 264 reliquias
1328 227 1475 264 diligenter
1496 227 1625 263 inquiras.
1647 227 1714 254 Cum
1735 227 1787 254 hoc
1803 235 1881 254 imi:-

1088 276 1181 304 datum
1195 275 1345 310 accepisset
1359 274 1539 306 Tertullinus.
1557 279 1618 309 post
1632 275 1701 301 duos
1719 274 1779 301 dies
1794 281 1876 308 quam

1088 322 1229 357 presbyter
1246 321 1388 347 ordinattts
1408 325 1460 351 est.
1477 328 1491 347 a
1512 320 1601 347 .‘llarco
1623 320 1732 346 tribuno
1755 327 1879 354 compre—

1092 368 1204 398 hensus.
1215 367 1247 393 ad
1258 366 1430 393 Valerianum
1440 366 1558 393 ducitur.
1566 365 1616 393 Cui
1630 366 1802 393 Valerianus:
1813 367 1879 401 Age,

1089 412 1190 447 inquit,
1205 412 1307 438 domini
1322 411 1358 438 tui
1370 412 1499 445 pecunias
1515 412 1569 438 huc
1581 411 1649 438 affer
1661 420 1668 444 ;
1682 418 1773 439 serus.
1796 411 1882 438 int-r-

1089 458 1199 486 ﬁcieris.
1217 458 1255 484 Ad
1271 458 1329 484 haec
1339 457 1507 484 Tertullinus
1524 457 1668 492 respondit
1683 457 1732 484 :’Si
1749 465 1781 491 re
1801 457 1882 484 unis

1090 503 1194 531 domini
1214 504 1268 530 mei
1283 507 1311 530 et
1341 509 1368 530 tu
1395 503 1496 530 habere
1523 505 1613 538 cupis,
1640 508 1769 530 aeternam
1796 504 1881 529 vitam

1090 547 1198 584 assequi
1215 550 1334 584 poteris;
1349 556 1412 576 nam
1428 549 1473 576 ille
1488 557 1537 584 pro
1550 549 1661 576 Christo
1677 549 1807 580 moriens,
1825 548 1882 575 Deo

1092 596 1144 630 ipsi
1161 595 1306 622 facultates
1321 602 1385 622 suas
1409 596 1516 627 obtulit,
1537 595 1563 621 in
1580 595 1673 622 futuro
1690 594 1735 621 illo
1751 602 1811 622 aevo
1835 603 1885 622 ea;

1092 646 1264 676 recepturus.
1281 641 1307 668 Si
1325 649 1389 677 ergo
1402 647 1430 669 et
1450 647 1477 669 tu
1491 649 1553 669 vere
1569 642 1596 669 in
1615 642 1700 669 Deum
1719 642 1884 671 credideris.

1093 694 1224 723 mutaque
1235 696 1267 715 ac
1281 695 1380 715 sensus
1392 689 1515 723 expertia
1527 689 1597 716 idola
1611 693 1770 716 exsecratus
1783 689 1883 720 fueris.

1091 734 1248 761 misericors
1266 738 1294 760 et
1314 734 1433 761 clemens
1454 734 1525 762 Deus
1541 738 1566 761 te
1585 734 1773 769 pcenitentiam
1799 741 1887 769 agi-n-

1092 783 1147 806 tem
1169 779 1361 814 amplectetur.
1387 779 1465 806 Tune
1492 780 1561 806 dixit
1586 779 1747 806 Valerianus
1775 789 1782 806 :
1811 779 1886 815 Ergo

1093 825 1197 852 domini
1217 825 1255 852 tui
1282 825 1407 860 pecunia:
1424 829 1554 852 a-ternam
1570 825 1651 852 vitam
1669 825 1707 852 iiii
1737 825 1859 852 afferunt
1873 824 1887 850 ἵ

1093 871 1221 902 Maxime.
1241 872 1329 906 inquit
1355 871 1377 898 Τ
1380 871 1538 906 crtullinus,
1558 876 1586 899 et
1613 879 1667 899 non
1689 872 1778 900 solum
1803 876 1889 899 azter-

1094 925 1157 944 nam
1175 918 1272 950 vitam,
1287 917 1334 945 sed
1353 922 1517 953 perpetuum
1544 918 1627 945 etiam
1657 925 1771 953 regnum
1792 918 1888 945 conci-

1093 963 1173 990 liant.

1128 1008 1197 1036 XIII.
1220 1007 1268 1036 His
1285 1009 1395 1042 auditis,
1418 1009 1580 1036 Valerianus
1595 1010 1628 1036 ad
1654 1016 1702 1041 eos
1725 1016 1889 1036 sermonem

1096 1055 1227 1090 dirigens,
1249 1055 1295 1090 qui
1311 1055 1426 1084 aderant
1442 1065 1448 1083 :
1462 1056 1574 1089 Delirat,
1595 1055 1694 1090 inquit.
1710 1055 1889 1084 Tertullinus

1094 1102 1154 1129 iste.
1171 1101 1364 1129 Prosternatur
1383 1101 1465 1137 igitur
1482 1102 1509 1130 in
1525 1107 1636 1134 terram,
1649 1107 1676 1129 et
1692 1102 1785 1129 multis
1799 1103 1889 1138 virgis

1093 1147 1273 1182 percutiatur.
1292 1148 1386 1183 itaque
1401 1156 1462 1179 cum
1482 1147 1513 1175 Β.
1527 1148 1696 1176 Tertullinus
1720 1148 1782 1175 sine
1801 1149 1890 1176 mise-

1093 1195 1210 1222 ricordia
1226 1195 1429 1228 verberaretur,
1441 1203 1507 1222 voce
1518 1203 1614 1230 magna
1626 1195 1734 1224 dicebat
1749 1204 1755 1225 :
1772 1194 1889 1222 Gratias

1093 1248 1143 1276 ago
1161 1240 1221 1272 tibi,
1244 1240 1358 1267 Domine
1373 1240 1436 1268 Jesu
1453 1240 1573 1271 Christe.
1591 1240 1661 1275 quod
1679 1248 1734 1267 non
1747 1240 1889 1277 disjunsi—

1094 1287 1130 1314 sti
1148 1295 1192 1317 tne
1203 1295 1218 1317 a
1234 1287 1346 1314 domino
1360 1295 1422 1314 meo
1448 1292 1476 1314 et
1489 1295 1569 1314 servo
1586 1291 1632 1313 tuo
1646 1286 1781 1322 Olympio.
1795 1288 1843 1321 qui
1859 1292 1892 1314 et

1093 1341 1137 1360 me
1152 1333 1300 1360 antecessit
1317 1333 1448 1368 martyrio
1470 1333 1591 1360 functus.
1609 1334 1676 1360 Cum
1701 1333 1793 1368 itaque
1813 1333 1891 1360 inter

1093 1379 1209 1406 verbera
1227 1383 1253 1406 et
1267 1379 1360 1414 plagas
1376 1379 1427 1406 hoe
1438 1379 1552 1410 diceret,
1567 1379 1649 1414 jussit
1661 1378 1810 1413 imperator
1824 1379 1892 1413 ejus

1092 1424 1224 1452 lateribus
1255 1424 1346 1460 ignem
1371 1425 1478 1460 subjici.
1503 1425 1551 1452 Cui
1588 1424 1685 1455 nefarii
1709 1430 1790 1464 atque
1807 1425 1890 1459 impii

1094 1470 1221 1498 homines
1233 1470 1286 1498 hoc
1294 1478 1366 1505 saepe
1376 1470 1567 1498 inculcabant:
1581 1470 1732 1498 Tertullitle
1741 1471 1891 1506 sacrilege.

1093 1517 1177 1544 redde
1194 1517 1325 1552 pecunias
1347 1517 1450 1543 domini
1472 1517 1521 1544 tui.
1547 1516 1644 1544 Beatus
1668 1524 1733 1544 vero
1748 1516 1891 1544 Tertulli-

1096 1571 1147 1590 nus
1161 1564 1297 1591 constanti
1317 1564 1408 1590 animo
1425 1568 1506 1598 atque
1519 1563 1596 1590 hilari
1614 1564 1689 1590 vultu
1704 1563 1814 1593 dicebat
1831 1563 1891 1595 Va-

1097 1609 1205 1636 leriano
1221 1619 1227 1636 :
1243 1610 1308 1648 Age,
1329 1609 1424 1642 miser,
1455 1609 1496 1636 fac
1512 1609 1656 1636 celerrime
1671 1609 1802 1647 quidquid
1831 1610 1891 1642 vis,

1097 1660 1125 1683 ut
1139 1663 1187 1690 per
1205 1655 1365 1683 in<~endium
1384 1661 1410 1682 et
1430 1656 1556 1683 ﬂammas
1577 1657 1644 1684 istas
1655 1664 1698 1685 me
1715 1656 1890 1688 sacrificium

1097 1703 1152 1729 Deo
1163 1707 1268 1737 gratum
1285 1701 1382 1728 offerre
1396 1703 1508 1739 possim.
1527 1703 1604 1729 Tunc
1617 1703 1702 1738 jussit
1722 1703 1894 1731 Valerianus

1096 1747 1278 1774 Tertullinum
1297 1755 1352 1774 nun
1368 1749 1484 1786 aii-piius
1504 1749 1654 1780 verberari.
1676 1749 1724 1776 sed
1741 1749 1811 1779 tradi
1837 1749 1892 1777 δεμ

1096 1795 1177 1830 pritio
1203 1795 1277 1822 urbis
1298 1795 1418 1831 praasidi,
1445 1795 1488 1825 cui
1504 1797 1572 1823 dixit
1598 1806 1604 1827 ς
1629 1796 1695 1833 Age,
1716 1797 1826 1831 require
1854 1798 1893 1823 ab

1097 1841 1149 1868 isto
1173 1842 1304 1876 pecunias
1329 1841 1447 1879 Olympii
1467 1842 1570 1870 demitti
1597 1841 1658 1874 sui;
1694 1842 1794 1870 deinde
1821 1851 1894 1878 coge

1097 1887 1172 1914 illum
1190 1888 1242 1914 diis
1261 1887 1365 1917 libare:
1382 1888 1454 1925 quod
1469 1889 1519 1915 nisi
1537 1888 1644 1920 fecerit,
1660 1889 1743 1916 variis
1759 1894 1871 1917 tarmen
1885 1904 1892 1909 ~

1098 1933 1131 1959 t's
1149 1933 1298 1961 crucietur.

1134 1978 1203 2006 XIV.
1220 1979 1288 2007 Cum
1315 1980 1369 2008 hoc
1386 1981 1542 2007 mandatum
1563 1981 1715 2016 accepisset
1737 1981 1890 2016 Saprit‘us,

1096 2025 1187 2051 statim
1202 2025 1320 2052 tribunal
1343 2026 1395 2053 sibi
1421 2026 1510 2060 parari
1529 2026 1610 2061 jussit
1631 2026 1657 2053 in
1684 2035 1717 2054 co
1738 2026 1810 2057 loco.
1841 2036 1889 2062 qu.

1096 2070 1246 2099 Mamertini
1264 2072 1361 2099 domus
1388 2072 1550 2107 appellatur,
1578 2073 1760 2108 prtecepitque
1787 2073 1891 2102 adduci

1095 2117 1128 2144 ad
1142 2125 1171 2145 se
1187 2122 1343 2153 martyrem,
1357 2126 1480 2153 praecone
1495 2119 1534 2146 sic
1547 2120 1686 2147 indicente
1701 2128 1709 2147 :
1728 2121 1892 2152 Adducatur

1095 2162 1148 2190 huc
1167 2164 1314 2199 sacrilegus
1330 2163 1499 2192 Tertullinus
1527 2174 1534 2192 :
1555 2165 1695 2193 Adduelus
1719 2165 1810 2201 itaque
1837 2167 1893 2193 fuit

1095 2207 1276 2239 Tertullinus,
1292 2216 1373 2243 quem
1390 2217 1489 2244 praeses
1503 2209 1691 2245 interrogavit,
1707 2217 1761 2244 quo
1774 2212 1891 2237 nomine

246 2244 316 2279 jussl
361 2250 458 2279 erant,
499 2251 641 2281 postremo
675 2248 853 2283 imperatores
901 2250 1041 2285 jusserunt
1057 2257 1083 2286 υ
1098 2259 1252 2280 vocaretur.
1274 2254 1324 2281 Cui
1344 2253 1685 2285 TcrtuliinuszPeccator.
1708 2254 1805 2289 inquit,
1825 2263 1891 2282 sum

249 2290 311 2319 illos
337 2291 495 2320 obtruncari
524 2293 551 2319 in
577 2293 619 2320 via
647 2301 707 2328 qua
729 2294 885 2329 appellatur
910 2297 1047 2330 Aquaadu-

248 2339 320 2364 ctus.
331 2335 452 2369 Quorum
463 2338 618 2365 veneranda
628 2345 741 2374 corpora
752 2339 857 2367 curavit
867 2339 1045 2375 Tertullinus,

248 2383 293 2417 qui
304 2382 393 2411 fuerat
403 2383 517 2419 Olympii
535 2391 640 2417 servus,
655 2385 781 2419 quamvis
789 2385 880 2414 adhuc
890 2391 964 2414 esset
979 2395 1046 2422 gen~

249 2430 313 2466 .ilis,
330 2434 462 2456 eteorum
481 2428 610 2463 reliquias
622 2428 742 2463 reposuit
759 2436 846 2464 prope
860 2437 974 2464 corpora
982 2438 1046 2457 san—

249 2480 355 2502 ctorum
370 2474 464 2502 Juvini
481 2478 509 2501 et
524 2474 632 2509 Basilei,
648 2475 675 2502 in
693 2476 737 2503 via
750 2475 858 2503 Latina.
874 2476 932 2504 Cal.
948 2477 1018 2512 Aug.

287 2532 350 2560 XII.
379 2531 444 2559 Hac
481 2539 544 2560 cum
576 2532 729 2561 audivisset
755 2533 852 2561 beatus
889 2534 1046 2569 Stephanus

248 2577 389 2614 pontifex,
402 2577 486 2613 jussit
499 2577 532 2604 ad
556 2584 586 2604 se
602 2577 734 2605 accersiri
750 2577 947 2611 Tcrtuliinum,
960 2586 1040 2613 quem

248 2625 344 2652 multis
362 2623 569 2652 hortationibus
584 2623 618 2651 ad
633 2623 818 2651 Christianam
834 2623 913 2651 ﬁdem
927 2631 1043 2651 convcr-

247 2679 308 2698 sum
318 2669 452 2698 docuitde
468 2676 553 2704 regno
568 2668 629 2702 Dei,
640 2673 668 2696 et
682 2669 931 2704 sempiternae;vita:
944 2673 1045 2704 myste-

249 2717 296 2744 riis
316 2716 443 2749 initiavit,
467 2715 696 2750 sanctissimoque
728 2714 892 2750 baptismate
907 2715 1044 2750 purgavit,

249 2768 330 2798 atque
345 2763 421 2790 illum
448 2761 540 2790 adhuc
563 2761 625 2789 alba
648 2765 723 2788 veste
745 2761 885 2793 indutum,
902 2760 1043 2789 ordinavit

250 2809 449 2844 presbyterum.
478 2807 565 2840 Quem
591 2814 654 2834 cum
683 2806 822 2834 docuisset
850 2806 883 2832 de
909 2805 996 2832 salute
1012 2814 1042 2833 ac

249 2855 351 2883 caelesti
366 2862 450 2890 regno
465 2858 576 2882 sanctus
590 2852 713 2889 pontifex
735 2861 743 2880 :
761 2852 835 2884 Esto,
852 2852 938 2887 inquit
955 2873 961 2886 ,
983 2852 1042 2885 tibi,

249 2900 347 2933 frater,
375 2901 427 2928 hoc
442 2907 512 2928 onus
529 2899 697 2935 impositum,
718 2903 747 2926 ut
764 2897 912 2926 multorum
938 2903 1040 2934 marty-

1099 2307 1159 2335 ego,
1177 2307 1272 2327 servus
1287 2307 1428 2327 servorum
1443 2299 1508 2330 Jesu
1524 2299 1636 2327 Christi.
1653 2300 1730 2331 Tunc
1750 2299 1891 2335 Sapritius

1100 2352 1204 2380 praeSes
1223 2345 1262 2372 sic
1277 2353 1339 2372 cum
1355 2345 1454 2373 aﬂ‘alus
1471 2349 1514 2373 est
1530 2353 1537 2371 :
1558 2345 1708 2372 Consxdera
1726 2352 1786 2383 qua;
1811 2353 1891 2374 nunc

1099 2391 1146 2418 tibi
1165 2392 1372 2427 praecipiuntur,
1388 2395 1417 2419 et
1431 2391 1491 2419 sine
1507 2383 1583 2421 mora
1599 2391 1694 2425 facias,
1716 2392 1789 2431 quod
1812 2392 1889 2425 dico,

1099 2441 1127 2463 ut
1143 2436 1229 2464 vivas.
1257 2436 1305 2463 Eia
1330 2435 1412 2470 igitur
1435 2435 1487 2462 diis
1511 2435 1645 2468 sacrifiea,
1664 2439 1690 2462 et
1707 2435 1801 2467 redde,
1826 2443 1890 2470 qua:

1096 2483 1236 2518 jubemus,
1263 2483 1334 2509 bona
1362 2481 1478 2518 Olympii
1504 2481 1608 2508 domini
1636 2481 1691 2515 lui;
1719 2482 1761 2508 sin
1783 2481 1888 2514 minus,

1103 2533 1306 2557 tormentorum
1318 2527 1461 2565 suppliciis
1472 2530 1651 2562 consumptus
1665 2527 1758 2557 fueris.
1776 2526 1816 2553 Ad
1829 2528 1888 2555 haec

1098 2574 1239 2608 respondit
1252 2572 1423 2601 Tertullinus
1437 2581 1444 2600 :
1461 2573 1489 2600 Si
1507 2580 1603 2601 nosses
1621 2577 1731 2600 reterns:
1748 2573 1810 2600 vitae
1827 2572 1888 2600 feli-

1097 2621 1221 2654 citatem,
1239 2628 1293 2647 non
1319 2628 1395 2649 esses
1409 2620 1444 2648 de
1470 2619 1598 2655 praesenti
1623 2619 1724 2647 sacculo
1739 2619 1839 2646 anxius
1856 2626 1888 2647 ac

1097 2668 1239 2701 sollicitus,
1267 2675 1298 2694 ea
1319 2674 1419 2694 curans
1432 2674 1492 2703 qua:
1513 2674 1527 2693 a
1544 2665 1724 2698 daemonibus,
1742 2672 1811 2700 quos
1837 2673 1886 2693 vos

1097 2715 1198 2747 colitis,
1215 2718 1410 2750 suggeruntur,
1428 2717 1456 2740 ct
1479 2713 1527 2740 tibi
1544 2716 1572 2740 et
1587 2712 1627 2739 tui
1647 2711 1786 2739 similibus
1802 2716 1887 2739 aeter-

1097 2769 1146 2788 nos
1172 2760 1309 2787 cruciatus
1324 2758 1449 2786 afferent.
1466 2758 1514 2786 liis
1527 2758 1638 2791 auditis,
1655 2757 1792 2793 Sapritius
1816 2765 1886 2793 pne.

1097 2805 1231 2840 scsjussit
1246 2804 1392 2832 Tertullini
1408 2804 1505 2832 faciem
1522 2803 1658 2839 lapidibus
1683 2803 1788 2831 collidi.
1814 2804 1886 2831 San-

1097 2858 1156 2879 ('lIIS
1184 2859 1247 2879 vero
1282 2850 1463 2884 Tertullinus,
1480 2850 1536 2878 Deo
1564 2850 1664 2886 gratias
1689 2857 1784 2885 agens,
1818 2849 1886 2877 dixit

1097 2898 1202 2934 prasidi
1219 2906 1224 2926 :
1243 2898 1282 2925 Tu
1302 2905 1389 2924 meum
1407 2905 1437 2925 os
1460 2897 1596 2933 confringi
1614 2896 1731 2932 jussisli.
1747 2900 1774 2924 et
1792 2894 1886 2927 Domi-
