2024 3153
146 182 176 212 5-‘2
184 183 193 212 l

145 182 193 212 ε-ιει
770 181 859 211 VITA
882 181 912 210 S.
935 181 1137 212 STEPHANI.

1713 181 1764 212 .522

144 247 194 265 nus
221 245 300 264 meus
316 237 397 264 Jcsus
412 235 548 267 Christus,
573 243 652 270 quem
673 244 722 271 ego
743 237 812 268 colo.
840 242 865 263 te
897 244 930 263 ac
945 241 966 267 Α
982 237 1156 264 beatissimus
1188 238 1310 272 pontifex
1332 247 1345 264 ιι
1375 239 1535 266 satellitibus
1563 242 1638 265 extra
1664 239 1763 265 naenia

142 283 277 312 diabolum
290 283 452 310 idololatria:
466 286 605 310 auctorem
619 287 752 309 conteret.
763 281 840 310 Tunc
857 290 927 317 pra:-

143 337 186 356 ses
206 329 276 356 dixit
308 328 352 355 his
375 328 420 362 qui
449 334 597 362 prassentes
616 332 694 355 erant
716 337 722 355 :
741 327 858 355 Curnam
878 328 929 354 iste

145 379 265 401 moratur
289 372 407 408 Olympii
429 373 560 407 pecunias
583 373 720 400 reddere?
750 373 784 400 Et
809 373 842 400 ad
867 382 928 399 eum

144 427 310 448 conversus:
326 420 392 454 Age,
409 419 507 454 inquit,
521 419 588 446 all‘er
602 419 732 450 pecunias
749 427 817 453 quas
834 419 928 452 debes,

145 471 171 493 et
196 466 250 492 diis
278 465 412 497 sacrifica,
441 472 478 492 ne
513 464 602 499 capite
628 465 820 495 obtruncatus.
847 465 929 491 vitam

147 512 266 539 amiztas.
296 510 447 545 Respondit
469 510 636 537 Tertullinus
658 519 665 537 :
690 510 745 544 Ego
763 510 789 536 in
815 511 930 537 Domino

146 565 208 584 meo
234 557 299 584 Jesu
329 556 448 589 Christo,
469 557 514 584 cui
535 557 651 588 credidi,
680 557 860 584 contirmatus
890 557 929 584 ita

146 612 215 635 sum,
231 609 259 630 et
276 603 313 630 ita
326 603 402 630 illum
418 602 519 630 habere
531 603 622 637 cupio,
639 607 668 629 ut
683 609 844 636 praesentem
860 603 929 629 hanc

146 649 226 676 vitam
246 657 296 684 pro
313 649 399 675 nihilo
416 649 526 683 ducam,
547 649 625 683 cujus
640 649 730 676 nullos
751 654 841 676 certos
863 649 930 675 fines

145 694 311 722 constitutos
326 695 417 722 video.

179 740 236 767 XV.
269 740 332 766 llaec
356 740 470 767 audiens
494 739 640 775 Sapritius,
672 740 764 767 furore
787 748 929 771 accensus,

143 787 223 822 jussit
238 785 420 812 Tcrtullinum
445 785 471 812 in
494 785 567 820 ligno
579 786 700 818 extendi,
723 791 749 812 ct
775 787 866 813 nervis
883 787 929 813 diu

145 832 294 859 verberari.
307 831 374 858 Cum
390 831 471 866 igitur
484 831 575 858 nervis
589 832 740 858 caedi-retur
752 831 930 863 Tertullinus,

147 879 280 904 clamabat
296 886 301 904 :
319 878 433 904 Domine
446 877 511 904 Jesu
521 877 640 908 Christe,
655 885 688 903 ne
701 877 812 904 deseras
825 886 932 905 servum

980 289 1006 310 et
1024 288 1128 317 portam
1145 283 1258 317 Appiam
1273 282 1306 309 ad
1320 283 1452 318 templum
1468 283 1571 310 Martis.
1587 282 1647 315 Quo
1661 282 1688 308 in
1704 282 1764 309 loco

981 328 1128 363 episcopus
1148 327 1220 362 ipse,
1249 327 1377 355 omnibus
1399 329 1599 362 spectantibus,
1619 328 1713 355 oculos
1737 328 1765 353 in

981 374 1079 402 C(Bittm
1098 375 1196 406 erexit,
1212 382 1243 401 ac
1263 374 1330 400 dixit
1354 382 1361 400 :
1389 373 1503 401 Domine
1522 373 1603 405 Deus,
1618 375 1696 401 Pater
1712 373 1765 401 Do-

982 420 1048 447 mini
1069 420 1154 447 nostri
1167 419 1232 447 Jesu
1247 420 1360 452 Christi,
1379 420 1425 454 qui
1441 420 1563 446 evertisti
1588 420 1684 447 turrim
1699 428 1766 446 cor.-

984 466 1100 493 fusionis
1116 465 1189 501 apud
1218 465 1396 500 Babylonem.
1421 465 1542 497 destrue,
1568 473 1672 499 quaeso,
1694 472 1767 492 nunc.

983 517 1010 539 et
1025 512 1116 539 locum
1133 511 1217 543 hunc,
1238 511 1266 538 in
1283 520 1336 546 quo
1352 511 1452 538 diaboli
1468 511 1628 546 superstitio
1649 519 1698 545 per
1711 511 1769 538 ido-

983 558 1070 584 lorum
1095 557 1197 584 eultum
1218 563 1372 585 excreetur.
1395 557 1463 585 Cum
1483 557 1539 584 haec
1559 557 1674 584 dixisset
1699 564 1767 591 pou-

985 603 1062 635 lifex,
1087 609 1202 638 repente
1223 603 1294 630 facto
1315 603 1440 630 tonitruo
1462 608 1489 630 et
1509 603 1615 638 fulgure
1636 605 1766 634 maximo,

985 649 1118 684 templum
1143 649 1236 676 Martis
1262 657 1359 684 magna
1389 657 1421 676 ex
1439 654 1516 684 parte
1541 648 1656 675 corruit.
1689 648 1767 681 Quod

985 695 1109 722 videntes
1119 695 1230 726 milites,
1247 695 1434 730 perterrefacti
1456 695 1633 730 aufugerunt,
1649 703 1681 722 ac
1706 696 1770 721 reli-

985 746 1106 776 querunt
1134 740 1322 768 beatissimum
1343 740 1511 776 Stephanum
1544 749 1605 768 cum
1640 742 1770 769 omnibus

985 786 1159 816 Christianis,
1181 786 1225 820 qui
1254 793 1316 812 eum
1344 787 1430 813 secuti
1459 786 1579 814 fuerant.
1602 787 1695 821 Itaque
1725 788 1769 814 illa

986 831 1044 865 ipsa
1061 830 1127 857 hora
1145 830 1175 856 Β.
1196 829 1356 865 Stephanus
1379 830 1445 857 abiit
1463 838 1524 857 cum
1545 832 1672 858 omnibus
1693 832 1772 859 Chri-

987 876 1092 908 stianis,
1126 884 1194 911 quos
1227 884 1318 904 secum
1351 876 1479 909 habebat,
1509 876 1543 903 ad
1585 879 1770 904 coemctcrium

147 930 231 954 tuum.
247 923 295 958 qui
317 924 396 950 fidem
422 928 449 950 et
471 931 546 957 spem
573 931 650 950 suam
666 923 692 950 in
719 929 744 950 te
760 924 902 951 collucatit
924 933 930 951 ε
948 911 970 937 Β
989 922 1017 948 Β.
1033 921 1199 957 Lucilla:[al.
1213 921 1344 958 Lucinae].
1357 922 1403 950 ubi
1420 922 1514 949 multis
1527 922 1769 950 adhortationibus

146 970 192 998 sed
210 971 243 997 da
263 971 346 1003 vires,
364 970 431 996 utin
459 974 552 996 sancta
567 974 594 996 et
611 975 683 996 recta
697 970 869 996 confessione
886 975 930 996 tua

145 1022 333 1049 perseverem,
352 1014 483 1049 quoniam
505 1019 534 1041 tu
563 1022 593 1042 cs
620 1023 684 1049 spes
712 1023 782 1046 mea,
802 1015 851 1041 Fili
883 1015 931 1042 Dei

145 1059 207 1086 vivi.
236 1059 297 1086 Mox
325 1060 407 1094 jussit
442 1059 579 1095 Sapritius
609 1059 791 1088 Tcrtullinum
818 1061 845 1088 in
872 1066 931 1088 rota

145 1106 283 1140 suspendi.
304 1106 372 1133 Dum
387 1106 467 1141 igitur
481 1106 507 1133 in
525 1112 582 1133 rota
603 1107 736 1141 penderet
757 1107 854 1134 beatus
876 1108 933 1140 illc,

146 1151 263 1185 Spiritus
286 1153 374 1179 sancti
401 1152 534 1180 auxilium
561 1152 717 1180 invocabat.
745 1153 813 1180 Cum
842 1158 933 1180 autem

146 1198 232 1232 ipsius
246 1198 367 1225 animum
382 1206 414 1226 ac
437 1199 607 1234 propositum
624 1199 659 1225 ita
674 1199 780 1226 firmum
798 1203 824 1226 et
840 1199 935 1226 stabile

146 1244 259 1271 vidisset
284 1244 430 1279 Sapritius,
457 1249 486 1271 ut
509 1245 610 1272 moveri
633 1253 687 1272 non
716 1250 818 1280 posset,
844 1245 936 1272 retulit

147 1289 294 1316 Valeriano
306 1295 434 1325 tyranno,
448 1290 630 1317 Tertttliinttm
642 1291 725 1318 nullis
741 1291 835 1324 minis,
853 1291 936 1318 nullis

147 1336 397 1367 adhortationzbus,
427 1336 511 1362 nullis
538 1336 657 1371 denique
688 1336 859 1364 cruciatibus
892 1342 937 1363 aut

146 1382 282 1408 machinh~
298 1381 397 1408 adduci
415 1389 504 1416 posse,
520 1386 548 1408 ut
562 1382 603 1408 vel
615 1382 668 1408 diis
684 1382 814 1415 immolet,
830 1383 870 1409 vel
889 1383 938 1408 do-

146 1427 213 1455 mini
233 1428 274 1453 sui
304 1427 445 1454 facultates
461 1435 493 1454 ac
506 1427 635 1462 pecunias
647 1427 672 1454 in
685 1427 805 1454 medium
828 1428 936 1455 al‘l'erat.

146 1474 223 1502 Tunc
242 1473 400 1502 Valerianus
414 1475 577 1502 sententiam
603 1474 705 1507 ferens,
723 1475 802 1510 jussit
817 1475 941 1502 Tertulli-

147 1529 212 1548 num
220 1520 416 1548 oblruncari.E
426 1525 482 1548 rota
493 1520 573 1555 igitur
580 1521 834 1555 depositus,duclus
842 1527 883 1548 cst
892 1529 940 1556 per

147 1565 218 1592 viam
230 1565 354 1592 Latinam
363 1565 394 1591 ad
405 1565 554 1592 secundum
565 1566 640 1592 urbis
649 1565 835 1601 Iapidem,quo
844 1567 870 1593 in
881 1566 940 1594 loco

148 1611 199 1638 fuit
214 1611 305 1646 capite
317 1612 503 1638 obtruncatus.
518 1612 582 1645 Ejus
593 1616 684 1638 autem
697 1612 828 1647 reliquias
841 1612 868 1638 Β.
878 1613 924 1640 Ste
933 1628 940 1635 -

148 1657 257 1692 phanus
275 1657 393 1691 collegit,
419 1661 444 1684 et
458 1657 582 1691 sepelivit
595 1657 621 1684 in
642 1663 744 1693 crypta.
755 1666 814 1692 quae
827 1667 940 1686 atenosa

148 1702 265 1734 dicitur,
276 1703 363 1737 pridie
375 1702 507 1730 Kalendas
516 1704 630 1738 August.
642 1703 720 1739 [ϐοά.
730 1705 789 1731 Kal.
802 1705 939 1741 Augusti].

185 1748 257 1775 XVI.
274 1749 387 1776 Postero
404 1753 494 1776 autem
513 1749 557 1776 die
573 1749 735 1777 Valerianus
751 1750 824 1778 misit
840 1753 940 1778 cohor-

152 1800 216 1827 tem,
229 1803 291 1829 qua:
301 1795 410 1822 beatum
421 1795 577 1830 pontificem
590 1795 761 1830 Stephanum
774 1805 835 1824 cum
847 1799 940 1825 multis

151 1840 271 1871 clericis,
289 1841 457 1875 presbyteris
475 1849 507 1867 ac
533 1841 658 1868 diaeonis
679 1843 938 1877 comprehenderet.

150 1887 218 1915 Cum
235 1887 320 1923 igitur
332 1876 452 1922 pontiiex
463 1891 491 1914 et
505 1888 566 1921 ejus
580 1888 672 1915 clerici
688 1876 751 1916 cum
765 1897 798 1916 eo
811 1898 939 1925 compre-

154 1931 232 1958 hensi
246 1937 351 1963 οεδριιι,
371 1932 482 1966 plurimi
507 1932 656 1959 Christiani
681 1933 805 1968 lugentes
829 1944 843 1961 a
860 1935 940 1969 longe

152 1979 214 2005 illos
231 1978 427 2012 sequebantur.
441 1978 537 2005 l’ostt'a
554 1986 621 2006 vero
635 1987 718 2014 quant
736 1979 766 2006 Β.
785 1979 941 2015 Stephanus

150 2027 226 2061 jussu
248 2024 385 2051 Valeriani
401 2029 464 2052 ante
479 2024 565 2059 ipsius
582 2026 702 2052 tribunal
728 2027 806 2054 stetit
826 2036 832 2054 τ
850 2027 940 2060 Tune,

154 2071 242 2106 inquit
262 2070 472 2098 scelestissimus
493 2071 653 2106 imperator,
668 2079 698 2098 es
710 2072 754 2100 ille
772 2072 940 2107 Stephanus,

155 2118 199 2152 qui
213 2116 416 2152 rempublicam
431 2122 553 2144 nostram
570 2117 730 2151 perturbare
745 2125 777 2145 ac
792 2119 941 2147 dissolvere

157 2169 306 2198 aggressus
332 2169 373 2193 es,
392 2162 494 2196 quique
519 2162 642 2190 consiliis
659 2167 684 2190 et
716 2165 864 2199 prmstigiis
889 2168 942 2193 tuis

157 2209 255 2237 suades
264 2208 377 2244 populo,
393 2212 420 2234 ut
433 2216 448 2235 a
461 2208 573 2235 deorum
589 2208 662 2236 cultu
673 2209 827 2238 desciscat?
842 2212 941 2239 Adhzcc

983 968 1154 995 Christianos
1182 969 1387 1000 consolabatur,
1419 970 1493 1003 ipsos
1519 968 1635 995 hortans
1659 974 1687 995 et
1709 977 1772 995 cor«

985 1011 1129 1044 roborans,
1147 1020 1181 1039 ne
1200 1019 1376 1047 tyrannorum
1392 1013 1479 1039 minas
1495 1017 1665 1040 ettormeuta
1681 1014 1772 1040 fortui-

986 1058 1091 1089 darent,
1103 1065 1164 1084 cum
1179 1058 1378 1092 Dominusipse
1394 1058 1465 1084 d'cat
1484 1057 1593 1085 :Nolite
1611 1059 1703 1085 timere
1728 1067 1770 1086 eos

988 1104 1032 1136 qui
1045 1108 1153 1137 possunt
1168 1105 1286 1130 occidere
1304 1112 1408 1138 corpus,
1433 1104 1552 1130 animam
1569 1112 1628 1130 vero
1643 1112 1694 1130 non
1711 1114 1771 1139 pus-

986 1154 1045 1176 sunt
1062 1151 1178 1176 occidere
1198 1140 1308 1176 :tim‘cte
1322 1150 1408 1180 illum,
1431 1150 1474 1184 qui
1496 1155 1579 1183 potest
1605 1155 1628 1176 el
1654 1151 1772 1177 animant

987 1200 1010 1222 rt
1026 1203 1120 1229 corpus
1134 1196 1241 1229 perdere
1261 1197 1287 1222 in
1302 1196 1447 1230 grltettttum
1469 1196 1488 1222 ‘.
1507 1195 1553 1222 llis
1572 1196 1772 1223 adhortator“-

989 1242 1040 1268 hus
1069 1242 1158 1269 bonus
1184 1242 1227 1269 ille
1254 1246 1345 1276 pastor
1367 1241 1491 1276 proprias
1508 1234 1573 1268 oves
1595 1243 1773 1274 confirmans.

989 1288 1087 1314 obtulit
1102 1287 1210 1315 Christo
1223 1287 1278 1314 Deo
1291 1287 1473 1322 onmipotenti
1489 1287 1666 1314 oblationem.

1025 1334 1106 1361 XVll.
1123 1335 1157 1360 At
1176 1334 1274 1368 impius
1287 1324 1457 1365 Vale-ritimis,
1474 1342 1535 1361 cum
1551 1339 1578 1361 et
1593 1334 1685 1361 Martis
1708 1339 1774 1361 tern-

993 1381 1068 1415 plum
1088 1387 1214 1406 eversum
1236 1379 1331 1411 fuisse,
1354 1385 1382 1406 et
1407 1379 1626 1406 Christianorum
1652 1381 1775 1408 innititu-

992 1426 1082 1452 dinem
1106 1433 1167 1452 eum
1200 1425 1328 1460 pontifice
1359 1425 1497 1459 Stephano
1524 1433 1585 1452 esse
1610 1426 1771 1457 audivisset.

993 1472 1065 1497 misit
1084 1470 1183 1497 milites
1197 1470 1276 1505 longe
1297 1470 1390 1504 plures
1406 1470 1449 1497 his
1474 1478 1544 1505 quos
1557 1475 1636 1497 antca
1652 1471 1775 1498 miserat.

993 1518 1044 1550 Qui
1062 1526 1124 1544 cum
1144 1518 1294 1548 venissent,
1313 1517 1478 1543 invenerunt
1491 1517 1599 1544 beatum
1620 1518 1775 1552 ponliticcm

995 1563 1164 1598 Stephanum
1191 1563 1245 1588 Deo
1271 1562 1435 1589 sacrificium
1462 1562 1633 1590 offerentem.
1666 1564 1775 1592 Illorum

992 1614 1084 1636 autem
1097 1609 1216 1636 adventu
1229 1613 1340 1635 sanctus
1357 1608 1503 1642 episcopus
1518 1609 1586 1635 nihil
1603 1610 1778 1643 perturbatus

992 1660 1044 1688 est,
1070 1655 1116 1682 sed
1137 1655 1284 1689 tranquillo
1302 1659 1330 1681 et
1358 1655 1451 1689 quit-to
1478 1655 1570 1682 animo
1594 1655 1702 1682 Christo
1723 1657 1777 1684 Deo

993 1702 1156 1728 sacrificium
1172 1701 1281 1731 obtulit.
1306 1706 1387 1734 atque
1408 1700 1509 1727 ibidem
1525 1701 1615 1735 capite
1632 1702 1778 1729 obtrunca-

993 1753 1037 1774 tus
1055 1752 1108 1780 est,
1129 1752 1227 1782 quarto
1251 1747 1342 1774 Nonas
1372 1747 1497 1782 Augusti.
1526 1747 1673 1774 Christiani
1701 1757 1776 1780 vero,

991 1793 1036 1827 qui
1049 1798 1127 1820 erant
1139 1793 1203 1824 illic,
1213 1799 1314 1818 cumse
1330 1792 1375 1819 tali
1390 1797 1499 1826 pastore
1513 1793 1623 1820 orbatos
1635 1793 1776 1825 vidissent,

993 1839 1092 1866 multas
1109 1839 1239 1873 lacrymas
1257 1837 1425 1864 effuderunt.
1449 1838 1515 1872 Ejus
1531 1843 1624 1865 autem
1646 1846 1778 1866 veneran-

996 1885 1060 1911 dum
1082 1892 1183 1918 corpus
1218 1884 1245 1910 iu
1274 1884 1318 1910 illa
1344 1884 1439 1910 eadem
1460 1888 1553 1918 crypta
1579 1884 1777 1918 deposuerunt,

995 1930 1039 1957 ubi
1055 1935 1083 1957 et
1101 1931 1160 1965 ejus
1181 1931 1291 1964 sanguis
1309 1929 1412 1956 effusus
1436 1930 1534 1961 fuerat,
1556 1929 1582 1956 in
1610 1931 1652 1957 via
1678 1932 1777 1966 Appia,

994 1978 1020 2004 in
1035 1985 1087 2011 qua
1105 1982 1205 2012 martyr
1226 1977 1269 2003 illc
1282 1976 1366 2003 multa
1383 1983 1443 2002 cum
1460 1983 1525 2010 pare
1543 1977 1675 2010 requievit
1691 1978 1741 2012 (l).

1032 2023 1126 2051 XVlll.
1157 2024 1259 2051 Eodem
1287 2024 1330 2050 die
1366 2021 1466 2048 milites
1493 2021 1626 2049 idolorum
1657 2024 1778 2051 cultores

992 2071 1136 2098 diaconum
1167 2070 1204 2104 (2)
1225 2070 1368 2104 quemdam
1412 2072 1584 2108 invenerunt,
1611 2070 1777 2099 Tharsitium

993 2118 1116 2149 nomine.
1142 2117 1189 2151 qui
1214 2117 1389 2151 purissimum
1415 2118 1515 2144 Christi
1539 2125 1639 2152 corpus
1665 2117 1777 2144 ferebat.

993 2163 1269 2199 Comprehenderuut
1296 2163 1380 2198 igitur
1405 2163 1480 2190 illum
1507 2163 1608 2190 milites
1633 2171 1640 2190 :
1665 2171 1780 2198 cinoque

994 2213 1130 2239 curiosius
1148 2211 1182 2238 ab
1193 2219 1227 2238 eo
1243 2211 1422 2244 inquirerent,
1435 2211 1565 2245 quidnam
1578 2219 1671 2238 secum
1682 2211 1778 2241 ferret.

157 2259 266 2282 sanctus
281 2253 425 2288 cpiscopus
440 2253 596 2288 Stephanus
624 2255 765 2289 respondit
780 2265 787 2283 :
801 2256 855 2291 Ego
872 2265 943 2284 rem-
961 2261 980 2288 ο
996 2263 1023 2285 et
1038 2258 1096 2293 ipse
1111 2257 1252 2292 indignant
1268 2257 1403 2292 iudicaret
1419 2262 1482 2284 ante
1497 2264 1596 2292 porcos
1619 2257 1779 2292 margaritas

159 2302 294 2337 publicam
323 2308 379 2327 non
399 2300 541 2335 perturbo,
569 2300 616 2327 sed
644 2301 779 2329 admoneo
797 2307 825 2330 et
850 2304 944 2331 hortor

160 2355 251 2374 omnes
266 2346 403 2376 homines.
419 2350 449 2372 ut
463 2345 602 2372 derelictis
617 2346 801 2380 daemonibus,
817 2349 862 2382 qui
876 2350 944 2377 ado-

161 2397 252 2419 rantur
277 2391 305 2418 iu
322 2391 382 2418 iSIis
399 2391 497 2418 vestris
526 2391 616 2424 idolis,
634 2393 667 2419 ad
688 2400 782 2419 verum
815 2393 899 2421 Deum
914 2403 942 2422 se

160 2442 332 2466 convertant.
353 2437 434 2472 Ergo,
451 2437 539 2471 inquit
555 2437 728 2470 Valerianus,
743 2443 772 2465 tu
788 2439 881 2466 statim
898 2439 942 2466 in-

162 2483 338 2511 terficiendus
351 2491 391 2515 es,
415 2487 445 2509 ut
461 2483 507 2509 alii
527 2484 653 2518 exemplo
671 2488 718 2511 tuo
742 2486 940 2519 perterrefacti,

163 2530 322 2564 resipiscam
339 2533 368 2555 et
383 2530 485 2555 vlvant.
503 2527 550 2556 His
566 2529 660 2563 dictis,
674 2531 756 2566 jussit
771 2531 797 2558 in
810 2532 940 2566 templum

164 2575 249 2603 Martis
277 2575 446 2609 Stephanum
481 2575 637 2610 pontificem
673 2577 748 2608 duci,
777 2583 858 2612 atque
887 2577 943 2604 illic

166 2623 326 2650 sententiam
341 2622 374 2649 de
399 2622 444 2649 illo
472 2621 655 2656 p‘ronuntiari.
675 2623 779 2650 Ductus
800 2629 841 2650 est
861 2624 942 2658 igitur

213 2715 220 2729 ‘
239 2713 332 2740 Matth.
351 2721 375 2744 .v,
389 2713 436 2740 23.

200 2793 236 2829 (ι)
251 2791 390 2829 [διηοοά.
404 2800 418 2829 ἰ
437 2789 599 2829 Srpelierunt
611 2797 704 2829 corpus
727 2790 785 2823 ejus
806 2796 863 2829 curn
883 2788 941 2829 ipsa

168 2823 361 2861 sede’sangnine
384 2826 442 2859 ejus
462 2823 607 2861 tispersnrt’n
623 2826 713 2851 eadem
728 2829 830 2858 crypta,
848 2823 876 2849 in
888 2823 942 2848 loco

168 2866 207 2898 qui
220 2860 314 2890 dicitur
327 2862 510 2898 Cwntctcriunt
526 2860 628 2898 Culistj.
646 2869 654 2884 ι

203 2901 236 2933 t2)
256 2898 313 2924 Lat.
333 2897 392 2923 cod.
411 2895 572 2921 nudat/mm.
590 2894 655 2920 Nam
672 2902 725 2921 nun
740 2893 872 2920 acolttthis
885 2898 944 2920 tan-

321 2944 458 2973 Ρηιιοι..
475 2943 531 2971 (.Zu.
552 2943 636 2973 CIV.

997 2303 1140 2337 projicere,
1157 2302 1229 2328 nulla
1249 2302 1352 2329 ratione
1370 2301 1467 2328 adduci
1484 2301 1582 2335 potuit,
1598 2305 1627 2327 ιιι
1639 2301 1780 2327 sanctissi-

997 2355 1071 2375 mum
1089 2354 1121 2374 ac
1142 2347 1318 2381 purissimum
1337 2350 1537 2373 sacramentum
1555 2345 1668 2379 impuris
1690 2345 1779 2372 homi—

997 2394 1077 2421 nibus
1092 2394 1236 2420 revelarct.
1257 2392 1345 2427 Virgis
1364 2391 1445 2426 igitur
1466 2396 1493 2417 et
1510 2391 1645 2425 lapidibus
1660 2399 1780 2425 eousque

996 2439 1164 2467 Tltarsitium
1186 2439 1381 2468 contuderunt,
1401 2437 1489 2471 quoad
1505 2436 1643 2472 _spiritum
1670 2436 1779 2464 efﬂavit.

995 2485 1064 2513 Cum
1084 2493 1148 2511 \ero
1162 2485 1222 2519 ejus
1236 2492 1335 2519 corpus
1353 2485 1479 2510 exanime
1496 2490 1544 2517 per
1559 2486 1659 2509 terram
1674 2483 1779 2510 voluta-

997 2537 1084 2562 retur.
1100 2531 1202 2558 curiosi
1218 2535 1246 2557 et
1262 2530 1388 2565 sacrilegi
1405 2529 1505 2557 milites
1521 2537 1609 2563 neque
1633 2530 1684 2556 sub
1707 2529 1779 2556 ulnis

998 2578 1067 2604 intra
1082 2577 1212 2608 manicas,
1228 2584 1315 2610 neque
1330 2576 1381 2603 sub
1396 2575 1517 2603 vestibus
1531 2575 1633 2610 aliquid
1656 2574 1780 2600 inveniro

1000 2626 1158 2657 potuerunt.
1174 2622 1278 2650 Relicto
1292 2622 1373 2656 igitur
1397 2622 1446 2654 sic,
1476 2627 1506 2649 ut
1530 2626 1600 2650 erat.
1625 2620 1780 2647 venerando

999 2793 1066 2818 tum.
1085 2788 1131 2815 sed
1147 2794 1174 2815 et
1192 2789 1268 2816 laicis
1291 2789 1353 2816 olim
1368 2790 1557 2824 persecutione
1587 2795 1700 2823 urgente
1715 2797 1781 2816 con-

997 2830 1102 2884 cessunft
1117 2828 1175 2851 erat
1194 2829 1334 2859 acceptam
1351 2824 1378 2851 in
1393 2825 1510 2852 Ecclesia
1525 2824 1720 2852 Eucharistiam
1731 2826 1784 2852 do-

997 2865 1070 2884 mum
1097 2866 1166 2884 orre.

997 2865 1070 2884 tuum
1087 2865 1166 2886 terre.

1608 2943 1641 2974 17
