2024 3153
257 166 312 196 523

883 163 1026 195 MENSIS
1045 166 1256 199 AUGUSTUS.

1830 176 1885 208 εει

256 223 306 250 illo
325 220 454 249 Tharsitii
470 227 596 254 corpore,
615 218 699 245 multo
716 226 776 245 cum
800 223 910 253 stupore
932 219 1043 255 aufuge-
1061 222 1081 252 Α
1095 224 1208 251 οιίεεῖῃιὶ
1224 224 1356 260 Stephani
1374 226 1510 260 pontiﬁcis
1523 231 1551 255 ει
1569 227 1695 263 martyris
1709 229 1811 264 locum,
1830 231 1884 259 xi-

257 273 334 301 runt,
346 272 374 295 et
388 267 421 294 ad
436 266 531 301 Appia:
547 265 596 292 vim
612 269 718 300 portam
737 265 889 297 venientes.
904 265 1039 292 Christia-

257 320 305 340 nos
313 311 412 340 multos
428 311 601 338 invenerunt.
616 309 674 336 Mox
692 309 836 337 Valeriano
849 317 906 337 rem
929 318 1038 338 omnem

255 366 417 394 exposuere.
433 357 480 384 lllo
496 361 587 384 autern
604 357 663 391 ipso
683 357 726 383 dic
742 355 889 384 Christiani
906 365 1039 384 veneran-

256 404 320 436 dum
335 403 444 439 gloriosi
460 402 586 438 martyris
600 401 729 429 Tharsitii
744 409 844 437 corpus
869 402 896 429 in
911 408 1040 431 coemete-

257 450 297 476 rio
315 449 409 477 Calisti
437 449 523 476 invia
550 448 638 483 Appia
665 448 863 483 deposuerunt.
892 448 957 477 Post
984 449 1041 477 haec

255 495 474 523 Christianorum
495 495 616 522 Ecclesia
632 494 659 521 in
678 502 762 521 unum
777 495 902 527 collecta,
929 495 956 522 in
974 503 1039 522 san-

1095 275 1165 297 stum
1185 271 1313 299 Romana:
1329 272 1406 300 urbis
1418 274 1576 308 episcopum
1588 275 1795 303 constituerunt
1807 284 1884 305 nono

1095 318 1233 345 Kalendas
1252 318 1389 353 Septemb.
1407 320 1488 346 tertio
1515 327 1588 348 anno
1608 320 1758 354 Valeriani,
1773 327 1802 350 et
1818 322 1884 351 Gal-

1094 363 1158 390 lieni
1174 365 1294 392 secundo
1307 364 1344 401 (3)
1362 373 1368 392 :
1386 365 1412 392 in
1425 365 1503 393 nobis
1518 370 1608 394 autem
1620 373 1752 402 regnante
1764 369 1884 397 Domino

1095 415 1190 437 nostro
1208 410 1273 437 Jesu
1293 410 1404 438 Christo
1421 420 1428 438 :
1455 412 1496 438 cui
1516 412 1552 439 sit
1572 412 1657 448 gloria
1677 419 1705 441 et
1734 414 1882 450 imperium

1095 464 1170 484 nunc
1184 461 1211 484 et
1223 464 1344 492 semper,
1360 462 1388 485 et
1399 458 1427 485 in
1442 458 1540 486 saccula
1557 460 1732 487 saeculorum.
1744 462 1832 488 Amen

294 588 474 630 (5.)‘Mertdum
493 590 538 617 hic
552 590 693 625 irrepsisse
707 590 765 618 vult
778 590 909 618 Baronius
923 598 995 618 anno
1015 590 1069 618 260
1086 593 1300 628 ponendumque
1328 601 1430 621 annum
1447 594 1579 622 Valeriani
1609 601 1734 630 quartum
1762 601 1789 624 et
1819 595 1884 623 Cal-

256 622 320 650 licni
338 625 460 653 tertium.

258 722 1870 743 Μ

858 820 1294 880 ΜΑΡΤΥΡΙΟΝ

536 936 650 978 ΤΟΥ
687 935 855 978 ΑΓΙΟΥ
892 930 1280 979 ΠΑΝΕΝΔΟΞΟΥ
1317 934 1607 979 ΜΑΡΤΥΡΟΣ

881 1033 1255 1100 ΕΥΠΛΟΥ.

850 1253 1289 1312 MARTYRIUM

451 1380 656 1425 SANCTI
721 1379 1305 1433 GLORIOSISSIMIQUE
1376 1378 1684 1424 MARTYRIS

911 1491 1225 1569 EUPLI.

481 1627 521 1659 (12
532 1625 649 1658 Augusti.
662 1639 691 1644 —
704 1626 738 1650 Ex
755 1625 924 1650 monumentis
935 1624 1004 1649 Eccl.
1015 1625 1108 1651 Graecae
1124 1625 1195 1650 Joan.
1214 1624 1283 1655 Bapt.
1299 1624 1429 1656 Cotelerti,
1443 1627 1506 1650 tom.
1522 1625 1540 1654 Ι,
1557 1632 1581 1657 p.
1596 1625 1662 1656 194.)

288 1797 309 1825 Ι.
330 1793 512 1830 Temporibus
527 1791 686 1818 Diot-letiani
700 1796 728 1818 et
745 1790 899 1817 Maximiani
917 1790 1034 1824 impera

1124 1787 1163 1815 A'.
1177 1788 1255 1814 Κατὰ
1270 1787 1333 1819 τοὺς
1348 1788 1459 1821 καιροὺς
1473 1788 1664 1824 Διοκλητιανοῦ
1679 1791 1724 1817 καὶ
1737 1791 1878 1828 Μαξιμια-

252 1848 352 1872 torum.
370 1845 462 1868 tantus
473 1837 622 1866 idololatris
631 1837 721 1864 fervor
730 1835 868 1863 insederat
879 1843 926 1870 per
941 1842 1035 1862 omnes

250 1879 377 1924 regiones
387 1891 414 1914 et
430 1885 544 1916 insulas,
559 1889 587 1910 ut
602 1882 674 1910 idola
690 1886 789 1909 cuncta
803 1880 1036 1916 erigerentMise—

250 1937 315 1960 runt
329 1936 420 1959 autem
439 1931 620 1965 imperatores
640 1927 784 1963 quemdam
798 1927 909 1954 nomine
936 1927 1035 1953 Penta-

247 1985 346 2014 gurum
364 1977 391 2004 in
408 1976 476 2003 lines
491 1974 640 2010 provinciae
660 1973 769 2005 Siciliae,
787 1973 833 2007 qui
849 1973 938 1999 omnia
954 1972 1034 2006 ~idola

243 2025 375 2060 erigeret,
393 2022 566 2050 Christianos
583 2028 648 2048 vero
663 2020 775 2055 impune
791 2019 962 2054 disperderet
974 2026 1034 2053 gra-

245 2071 383 2104 vibusque
410 2072 549 2103 torqueret
559 2067 714 2102 suppliciis.
740 2066 777 2094 Ut
789 2073 853 2101 ergo
865 2065 989 2101 pervenit
1001 2065 1035 2092 ad

244 2116 378 2143 Catanam
392 2114 541 2147 civitatem,
558 2113 729 2140 Calvisianus
741 2112 774 2139 de
782 2119 864 2139 more
876 2112 948 2146 plebi
961 2111 1035 2139 urbis

247 2162 378 2196 praecepit
402 2159 509 2187 obviam
527 2158 637 2193 prodire
657 2158 682 2185 ei
698 2158 744 2192 qui
763 2158 797 2185 ab
825 2157 1035 2192 imperatoribus

248 2209 348 2236 missus
360 2208 462 2234 fuerat.
476 2206 514 2233 Ea
527 2205 628 2241 quippe
642 2205 784 2240 gentilium
798 2204 969 2232 consuetudo
983 2208 1034 2231 est.

247 2255 281 2282 Et
295 2255 435 2290 ingressus
453 2257 496 2280 est
509 2250 717 2287 Pentagurusin
738 2251 844 2278 urbem.
859 2249 936 2277 Tunc
955 2250 1036 2285 jussit

247 2301 419 2330 Calvisianus
447 2298 567 2326 tribunal
598 2305 677 2325 suum
697 2297 828 2324 constitui
846 2296 874 2324 iu
900 2297 960 2324 loco
989 2296 1034 2331 qui

247 2347 381 2375 Achillius
406 2346 577 2382 appellatur;
593 2345 627 2372 ad
652 2343 710 2371 hac
733 2350 872 2379 pracones
887 2343 958 2370 mitti
987 2349 1035 2377 per

248 2394 350 2429 plateas
364 2393 492 2424 civitatis,
508 2400 564 2427 quo
588 2391 708 2419 universi
734 2391 924 2418 convenirent.

285 2521 319 2548 ll.
345 2521 428 2557 Igitur
441 2528 502 2547 cum
515 2520 684 2556 Pentagurus
699 2520 727 2548 in
746 2520 882 2548 diabolica
899 2528 949 2548 suo
964 2521 1034 2548 solio

247 2569 355 2595 sederet
380 2574 433 2594 una
459 2574 521 2594 cum
553 2566 718 2599 Calvisiano,
743 2567 889 2594 universus
917 2567 1035 2602 populus

245 2617 426 2650 congregatus
439 2618 481 2641 est;
495 2617 557 2641 ante
570 2613 689 2641 tribunal
707 2621 812 2641 eorum.
841 2612 922 2640 Tunc
933 2613 1033 2640 Penta-

245 2668 328 2695 gurus
354 2659 512 2695 postulavit,
530 2659 572 2687 his
598 2659 631 2686 ad
649 2659 833 2687 Calvisianum
848 2658 939 2685 verbis
955 2665 1031 2684 usus:

245 2706 328 2734 lstine
342 2714 438 2734 omnes
460 2705 573 2733 deorum
588 2710 746 2733 nostrorum
760 2705 920 2740 religionem
937 2704 1031 2731 obser-

243 2753 330 2780 vant?
347 2752 501 2788 Respondit.
524 2752 698 2779 Calvisianus
724 2751 783 2778 sic:
802 2749 900 2777 Cuncti
914 2749 942 2776 hi
958 2757 1029 2784 quos

243 2798 332 2832 pietas
360 2801 406 2824 tua
436 2796 588 2832 conspicit,
613 2796 726 2823 deorum
756 2799 914 2822 nostrorum
943 2794 1028 2822 cultui

243 2843 328 2870 dediti
343 2846 417 2870 sunt.
441 2842 507 2875 Quae
532 2846 675 2876 postquam
703 2839 806 2868 audivit
822 2847 836 2866 a
860 2839 1026 2874 Calvisiano,

238 2886 338 2914 turbas
356 2885 436 2917 iussit
451 2886 562 2914 dimitti.
592 2885 693 2913 Deinde
715 2885 883 2920 Pentagurus
904 2886 1023 2914 edictum

1089 1833 1134 1859 νοῦ
1149 1833 1203 1859 τῶν
1222 1832 1368 1868 βασιλέων,
1385 1834 1507 1865 τοιοῦτος
1522 1834 1606 1870 θυμοί
1619 1837 1652 1870 τῇ
1667 1837 1879 1875 είδωλολατρεῖᾳ

1088 1878 1198 1912 ἐγένετο
1212 1877 1274 1904 καθ’
1288 1878 1408 1913 ἑκάστην
1424 1878 1516 1914 χώραν
1529 1881 1576 1905 καὶ
1593 1881 1683 1914 νῆσον,
1701 1881 1771 1908 ὥστε
1787 1885 1878 1911 πάντα

1086 1925 1120 1951 τὰ
1133 1924 1230 1951 εἴδωλα
1243 1924 1391 1959 ἐξεγεῖραι.
1410 1925 1590 1953 ’Λπέστειλαν
1601 1927 1629 1953 δὲ
1645 1928 1668 1953 οἱ
1681 1928 1803 1962 βασιλεῖς
1817 1939 1877 1957 τινα

1086 1971 1197 2005 ὀνόματι
1222 1971 1412 2005 Πεντάγουρον
1430 1972 1460 1998 ὲν
1480 1973 1536 2003 τοῖς
1562 1972 1647 2007 ὁρίοις
1671 1975 1720 2009 τῆς
1741 1976 1877 2011 ἐπαρχίας

1087 2017 1225 2050 Σικελίας,
1254 2018 1343 2044 πάντα
1367 2018 1402 2045 τὰ
1433 2018 1530 2045 εἴδωλα
1557 2019 1715 2056 ἐξεγεῖραι,
1739 2023 1787 2050 καὶ
1813 2025 1876 2056 τοὺς

1086 2063 1266 2098 Χριστιανοὺς
1276 2063 1371 2095 ἀθώως
1380 2063 1550 2099 ἀναλωθῆναι
1563 2067 1609 2092 καὶ
1619 2067 1718 2099 δειναῖς
1729 2071 1876 2104 τιμωρίαις

1088 2107 1296 2143 βασανισθῆναι.
1318 2109 1361 2141 Ὠς
1378 2109 1406 2136 δὲ
1421 2109 1539 2144 ἔφθασεν
1557 2112 1585 2138 ὲν
1601 2114 1633 2148 τῇ
1649 2113 1760 2141 Κατανα
1772 2125 1810 2143 ων
1827 2118 1878 2145 πό-

1086 2152 1127 2179 λει
1139 2174 1146 2185 ,
1169 2154 1241 2180 κατὰ
1263 2154 1293 2180 τὸ
1311 2154 1405 2185 ειωθὺς
1425 2155 1570 2183 ἐκέλευσεν
1585 2159 1598 2184 ὁ
1615 2158 1798 2192 Καλϐισιανὸς
1818 2164 1877 2194 τοῖς

1086 2198 1174 2233 ὄχλοις
1182 2199 1232 2233 τῆς
1243 2199 1347 2231 πόλεως
1357 2200 1508 2236 ἀπάντησιν
1523 2203 1686 2237 ποιήσασθαι
1698 2205 1745 2231 τοῦ
1756 2206 1877 2235 ἀποστα-

1085 2245 1176 2277 λέντος
1193 2245 1244 2272 ὑπὸ
1257 2246 1311 2272 τῶν
1327 2245 1472 2281 βασιλέων,
1486 2247 1523 2278 ὡς
1536 2248 1597 2280 ἔθος
1609 2247 1642 2285 ἦν
1653 2250 1708 2277 τῶν
1727 2251 1877 2288 Ἑλλήνων,

1087 2292 1142 2318 Καὶ
1156 2293 1280 2328 εἰσῆλθεν
1293 2294 1307 2319 ὁ
1329 2294 1517 2328 Πεντὰγουρος
1531 2295 1559 2321 ὲν
1574 2296 1609 2330 τῇ
1629 2296 1717 2324 πόλει.
1731 2298 1798 2325 Τότε
1814 2301 1877 2327 ἐκέ-

1086 2338 1182 2365 λευσεν
1200 2340 1214 2365 ὁ
1229 2338 1410 2371 Καλϐισιανὸς
1427 2339 1458 2366 τὸ
1473 2340 1651 2376 τριϐωνάλιον
1666 2343 1748 2370 αὐτοῦ
1763 2346 1876 2381 τεθῆναι

1087 2385 1116 2411 ἑν
1133 2384 1172 2420 τῷ
1185 2385 1260 2420 τόπῳ
1278 2386 1316 2421 τῷ
1337 2386 1479 2421 λεγομένῳ
1503 2387 1639 2423 Ἀχιλλίῳ.
1659 2389 1714 2416 Καὶ
1729 2391 1875 2420 ἐκέλευσεν

1087 2429 1210 2464 κήρυκας
1221 2430 1406 2466 ἀποσταλῆναι
1418 2432 1488 2458 κατὰ
1499 2433 1548 2465 τὰς
1558 2433 1689 2466 πλατείας
1696 2435 1745 2469 τῆς
1757 2437 1875 2472 πόλεως,

1049 2471 1070 2501 C
1086 2473 1156 2500 ὥστε
1169 2475 1272 2507 πάντας
1282 2477 1517 2512 συναθροισθῆναι.

1121 2519 1159 2546 B'.
1171 2520 1236 2546 Τότε
1252 2521 1266 2547 ὁ
1282 2521 1469 2556 Πεντὰγουρος
1482 2523 1629 2556 καθεσθεὶς
1638 2526 1668 2553 ὲν
1678 2526 1717 2559 τῷ
1725 2527 1876 2565 διαὸολικῷ

1085 2567 1167 2593 αὐτοῦ
1182 2567 1270 2602 Θρὸνῳ
1291 2569 1341 2595 σὺν
1356 2569 1394 2603 τῷ
1410 2569 1598 2606 Καλϐισιανῷ,
1616 2573 1798 2611 συνηθροίσθη
1819 2578 1875 2608 πᾶς

1084 2613 1097 2639 ὸ
1113 2612 1175 2644 λαὸς
1188 2612 1342 2648 ἔμπροσθεν
1353 2614 1400 2640 τοῦ
1409 2615 1531 2650 βήματος
1542 2617 1641 2644 αὐτῶν.
1654 2619 1719 2646 Τότε
1729 2620 1823 2647 ἰκέλευ
1831 2630 1875 2649 sev

1083 2658 1097 2684 ὁ
1125 2658 1326 2694 Πεντὰγυυρος,
1351 2659 1438 2693 λέγων
1465 2661 1534 2696 πρὸς
1563 2662 1761 2691 Καλσισιανόν·
1791 2664 1874 2695 Οὗτοι

1084 2703 1186 2734 πάντες
1205 2704 1256 2739 τὴν
1271 2704 1326 2730 τῶν
1341 2705 1409 2731 Θεῶν
1424 2706 1503 2740 ἡμῶν
1527 2707 1658 2742 λατρείαν
1684 2711 1872 2746 ὲπιτελοῦσιν;

1088 2748 1261 2783 Ἀποκριθεὶς
1281 2749 1308 2776 δὲ
1324 2750 1337 2776 ὸ
1354 2751 1533 2784 Καλϐισιανδς
1548 2751 1642 2781 εἷπεν²
1660 2755 1779 2788 Τούτους
1801 2759 1872 2784 πάνο

1081 2801 1132 2825 τας
1141 2793 1187 2825 οὓς
1201 2794 1331 2830 καθορᾷή
1345 2795 1380 2830 σὴ
1390 2796 1515 2824 εὐσέϐεια
1525 2798 1574 2834 τὴν
1586 2799 1640 2826 τῶν
1653 2800 1722 2827 θεῶν
1731 2802 1812 2835 ἡμῶν
1823 2803 1873 2829 λα-

1081 2839 1173 2875 τρείαν
1183 2840 1365 2868 ἐπιτελοῦσιν.
1379 2841 1472 2870 Ταῦτα
1481 2843 1509 2870 δὲ
1520 2844 1642 2877 ἀκούσας
1653 2846 1705 2873 ὑπὸ
1719 2848 1872 2876 Kcmaxim-

1081 2886 1140 2920 νοῦ,
1153 2887 1279 2915 ἐκέλευσε
1295 2888 1359 2922 τοὺς
1373 2889 1470 2925 ὃχλοὺς
1486 2891 1668 2927 ἀπολυθῆναι.
1684 2895 1753 2922 Τότε
1772 2897 1786 2922 ὁ
1800 2897 1870 2924 Πεν-
