  <div class='ocr_page' id='page_1' title='image "/cluster/home/n/w/nwhite01/storage/ocr_20150623/115/njp.32101077772976/313.png"; bbox 0 0 2034 3152; ppageno 0'>
   <div class='ocr_carea' id='block_1_1' title="bbox 243 166 292 198">
    <p class='ocr_par' dir='ltr' id='par_1_1' title="bbox 243 166 292 198">
     <span class='ocr_line' id='line_1_1' title="bbox 243 166 292 198; baseline -0.02 0"><span class='ocrx_word' id='word_1_1' title='bbox 243 166 292 198; x_wconf 83' lang='grc'><strong>531</strong></span> 
     </span>
    </p>
   </div>
   <div class='ocr_carea' id='block_1_2' title="bbox 873 173 1248 206">
    <p class='ocr_par' dir='ltr' id='par_1_2' title="bbox 873 173 1248 206">
     <span class='ocr_line' id='line_1_2' title="bbox 873 173 1248 206; baseline 0.008 -4"><span class='ocrx_word' id='word_1_2' title='bbox 873 173 1016 204; x_wconf 85' lang='lat' dir='ltr'><strong>MENSIS</strong></span> <span class='ocrx_word' id='word_1_3' title='bbox 1034 174 1248 206; x_wconf 78' lang='lat' dir='ltr'><strong>AUGUSTUS.</strong></span> 
     </span>
    </p>
   </div>
   <div class='ocr_carea' id='block_1_3' title="bbox 1817 177 1867 209">
    <p class='ocr_par' dir='ltr' id='par_1_3' title="bbox 1817 177 1867 209">
     <span class='ocr_line' id='line_1_3' title="bbox 1817 177 1867 209; baseline -0.02 -1"><span class='ocrx_word' id='word_1_4' title='bbox 1817 177 1867 209; x_wconf 61' lang='lat'><strong>599.</strong></span> 
     </span>
    </p>
   </div>
   <div class='ocr_carea' id='block_1_4' title="bbox 242 221 1868 265">
    <p class='ocr_par' dir='ltr' id='par_1_4' title="bbox 242 221 1868 265">
     <span class='ocr_line' id='line_1_4' title="bbox 242 221 1868 265; baseline 0.009 -19"><span class='ocrx_word' id='word_1_5' title='bbox 242 227 269 248; x_wconf 71' lang='lat' dir='ltr'><strong>et</strong></span> <span class='ocrx_word' id='word_1_6' title='bbox 284 221 420 249; x_wconf 77' lang='lat' dir='ltr'><strong>cncomia.</strong></span> <span class='ocrx_word' id='word_1_7' title='bbox 447 223 571 256; x_wconf 79' lang='lat' dir='ltr'><strong>QuOrum</strong></span> <span class='ocrx_word' id='word_1_8' title='bbox 585 225 705 254; x_wconf 76' lang='lat' dir='ltr'><strong>narratio</strong></span> <span class='ocrx_word' id='word_1_9' title='bbox 717 234 772 254; x_wconf 90' lang='lat' dir='ltr'><strong>non</strong></span> <span class='ocrx_word' id='word_1_10' title='bbox 790 227 841 254; x_wconf 87' lang='lat' dir='ltr'><strong>erit</strong></span> <span class='ocrx_word' id='word_1_11' title='bbox 863 228 944 254; x_wconf 87' lang='lat' dir='ltr'><strong>nobis</strong></span> <span class='ocrx_word' id='word_1_12' title='bbox 967 229 1028 255; x_wconf 83' lang='lat' dir='ltr'><strong>abs-</strong></span> <span class='ocrx_word' id='word_1_13' title='bbox 1044 231 1067 259; x_wconf 76' lang='grc' dir='ltr'><strong>Δ</strong></span> <span class='ocrx_word' id='word_1_14' title='bbox 1081 229 1142 258; x_wconf 76' lang='lat' dir='ltr'><strong>Are.</strong></span> <span class='ocrx_word' id='word_1_15' title='bbox 1168 231 1255 264; x_wconf 74' lang='lat' dir='ltr'><strong>gratia</strong></span> <span class='ocrx_word' id='word_1_16' title='bbox 1281 229 1372 262; x_wconf 80' lang='lat' dir='ltr'><strong>plena,</strong></span> <span class='ocrx_word' id='word_1_17' title='bbox 1401 230 1500 265; x_wconf 81' lang='lat' dir='ltr'><strong>inquit,</strong></span> <span class='ocrx_word' id='word_1_18' title='bbox 1527 230 1653 258; x_wconf 69' lang='lat' dir='ltr'><strong>Dominus</strong></span> <span class='ocrx_word' id='word_1_19' title='bbox 1681 236 1776 259; x_wconf 75' lang='lat' dir='ltr'><strong>tecum.</strong></span> <span class='ocrx_word' id='word_1_20' title='bbox 1794 233 1868 260; x_wconf 90' lang='lat' dir='ltr'><strong>Con-</strong></span> 
     </span>
    </p>
   </div>
   <div class='ocr_carea' id='block_1_5' title="bbox 242 266 1029 307">
    <p class='ocr_par' dir='ltr' id='par_1_5' title="bbox 242 266 1029 307">
     <span class='ocr_line' id='line_1_5' title="bbox 242 266 1029 307; baseline 0.009 -15"><span class='ocrx_word' id='word_1_21' title='bbox 242 275 294 300; x_wconf 87' lang='lat' dir='ltr'><strong>quc</strong></span> <span class='ocrx_word' id='word_1_22' title='bbox 318 266 369 293; x_wconf 81' lang='lat' dir='ltr'><strong>fide</strong></span> <span class='ocrx_word' id='word_1_23' title='bbox 385 266 474 302; x_wconf 79' lang='lat' dir='ltr'><strong>dignis</strong></span> <span class='ocrx_word' id='word_1_24' title='bbox 488 269 613 302; x_wconf 88' lang='lat' dir='ltr'><strong>testibus,</strong></span> <span class='ocrx_word' id='word_1_25' title='bbox 640 279 691 298; x_wconf 91' lang='lat' dir='ltr'><strong>nec</strong></span> <span class='ocrx_word' id='word_1_26' title='bbox 706 275 830 298; x_wconf 77' lang='lat' dir='ltr'><strong>sumetur</strong></span> <span class='ocrx_word' id='word_1_27' title='bbox 847 280 880 298; x_wconf 81' lang='lat' dir='ltr'><strong>ex</strong></span> <span class='ocrx_word' id='word_1_28' title='bbox 905 273 1029 307; x_wconf 85' lang='lat' dir='ltr'><strong>personis</strong></span> 
     </span>
    </p>
   </div>
   <div class='ocr_carea' id='block_1_6' title="bbox 242 312 1029 352">
    <p class='ocr_par' dir='ltr' id='par_1_6' title="bbox 242 312 1029 352">
     <span class='ocr_line' id='line_1_6' title="bbox 242 312 1029 352; baseline 0.009 -15"><span class='ocrx_word' id='word_1_29' title='bbox 242 312 431 346; x_wconf 70' lang='lat' dir='ltr'><strong>quibuslibet:</strong></span> <span class='ocrx_word' id='word_1_30' title='bbox 448 314 495 341; x_wconf 90' lang='lat' dir='ltr'><strong>sed</strong></span> <span class='ocrx_word' id='word_1_31' title='bbox 525 322 606 349; x_wconf 89' lang='lat' dir='ltr'><strong>quam</strong></span> <span class='ocrx_word' id='word_1_32' title='bbox 628 316 689 350; x_wconf 90' lang='lat' dir='ltr'><strong>viri,</strong></span> <span class='ocrx_word' id='word_1_33' title='bbox 705 317 805 351; x_wconf 86' lang='lat' dir='ltr'><strong>quibus</strong></span> <span class='ocrx_word' id='word_1_34' title='bbox 829 317 888 352; x_wconf 81' lang='lat' dir='ltr'><strong>jure</strong></span> <span class='ocrx_word' id='word_1_35' title='bbox 916 318 1029 344; x_wconf 73' lang='lat' dir='ltr'><strong>eroden-</strong></span> 
     </span>
    </p>
   </div>
   <div class='ocr_carea' id='block_1_7' title="bbox 241 357 1030 397">
    <p class='ocr_par' dir='ltr' id='par_1_7' title="bbox 241 357 1030 397">
     <span class='ocr_line' id='line_1_7' title="bbox 241 357 1030 397; baseline 0.009 -14"><span class='ocrx_word' id='word_1_36' title='bbox 241 357 305 383; x_wconf 88' lang='lat' dir='ltr'><strong>dutn</strong></span> <span class='ocrx_word' id='word_1_37' title='bbox 318 362 394 385; x_wconf 88' lang='lat' dir='ltr'><strong>estet</strong></span> <span class='ocrx_word' id='word_1_38' title='bbox 405 358 452 393; x_wconf 86' lang='lat' dir='ltr'><strong>qui</strong></span> <span class='ocrx_word' id='word_1_39' title='bbox 465 359 545 387; x_wconf 86' lang='lat' dir='ltr'><strong>simul</strong></span> <span class='ocrx_word' id='word_1_40' title='bbox 559 367 620 387; x_wconf 91' lang='lat' dir='ltr'><strong>cum</strong></span> <span class='ocrx_word' id='word_1_41' title='bbox 635 361 758 389; x_wconf 77' lang='lat' dir='ltr'><strong>doctrina</strong></span> <span class='ocrx_word' id='word_1_42' title='bbox 773 363 908 397; x_wconf 77' lang='lat' dir='ltr'><strong>egregiam</strong></span> <span class='ocrx_word' id='word_1_43' title='bbox 923 370 1030 397; x_wconf 76' lang='lat' dir='ltr'><strong>quoque</strong></span> 
     </span>
    </p>
   </div>
   <div class='ocr_carea' id='block_1_8' title="bbox 245 403 1029 444">
    <p class='ocr_par' dir='ltr' id='par_1_8' title="bbox 245 403 1029 444">
     <span class='ocr_line' id='line_1_8' title="bbox 245 403 1029 444; baseline 0.008 -15"><span class='ocrx_word' id='word_1_44' title='bbox 245 403 325 431; x_wconf 83' lang='lat' dir='ltr'><strong>vitam</strong></span> <span class='ocrx_word' id='word_1_45' title='bbox 340 405 501 438; x_wconf 89' lang='lat' dir='ltr'><strong>attulerunt,</strong></span> <span class='ocrx_word' id='word_1_46' title='bbox 515 405 661 442; x_wconf 77' lang='lat' dir='ltr'><strong>diligenter</strong></span> <span class='ocrx_word' id='word_1_47' title='bbox 677 413 909 442; x_wconf 87' lang='lat' dir='ltr'><strong>composuerunt;</strong></span> <span class='ocrx_word' id='word_1_48' title='bbox 926 408 1029 444; x_wconf 85' lang='lat' dir='ltr'><strong>Grego-</strong></span> 
     </span>
    </p>
   </div>
   <div class='ocr_carea' id='block_1_9' title="bbox 244 449 1030 487">
    <p class='ocr_par' dir='ltr' id='par_1_9' title="bbox 244 449 1030 487">
     <span class='ocr_line' id='line_1_9' title="bbox 244 449 1030 487; baseline 0.005 -12"><span class='ocrx_word' id='word_1_49' title='bbox 244 449 312 481; x_wconf 90' lang='lat' dir='ltr'><strong>rius,</strong></span> <span class='ocrx_word' id='word_1_50' title='bbox 327 450 448 484; x_wconf 87' lang='lat' dir='ltr'><strong>inquam,</strong></span> <span class='ocrx_word' id='word_1_51' title='bbox 472 451 622 487; x_wconf 82' lang='lat' dir='ltr'><strong>Nyssenus,</strong></span> <span class='ocrx_word' id='word_1_52' title='bbox 642 453 807 481; x_wconf 77' lang='lat' dir='ltr'><strong>Athanasius</strong></span> <span class='ocrx_word' id='word_1_53' title='bbox 822 454 1030 486; x_wconf 78' lang='lat' dir='ltr'><strong>Alexandrinus,</strong></span> 
     </span>
    </p>
   </div>
   <div class='ocr_carea' id='block_1_10' title="bbox 242 493 1032 534">
    <p class='ocr_par' dir='ltr' id='par_1_10' title="bbox 242 493 1032 534">
     <span class='ocr_line' id='line_1_10' title="bbox 242 493 1032 534; baseline 0.008 -14"><span class='ocrx_word' id='word_1_54' title='bbox 242 493 389 529; x_wconf 75' lang='lat' dir='ltr'><strong>Dionysius</strong></span> <span class='ocrx_word' id='word_1_55' title='bbox 402 495 576 532; x_wconf 78' lang='lat' dir='ltr'><strong>Areopagita,</strong></span> <span class='ocrx_word' id='word_1_56' title='bbox 593 503 620 525; x_wconf 88' lang='lat' dir='ltr'><strong>ct</strong></span> <span class='ocrx_word' id='word_1_57' title='bbox 646 499 724 526; x_wconf 89' lang='lat' dir='ltr'><strong>multi</strong></span> <span class='ocrx_word' id='word_1_58' title='bbox 739 499 795 531; x_wconf 83' lang='lat' dir='ltr'><strong>alii,</strong></span> <span class='ocrx_word' id='word_1_59' title='bbox 822 499 868 534; x_wconf 90' lang='lat' dir='ltr'><strong>qui</strong></span> <span class='ocrx_word' id='word_1_60' title='bbox 893 507 942 526; x_wconf 86' lang='lat' dir='ltr'><strong>nec</strong></span> <span class='ocrx_word' id='word_1_61' title='bbox 968 504 1032 526; x_wconf 87' lang='lat' dir='ltr'><strong>sunt</strong></span> 
     </span>
    </p>
   </div>
   <div class='ocr_carea' id='block_1_11' title="bbox 243 541 1030 577">
    <p class='ocr_par' dir='ltr' id='par_1_11' title="bbox 243 541 1030 577">
     <span class='ocr_line' id='line_1_11' title="bbox 243 541 1030 577; baseline 0.008 -11"><span class='ocrx_word' id='word_1_62' title='bbox 243 541 372 575; x_wconf 84' lang='lat' dir='ltr'><strong>vulgaris,</strong></span> <span class='ocrx_word' id='word_1_63' title='bbox 392 546 421 568; x_wconf 87' lang='lat' dir='ltr'><strong>ut</strong></span> <span class='ocrx_word' id='word_1_64' title='bbox 434 542 564 574; x_wconf 83' lang='lat' dir='ltr'><strong>diximus.</strong></span> <span class='ocrx_word' id='word_1_65' title='bbox 580 545 753 577; x_wconf 82' lang='lat' dir='ltr'><strong>eruditionis,</strong></span> <span class='ocrx_word' id='word_1_66' title='bbox 773 550 800 572; x_wconf 90' lang='lat' dir='ltr'><strong>et</strong></span> <span class='ocrx_word' id='word_1_67' title='bbox 815 550 879 572; x_wconf 91' lang='lat' dir='ltr'><strong>sunt</strong></span> <span class='ocrx_word' id='word_1_68' title='bbox 905 545 958 572; x_wconf 86' lang='lat' dir='ltr'><strong>vita</strong></span> <span class='ocrx_word' id='word_1_69' title='bbox 982 545 1030 572; x_wconf 81' lang='lat' dir='ltr'><strong>ad-</strong></span> 
     </span>
    </p>
   </div>
   <div class='ocr_carea' id='block_1_12' title="bbox 242 586 1032 625">
    <p class='ocr_par' dir='ltr' id='par_1_12' title="bbox 242 586 1032 625">
     <span class='ocr_line' id='line_1_12' title="bbox 242 586 1032 625; baseline 0.008 -13"><span class='ocrx_word' id='word_1_70' title='bbox 242 586 401 614; x_wconf 88' lang='lat' dir='ltr'><strong>mirabiles:</strong></span> <span class='ocrx_word' id='word_1_71' title='bbox 418 592 455 620; x_wconf 90' lang='lat' dir='ltr'><strong>et,</strong></span> <span class='ocrx_word' id='word_1_72' title='bbox 473 589 545 623; x_wconf 90' lang='lat' dir='ltr'><strong>quod</strong></span> <span class='ocrx_word' id='word_1_73' title='bbox 560 590 646 623; x_wconf 88' lang='lat' dir='ltr'><strong>majus</strong></span> <span class='ocrx_word' id='word_1_74' title='bbox 660 594 710 621; x_wconf 78' lang='lat' dir='ltr'><strong>est,</strong></span> <span class='ocrx_word' id='word_1_75' title='bbox 726 598 807 625; x_wconf 85' lang='lat' dir='ltr'><strong>quain</strong></span> <span class='ocrx_word' id='word_1_76' title='bbox 823 590 910 625; x_wconf 92' lang='lat' dir='ltr'><strong>ipsum</strong></span> <span class='ocrx_word' id='word_1_77' title='bbox 923 598 1032 625; x_wconf 87' lang='lat' dir='ltr'><strong>quoque</strong></span> 
     </span>
    </p>
   </div>
   <div class='ocr_carea' id='block_1_13' title="bbox 242 632 670 671">
    <p class='ocr_par' dir='ltr' id='par_1_13' title="bbox 242 632 670 671">
     <span class='ocr_line' id='line_1_13' title="bbox 242 632 670 671; baseline 0.009 -13"><span class='ocrx_word' id='word_1_78' title='bbox 242 632 365 660; x_wconf 92' lang='lat' dir='ltr'><strong>divinum</strong></span> <span class='ocrx_word' id='word_1_79' title='bbox 383 635 466 662; x_wconf 80' lang='lat' dir='ltr'><strong>refert</strong></span> <span class='ocrx_word' id='word_1_80' title='bbox 483 634 670 671; x_wconf 81' lang='lat' dir='ltr'><strong>Evangelium.</strong></span> 
     </span>
    </p>
   </div>
   <div class='ocr_carea' id='block_1_14' title="bbox 278 678 1033 718">
    <p class='ocr_par' dir='ltr' id='par_1_14' title="bbox 278 678 1033 718">
     <span class='ocr_line' id='line_1_14' title="bbox 278 678 1033 718; baseline 0.005 -12"><span class='ocrx_word' id='word_1_81' title='bbox 278 678 312 706; x_wconf 88' lang='lat' dir='ltr'><strong>ll.</strong></span> <span class='ocrx_word' id='word_1_82' title='bbox 339 678 398 707; x_wconf 86' lang='lat' dir='ltr'><strong>Jam</strong></span> <span class='ocrx_word' id='word_1_83' title='bbox 415 681 487 708; x_wconf 89' lang='lat' dir='ltr'><strong>enim</strong></span> <span class='ocrx_word' id='word_1_84' title='bbox 506 681 614 709; x_wconf 89' lang='lat' dir='ltr'><strong>divinus</strong></span> <span class='ocrx_word' id='word_1_85' title='bbox 629 681 777 718; x_wconf 82' lang='lat' dir='ltr'><strong>Gregorius</strong></span> <span class='ocrx_word' id='word_1_86' title='bbox 790 683 817 710; x_wconf 93' lang='lat' dir='ltr'><strong>in</strong></span> <span class='ocrx_word' id='word_1_87' title='bbox 833 683 955 710; x_wconf 74' lang='lat' dir='ltr'><strong>oratione</strong></span> <span class='ocrx_word' id='word_1_88' title='bbox 975 691 1033 718; x_wconf 69' lang='lat' dir='ltr'><strong>quas</strong></span> 
     </span>
    </p>
   </div>
   <div class='ocr_carea' id='block_1_15' title="bbox 243 725 1034 764">
    <p class='ocr_par' dir='ltr' id='par_1_15' title="bbox 243 725 1034 764">
     <span class='ocr_line' id='line_1_15' title="bbox 243 725 1034 764; baseline 0.008 -13"><span class='ocrx_word' id='word_1_89' title='bbox 243 725 277 752; x_wconf 86' lang='lat' dir='ltr'><strong>de</strong></span> <span class='ocrx_word' id='word_1_90' title='bbox 293 730 354 752; x_wconf 90' lang='lat' dir='ltr'><strong>ortu</strong></span> <span class='ocrx_word' id='word_1_91' title='bbox 369 726 472 753; x_wconf 87' lang='lat' dir='ltr'><strong>Christi</strong></span> <span class='ocrx_word' id='word_1_92' title='bbox 492 727 526 754; x_wconf 91' lang='lat' dir='ltr'><strong>ab</strong></span> <span class='ocrx_word' id='word_1_93' title='bbox 550 727 608 762; x_wconf 90' lang='lat' dir='ltr'><strong>ipso</strong></span> <span class='ocrx_word' id='word_1_94' title='bbox 633 733 675 755; x_wconf 89' lang='lat' dir='ltr'><strong>est</strong></span> <span class='ocrx_word' id='word_1_95' title='bbox 700 729 904 764; x_wconf 88' lang='lat' dir='ltr'><strong>composita(a).</strong></span> <span class='ocrx_word' id='word_1_96' title='bbox 922 731 980 757; x_wconf 67' lang='lat' dir='ltr'><strong>hare</strong></span> <span class='ocrx_word' id='word_1_97' title='bbox 1000 730 1034 757; x_wconf 90' lang='lat' dir='ltr'><strong>de</strong></span> 
     </span>
    </p>
   </div>
   <div class='ocr_carea' id='block_1_16' title="bbox 243 771 1036 809">
    <p class='ocr_par' dir='ltr' id='par_1_16' title="bbox 243 771 1036 809">
     <span class='ocr_line' id='line_1_16' title="bbox 243 771 1036 809; baseline 0.008 -13"><span class='ocrx_word' id='word_1_98' title='bbox 243 778 274 797; x_wconf 85' lang='lat' dir='ltr'><strong>ea</strong></span> <span class='ocrx_word' id='word_1_99' title='bbox 292 774 410 798; x_wconf 87' lang='lat' dir='ltr'><strong>tractat:</strong></span> <span class='ocrx_word' id='word_1_100' title='bbox 427 771 540 806; x_wconf 87' lang='lat' dir='ltr'><strong>Audivi,</strong></span> <span class='ocrx_word' id='word_1_101' title='bbox 560 773 668 806; x_wconf 87' lang='lat' dir='ltr'><strong>dicens,</strong></span> <span class='ocrx_word' id='word_1_102' title='bbox 695 781 824 801; x_wconf 90' lang='lat' dir='ltr'><strong>arcanam</strong></span> <span class='ocrx_word' id='word_1_103' title='bbox 842 775 986 809; x_wconf 92' lang='lat' dir='ltr'><strong>quamdam</strong></span> <span class='ocrx_word' id='word_1_104' title='bbox 1008 779 1036 801; x_wconf 84' lang='lat' dir='ltr'><strong>et</strong></span> 
     </span>
    </p>
   </div>
   <div class='ocr_carea' id='block_1_17' title="bbox 242 817 1036 850">
    <p class='ocr_par' dir='ltr' id='par_1_17' title="bbox 242 817 1036 850">
     <span class='ocr_line' id='line_1_17' title="bbox 242 817 1036 850; baseline 0.003 -7"><span class='ocrx_word' id='word_1_105' title='bbox 242 817 376 843; x_wconf 85' lang='lat' dir='ltr'><strong>occultam</strong></span> <span class='ocrx_word' id='word_1_106' title='bbox 393 817 546 850; x_wconf 88' lang='lat' dir='ltr'><strong>historiam,</strong></span> <span class='ocrx_word' id='word_1_107' title='bbox 559 818 592 845; x_wconf 89' lang='lat' dir='ltr'><strong>de</strong></span> <span class='ocrx_word' id='word_1_108' title='bbox 606 826 638 846; x_wconf 89' lang='lat' dir='ltr'><strong>ea</strong></span> <span class='ocrx_word' id='word_1_109' title='bbox 653 817 710 847; x_wconf 66' lang='lat' dir='ltr'><strong>haue</strong></span> <span class='ocrx_word' id='word_1_110' title='bbox 722 825 879 847; x_wconf 90' lang='lat' dir='ltr'><strong>narrantem</strong></span> <span class='ocrx_word' id='word_1_111' title='bbox 892 826 900 845; x_wconf 72' lang='grc' dir='ltr'>τ</span> <span class='ocrx_word' id='word_1_112' title='bbox 917 819 982 846; x_wconf 77' lang='lat' dir='ltr'><strong>Erat</strong></span> <span class='ocrx_word' id='word_1_113' title='bbox 995 819 1036 846; x_wconf 94' lang='lat' dir='ltr'><strong>in-</strong></span> 
     </span>
    </p>
   </div>
   <div class='ocr_carea' id='block_1_18' title="bbox 243 861 1036 900">
    <p class='ocr_par' dir='ltr' id='par_1_18' title="bbox 243 861 1036 900">
     <span class='ocr_line' id='line_1_18' title="bbox 243 861 1036 900; baseline 0.006 -13"><span class='ocrx_word' id='word_1_114' title='bbox 243 861 326 896; x_wconf 77' lang='lat' dir='ltr'><strong>signis</strong></span> <span class='ocrx_word' id='word_1_115' title='bbox 342 862 370 889; x_wconf 92' lang='lat' dir='ltr'><strong>in</strong></span> <span class='ocrx_word' id='word_1_116' title='bbox 386 868 512 891; x_wconf 83' lang='lat' dir='ltr'><strong>accurata</strong></span> <span class='ocrx_word' id='word_1_117' title='bbox 525 865 600 897; x_wconf 69' lang='lat' dir='ltr'><strong>vitaz,</strong></span> <span class='ocrx_word' id='word_1_118' title='bbox 611 873 671 900; x_wconf 70' lang='lat' dir='ltr'><strong>qua:</strong></span> <span class='ocrx_word' id='word_1_119' title='bbox 687 871 729 892; x_wconf 89' lang='lat' dir='ltr'><strong>est</strong></span> <span class='ocrx_word' id='word_1_120' title='bbox 745 873 779 892; x_wconf 81' lang='lat' dir='ltr'><strong>ex</strong></span> <span class='ocrx_word' id='word_1_121' title='bbox 795 865 867 900; x_wconf 75' lang='lat' dir='ltr'><strong>lege,</strong></span> <span class='ocrx_word' id='word_1_122' title='bbox 884 865 1036 892; x_wconf 67' lang='lat' dir='ltr'><strong>institutio—</strong></span> 
     </span>
    </p>
   </div>
   <div class='ocr_carea' id='block_1_19' title="bbox 243 907 1071 946">
    <p class='ocr_par' dir='ltr' id='par_1_19' title="bbox 243 907 1071 946">
     <span class='ocr_line' id='line_1_19' title="bbox 243 907 1071 946; baseline 0.005 -13"><span class='ocrx_word' id='word_1_123' title='bbox 243 914 289 939; x_wconf 87' lang='lat' dir='ltr'><strong>ne,</strong></span> <span class='ocrx_word' id='word_1_124' title='bbox 320 913 348 935; x_wconf 89' lang='lat' dir='ltr'><strong>et</strong></span> <span class='ocrx_word' id='word_1_125' title='bbox 375 908 446 936; x_wconf 86' lang='lat' dir='ltr'><strong>inter</strong></span> <span class='ocrx_word' id='word_1_126' title='bbox 463 911 583 944; x_wconf 88' lang='lat' dir='ltr'><strong>optimos</strong></span> <span class='ocrx_word' id='word_1_127' title='bbox 596 911 720 946; x_wconf 86' lang='lat' dir='ltr'><strong>apprime</strong></span> <span class='ocrx_word' id='word_1_128' title='bbox 746 915 839 944; x_wconf 87' lang='lat' dir='ltr'><strong>notus,</strong></span> <span class='ocrx_word' id='word_1_129' title='bbox 855 915 932 945; x_wconf 89' lang='lat' dir='ltr'><strong>pater</strong></span> <span class='ocrx_word' id='word_1_130' title='bbox 948 911 1033 946; x_wconf 85' lang='lat' dir='ltr'><strong>Virgi-</strong></span> <span class='ocrx_word' id='word_1_131' title='bbox 1050 907 1071 933; x_wconf 80' lang='grc' dir='ltr'><strong>Β</strong></span> 
     </span>
    </p>
   </div>
   <div class='ocr_carea' id='block_1_20' title="bbox 245 953 1032 992">
    <p class='ocr_par' dir='ltr' id='par_1_20' title="bbox 245 953 1032 992">
     <span class='ocr_line' id='line_1_20' title="bbox 245 953 1032 992; baseline 0.004 -12"><span class='ocrx_word' id='word_1_132' title='bbox 245 954 297 981; x_wconf 91' lang='lat' dir='ltr'><strong>nis.</strong></span> <span class='ocrx_word' id='word_1_133' title='bbox 328 953 517 983; x_wconf 85' lang='lat' dir='ltr'><strong>Consenuerat</strong></span> <span class='ocrx_word' id='word_1_134' title='bbox 544 960 636 984; x_wconf 86' lang='lat' dir='ltr'><strong>autem</strong></span> <span class='ocrx_word' id='word_1_135' title='bbox 664 958 723 984; x_wconf 86' lang='lat' dir='ltr'><strong>sine</strong></span> <span class='ocrx_word' id='word_1_136' title='bbox 748 957 851 987; x_wconf 84' lang='lat' dir='ltr'><strong>liberis.</strong></span> <span class='ocrx_word' id='word_1_137' title='bbox 885 957 954 992; x_wconf 89' lang='lat' dir='ltr'><strong>quod</strong></span> <span class='ocrx_word' id='word_1_138' title='bbox 980 965 1032 983; x_wconf 90' lang='lat' dir='ltr'><strong>non</strong></span> 
     </span>
    </p>
   </div>
   <div class='ocr_carea' id='block_1_21' title="bbox 244 1001 1033 1038">
    <p class='ocr_par' dir='ltr' id='par_1_21' title="bbox 244 1001 1033 1038">
     <span class='ocr_line' id='line_1_21' title="bbox 244 1001 1033 1038; baseline 0.006 -12"><span class='ocrx_word' id='word_1_139' title='bbox 244 1005 302 1027; x_wconf 89' lang='lat' dir='ltr'><strong>erat</strong></span> <span class='ocrx_word' id='word_1_140' title='bbox 323 1001 383 1035; x_wconf 81' lang='lat' dir='ltr'><strong>ejus</strong></span> <span class='ocrx_word' id='word_1_141' title='bbox 401 1002 500 1036; x_wconf 64' lang='lat' dir='ltr'><strong>coniux</strong></span> <span class='ocrx_word' id='word_1_142' title='bbox 526 1007 588 1037; x_wconf 84' lang='lat' dir='ltr'><strong>apta</strong></span> <span class='ocrx_word' id='word_1_143' title='bbox 617 1003 650 1030; x_wconf 89' lang='lat' dir='ltr'><strong>ad</strong></span> <span class='ocrx_word' id='word_1_144' title='bbox 669 1003 853 1038; x_wconf 87' lang='lat' dir='ltr'><strong>procreandos</strong></span> <span class='ocrx_word' id='word_1_145' title='bbox 871 1003 951 1030; x_wconf 81' lang='lat' dir='ltr'><strong>ﬁlios.</strong></span> <span class='ocrx_word' id='word_1_146' title='bbox 969 1003 1033 1031; x_wconf 86' lang='lat' dir='ltr'><strong>Erat</strong></span> 
     </span>
    </p>
   </div>
   <div class='ocr_carea' id='block_1_22' title="bbox 245 1047 1034 1084">
    <p class='ocr_par' dir='ltr' id='par_1_22' title="bbox 245 1047 1034 1084">
     <span class='ocr_line' id='line_1_22' title="bbox 245 1047 1034 1084; baseline 0.006 -12"><span class='ocrx_word' id='word_1_147' title='bbox 245 1054 311 1073; x_wconf 86' lang='lat' dir='ltr'><strong>vero</strong></span> <span class='ocrx_word' id='word_1_148' title='bbox 327 1054 359 1073; x_wconf 80' lang='lat' dir='ltr'><strong>ex</strong></span> <span class='ocrx_word' id='word_1_149' title='bbox 377 1047 435 1082; x_wconf 84' lang='lat' dir='ltr'><strong>lege</strong></span> <span class='ocrx_word' id='word_1_150' title='bbox 450 1048 560 1082; x_wconf 87' lang='lat' dir='ltr'><strong>quidam</strong></span> <span class='ocrx_word' id='word_1_151' title='bbox 588 1049 677 1076; x_wconf 86' lang='lat' dir='ltr'><strong>honor</strong></span> <span class='ocrx_word' id='word_1_152' title='bbox 704 1049 847 1080; x_wconf 84' lang='lat' dir='ltr'><strong>matribus.</strong></span> <span class='ocrx_word' id='word_1_153' title='bbox 874 1058 953 1084; x_wconf 84' lang='lat' dir='ltr'><strong>quem</strong></span> <span class='ocrx_word' id='word_1_154' title='bbox 981 1058 1034 1077; x_wconf 90' lang='lat' dir='ltr'><strong>non</strong></span> 
     </span>
    </p>
   </div>
   <div class='ocr_carea' id='block_1_23' title="bbox 245 1093 1035 1132">
    <p class='ocr_par' dir='ltr' id='par_1_23' title="bbox 245 1093 1035 1132">
     <span class='ocr_line' id='line_1_23' title="bbox 245 1093 1035 1132; baseline 0.008 -14"><span class='ocrx_word' id='word_1_155' title='bbox 245 1093 476 1127; x_wconf 86' lang='lat' dir='ltr'><strong>adipiscebantur,</strong></span> <span class='ocrx_word' id='word_1_156' title='bbox 501 1103 561 1129; x_wconf 71' lang='lat' dir='ltr'><strong>quae</strong></span> <span class='ocrx_word' id='word_1_157' title='bbox 575 1096 708 1123; x_wconf 77' lang='lat' dir='ltr'><strong>carebant</strong></span> <span class='ocrx_word' id='word_1_158' title='bbox 729 1096 800 1124; x_wconf 83' lang='lat' dir='ltr'><strong>(iliis.</strong></span> <span class='ocrx_word' id='word_1_159' title='bbox 827 1096 951 1124; x_wconf 88' lang='lat' dir='ltr'><strong>Imitatur</strong></span> <span class='ocrx_word' id='word_1_160' title='bbox 971 1105 1035 1132; x_wconf 85' lang='lat' dir='ltr'><strong>ergo</strong></span> 
     </span>
    </p>
   </div>
   <div class='ocr_carea' id='block_1_24' title="bbox 245 1140 1033 1175">
    <p class='ocr_par' dir='ltr' id='par_1_24' title="bbox 245 1140 1033 1175">
     <span class='ocr_line' id='line_1_24' title="bbox 245 1140 1033 1175; baseline 0.009 -11"><span class='ocrx_word' id='word_1_161' title='bbox 245 1147 276 1165; x_wconf 80' lang='lat' dir='ltr'><strong>ea</strong></span> <span class='ocrx_word' id='word_1_162' title='bbox 289 1146 398 1174; x_wconf 89' lang='lat' dir='ltr'><strong>quoque</strong></span> <span class='ocrx_word' id='word_1_163' title='bbox 416 1140 471 1173; x_wconf 89' lang='lat' dir='ltr'><strong>illa,</strong></span> <span class='ocrx_word' id='word_1_164' title='bbox 490 1148 550 1175; x_wconf 68' lang='lat' dir='ltr'><strong>qum</strong></span> <span class='ocrx_word' id='word_1_165' title='bbox 565 1146 693 1169; x_wconf 81' lang='lat' dir='ltr'><strong>narratur</strong></span> <span class='ocrx_word' id='word_1_166' title='bbox 707 1142 740 1169; x_wconf 90' lang='lat' dir='ltr'><strong>de</strong></span> <span class='ocrx_word' id='word_1_167' title='bbox 757 1146 844 1170; x_wconf 88' lang='lat' dir='ltr'><strong>matre</strong></span> <span class='ocrx_word' id='word_1_168' title='bbox 859 1142 994 1170; x_wconf 86' lang='lat' dir='ltr'><strong>Samuelis</strong></span> <span class='ocrx_word' id='word_1_169' title='bbox 1004 1145 1012 1159; x_wconf 84' lang='grc'>¹</span> <span class='ocrx_word' id='word_1_170' title='bbox 1026 1165 1033 1171; x_wconf 95' lang='grc'><em>.</em></span> 
     </span>
    </p>
   </div>
   <div class='ocr_carea' id='block_1_25' title="bbox 247 1185 1035 1225">
    <p class='ocr_par' dir='ltr' id='par_1_25' title="bbox 247 1185 1035 1225">
     <span class='ocr_line' id='line_1_25' title="bbox 247 1185 1035 1225; baseline 0.008 -14"><span class='ocrx_word' id='word_1_171' title='bbox 247 1185 352 1212; x_wconf 82' lang='lat' dir='ltr'><strong>Etcum</strong></span> <span class='ocrx_word' id='word_1_172' title='bbox 369 1185 463 1214; x_wconf 86' lang='lat' dir='ltr'><strong>fuisset</strong></span> <span class='ocrx_word' id='word_1_173' title='bbox 485 1187 554 1214; x_wconf 91' lang='lat' dir='ltr'><strong>intra</strong></span> <span class='ocrx_word' id='word_1_174' title='bbox 569 1189 670 1223; x_wconf 86' lang='lat' dir='ltr'><strong>templa</strong></span> <span class='ocrx_word' id='word_1_175' title='bbox 690 1194 858 1222; x_wconf 86' lang='lat' dir='ltr'><strong>sanctorum,</strong></span> <span class='ocrx_word' id='word_1_176' title='bbox 880 1189 908 1216; x_wconf 88' lang='lat' dir='ltr'><strong>ﬁt</strong></span> <span class='ocrx_word' id='word_1_177' title='bbox 922 1190 1035 1225; x_wconf 73' lang='lat' dir='ltr'><strong>supplex</strong></span> 
     </span>
    </p>
   </div>
   <div class='ocr_carea' id='block_1_26' title="bbox 248 1231 1035 1272">
    <p class='ocr_par' dir='ltr' id='par_1_26' title="bbox 248 1231 1035 1272">
     <span class='ocr_line' id='line_1_26' title="bbox 248 1231 1035 1272; baseline 0.011 -17"><span class='ocrx_word' id='word_1_178' title='bbox 248 1231 313 1263; x_wconf 82' lang='lat' dir='ltr'><strong>Deo,</strong></span> <span class='ocrx_word' id='word_1_179' title='bbox 334 1239 431 1265; x_wconf 85' lang='lat' dir='ltr'><strong>rogans</strong></span> <span class='ocrx_word' id='word_1_180' title='bbox 453 1241 487 1260; x_wconf 86' lang='lat' dir='ltr'><strong>ne</strong></span> <span class='ocrx_word' id='word_1_181' title='bbox 511 1234 649 1262; x_wconf 71' lang='lat' dir='ltr'><strong>excideret</strong></span> <span class='ocrx_word' id='word_1_182' title='bbox 662 1235 696 1262; x_wconf 87' lang='lat' dir='ltr'><strong>ab</strong></span> <span class='ocrx_word' id='word_1_183' title='bbox 710 1243 751 1268; x_wconf 89' lang='lat' dir='ltr'><strong>ea,</strong></span> <span class='ocrx_word' id='word_1_184' title='bbox 768 1244 828 1270; x_wconf 76' lang='lat' dir='ltr'><strong>qua:</strong></span> <span class='ocrx_word' id='word_1_185' title='bbox 848 1241 890 1263; x_wconf 90' lang='lat' dir='ltr'><strong>est</strong></span> <span class='ocrx_word' id='word_1_186' title='bbox 906 1244 938 1264; x_wconf 89' lang='lat' dir='ltr'><strong>ex</strong></span> <span class='ocrx_word' id='word_1_187' title='bbox 960 1237 1035 1272; x_wconf 83' lang='lat' dir='ltr'><strong>lege,</strong></span> 
     </span>
    </p>
   </div>
   <div class='ocr_carea' id='block_1_27' title="bbox 248 1276 1037 1316">
    <p class='ocr_par' dir='ltr' id='par_1_27' title="bbox 248 1276 1037 1316">
     <span class='ocr_line' id='line_1_27' title="bbox 248 1276 1037 1316; baseline 0.01 -14"><span class='ocrx_word' id='word_1_188' title='bbox 248 1276 449 1312; x_wconf 71' lang='lat' dir='ltr'><strong>butedictione,</strong></span> <span class='ocrx_word' id='word_1_189' title='bbox 466 1287 528 1306; x_wconf 89' lang='lat' dir='ltr'><strong>cum</strong></span> <span class='ocrx_word' id='word_1_190' title='bbox 547 1280 573 1306; x_wconf 89' lang='lat' dir='ltr'><strong>in</strong></span> <span class='ocrx_word' id='word_1_191' title='bbox 600 1280 686 1315; x_wconf 86' lang='lat' dir='ltr'><strong>legem</strong></span> <span class='ocrx_word' id='word_1_192' title='bbox 710 1282 777 1309; x_wconf 84' lang='lat' dir='ltr'><strong>nihil</strong></span> <span class='ocrx_word' id='word_1_193' title='bbox 798 1287 942 1316; x_wconf 78' lang='lat' dir='ltr'><strong>peccaret:</strong></span> <span class='ocrx_word' id='word_1_194' title='bbox 960 1282 1037 1310; x_wconf 90' lang='lat' dir='ltr'><strong>ﬁeret</strong></span> 
     </span>
    </p>
   </div>
   <div class='ocr_carea' id='block_1_28' title="bbox 248 1325 1035 1363">
    <p class='ocr_par' dir='ltr' id='par_1_28' title="bbox 248 1325 1035 1363">
     <span class='ocr_line' id='line_1_28' title="bbox 248 1325 1035 1363; baseline 0.01 -15"><span class='ocrx_word' id='word_1_195' title='bbox 248 1328 340 1350; x_wconf 87' lang='lat' dir='ltr'><strong>autem</strong></span> <span class='ocrx_word' id='word_1_196' title='bbox 355 1329 450 1356; x_wconf 88' lang='lat' dir='ltr'><strong>mater,</strong></span> <span class='ocrx_word' id='word_1_197' title='bbox 469 1330 495 1352; x_wconf 88' lang='lat' dir='ltr'><strong>et</strong></span> <span class='ocrx_word' id='word_1_198' title='bbox 513 1325 568 1353; x_wconf 87' lang='lat' dir='ltr'><strong>Deo</strong></span> <span class='ocrx_word' id='word_1_199' title='bbox 583 1332 758 1355; x_wconf 81' lang='lat' dir='ltr'><strong>consecraret</strong></span> <span class='ocrx_word' id='word_1_200' title='bbox 779 1328 805 1355; x_wconf 93' lang='lat' dir='ltr'><strong>id</strong></span> <span class='ocrx_word' id='word_1_201' title='bbox 820 1328 891 1363; x_wconf 91' lang='lat' dir='ltr'><strong>quod</strong></span> <span class='ocrx_word' id='word_1_202' title='bbox 909 1333 1035 1363; x_wconf 88' lang='lat' dir='ltr'><strong>pareret.</strong></span> 
     </span>
    </p>
   </div>
   <div class='ocr_carea' id='block_1_29' title="bbox 249 1367 1038 1411">
    <p class='ocr_par' dir='ltr' id='par_1_29' title="bbox 249 1367 1038 1411">
     <span class='ocr_line' id='line_1_29' title="bbox 249 1367 1038 1411; baseline 0.009 -16"><span class='ocrx_word' id='word_1_203' title='bbox 249 1367 317 1395; x_wconf 80' lang='lat' dir='ltr'><strong>Cum</strong></span> <span class='ocrx_word' id='word_1_204' title='bbox 337 1375 404 1397; x_wconf 94' lang='lat' dir='ltr'><strong>nutu</strong></span> <span class='ocrx_word' id='word_1_205' title='bbox 423 1377 514 1398; x_wconf 89' lang='lat' dir='ltr'><strong>autem</strong></span> <span class='ocrx_word' id='word_1_206' title='bbox 530 1372 623 1400; x_wconf 90' lang='lat' dir='ltr'><strong>divino</strong></span> <span class='ocrx_word' id='word_1_207' title='bbox 651 1374 811 1402; x_wconf 88' lang='lat' dir='ltr'><strong>conﬁrmata</strong></span> <span class='ocrx_word' id='word_1_208' title='bbox 834 1379 908 1402; x_wconf 71' lang='lat' dir='ltr'><strong>esset</strong></span> <span class='ocrx_word' id='word_1_209' title='bbox 922 1376 955 1403; x_wconf 83' lang='lat' dir='ltr'><strong>ad</strong></span> <span class='ocrx_word' id='word_1_210' title='bbox 977 1383 1038 1411; x_wconf 80' lang='lat' dir='ltr'><strong>gra-</strong></span> 
     </span>
    </p>
   </div>
   <div class='ocr_carea' id='block_1_30' title="bbox 250 1414 1036 1454">
    <p class='ocr_par' dir='ltr' id='par_1_30' title="bbox 250 1414 1036 1454">
     <span class='ocr_line' id='line_1_30' title="bbox 250 1414 1036 1454; baseline 0.009 -14"><span class='ocrx_word' id='word_1_211' title='bbox 250 1414 326 1448; x_wconf 83' lang='lat' dir='ltr'><strong>tiam,</strong></span> <span class='ocrx_word' id='word_1_212' title='bbox 346 1423 427 1450; x_wconf 86' lang='lat' dir='ltr'><strong>quam</strong></span> <span class='ocrx_word' id='word_1_213' title='bbox 450 1417 576 1452; x_wconf 80' lang='lat' dir='ltr'><strong>petierat,</strong></span> <span class='ocrx_word' id='word_1_214' title='bbox 601 1423 744 1453; x_wconf 86' lang='lat' dir='ltr'><strong>postquam</strong></span> <span class='ocrx_word' id='word_1_215' title='bbox 767 1420 874 1454; x_wconf 83' lang='lat' dir='ltr'><strong>peperit</strong></span> <span class='ocrx_word' id='word_1_216' title='bbox 900 1421 1036 1454; x_wconf 83' lang='lat' dir='ltr'><strong>puellam,</strong></span> 
     </span>
    </p>
   </div>
   <div class='ocr_carea' id='block_1_31' title="bbox 249 1461 1045 1500">
    <p class='ocr_par' dir='ltr' id='par_1_31' title="bbox 249 1461 1045 1500">
     <span class='ocr_line' id='line_1_31' title="bbox 249 1461 1045 1500; baseline 0.01 -15"><span class='ocrx_word' id='word_1_217' title='bbox 249 1468 309 1486; x_wconf 82' lang='lat' dir='ltr'><strong>eam</strong></span> <span class='ocrx_word' id='word_1_218' title='bbox 325 1461 434 1495; x_wconf 84' lang='lat' dir='ltr'><strong>quidem</strong></span> <span class='ocrx_word' id='word_1_219' title='bbox 449 1463 601 1490; x_wconf 89' lang='lat' dir='ltr'><strong>nominavit</strong></span> <span class='ocrx_word' id='word_1_220' title='bbox 615 1463 727 1492; x_wconf 84' lang='lat' dir='ltr'><strong>Mariam</strong></span> <span class='ocrx_word' id='word_1_221' title='bbox 741 1474 748 1492; x_wconf 75' lang='grc' dir='ltr'><strong>ι</strong></span> <span class='ocrx_word' id='word_1_222' title='bbox 764 1469 794 1492; x_wconf 88' lang='lat' dir='ltr'><strong>ut</strong></span> <span class='ocrx_word' id='word_1_223' title='bbox 810 1465 852 1492; x_wconf 92' lang='lat' dir='ltr'><strong>vel</strong></span> <span class='ocrx_word' id='word_1_224' title='bbox 879 1465 968 1500; x_wconf 88' lang='lat' dir='ltr'><strong>ipsum</strong></span> <span class='ocrx_word' id='word_1_225' title='bbox 988 1467 1045 1492; x_wconf 68' lang='lat' dir='ltr'><strong>no-‘</strong></span> 
     </span>
    </p>
   </div>
   <div class='ocr_carea' id='block_1_32' title="bbox 249 1505 1037 1545">
    <p class='ocr_par' dir='ltr' id='par_1_32' title="bbox 249 1505 1037 1545">
     <span class='ocr_line' id='line_1_32' title="bbox 249 1505 1037 1545; baseline 0.009 -14"><span class='ocrx_word' id='word_1_226' title='bbox 249 1512 312 1531; x_wconf 88' lang='lat' dir='ltr'><strong>men</strong></span> <span class='ocrx_word' id='word_1_227' title='bbox 333 1505 509 1541; x_wconf 72' lang='lat' dir='ltr'><strong>significaret,</strong></span> <span class='ocrx_word' id='word_1_228' title='bbox 524 1516 538 1535; x_wconf 91' lang='lat' dir='ltr'><strong>a</strong></span> <span class='ocrx_word' id='word_1_229' title='bbox 554 1508 608 1536; x_wconf 91' lang='lat' dir='ltr'><strong>Deo</strong></span> <span class='ocrx_word' id='word_1_230' title='bbox 630 1509 718 1536; x_wconf 89' lang='lat' dir='ltr'><strong>datam</strong></span> <span class='ocrx_word' id='word_1_231' title='bbox 745 1518 804 1538; x_wconf 83' lang='lat' dir='ltr'><strong>esse</strong></span> <span class='ocrx_word' id='word_1_232' title='bbox 827 1511 950 1545; x_wconf 78' lang='lat' dir='ltr'><strong>gratiam.</strong></span> <span class='ocrx_word' id='word_1_233' title='bbox 969 1510 1037 1538; x_wconf 83' lang='lat' dir='ltr'><strong>Cum</strong></span> 
     </span>
    </p>
   </div>
   <div class='ocr_carea' id='block_1_33' title="bbox 247 1553 1039 1592">
    <p class='ocr_par' dir='ltr' id='par_1_33' title="bbox 247 1553 1039 1592">
     <span class='ocr_line' id='line_1_33' title="bbox 247 1553 1039 1592; baseline 0.008 -14"><span class='ocrx_word' id='word_1_234' title='bbox 247 1559 315 1579; x_wconf 88' lang='lat' dir='ltr'><strong>vero</strong></span> <span class='ocrx_word' id='word_1_235' title='bbox 327 1553 380 1587; x_wconf 88' lang='lat' dir='ltr'><strong>jam</strong></span> <span class='ocrx_word' id='word_1_236' title='bbox 405 1554 536 1581; x_wconf 79' lang='lat' dir='ltr'><strong>crevisset</strong></span> <span class='ocrx_word' id='word_1_237' title='bbox 564 1555 663 1589; x_wconf 88' lang='lat' dir='ltr'><strong>puella,</strong></span> <span class='ocrx_word' id='word_1_238' title='bbox 690 1561 720 1583; x_wconf 90' lang='lat' dir='ltr'><strong>ut</strong></span> <span class='ocrx_word' id='word_1_239' title='bbox 743 1564 798 1583; x_wconf 93' lang='lat' dir='ltr'><strong>non</strong></span> <span class='ocrx_word' id='word_1_240' title='bbox 824 1557 941 1591; x_wconf 86' lang='lat' dir='ltr'><strong>amplius</strong></span> <span class='ocrx_word' id='word_1_241' title='bbox 970 1564 1039 1592; x_wconf 91' lang='lat' dir='ltr'><strong>opus</strong></span> 
     </span>
    </p>
   </div>
   <div class='ocr_carea' id='block_1_34' title="bbox 251 1599 1039 1635">
    <p class='ocr_par' dir='ltr' id='par_1_34' title="bbox 251 1599 1039 1635">
     <span class='ocr_line' id='line_1_34' title="bbox 251 1599 1039 1635; baseline 0.008 -10"><span class='ocrx_word' id='word_1_242' title='bbox 251 1599 366 1625; x_wconf 79' lang='lat' dir='ltr'><strong>haberet</strong></span> <span class='ocrx_word' id='word_1_243' title='bbox 393 1607 490 1634; x_wconf 83' lang='lat' dir='ltr'><strong>sugere</strong></span> <span class='ocrx_word' id='word_1_244' title='bbox 518 1601 678 1633; x_wconf 83' lang='lat' dir='ltr'><strong>mamillam,</strong></span> <span class='ocrx_word' id='word_1_245' title='bbox 702 1609 763 1629; x_wconf 92' lang='lat' dir='ltr'><strong>eam</strong></span> <span class='ocrx_word' id='word_1_246' title='bbox 792 1602 848 1629; x_wconf 88' lang='lat' dir='ltr'><strong>Deo</strong></span> <span class='ocrx_word' id='word_1_247' title='bbox 874 1603 994 1635; x_wconf 87' lang='lat' dir='ltr'><strong>tradidit,</strong></span> <span class='ocrx_word' id='word_1_248' title='bbox 1011 1608 1039 1631; x_wconf 90' lang='lat' dir='ltr'><strong>et</strong></span> 
     </span>
    </p>
   </div>
   <div class='ocr_carea' id='block_1_35' title="bbox 251 1645 1038 1683">
    <p class='ocr_par' dir='ltr' id='par_1_35' title="bbox 251 1645 1038 1683">
     <span class='ocr_line' id='line_1_35' title="bbox 251 1645 1038 1683; baseline 0.008 -13"><span class='ocrx_word' id='word_1_249' title='bbox 251 1645 417 1679; x_wconf 85' lang='lat' dir='ltr'><strong>promissum</strong></span> <span class='ocrx_word' id='word_1_250' title='bbox 462 1646 596 1680; x_wconf 85' lang='lat' dir='ltr'><strong>implevit,</strong></span> <span class='ocrx_word' id='word_1_251' title='bbox 625 1651 652 1674; x_wconf 90' lang='lat' dir='ltr'><strong>et</strong></span> <span class='ocrx_word' id='word_1_252' title='bbox 691 1647 724 1674; x_wconf 89' lang='lat' dir='ltr'><strong>ad</strong></span> <span class='ocrx_word' id='word_1_253' title='bbox 753 1648 885 1683; x_wconf 88' lang='lat' dir='ltr'><strong>templum</strong></span> <span class='ocrx_word' id='word_1_254' title='bbox 909 1649 1038 1676; x_wconf 84' lang='lat' dir='ltr'><strong>adduxit.</strong></span> 
     </span>
    </p>
   </div>
   <div class='ocr_carea' id='block_1_36' title="bbox 251 1691 1039 1727">
    <p class='ocr_par' dir='ltr' id='par_1_36' title="bbox 251 1691 1039 1727">
     <span class='ocr_line' id='line_1_36' title="bbox 251 1691 1039 1727; baseline 0.005 -10"><span class='ocrx_word' id='word_1_255' title='bbox 251 1691 414 1718; x_wconf 87' lang='lat' dir='ltr'><strong>Sacerdotes</strong></span> <span class='ocrx_word' id='word_1_256' title='bbox 427 1696 518 1718; x_wconf 81' lang='lat' dir='ltr'><strong>autent</strong></span> <span class='ocrx_word' id='word_1_257' title='bbox 534 1692 641 1719; x_wconf 78' lang='lat' dir='ltr'><strong>interini</strong></span> <span class='ocrx_word' id='word_1_258' title='bbox 653 1693 774 1727; x_wconf 87' lang='lat' dir='ltr'><strong>quidem,</strong></span> <span class='ocrx_word' id='word_1_259' title='bbox 789 1694 823 1721; x_wconf 91' lang='lat' dir='ltr'><strong>ad</strong></span> <span class='ocrx_word' id='word_1_260' title='bbox 837 1694 1039 1722; x_wconf 89' lang='lat' dir='ltr'><strong>similitudinem</strong></span> 
     </span>
    </p>
   </div>
   <div class='ocr_carea' id='block_1_37' title="bbox 252 1737 925 1775">
    <p class='ocr_par' dir='ltr' id='par_1_37' title="bbox 252 1737 925 1775">
     <span class='ocr_line' id='line_1_37' title="bbox 252 1737 925 1775; baseline 0.006 -12"><span class='ocrx_word' id='word_1_261' title='bbox 252 1737 398 1770; x_wconf 83' lang='lat' dir='ltr'><strong>Samuelis,</strong></span> <span class='ocrx_word' id='word_1_262' title='bbox 414 1738 486 1765; x_wconf 89' lang='lat' dir='ltr'><strong>inter</strong></span> <span class='ocrx_word' id='word_1_263' title='bbox 500 1743 610 1766; x_wconf 84' lang='lat' dir='ltr'><strong>sanctos</strong></span> <span class='ocrx_word' id='word_1_264' title='bbox 626 1739 780 1767; x_wconf 81' lang='lat' dir='ltr'><strong>educabant</strong></span> <span class='ocrx_word' id='word_1_265' title='bbox 795 1741 925 1775; x_wconf 87' lang='lat' dir='ltr'><strong>puellam.</strong></span> 
     </span>
    </p>
   </div>
   <div class='ocr_carea' id='block_1_38' title="bbox 287 1783 1040 1823">
    <p class='ocr_par' dir='ltr' id='par_1_38' title="bbox 287 1783 1040 1823">
     <span class='ocr_line' id='line_1_38' title="bbox 287 1783 1040 1823; baseline 0.005 -13"><span class='ocrx_word' id='word_1_266' title='bbox 287 1783 332 1811; x_wconf 85' lang='lat' dir='ltr'><strong>Ill.</strong></span> <span class='ocrx_word' id='word_1_267' title='bbox 360 1784 427 1812; x_wconf 84' lang='lat' dir='ltr'><strong>Cum</strong></span> <span class='ocrx_word' id='word_1_268' title='bbox 453 1793 519 1812; x_wconf 86' lang='lat' dir='ltr'><strong>vero</strong></span> <span class='ocrx_word' id='word_1_269' title='bbox 554 1785 696 1819; x_wconf 77' lang='lat' dir='ltr'><strong>crevisset,</strong></span> <span class='ocrx_word' id='word_1_270' title='bbox 721 1786 864 1814; x_wconf 90' lang='lat' dir='ltr'><strong>consilium</strong></span> <span class='ocrx_word' id='word_1_271' title='bbox 899 1793 1040 1823; x_wconf 89' lang='lat' dir='ltr'><strong>ceperunt,</strong></span> 
     </span>
    </p>
   </div>
   <div class='ocr_carea' id='block_1_39' title="bbox 255 1829 1039 1867">
    <p class='ocr_par' dir='ltr' id='par_1_39' title="bbox 255 1829 1039 1867">
     <span class='ocr_line' id='line_1_39' title="bbox 255 1829 1039 1867; baseline 0.005 -11"><span class='ocrx_word' id='word_1_272' title='bbox 255 1829 384 1864; x_wconf 87' lang='lat' dir='ltr'><strong>quidnam</strong></span> <span class='ocrx_word' id='word_1_273' title='bbox 402 1838 480 1858; x_wconf 81' lang='lat' dir='ltr'><strong>sacro</strong></span> <span class='ocrx_word' id='word_1_274' title='bbox 508 1831 546 1858; x_wconf 91' lang='lat' dir='ltr'><strong>illi</strong></span> <span class='ocrx_word' id='word_1_275' title='bbox 560 1833 667 1867; x_wconf 89' lang='lat' dir='ltr'><strong>corpori</strong></span> <span class='ocrx_word' id='word_1_276' title='bbox 683 1832 825 1865; x_wconf 88' lang='lat' dir='ltr'><strong>facientes,</strong></span> <span class='ocrx_word' id='word_1_277' title='bbox 841 1833 868 1860; x_wconf 92' lang='lat' dir='ltr'><strong>in</strong></span> <span class='ocrx_word' id='word_1_278' title='bbox 886 1833 970 1860; x_wconf 90' lang='lat' dir='ltr'><strong>Deutn</strong></span> <span class='ocrx_word' id='word_1_279' title='bbox 985 1842 1039 1861; x_wconf 88' lang='lat' dir='ltr'><strong>non</strong></span> 
     </span>
    </p>
   </div>
   <div class='ocr_carea' id='block_1_40' title="bbox 253 1876 1042 1914">
    <p class='ocr_par' dir='ltr' id='par_1_40' title="bbox 253 1876 1042 1914">
     <span class='ocr_line' id='line_1_40' title="bbox 253 1876 1042 1914; baseline 0.005 -11"><span class='ocrx_word' id='word_1_280' title='bbox 253 1881 410 1911; x_wconf 79' lang='lat' dir='ltr'><strong>peecarent.</strong></span> <span class='ocrx_word' id='word_1_281' title='bbox 438 1876 503 1904; x_wconf 81' lang='lat' dir='ltr'><strong>Eant</strong></span> <span class='ocrx_word' id='word_1_282' title='bbox 531 1877 605 1904; x_wconf 88' lang='lat' dir='ltr'><strong>enim</strong></span> <span class='ocrx_word' id='word_1_283' title='bbox 625 1877 677 1913; x_wconf 90' lang='lat' dir='ltr'><strong>legi</strong></span> <span class='ocrx_word' id='word_1_284' title='bbox 697 1884 802 1906; x_wconf 62' lang='lat' dir='ltr'><strong>natura:</strong></span> <span class='ocrx_word' id='word_1_285' title='bbox 829 1879 994 1914; x_wconf 72' lang='lat' dir='ltr'><strong>subiungere</strong></span> <span class='ocrx_word' id='word_1_286' title='bbox 1014 1885 1042 1907; x_wconf 89' lang='lat' dir='ltr'><strong>et</strong></span> 
     </span>
    </p>
   </div>
   <div class='ocr_carea' id='block_1_41' title="bbox 253 1923 1040 1960">
    <p class='ocr_par' dir='ltr' id='par_1_41' title="bbox 253 1923 1040 1960">
     <span class='ocr_line' id='line_1_41' title="bbox 253 1923 1040 1960; baseline 0.005 -11"><span class='ocrx_word' id='word_1_287' title='bbox 253 1931 314 1950; x_wconf 85' lang='lat' dir='ltr'><strong>eam</strong></span> <span class='ocrx_word' id='word_1_288' title='bbox 342 1923 406 1951; x_wconf 83' lang='lat' dir='ltr'><strong>dare</strong></span> <span class='ocrx_word' id='word_1_289' title='bbox 439 1924 465 1950; x_wconf 92' lang='lat' dir='ltr'><strong>in</strong></span> <span class='ocrx_word' id='word_1_290' title='bbox 496 1925 654 1952; x_wconf 87' lang='lat' dir='ltr'><strong>servitutem</strong></span> <span class='ocrx_word' id='word_1_291' title='bbox 678 1925 703 1952; x_wconf 90' lang='lat' dir='ltr'><strong>ei</strong></span> <span class='ocrx_word' id='word_1_292' title='bbox 732 1926 778 1960; x_wconf 91' lang='lat' dir='ltr'><strong>qui</strong></span> <span class='ocrx_word' id='word_1_293' title='bbox 806 1925 876 1953; x_wconf 92' lang='lat' dir='ltr'><strong>illam</strong></span> <span class='ocrx_word' id='word_1_294' title='bbox 904 1927 1015 1954; x_wconf 77' lang='lat' dir='ltr'><strong>duceret</strong></span> <span class='ocrx_word' id='word_1_295' title='bbox 1033 1947 1040 1960; x_wconf 95' lang='lat'><strong>,</strong></span> 
     </span>
    </p>
   </div>
   <div class='ocr_carea' id='block_1_42' title="bbox 251 1969 1042 2007">
    <p class='ocr_par' dir='ltr' id='par_1_42' title="bbox 251 1969 1042 2007">
     <span class='ocr_line' id='line_1_42' title="bbox 251 1969 1042 2007; baseline 0.005 -11"><span class='ocrx_word' id='word_1_296' title='bbox 251 1969 397 1998; x_wconf 78' lang='lat' dir='ltr'><strong>videbatur</strong></span> <span class='ocrx_word' id='word_1_297' title='bbox 425 1970 662 1998; x_wconf 88' lang='lat' dir='ltr'><strong>absurdissimum.</strong></span> <span class='ocrx_word' id='word_1_298' title='bbox 689 1971 879 1999; x_wconf 85' lang='lat' dir='ltr'><strong>Existimatum</strong></span> <span class='ocrx_word' id='word_1_299' title='bbox 902 1977 944 2000; x_wconf 90' lang='lat' dir='ltr'><strong>est</strong></span> <span class='ocrx_word' id='word_1_300' title='bbox 963 1973 1042 2007; x_wconf 85' lang='lat' dir='ltr'><strong>plane</strong></span> 
     </span>
    </p>
   </div>
   <div class='ocr_carea' id='block_1_43' title="bbox 251 2019 1038 2054">
    <p class='ocr_par' dir='ltr' id='par_1_43' title="bbox 251 2019 1038 2054">
     <span class='ocr_line' id='line_1_43' title="bbox 251 2019 1038 2054; baseline 0.001 -9"><span class='ocrx_word' id='word_1_301' title='bbox 251 2019 434 2054; x_wconf 68' lang='lat' dir='ltr'><strong>sacrilegium.</strong></span> <span class='ocrx_word' id='word_1_302' title='bbox 451 2019 473 2046; x_wconf 83' lang='lat' dir='ltr'><strong>si</strong></span> <span class='ocrx_word' id='word_1_303' title='bbox 488 2019 572 2046; x_wconf 92' lang='lat' dir='ltr'><strong>divini</strong></span> <span class='ocrx_word' id='word_1_304' title='bbox 589 2019 696 2046; x_wconf 92' lang='lat' dir='ltr'><strong>donarii</strong></span> <span class='ocrx_word' id='word_1_305' title='bbox 712 2019 794 2047; x_wconf 88' lang='lat' dir='ltr'><strong>homo</strong></span> <span class='ocrx_word' id='word_1_306' title='bbox 805 2019 882 2046; x_wconf 88' lang='lat' dir='ltr'><strong>ﬁeret</strong></span> <span class='ocrx_word' id='word_1_307' title='bbox 896 2019 1038 2046; x_wconf 90' lang='lat' dir='ltr'><strong>dominus:</strong></span> 
     </span>
    </p>
   </div>
   <div class='ocr_carea' id='block_1_44' title="bbox 251 2065 1041 2099">
    <p class='ocr_par' dir='ltr' id='par_1_44' title="bbox 251 2065 1041 2099">
     <span class='ocr_line' id='line_1_44' title="bbox 251 2065 1041 2099; baseline 0.003 -9"><span class='ocrx_word' id='word_1_308' title='bbox 251 2065 473 2099; x_wconf 81' lang='lat' dir='ltr'><strong>quandoquidem</strong></span> <span class='ocrx_word' id='word_1_309' title='bbox 492 2072 508 2092; x_wconf 88' lang='lat' dir='ltr'><strong>a</strong></span> <span class='ocrx_word' id='word_1_310' title='bbox 524 2065 583 2099; x_wconf 78' lang='lat' dir='ltr'><strong>lege</strong></span> <span class='ocrx_word' id='word_1_311' title='bbox 609 2070 651 2092; x_wconf 85' lang='lat' dir='ltr'><strong>est</strong></span> <span class='ocrx_word' id='word_1_312' title='bbox 675 2066 864 2098; x_wconf 80' lang='lat' dir='ltr'><strong>constitutum,</strong></span> <span class='ocrx_word' id='word_1_313' title='bbox 882 2069 912 2091; x_wconf 91' lang='lat' dir='ltr'><strong>ut</strong></span> <span class='ocrx_word' id='word_1_314' title='bbox 927 2065 1041 2092; x_wconf 89' lang='lat' dir='ltr'><strong>maritus</strong></span> 
     </span>
    </p>
   </div>
   <div class='ocr_carea' id='block_1_45' title="bbox 251 2111 1040 2146">
    <p class='ocr_par' dir='ltr' id='par_1_45' title="bbox 251 2111 1040 2146">
     <span class='ocr_line' id='line_1_45' title="bbox 251 2111 1040 2146; baseline -0.001 -7"><span class='ocrx_word' id='word_1_315' title='bbox 251 2117 324 2139; x_wconf 81' lang='lat' dir='ltr'><strong>esset</strong></span> <span class='ocrx_word' id='word_1_316' title='bbox 340 2111 467 2138; x_wconf 88' lang='lat' dir='ltr'><strong>dominus</strong></span> <span class='ocrx_word' id='word_1_317' title='bbox 485 2111 608 2146; x_wconf 86' lang='lat' dir='ltr'><strong>conjugis</strong></span> <span class='ocrx_word' id='word_1_318' title='bbox 623 2112 643 2138; x_wconf 83' lang='lat'><strong>&#39;.</strong></span> <span class='ocrx_word' id='word_1_319' title='bbox 661 2111 698 2139; x_wconf 87' lang='lat' dir='ltr'><strong>Ut</strong></span> <span class='ocrx_word' id='word_1_320' title='bbox 712 2116 801 2139; x_wconf 89' lang='lat' dir='ltr'><strong>autem</strong></span> <span class='ocrx_word' id='word_1_321' title='bbox 818 2111 845 2138; x_wconf 92' lang='lat' dir='ltr'><strong>in</strong></span> <span class='ocrx_word' id='word_1_322' title='bbox 862 2112 968 2146; x_wconf 85' lang='lat' dir='ltr'><strong>templis</strong></span> <span class='ocrx_word' id='word_1_323' title='bbox 979 2119 1040 2138; x_wconf 88' lang='lat' dir='ltr'><strong>ver-</strong></span> 
     </span>
    </p>
   </div>
   <div class='ocr_carea' id='block_1_46' title="bbox 252 2158 1039 2192">
    <p class='ocr_par' dir='ltr' id='par_1_46' title="bbox 252 2158 1039 2192">
     <span class='ocr_line' id='line_1_46' title="bbox 252 2158 1039 2192; baseline 0.003 -8"><span class='ocrx_word' id='word_1_324' title='bbox 252 2163 380 2185; x_wconf 83' lang='lat' dir='ltr'><strong>sarentur</strong></span> <span class='ocrx_word' id='word_1_325' title='bbox 396 2158 524 2185; x_wconf 79' lang='lat' dir='ltr'><strong>mulieres</strong></span> <span class='ocrx_word' id='word_1_326' title='bbox 539 2165 601 2185; x_wconf 91' lang='lat' dir='ltr'><strong>cum</strong></span> <span class='ocrx_word' id='word_1_327' title='bbox 619 2159 816 2192; x_wconf 86' lang='lat' dir='ltr'><strong>saecrdotibus,</strong></span> <span class='ocrx_word' id='word_1_328' title='bbox 839 2163 867 2186; x_wconf 92' lang='lat' dir='ltr'><strong>et</strong></span> <span class='ocrx_word' id='word_1_329' title='bbox 884 2159 955 2186; x_wconf 89' lang='lat' dir='ltr'><strong>inter</strong></span> <span class='ocrx_word' id='word_1_330' title='bbox 980 2167 1039 2186; x_wconf 89' lang='lat' dir='ltr'><strong>san-</strong></span> 
     </span>
    </p>
   </div>
   <div class='ocr_carea' id='block_1_47' title="bbox 252 2204 1041 2240">
    <p class='ocr_par' dir='ltr' id='par_1_47' title="bbox 252 2204 1041 2240">
     <span class='ocr_line' id='line_1_47' title="bbox 252 2204 1041 2240; baseline -0.001 -7"><span class='ocrx_word' id='word_1_331' title='bbox 252 2210 312 2234; x_wconf 88' lang='lat' dir='ltr'><strong>ctos</strong></span> <span class='ocrx_word' id='word_1_332' title='bbox 329 2205 498 2237; x_wconf 86' lang='lat' dir='ltr'><strong>viderentur,</strong></span> <span class='ocrx_word' id='word_1_333' title='bbox 514 2212 604 2240; x_wconf 88' lang='lat' dir='ltr'><strong>neque</strong></span> <span class='ocrx_word' id='word_1_334' title='bbox 619 2204 677 2240; x_wconf 79' lang='lat' dir='ltr'><strong>lege</strong></span> <span class='ocrx_word' id='word_1_335' title='bbox 692 2204 911 2240; x_wconf 87' lang='lat' dir='ltr'><strong>permittebatur.</strong></span> <span class='ocrx_word' id='word_1_336' title='bbox 930 2212 982 2232; x_wconf 90' lang='lat' dir='ltr'><strong>nec</strong></span> <span class='ocrx_word' id='word_1_337' title='bbox 998 2212 1041 2232; x_wconf 86' lang='lat' dir='ltr'><strong>res</strong></span> 
     </span>
    </p>
   </div>
   <div class='ocr_carea' id='block_1_48' title="bbox 253 2251 1040 2284">
    <p class='ocr_par' dir='ltr' id='par_1_48' title="bbox 253 2251 1040 2284">
     <span class='ocr_line' id='line_1_48' title="bbox 253 2251 1040 2284; baseline -0.003 -5"><span class='ocrx_word' id='word_1_338' title='bbox 253 2257 311 2280; x_wconf 84' lang='lat' dir='ltr'><strong>erat</strong></span> <span class='ocrx_word' id='word_1_339' title='bbox 329 2252 452 2280; x_wconf 86' lang='lat' dir='ltr'><strong>honesta.</strong></span> <span class='ocrx_word' id='word_1_340' title='bbox 469 2251 515 2278; x_wconf 86' lang='lat' dir='ltr'><strong>Eis</strong></span> <span class='ocrx_word' id='word_1_341' title='bbox 529 2258 593 2278; x_wconf 88' lang='lat' dir='ltr'><strong>vero</strong></span> <span class='ocrx_word' id='word_1_342' title='bbox 608 2251 642 2279; x_wconf 88' lang='lat' dir='ltr'><strong>dc</strong></span> <span class='ocrx_word' id='word_1_343' title='bbox 657 2251 701 2278; x_wconf 88' lang='lat' dir='ltr'><strong>ltis</strong></span> <span class='ocrx_word' id='word_1_344' title='bbox 715 2251 939 2284; x_wconf 79' lang='lat' dir='ltr'><strong>consultantibus,</strong></span> <span class='ocrx_word' id='word_1_345' title='bbox 955 2259 970 2278; x_wconf 93' lang='lat' dir='ltr'><strong>a</strong></span> <span class='ocrx_word' id='word_1_346' title='bbox 985 2251 1040 2278; x_wconf 88' lang='lat' dir='ltr'><strong>Deo</strong></span> 
     </span>
    </p>
   </div>
   <div class='ocr_carea' id='block_1_49' title="bbox 254 2296 1040 2332">
    <p class='ocr_par' dir='ltr' id='par_1_49' title="bbox 254 2296 1040 2332">
     <span class='ocr_line' id='line_1_49' title="bbox 254 2296 1040 2332; baseline -0.004 -6"><span class='ocrx_word' id='word_1_347' title='bbox 254 2299 335 2326; x_wconf 88' lang='lat' dir='ltr'><strong>datur</strong></span> <span class='ocrx_word' id='word_1_348' title='bbox 351 2298 509 2330; x_wconf 80' lang='lat' dir='ltr'><strong>consilium,</strong></span> <span class='ocrx_word' id='word_1_349' title='bbox 526 2303 555 2325; x_wconf 91' lang='lat' dir='ltr'><strong>ut</strong></span> <span class='ocrx_word' id='word_1_350' title='bbox 569 2305 629 2326; x_wconf 81' lang='lat' dir='ltr'><strong>eam</strong></span> <span class='ocrx_word' id='word_1_351' title='bbox 648 2297 757 2332; x_wconf 92' lang='lat' dir='ltr'><strong>quidem</strong></span> <span class='ocrx_word' id='word_1_352' title='bbox 775 2297 841 2325; x_wconf 88' lang='lat' dir='ltr'><strong>dent</strong></span> <span class='ocrx_word' id='word_1_353' title='bbox 857 2297 915 2324; x_wconf 87' lang='lat' dir='ltr'><strong>viro</strong></span> <span class='ocrx_word' id='word_1_354' title='bbox 930 2296 1040 2324; x_wconf 88' lang='lat' dir='ltr'><strong>nomine</strong></span> 
     </span>
    </p>
   </div>
   <div class='ocr_carea' id='block_1_50' title="bbox 253 2342 1041 2380">
    <p class='ocr_par' dir='ltr' id='par_1_50' title="bbox 253 2342 1041 2380">
     <span class='ocr_line' id='line_1_50' title="bbox 253 2342 1041 2380; baseline -0.005 -7"><span class='ocrx_word' id='word_1_355' title='bbox 253 2344 496 2380; x_wconf 80' lang='lat' dir='ltr'><strong>desponsationis:</strong></span> <span class='ocrx_word' id='word_1_356' title='bbox 513 2345 536 2371; x_wconf 90' lang='lat' dir='ltr'><strong>is</strong></span> <span class='ocrx_word' id='word_1_357' title='bbox 549 2348 642 2371; x_wconf 80' lang='lat' dir='ltr'><strong>autent</strong></span> <span class='ocrx_word' id='word_1_358' title='bbox 659 2344 719 2371; x_wconf 86' lang='lat' dir='ltr'><strong>talis</strong></span> <span class='ocrx_word' id='word_1_359' title='bbox 733 2347 816 2376; x_wconf 83' lang='lat' dir='ltr'><strong>esset,</strong></span> <span class='ocrx_word' id='word_1_360' title='bbox 838 2343 882 2378; x_wconf 93' lang='lat' dir='ltr'><strong>qui</strong></span> <span class='ocrx_word' id='word_1_361' title='bbox 899 2343 932 2370; x_wconf 87' lang='lat' dir='ltr'><strong>ad</strong></span> <span class='ocrx_word' id='word_1_362' title='bbox 959 2342 1041 2378; x_wconf 76' lang='lat' dir='ltr'><strong>tirgi-</strong></span> 
     </span>
    </p>
   </div>
   <div class='ocr_carea' id='block_1_51' title="bbox 253 2388 1041 2424">
    <p class='ocr_par' dir='ltr' id='par_1_51' title="bbox 253 2388 1041 2424">
     <span class='ocr_line' id='line_1_51' title="bbox 253 2388 1041 2424; baseline -0.003 -7"><span class='ocrx_word' id='word_1_363' title='bbox 253 2390 348 2417; x_wconf 75' lang='lat' dir='ltr'><strong>nitatis</strong></span> <span class='ocrx_word' id='word_1_364' title='bbox 370 2394 449 2424; x_wconf 88' lang='lat' dir='ltr'><strong>aptus</strong></span> <span class='ocrx_word' id='word_1_365' title='bbox 471 2393 545 2417; x_wconf 87' lang='lat' dir='ltr'><strong>esset</strong></span> <span class='ocrx_word' id='word_1_366' title='bbox 560 2388 723 2417; x_wconf 86' lang='lat' dir='ltr'><strong>custodiam.</strong></span> <span class='ocrx_word' id='word_1_367' title='bbox 740 2388 869 2416; x_wconf 81' lang='lat' dir='ltr'><strong>Inventus</strong></span> <span class='ocrx_word' id='word_1_368' title='bbox 886 2393 929 2415; x_wconf 87' lang='lat' dir='ltr'><strong>est</strong></span> <span class='ocrx_word' id='word_1_369' title='bbox 951 2388 1041 2423; x_wconf 85' lang='lat' dir='ltr'><strong>itaque</strong></span> 
     </span>
    </p>
   </div>
   <div class='ocr_carea' id='block_1_52' title="bbox 253 2433 1041 2470">
    <p class='ocr_par' dir='ltr' id='par_1_52' title="bbox 253 2433 1041 2470">
     <span class='ocr_line' id='line_1_52' title="bbox 253 2433 1041 2470; baseline -0.003 -8"><span class='ocrx_word' id='word_1_370' title='bbox 253 2435 366 2470; x_wconf 83' lang='lat' dir='ltr'><strong>Joseph,</strong></span> <span class='ocrx_word' id='word_1_371' title='bbox 382 2435 488 2469; x_wconf 89' lang='lat' dir='ltr'><strong>qualem</strong></span> <span class='ocrx_word' id='word_1_372' title='bbox 501 2436 640 2469; x_wconf 61' lang='lat' dir='ltr'><strong>qurerebat</strong></span> <span class='ocrx_word' id='word_1_373' title='bbox 652 2435 731 2466; x_wconf 89' lang='lat' dir='ltr'><strong>ratio,</strong></span> <span class='ocrx_word' id='word_1_374' title='bbox 748 2442 779 2461; x_wconf 85' lang='lat' dir='ltr'><strong>ex</strong></span> <span class='ocrx_word' id='word_1_375' title='bbox 795 2434 888 2461; x_wconf 83' lang='lat' dir='ltr'><strong>cadent</strong></span> <span class='ocrx_word' id='word_1_376' title='bbox 902 2433 972 2460; x_wconf 90' lang='lat' dir='ltr'><strong>tribu</strong></span> <span class='ocrx_word' id='word_1_377' title='bbox 989 2441 1041 2468; x_wconf 88' lang='lat' dir='ltr'><strong>qua</strong></span> 
     </span>
    </p>
   </div>
   <div class='ocr_carea' id='block_1_53' title="bbox 253 2479 1040 2516">
    <p class='ocr_par' dir='ltr' id='par_1_53' title="bbox 253 2479 1040 2516">
     <span class='ocr_line' id='line_1_53' title="bbox 253 2479 1040 2516; baseline -0.003 -8"><span class='ocrx_word' id='word_1_378' title='bbox 253 2486 311 2508; x_wconf 86' lang='lat' dir='ltr'><strong>erat</strong></span> <span class='ocrx_word' id='word_1_379' title='bbox 321 2482 414 2516; x_wconf 87' lang='lat' dir='ltr'><strong>virgo:</strong></span> <span class='ocrx_word' id='word_1_380' title='bbox 428 2486 455 2508; x_wconf 87' lang='lat' dir='ltr'><strong>et</strong></span> <span class='ocrx_word' id='word_1_381' title='bbox 468 2488 501 2508; x_wconf 81' lang='lat' dir='ltr'><strong>ex</strong></span> <span class='ocrx_word' id='word_1_382' title='bbox 515 2481 631 2508; x_wconf 87' lang='lat' dir='ltr'><strong>consilio</strong></span> <span class='ocrx_word' id='word_1_383' title='bbox 643 2480 814 2508; x_wconf 86' lang='lat' dir='ltr'><strong>sacerdotum</strong></span> <span class='ocrx_word' id='word_1_384' title='bbox 827 2480 877 2507; x_wconf 87' lang='lat' dir='ltr'><strong>sibi</strong></span> <span class='ocrx_word' id='word_1_385' title='bbox 890 2479 1040 2514; x_wconf 86' lang='lat' dir='ltr'><strong>despondet</strong></span> 
     </span>
    </p>
   </div>
   <div class='ocr_carea' id='block_1_54' title="bbox 257 2525 1039 2562">
    <p class='ocr_par' dir='ltr' id='par_1_54' title="bbox 257 2525 1039 2562">
     <span class='ocr_line' id='line_1_54' title="bbox 257 2525 1039 2562; baseline -0.005 -7"><span class='ocrx_word' id='word_1_386' title='bbox 257 2527 407 2562; x_wconf 81' lang='lat' dir='ltr'><strong>Virginem.</strong></span> <span class='ocrx_word' id='word_1_387' title='bbox 421 2527 585 2561; x_wconf 77' lang='lat' dir='ltr'><strong>Cottjunctio</strong></span> <span class='ocrx_word' id='word_1_388' title='bbox 600 2531 690 2554; x_wconf 85' lang='lat' dir='ltr'><strong>autem</strong></span> <span class='ocrx_word' id='word_1_389' title='bbox 719 2530 892 2562; x_wconf 84' lang='lat' dir='ltr'><strong>processerat</strong></span> <span class='ocrx_word' id='word_1_390' title='bbox 908 2533 993 2559; x_wconf 79' lang='lat' dir='ltr'><strong>usque</strong></span> <span class='ocrx_word' id='word_1_391' title='bbox 1006 2525 1039 2551; x_wconf 83' lang='lat' dir='ltr'><strong>ad</strong></span> 
     </span>
    </p>
   </div>
   <div class='ocr_carea' id='block_1_55' title="bbox 255 2572 1040 2609">
    <p class='ocr_par' dir='ltr' id='par_1_55' title="bbox 255 2572 1040 2609">
     <span class='ocr_line' id='line_1_55' title="bbox 255 2572 1040 2609; baseline -0.006 -8"><span class='ocrx_word' id='word_1_392' title='bbox 255 2573 507 2609; x_wconf 87' lang='lat' dir='ltr'><strong>desponsationem.</strong></span> <span class='ocrx_word' id='word_1_393' title='bbox 527 2573 605 2600; x_wconf 86' lang='lat' dir='ltr'><strong>Tunc</strong></span> <span class='ocrx_word' id='word_1_394' title='bbox 618 2573 716 2608; x_wconf 79' lang='lat' dir='ltr'><strong>virgini</strong></span> <span class='ocrx_word' id='word_1_395' title='bbox 741 2572 892 2600; x_wconf 88' lang='lat' dir='ltr'><strong>aGabrielc</strong></span> <span class='ocrx_word' id='word_1_396' title='bbox 918 2572 1040 2606; x_wconf 87' lang='lat' dir='ltr'><strong>aperitur</strong></span> 
     </span>
    </p>
   </div>
   <div class='ocr_carea' id='block_1_56' title="bbox 255 2617 1038 2658">
    <p class='ocr_par' dir='ltr' id='par_1_56' title="bbox 255 2617 1038 2658">
     <span class='ocr_line' id='line_1_56' title="bbox 255 2617 1038 2658; baseline -0.008 -9"><span class='ocrx_word' id='word_1_397' title='bbox 255 2621 426 2658; x_wconf 75' lang='lat' dir='ltr'><strong>mysterium.</strong></span> <span class='ocrx_word' id='word_1_398' title='bbox 440 2622 524 2649; x_wconf 76' lang='lat' dir='ltr'><strong>Erant</strong></span> <span class='ocrx_word' id='word_1_399' title='bbox 538 2626 629 2648; x_wconf 92' lang='lat' dir='ltr'><strong>autem</strong></span> <span class='ocrx_word' id='word_1_400' title='bbox 645 2621 726 2648; x_wconf 86' lang='lat' dir='ltr'><strong>verba</strong></span> <span class='ocrx_word' id='word_1_401' title='bbox 740 2619 858 2655; x_wconf 80' lang='lat' dir='ltr'><strong>mysterii</strong></span> <span class='ocrx_word' id='word_1_402' title='bbox 876 2617 1038 2645; x_wconf 68' lang='lat' dir='ltr'><strong>benedictio.</strong></span> 
     </span>
    </p>
   </div>
   <div class='ocr_carea' id='block_1_57' title="bbox 308 2709 845 2746">
    <p class='ocr_par' dir='ltr' id='par_1_57' title="bbox 308 2709 845 2746">
     <span class='ocr_line' id='line_1_57' title="bbox 308 2709 845 2746; baseline -0.006 -7"><span class='ocrx_word' id='word_1_403' title='bbox 308 2715 314 2729; x_wconf 83' lang='lat'>&#39;</span> <span class='ocrx_word' id='word_1_404' title='bbox 335 2712 342 2738; x_wconf 92' lang='grc' dir='ltr'><strong>Ι</strong></span> <span class='ocrx_word' id='word_1_405' title='bbox 361 2712 425 2746; x_wconf 76' lang='lat' dir='ltr'><strong>iieg.</strong></span> <span class='ocrx_word' id='word_1_406' title='bbox 442 2712 482 2744; x_wconf 87' lang='lat' dir='ltr'><strong>t,l</strong></span> <span class='ocrx_word' id='word_1_407' title='bbox 503 2719 579 2746; x_wconf 86' lang='lat' dir='ltr'><strong>seqq.</strong></span> <span class='ocrx_word' id='word_1_408' title='bbox 636 2712 645 2727; x_wconf 82' lang='lat'>&#39;</span> <span class='ocrx_word' id='word_1_409' title='bbox 661 2711 730 2739; x_wconf 88' lang='lat' dir='ltr'><strong>Gen.</strong></span> <span class='ocrx_word' id='word_1_410' title='bbox 745 2718 784 2741; x_wconf 90' lang='lat' dir='ltr'><strong>III,</strong></span> <span class='ocrx_word' id='word_1_411' title='bbox 805 2709 845 2736; x_wconf 86' lang='lat' dir='ltr'><strong>l6.</strong></span> 
     </span>
    </p>
   </div>
   <div class='ocr_carea' id='block_1_58' title="bbox 290 2788 1034 2826">
    <p class='ocr_par' dir='ltr' id='par_1_58' title="bbox 290 2788 1034 2826">
     <span class='ocr_line' id='line_1_58' title="bbox 290 2788 1034 2826; baseline -0.008 -7"><span class='ocrx_word' id='word_1_412' title='bbox 290 2793 328 2826; x_wconf 76' lang='lat' dir='ltr'><strong>(i)</strong></span> <span class='ocrx_word' id='word_1_413' title='bbox 353 2792 406 2817; x_wconf 71' lang='grc' dir='ltr'><strong>Τοῦ</strong></span> <span class='ocrx_word' id='word_1_414' title='bbox 429 2794 540 2824; x_wconf 54' lang='lat' dir='ltr'><strong>Met-up]</strong></span> <span class='ocrx_word' id='word_1_415' title='bbox 550 2791 655 2817; x_wconf 72' lang='grc' dir='ltr'><strong>αστοῦ.</strong></span> <span class='ocrx_word' id='word_1_416' title='bbox 681 2791 723 2820; x_wconf 79' lang='grc' dir='ltr'><strong>Ὠς</strong></span> <span class='ocrx_word' id='word_1_417' title='bbox 741 2790 794 2823; x_wconf 74' lang='grc' dir='ltr'><strong>γὰρ</strong></span> <span class='ocrx_word' id='word_1_418' title='bbox 809 2789 907 2823; x_wconf 69' lang='grc' dir='ltr'>ἤκουσε</span> <span class='ocrx_word' id='word_1_419' title='bbox 922 2788 1034 2819; x_wconf 64' lang='grc' dir='ltr'><strong>τούτων,</strong></span> 
     </span>
    </p>
   </div>
   <div class='ocr_carea' id='block_1_59' title="bbox 254 2833 1040 2869">
    <p class='ocr_par' dir='ltr' id='par_1_59' title="bbox 254 2833 1040 2869">
     <span class='ocr_line' id='line_1_59' title="bbox 254 2833 1040 2869; baseline -0.005 -5"><span class='ocrx_word' id='word_1_420' title='bbox 254 2838 335 2868; x_wconf 73' lang='grc' dir='ltr'><strong>ιὺϐἰις</strong></span> <span class='ocrx_word' id='word_1_421' title='bbox 359 2837 410 2863; x_wconf 70' lang='grc' dir='ltr'><strong>ὑπὸ</strong></span> <span class='ocrx_word' id='word_1_422' title='bbox 431 2837 478 2862; x_wconf 76' lang='grc' dir='ltr'>τοῦ</span> <span class='ocrx_word' id='word_1_423' title='bbox 500 2835 668 2867; x_wconf 73' lang='grc' dir='ltr'><strong>ἐνοικοῦντος</strong></span> <span class='ocrx_word' id='word_1_424' title='bbox 693 2835 761 2869; x_wconf 74' lang='grc' dir='ltr'><strong>αὐτῇ</strong></span> <span class='ocrx_word' id='word_1_425' title='bbox 787 2833 944 2868; x_wconf 70' lang='grc' dir='ltr'><strong>Πνεῦματος</strong></span> <span class='ocrx_word' id='word_1_426' title='bbox 967 2834 1040 2861; x_wconf 71' lang='grc' dir='ltr'><strong>διαυ-</strong></span> 
     </span>
    </p>
   </div>
   <div class='ocr_carea' id='block_1_60' title="bbox 903 2707 1160 2738">
    <p class='ocr_par' dir='ltr' id='par_1_60' title="bbox 903 2707 1160 2738">
     <span class='ocr_line' id='line_1_60' title="bbox 903 2707 1160 2738; baseline 0 -5"><span class='ocrx_word' id='word_1_427' title='bbox 903 2709 911 2723; x_wconf 89' lang='grc'>³</span> <span class='ocrx_word' id='word_1_428' title='bbox 932 2708 996 2733; x_wconf 83' lang='lat' dir='ltr'><strong>Lne.</strong></span> <span class='ocrx_word' id='word_1_429' title='bbox 1013 2715 1029 2738; x_wconf 84' lang='lat' dir='ltr'><strong>I,</strong></span> <span class='ocrx_word' id='word_1_430' title='bbox 1047 2708 1102 2735; x_wconf 73' lang='lat'><strong>9.8-</strong></span> <span class='ocrx_word' id='word_1_431' title='bbox 1115 2707 1160 2734; x_wconf 82' lang='lat'><strong>5|.</strong></span> 
     </span>
    </p>
   </div>
   <div class='ocr_carea' id='block_1_61' title="bbox 1084 274 1869 310">
    <p class='ocr_par' dir='ltr' id='par_1_61' title="bbox 1084 274 1869 310">
     <span class='ocr_line' id='line_1_61' title="bbox 1084 274 1869 310; baseline 0.006 -10"><span class='ocrx_word' id='word_1_432' title='bbox 1084 276 1163 301; x_wconf 85' lang='lat' dir='ltr'><strong>traria</strong></span> <span class='ocrx_word' id='word_1_433' title='bbox 1178 274 1215 300; x_wconf 92' lang='lat' dir='ltr'><strong>illi</strong></span> <span class='ocrx_word' id='word_1_434' title='bbox 1230 275 1324 309; x_wconf 64' lang='lat' dir='ltr'><strong>prima!</strong></span> <span class='ocrx_word' id='word_1_435' title='bbox 1342 276 1412 306; x_wconf 82' lang='lat' dir='ltr'><strong>voci,</strong></span> <span class='ocrx_word' id='word_1_436' title='bbox 1432 283 1492 310; x_wconf 65' lang='lat' dir='ltr'><strong>qua:</strong></span> <span class='ocrx_word' id='word_1_437' title='bbox 1515 276 1584 303; x_wconf 84' lang='lat' dir='ltr'><strong>facta</strong></span> <span class='ocrx_word' id='word_1_438' title='bbox 1609 281 1650 303; x_wconf 86' lang='lat' dir='ltr'><strong>est</strong></span> <span class='ocrx_word' id='word_1_439' title='bbox 1665 278 1784 310; x_wconf 90' lang='lat' dir='ltr'><strong>mulieri,</strong></span> <span class='ocrx_word' id='word_1_440' title='bbox 1797 287 1869 306; x_wconf 84' lang='lat' dir='ltr'><strong>nunc</strong></span> 
     </span>
    </p>
   </div>
   <div class='ocr_carea' id='block_1_62' title="bbox 1084 320 1871 357">
    <p class='ocr_par' dir='ltr' id='par_1_62' title="bbox 1084 320 1871 357">
     <span class='ocr_line' id='line_1_62' title="bbox 1084 320 1871 357; baseline 0.004 -10"><span class='ocrx_word' id='word_1_441' title='bbox 1084 320 1163 347; x_wconf 87' lang='lat' dir='ltr'><strong>verba</strong></span> <span class='ocrx_word' id='word_1_442' title='bbox 1180 320 1248 347; x_wconf 75' lang='lat' dir='ltr'><strong>fiunt</strong></span> <span class='ocrx_word' id='word_1_443' title='bbox 1262 320 1376 356; x_wconf 85' lang='lat' dir='ltr'><strong>Virgini.</strong></span> <span class='ocrx_word' id='word_1_444' title='bbox 1394 321 1440 348; x_wconf 88' lang='lat' dir='ltr'><strong>Illa</strong></span> <span class='ocrx_word' id='word_1_445' title='bbox 1452 321 1589 349; x_wconf 87' lang='lat' dir='ltr'><strong>doloribus</strong></span> <span class='ocrx_word' id='word_1_446' title='bbox 1608 323 1634 349; x_wconf 91' lang='lat' dir='ltr'><strong>in</strong></span> <span class='ocrx_word' id='word_1_447' title='bbox 1648 327 1726 357; x_wconf 78' lang='lat' dir='ltr'><strong>ptrtu</strong></span> <span class='ocrx_word' id='word_1_448' title='bbox 1741 323 1871 350; x_wconf 59' lang='lat' dir='ltr'><strong>condenh</strong></span> 
     </span>
    </p>
   </div>
   <div class='ocr_carea' id='block_1_63' title="bbox 1083 366 1873 404">
    <p class='ocr_par' dir='ltr' id='par_1_63' title="bbox 1083 366 1873 404">
     <span class='ocr_line' id='line_1_63' title="bbox 1083 366 1873 404; baseline 0.005 -11"><span class='ocrx_word' id='word_1_449' title='bbox 1083 371 1144 393; x_wconf 89' lang='lat' dir='ltr'><strong>nata</strong></span> <span class='ocrx_word' id='word_1_450' title='bbox 1167 366 1217 394; x_wconf 88' lang='lat' dir='ltr'><strong>fuit</strong></span> <span class='ocrx_word' id='word_1_451' title='bbox 1230 372 1341 402; x_wconf 91' lang='lat' dir='ltr'><strong>propter</strong></span> <span class='ocrx_word' id='word_1_452' title='bbox 1355 372 1495 402; x_wconf 78' lang='lat' dir='ltr'><strong>peceatum</strong></span> <span class='ocrx_word' id='word_1_453' title='bbox 1511 378 1516 394; x_wconf 90' lang='lat'>:</span> <span class='ocrx_word' id='word_1_454' title='bbox 1531 370 1557 395; x_wconf 92' lang='lat' dir='ltr'><strong>in</strong></span> <span class='ocrx_word' id='word_1_455' title='bbox 1573 369 1622 396; x_wconf 86' lang='lat' dir='ltr'><strong>hac</strong></span> <span class='ocrx_word' id='word_1_456' title='bbox 1633 375 1724 396; x_wconf 81' lang='lat' dir='ltr'><strong>autem</strong></span> <span class='ocrx_word' id='word_1_457' title='bbox 1747 378 1795 404; x_wconf 90' lang='lat' dir='ltr'><strong>per</strong></span> <span class='ocrx_word' id='word_1_458' title='bbox 1806 370 1873 397; x_wconf 63' lang='lat' dir='ltr'><strong>laeti-</strong></span> 
     </span>
    </p>
   </div>
   <div class='ocr_carea' id='block_1_64' title="bbox 1085 414 1874 450">
    <p class='ocr_par' dir='ltr' id='par_1_64' title="bbox 1085 414 1874 450">
     <span class='ocr_line' id='line_1_64' title="bbox 1085 414 1874 450; baseline 0.004 -11"><span class='ocrx_word' id='word_1_459' title='bbox 1085 414 1148 441; x_wconf 80' lang='lat' dir='ltr'><strong>tiam</strong></span> <span class='ocrx_word' id='word_1_460' title='bbox 1163 414 1309 448; x_wconf 81' lang='lat' dir='ltr'><strong>expellitur</strong></span> <span class='ocrx_word' id='word_1_461' title='bbox 1319 414 1438 442; x_wconf 84' lang='lat' dir='ltr'><strong>tristitia.</strong></span> <span class='ocrx_word' id='word_1_462' title='bbox 1452 415 1481 442; x_wconf 83' lang='lat' dir='ltr'><strong>In</strong></span> <span class='ocrx_word' id='word_1_463' title='bbox 1500 415 1543 442; x_wconf 93' lang='lat' dir='ltr'><strong>illa</strong></span> <span class='ocrx_word' id='word_1_464' title='bbox 1558 421 1662 450; x_wconf 87' lang='lat' dir='ltr'><strong>partum</strong></span> <span class='ocrx_word' id='word_1_465' title='bbox 1675 421 1874 450; x_wconf 70' lang='lat' dir='ltr'><strong>prmcesserunt</strong></span> 
     </span>
    </p>
   </div>
   <div class='ocr_carea' id='block_1_65' title="bbox 1083 458 1875 495">
    <p class='ocr_par' dir='ltr' id='par_1_65' title="bbox 1083 458 1875 495">
     <span class='ocr_line' id='line_1_65' title="bbox 1083 458 1875 495; baseline 0.005 -11"><span class='ocrx_word' id='word_1_466' title='bbox 1083 458 1191 485; x_wconf 85' lang='lat' dir='ltr'><strong>dolores</strong></span> <span class='ocrx_word' id='word_1_467' title='bbox 1211 467 1218 485; x_wconf 89' lang='lat'>:</span> <span class='ocrx_word' id='word_1_468' title='bbox 1243 459 1285 486; x_wconf 76' lang='lat' dir='ltr'><strong>Itie</strong></span> <span class='ocrx_word' id='word_1_469' title='bbox 1306 466 1370 486; x_wconf 82' lang='lat' dir='ltr'><strong>vero</strong></span> <span class='ocrx_word' id='word_1_470' title='bbox 1386 459 1478 486; x_wconf 66' lang='lat' dir='ltr'><strong>lmt&#39;tia</strong></span> <span class='ocrx_word' id='word_1_471' title='bbox 1497 465 1539 487; x_wconf 86' lang='lat' dir='ltr'><strong>est</strong></span> <span class='ocrx_word' id='word_1_472' title='bbox 1553 461 1685 487; x_wconf 81' lang='lat' dir='ltr'><strong>obstetrix</strong></span> <span class='ocrx_word' id='word_1_473' title='bbox 1709 465 1818 495; x_wconf 88' lang='lat' dir='ltr'><strong>partus.</strong></span> <span class='ocrx_word' id='word_1_474' title='bbox 1835 461 1875 488; x_wconf 75' lang='lat' dir='ltr'><strong>Ne</strong></span> 
     </span>
    </p>
   </div>
   <div class='ocr_carea' id='block_1_66' title="bbox 1084 504 1875 539">
    <p class='ocr_par' dir='ltr' id='par_1_66' title="bbox 1084 504 1875 539">
     <span class='ocr_line' id='line_1_66' title="bbox 1084 504 1875 539; baseline 0.004 -9"><span class='ocrx_word' id='word_1_475' title='bbox 1084 504 1188 537; x_wconf 76' lang='lat' dir='ltr'><strong>timeas,</strong></span> <span class='ocrx_word' id='word_1_476' title='bbox 1201 504 1300 539; x_wconf 85' lang='lat' dir='ltr'><strong>inquit.</strong></span> <span class='ocrx_word' id='word_1_477' title='bbox 1316 504 1450 537; x_wconf 86' lang='lat' dir='ltr'><strong>Quoniam</strong></span> <span class='ocrx_word' id='word_1_478' title='bbox 1468 506 1541 532; x_wconf 77' lang='lat' dir='ltr'><strong>enim</strong></span> <span class='ocrx_word' id='word_1_479' title='bbox 1555 507 1629 533; x_wconf 87' lang='lat' dir='ltr'><strong>omni</strong></span> <span class='ocrx_word' id='word_1_480' title='bbox 1646 507 1752 533; x_wconf 86' lang='lat' dir='ltr'><strong>mulieri</strong></span> <span class='ocrx_word' id='word_1_481' title='bbox 1771 511 1875 534; x_wconf 82' lang='lat' dir='ltr'><strong>metum</strong></span> 
     </span>
    </p>
   </div>
   <div class='ocr_carea' id='block_1_67' title="bbox 1084 549 1877 586">
    <p class='ocr_par' dir='ltr' id='par_1_67' title="bbox 1084 549 1877 586">
     <span class='ocr_line' id='line_1_67' title="bbox 1084 549 1877 586; baseline 0.004 -11"><span class='ocrx_word' id='word_1_482' title='bbox 1084 549 1162 576; x_wconf 85' lang='lat' dir='ltr'><strong>aﬁ‘ert</strong></span> <span class='ocrx_word' id='word_1_483' title='bbox 1175 554 1268 584; x_wconf 78' lang='lat' dir='ltr'><strong>partus</strong></span> <span class='ocrx_word' id='word_1_484' title='bbox 1282 551 1460 584; x_wconf 78' lang='lat' dir='ltr'><strong>exspectatio,</strong></span> <span class='ocrx_word' id='word_1_485' title='bbox 1474 556 1575 578; x_wconf 89' lang='lat' dir='ltr'><strong>metum</strong></span> <span class='ocrx_word' id='word_1_486' title='bbox 1590 552 1697 586; x_wconf 81' lang='lat' dir='ltr'><strong>expellit</strong></span> <span class='ocrx_word' id='word_1_487' title='bbox 1711 552 1798 580; x_wconf 88' lang='lat' dir='ltr'><strong>dulcis</strong></span> <span class='ocrx_word' id='word_1_488' title='bbox 1814 560 1877 586; x_wconf 90' lang='lat' dir='ltr'><strong>par-</strong></span> 
     </span>
    </p>
   </div>
   <div class='ocr_carea' id='block_1_68' title="bbox 1086 595 1878 631">
    <p class='ocr_par' dir='ltr' id='par_1_68' title="bbox 1086 595 1878 631">
     <span class='ocr_line' id='line_1_68' title="bbox 1086 595 1878 631; baseline 0.003 -10"><span class='ocrx_word' id='word_1_489' title='bbox 1086 599 1131 622; x_wconf 90' lang='lat' dir='ltr'><strong>tus</strong></span> <span class='ocrx_word' id='word_1_490' title='bbox 1149 595 1293 629; x_wconf 86' lang='lat' dir='ltr'><strong>promissio</strong></span> <span class='ocrx_word' id='word_1_491' title='bbox 1313 606 1320 623; x_wconf 88' lang='lat'><strong>:</strong></span> <span class='ocrx_word' id='word_1_492' title='bbox 1338 595 1371 622; x_wconf 81' lang='lat' dir='ltr'><strong>In</strong></span> <span class='ocrx_word' id='word_1_493' title='bbox 1386 601 1459 623; x_wconf 83' lang='lat' dir='ltr'><strong>utero</strong></span> <span class='ocrx_word' id='word_1_494' title='bbox 1482 597 1621 631; x_wconf 68' lang='lat' dir='ltr'><strong>concipias,</strong></span> <span class='ocrx_word' id='word_1_495' title='bbox 1638 601 1661 623; x_wconf 82' lang='lat' dir='ltr'><strong>et</strong></span> <span class='ocrx_word' id='word_1_496' title='bbox 1678 598 1765 631; x_wconf 78' lang='lat' dir='ltr'><strong>paries</strong></span> <span class='ocrx_word' id='word_1_497' title='bbox 1779 597 1878 631; x_wconf 80' lang='lat' dir='ltr'><strong>ﬁlium.</strong></span> 
     </span>
    </p>
   </div>
   <div class='ocr_carea' id='block_1_69' title="bbox 1085 641 1544 676">
    <p class='ocr_par' dir='ltr' id='par_1_69' title="bbox 1085 641 1544 676">
     <span class='ocr_line' id='line_1_69' title="bbox 1085 641 1544 676; baseline 0 -8"><span class='ocrx_word' id='word_1_498' title='bbox 1085 646 1109 668; x_wconf 87' lang='lat' dir='ltr'><strong>et</strong></span> <span class='ocrx_word' id='word_1_499' title='bbox 1125 641 1230 668; x_wconf 78' lang='lat' dir='ltr'><strong>vocabis</strong></span> <span class='ocrx_word' id='word_1_500' title='bbox 1246 649 1338 668; x_wconf 78' lang='lat' dir='ltr'><strong>nomen</strong></span> <span class='ocrx_word' id='word_1_501' title='bbox 1354 642 1410 676; x_wconf 75' lang='lat' dir='ltr'><strong>ejus</strong></span> <span class='ocrx_word' id='word_1_502' title='bbox 1423 641 1510 668; x_wconf 73' lang='lat' dir='ltr'><strong>Jesum</strong></span> <span class='ocrx_word' id='word_1_503' title='bbox 1524 642 1544 669; x_wconf 88' lang='grc'><strong>³.</strong></span> 
     </span>
    </p>
   </div>
   <div class='ocr_carea' id='block_1_70' title="bbox 1123 686 1879 724">
    <p class='ocr_par' dir='ltr' id='par_1_70' title="bbox 1123 686 1879 724">
     <span class='ocr_line' id='line_1_70' title="bbox 1123 686 1879 724; baseline 0.003 -11"><span class='ocrx_word' id='word_1_504' title='bbox 1123 687 1168 714; x_wconf 80' lang='grc' dir='ltr'><strong>ιν.</strong></span> <span class='ocrx_word' id='word_1_505' title='bbox 1184 686 1255 720; x_wconf 88' lang='lat' dir='ltr'><strong>Quid</strong></span> <span class='ocrx_word' id='word_1_506' title='bbox 1271 692 1361 714; x_wconf 78' lang='lat' dir='ltr'><strong>autent</strong></span> <span class='ocrx_word' id='word_1_507' title='bbox 1378 687 1485 714; x_wconf 82' lang='lat' dir='ltr'><strong>Maria?</strong></span> <span class='ocrx_word' id='word_1_508' title='bbox 1502 688 1572 715; x_wconf 85' lang='lat' dir='ltr'><strong>Audi</strong></span> <span class='ocrx_word' id='word_1_509' title='bbox 1589 696 1685 724; x_wconf 89' lang='lat' dir='ltr'><strong>puram</strong></span> <span class='ocrx_word' id='word_1_510' title='bbox 1706 696 1800 716; x_wconf 88' lang='lat' dir='ltr'><strong>vocem</strong></span> <span class='ocrx_word' id='word_1_511' title='bbox 1818 687 1879 715; x_wconf 89' lang='lat' dir='ltr'><strong>Vir-</strong></span> 
     </span>
    </p>
   </div>
   <div class='ocr_carea' id='block_1_71' title="bbox 1086 732 1883 767">
    <p class='ocr_par' dir='ltr' id='par_1_71' title="bbox 1086 732 1883 767">
     <span class='ocr_line' id='line_1_71' title="bbox 1086 732 1883 767; baseline 0.004 -9"><span class='ocrx_word' id='word_1_512' title='bbox 1086 732 1166 767; x_wconf 80' lang='lat' dir='ltr'><strong>ginis.</strong></span> <span class='ocrx_word' id='word_1_513' title='bbox 1184 732 1302 767; x_wconf 79' lang='lat' dir='ltr'><strong>Angelus</strong></span> <span class='ocrx_word' id='word_1_514' title='bbox 1326 737 1433 767; x_wconf 89' lang='lat' dir='ltr'><strong>partum</strong></span> <span class='ocrx_word' id='word_1_515' title='bbox 1458 733 1611 765; x_wconf 88' lang='lat' dir='ltr'><strong>annuntiat,</strong></span> <span class='ocrx_word' id='word_1_516' title='bbox 1639 738 1666 760; x_wconf 92' lang='lat' dir='ltr'><strong>et</strong></span> <span class='ocrx_word' id='word_1_517' title='bbox 1691 733 1735 761; x_wconf 90' lang='lat' dir='ltr'><strong>illa</strong></span> <span class='ocrx_word' id='word_1_518' title='bbox 1758 733 1883 761; x_wconf 72' lang='lat' dir='ltr'><strong>atlltzcret</strong></span> 
     </span>
    </p>
   </div>
   <div class='ocr_carea' id='block_1_72' title="bbox 1087 779 1882 815">
    <p class='ocr_par' dir='ltr' id='par_1_72' title="bbox 1087 779 1882 815">
     <span class='ocr_line' id='line_1_72' title="bbox 1087 779 1882 815; baseline 0.003 -10"><span class='ocrx_word' id='word_1_519' title='bbox 1087 779 1246 814; x_wconf 77' lang='lat' dir='ltr'><strong>virginitati,</strong></span> <span class='ocrx_word' id='word_1_520' title='bbox 1267 786 1320 805; x_wconf 88' lang='lat' dir='ltr'><strong>non</strong></span> <span class='ocrx_word' id='word_1_521' title='bbox 1344 779 1495 814; x_wconf 86' lang='lat' dir='ltr'><strong>corrumpi,</strong></span> <span class='ocrx_word' id='word_1_522' title='bbox 1511 779 1637 814; x_wconf 87' lang='lat' dir='ltr'><strong>judicans</strong></span> <span class='ocrx_word' id='word_1_523' title='bbox 1661 788 1721 807; x_wconf 87' lang='lat' dir='ltr'><strong>esse</strong></span> <span class='ocrx_word' id='word_1_524' title='bbox 1747 783 1882 815; x_wconf 62' lang='lat' dir='ltr'><strong>praeman-</strong></span> 
     </span>
    </p>
   </div>
   <div class='ocr_carea' id='block_1_73' title="bbox 1088 825 1884 861">
    <p class='ocr_par' dir='ltr' id='par_1_73' title="bbox 1088 825 1884 861">
     <span class='ocr_line' id='line_1_73' title="bbox 1088 825 1884 861; baseline 0.003 -10"><span class='ocrx_word' id='word_1_525' title='bbox 1088 825 1151 857; x_wconf 90' lang='lat' dir='ltr'><strong>tius,</strong></span> <span class='ocrx_word' id='word_1_526' title='bbox 1168 832 1256 860; x_wconf 38' lang='lat' dir='ltr'><strong>quam,</strong></span> <span class='ocrx_word' id='word_1_527' title='bbox 1275 825 1473 859; x_wconf 81' lang='lat' dir='ltr'><strong>apparitionem</strong></span> <span class='ocrx_word' id='word_1_528' title='bbox 1497 826 1596 861; x_wconf 85' lang='lat' dir='ltr'><strong>angeli.</strong></span> <span class='ocrx_word' id='word_1_529' title='bbox 1620 825 1653 852; x_wconf 88' lang='lat' dir='ltr'><strong>Et</strong></span> <span class='ocrx_word' id='word_1_530' title='bbox 1675 833 1764 861; x_wconf 89' lang='lat' dir='ltr'><strong>neque</strong></span> <span class='ocrx_word' id='word_1_531' title='bbox 1789 831 1884 861; x_wconf 78' lang='lat' dir='ltr'><strong>potest</strong></span> 
     </span>
    </p>
   </div>
   <div class='ocr_carea' id='block_1_74' title="bbox 1087 871 1885 906">
    <p class='ocr_par' dir='ltr' id='par_1_74' title="bbox 1087 871 1885 906">
     <span class='ocr_line' id='line_1_74' title="bbox 1087 871 1885 906; baseline 0.003 -9"><span class='ocrx_word' id='word_1_532' title='bbox 1087 871 1184 906; x_wconf 82' lang='lat' dir='ltr'><strong>angelo</strong></span> <span class='ocrx_word' id='word_1_533' title='bbox 1209 878 1264 897; x_wconf 90' lang='lat' dir='ltr'><strong>non</strong></span> <span class='ocrx_word' id='word_1_534' title='bbox 1291 871 1414 903; x_wconf 83' lang='lat' dir='ltr'><strong>credere,</strong></span> <span class='ocrx_word' id='word_1_535' title='bbox 1445 879 1534 906; x_wconf 83' lang='lat' dir='ltr'><strong>neque</strong></span> <span class='ocrx_word' id='word_1_536' title='bbox 1562 872 1679 899; x_wconf 72' lang='lat' dir='ltr'><strong>discedit</strong></span> <span class='ocrx_word' id='word_1_537' title='bbox 1702 873 1736 899; x_wconf 86' lang='lat' dir='ltr'><strong>ab</strong></span> <span class='ocrx_word' id='word_1_538' title='bbox 1761 872 1794 899; x_wconf 89' lang='lat' dir='ltr'><strong>iis</strong></span> <span class='ocrx_word' id='word_1_539' title='bbox 1819 880 1885 906; x_wconf 74' lang='lat' dir='ltr'><strong>qua:</strong></span> 
     </span>
    </p>
   </div>
   <div class='ocr_carea' id='block_1_75' title="bbox 1086 917 1885 953">
    <p class='ocr_par' dir='ltr' id='par_1_75' title="bbox 1086 917 1885 953">
     <span class='ocr_line' id='line_1_75' title="bbox 1086 917 1885 953; baseline 0.001 -9"><span class='ocrx_word' id='word_1_540' title='bbox 1086 922 1231 945; x_wconf 86' lang='lat' dir='ltr'><strong>statuerat.</strong></span> <span class='ocrx_word' id='word_1_541' title='bbox 1257 917 1315 950; x_wconf 86' lang='lat' dir='ltr'><strong>Est,</strong></span> <span class='ocrx_word' id='word_1_542' title='bbox 1342 918 1440 952; x_wconf 87' lang='lat' dir='ltr'><strong>inquit,</strong></span> <span class='ocrx_word' id='word_1_543' title='bbox 1468 918 1536 945; x_wconf 91' lang='lat' dir='ltr'><strong>mihi</strong></span> <span class='ocrx_word' id='word_1_544' title='bbox 1567 918 1707 953; x_wconf 90' lang='lat' dir='ltr'><strong>prohibita</strong></span> <span class='ocrx_word' id='word_1_545' title='bbox 1733 927 1796 946; x_wconf 88' lang='lat' dir='ltr'><strong>cum</strong></span> <span class='ocrx_word' id='word_1_546' title='bbox 1821 919 1885 946; x_wconf 82' lang='lat' dir='ltr'><strong>viro</strong></span> 
     </span>
    </p>
   </div>
   <div class='ocr_carea' id='block_1_76' title="bbox 1087 964 1882 1000">
    <p class='ocr_par' dir='ltr' id='par_1_76' title="bbox 1087 964 1882 1000">
     <span class='ocr_line' id='line_1_76' title="bbox 1087 964 1882 1000; baseline 0.001 -10"><span class='ocrx_word' id='word_1_547' title='bbox 1087 964 1268 992; x_wconf 81' lang='lat' dir='ltr'><strong>consuetudo.</strong></span> <span class='ocrx_word' id='word_1_548' title='bbox 1298 964 1441 997; x_wconf 86' lang='lat' dir='ltr'><strong>Quomodo</strong></span> <span class='ocrx_word' id='word_1_549' title='bbox 1468 964 1520 992; x_wconf 86' lang='lat' dir='ltr'><strong>erit</strong></span> <span class='ocrx_word' id='word_1_550' title='bbox 1549 965 1616 992; x_wconf 90' lang='lat' dir='ltr'><strong>mibi</strong></span> <span class='ocrx_word' id='word_1_551' title='bbox 1651 965 1716 996; x_wconf 90' lang='lat' dir='ltr'><strong>hoc,</strong></span> <span class='ocrx_word' id='word_1_552' title='bbox 1747 965 1882 1000; x_wconf 82' lang='lat' dir='ltr'><strong>quoniam</strong></span> 
     </span>
    </p>
   </div>
   <div class='ocr_carea' id='block_1_77' title="bbox 1087 1010 1883 1045">
    <p class='ocr_par' dir='ltr' id='par_1_77' title="bbox 1087 1010 1883 1045">
     <span class='ocr_line' id='line_1_77' title="bbox 1087 1010 1883 1045; baseline 0.001 -8"><span class='ocrx_word' id='word_1_553' title='bbox 1087 1011 1174 1037; x_wconf 78' lang='lat' dir='ltr'><strong>virum</strong></span> <span class='ocrx_word' id='word_1_554' title='bbox 1193 1018 1248 1037; x_wconf 92' lang='lat' dir='ltr'><strong>non</strong></span> <span class='ocrx_word' id='word_1_555' title='bbox 1264 1011 1420 1045; x_wconf 88' lang='lat' dir='ltr'><strong>cognosco?</strong></span> <span class='ocrx_word' id='word_1_556' title='bbox 1435 1010 1498 1038; x_wconf 73' lang='lat' dir='ltr'><strong>lla&#39;c</strong></span> <span class='ocrx_word' id='word_1_557' title='bbox 1513 1019 1565 1038; x_wconf 83' lang='lat' dir='ltr'><strong>vox</strong></span> <span class='ocrx_word' id='word_1_558' title='bbox 1587 1011 1688 1044; x_wconf 72' lang='lat' dir='ltr'><strong>Marite,</strong></span> <span class='ocrx_word' id='word_1_559' title='bbox 1705 1016 1747 1038; x_wconf 90' lang='lat' dir='ltr'><strong>est</strong></span> <span class='ocrx_word' id='word_1_560' title='bbox 1763 1012 1883 1038; x_wconf 89' lang='lat' dir='ltr'><strong>demon-</strong></span> 
     </span>
    </p>
   </div>
   <div class='ocr_carea' id='block_1_78' title="bbox 1088 1056 1884 1091">
    <p class='ocr_par' dir='ltr' id='par_1_78' title="bbox 1088 1056 1884 1091">
     <span class='ocr_line' id='line_1_78' title="bbox 1088 1056 1884 1091; baseline -0.001 -7"><span class='ocrx_word' id='word_1_561' title='bbox 1088 1057 1183 1084; x_wconf 90' lang='lat' dir='ltr'><strong>stratio</strong></span> <span class='ocrx_word' id='word_1_562' title='bbox 1199 1065 1295 1084; x_wconf 86' lang='lat' dir='ltr'><strong>eorum</strong></span> <span class='ocrx_word' id='word_1_563' title='bbox 1315 1065 1376 1091; x_wconf 76' lang='lat' dir='ltr'><strong>qua:</strong></span> <span class='ocrx_word' id='word_1_564' title='bbox 1388 1064 1489 1084; x_wconf 89' lang='lat' dir='ltr'><strong>arcane</strong></span> <span class='ocrx_word' id='word_1_565' title='bbox 1506 1061 1533 1083; x_wconf 90' lang='lat' dir='ltr'><strong>et</strong></span> <span class='ocrx_word' id='word_1_566' title='bbox 1549 1057 1657 1084; x_wconf 87' lang='lat' dir='ltr'><strong>occulte</strong></span> <span class='ocrx_word' id='word_1_567' title='bbox 1671 1062 1830 1084; x_wconf 89' lang='lat' dir='ltr'><strong>narrantur.</strong></span> <span class='ocrx_word' id='word_1_568' title='bbox 1852 1056 1884 1083; x_wconf 90' lang='lat' dir='ltr'><strong>Si</strong></span> 
     </span>
    </p>
   </div>
   <div class='ocr_carea' id='block_1_79' title="bbox 1087 1103 1884 1138">
    <p class='ocr_par' dir='ltr' id='par_1_79' title="bbox 1087 1103 1884 1138">
     <span class='ocr_line' id='line_1_79' title="bbox 1087 1103 1884 1138; baseline -0.003 -8"><span class='ocrx_word' id='word_1_569' title='bbox 1087 1103 1160 1130; x_wconf 89' lang='lat' dir='ltr'><strong>enim</strong></span> <span class='ocrx_word' id='word_1_570' title='bbox 1198 1110 1258 1130; x_wconf 90' lang='lat' dir='ltr'><strong>eam</strong></span> <span class='ocrx_word' id='word_1_571' title='bbox 1287 1103 1387 1138; x_wconf 81' lang='lat' dir='ltr'><strong>.loscplt</strong></span> <span class='ocrx_word' id='word_1_572' title='bbox 1424 1108 1569 1137; x_wconf 84' lang='lat' dir='ltr'><strong>acceperat</strong></span> <span class='ocrx_word' id='word_1_573' title='bbox 1601 1104 1629 1130; x_wconf 92' lang='lat' dir='ltr'><strong>in</strong></span> <span class='ocrx_word' id='word_1_574' title='bbox 1659 1103 1884 1135; x_wconf 85' lang='lat' dir='ltr'><strong>matrimonium,</strong></span> 
     </span>
    </p>
   </div>
   <div class='ocr_carea' id='block_1_80' title="bbox 1088 1148 1884 1184">
    <p class='ocr_par' dir='ltr' id='par_1_80' title="bbox 1088 1148 1884 1184">
     <span class='ocr_line' id='line_1_80' title="bbox 1088 1148 1884 1184; baseline -0.001 -8"><span class='ocrx_word' id='word_1_575' title='bbox 1088 1149 1317 1184; x_wconf 82' lang='lat' dir='ltr'><strong>quemadmodum</strong></span> <span class='ocrx_word' id='word_1_576' title='bbox 1339 1149 1363 1176; x_wconf 87' lang='lat' dir='ltr'><strong>ei</strong></span> <span class='ocrx_word' id='word_1_577' title='bbox 1376 1148 1464 1176; x_wconf 90' lang='lat' dir='ltr'><strong>visum</strong></span> <span class='ocrx_word' id='word_1_578' title='bbox 1479 1154 1521 1177; x_wconf 88' lang='lat' dir='ltr'><strong>est</strong></span> <span class='ocrx_word' id='word_1_579' title='bbox 1535 1149 1665 1182; x_wconf 87' lang='lat' dir='ltr'><strong>alienum,</strong></span> <span class='ocrx_word' id='word_1_580' title='bbox 1682 1149 1754 1184; x_wconf 90' lang='lat' dir='ltr'><strong>quod</strong></span> <span class='ocrx_word' id='word_1_581' title='bbox 1772 1154 1884 1184; x_wconf 84' lang='lat' dir='ltr'><strong>partum</strong></span> 
     </span>
    </p>
   </div>
   <div class='ocr_carea' id='block_1_81' title="bbox 1089 1193 1883 1229">
    <p class='ocr_par' dir='ltr' id='par_1_81' title="bbox 1089 1193 1883 1229">
     <span class='ocr_line' id='line_1_81' title="bbox 1089 1193 1883 1229; baseline 0 -8"><span class='ocrx_word' id='word_1_582' title='bbox 1089 1198 1150 1221; x_wconf 89' lang='lat' dir='ltr'><strong>ante</strong></span> <span class='ocrx_word' id='word_1_583' title='bbox 1166 1193 1343 1229; x_wconf 86' lang='lat' dir='ltr'><strong>signiﬁcaret,</strong></span> <span class='ocrx_word' id='word_1_584' title='bbox 1358 1194 1380 1221; x_wconf 86' lang='lat' dir='ltr'><strong>si</strong></span> <span class='ocrx_word' id='word_1_585' title='bbox 1395 1194 1452 1229; x_wconf 87' lang='lat' dir='ltr'><strong>ipsa</strong></span> <span class='ocrx_word' id='word_1_586' title='bbox 1465 1195 1577 1222; x_wconf 90' lang='lat' dir='ltr'><strong>omnino</strong></span> <span class='ocrx_word' id='word_1_587' title='bbox 1593 1195 1767 1229; x_wconf 83' lang='lat' dir='ltr'><strong>exspectabat</strong></span> <span class='ocrx_word' id='word_1_588' title='bbox 1781 1195 1840 1222; x_wconf 91' lang='lat' dir='ltr'><strong>ﬁeri</strong></span> <span class='ocrx_word' id='word_1_589' title='bbox 1854 1194 1883 1221; x_wconf 87' lang='lat' dir='ltr'><strong>ei</strong></span> 
     </span>
    </p>
   </div>
   <div class='ocr_carea' id='block_1_82' title="bbox 1088 1240 1886 1276">
    <p class='ocr_par' dir='ltr' id='par_1_82' title="bbox 1088 1240 1886 1276">
     <span class='ocr_line' id='line_1_82' title="bbox 1088 1240 1886 1276; baseline 0.001 -9"><span class='ocrx_word' id='word_1_590' title='bbox 1088 1245 1175 1267; x_wconf 88' lang='lat' dir='ltr'><strong>mater</strong></span> <span class='ocrx_word' id='word_1_591' title='bbox 1189 1240 1247 1275; x_wconf 82' lang='lat' dir='ltr'><strong>lege</strong></span> <span class='ocrx_word' id='word_1_592' title='bbox 1263 1244 1368 1267; x_wconf 67' lang='lat' dir='ltr'><strong>natura:</strong></span> <span class='ocrx_word' id='word_1_593' title='bbox 1380 1241 1392 1267; x_wconf 86' lang='lat'><strong>?</strong></span> <span class='ocrx_word' id='word_1_594' title='bbox 1406 1240 1521 1274; x_wconf 81' lang='lat' dir='ltr'><strong>Quando</strong></span> <span class='ocrx_word' id='word_1_595' title='bbox 1544 1241 1654 1276; x_wconf 87' lang='lat' dir='ltr'><strong>quidem</strong></span> <span class='ocrx_word' id='word_1_596' title='bbox 1680 1248 1803 1272; x_wconf 87' lang='lat' dir='ltr'><strong>carnem,</strong></span> <span class='ocrx_word' id='word_1_597' title='bbox 1819 1249 1886 1275; x_wconf 66' lang='lat' dir='ltr'><strong>quae</strong></span> 
     </span>
    </p>
   </div>
   <div class='ocr_carea' id='block_1_83' title="bbox 1090 1286 1884 1321">
    <p class='ocr_par' dir='ltr' id='par_1_83' title="bbox 1090 1286 1884 1321">
     <span class='ocr_line' id='line_1_83' title="bbox 1090 1286 1884 1321; baseline 0 -8"><span class='ocrx_word' id='word_1_598' title='bbox 1090 1287 1145 1313; x_wconf 90' lang='lat' dir='ltr'><strong>Deo</strong></span> <span class='ocrx_word' id='word_1_599' title='bbox 1172 1286 1261 1313; x_wconf 81' lang='lat' dir='ltr'><strong>fuerat</strong></span> <span class='ocrx_word' id='word_1_600' title='bbox 1288 1291 1460 1319; x_wconf 81' lang='lat' dir='ltr'><strong>consecrata,</strong></span> <span class='ocrx_word' id='word_1_601' title='bbox 1485 1287 1566 1314; x_wconf 86' lang='lat' dir='ltr'><strong>veluti</strong></span> <span class='ocrx_word' id='word_1_602' title='bbox 1594 1286 1728 1321; x_wconf 87' lang='lat' dir='ltr'><strong>quoddam</strong></span> <span class='ocrx_word' id='word_1_603' title='bbox 1753 1292 1884 1313; x_wconf 87' lang='lat' dir='ltr'><strong>sanctum</strong></span> 
     </span>
    </p>
   </div>
   <div class='ocr_carea' id='block_1_84' title="bbox 1088 1332 1886 1367">
    <p class='ocr_par' dir='ltr' id='par_1_84' title="bbox 1088 1332 1886 1367">
     <span class='ocr_line' id='line_1_84' title="bbox 1088 1332 1886 1367; baseline -0.001 -8"><span class='ocrx_word' id='word_1_604' title='bbox 1088 1332 1242 1365; x_wconf 82' lang='lat' dir='ltr'><strong>donarium,</strong></span> <span class='ocrx_word' id='word_1_605' title='bbox 1276 1332 1408 1359; x_wconf 88' lang='lat' dir='ltr'><strong>intactum</strong></span> <span class='ocrx_word' id='word_1_606' title='bbox 1442 1333 1597 1359; x_wconf 82' lang='lat' dir='ltr'><strong>conservari</strong></span> <span class='ocrx_word' id='word_1_607' title='bbox 1630 1332 1789 1366; x_wconf 88' lang='lat' dir='ltr'><strong>oportebat;</strong></span> <span class='ocrx_word' id='word_1_608' title='bbox 1817 1339 1886 1367; x_wconf 91' lang='lat' dir='ltr'><strong>pro-</strong></span> 
     </span>
    </p>
   </div>
   <div class='ocr_carea' id='block_1_85' title="bbox 1089 1378 1880 1414">
    <p class='ocr_par' dir='ltr' id='par_1_85' title="bbox 1089 1378 1880 1414">
     <span class='ocr_line' id='line_1_85' title="bbox 1089 1378 1880 1414; baseline 0.001 -10"><span class='ocrx_word' id='word_1_609' title='bbox 1089 1382 1181 1413; x_wconf 87' lang='lat' dir='ltr'><strong>pterea</strong></span> <span class='ocrx_word' id='word_1_610' title='bbox 1194 1387 1200 1404; x_wconf 85' lang='lat'>:</span> <span class='ocrx_word' id='word_1_611' title='bbox 1211 1378 1267 1405; x_wconf 87' lang='lat' dir='ltr'><strong>Etsi</strong></span> <span class='ocrx_word' id='word_1_612' title='bbox 1282 1379 1319 1406; x_wconf 92' lang='lat' dir='ltr'><strong>sis</strong></span> <span class='ocrx_word' id='word_1_613' title='bbox 1333 1379 1455 1414; x_wconf 86' lang='lat' dir='ltr'><strong>angelus,</strong></span> <span class='ocrx_word' id='word_1_614' title='bbox 1469 1379 1568 1414; x_wconf 66' lang='lat' dir='ltr'><strong>inquit.</strong></span> <span class='ocrx_word' id='word_1_615' title='bbox 1578 1378 1629 1406; x_wconf 90' lang='lat' dir='ltr'><strong>etsi</strong></span> <span class='ocrx_word' id='word_1_616' title='bbox 1641 1379 1675 1405; x_wconf 91' lang='lat' dir='ltr'><strong>de</strong></span> <span class='ocrx_word' id='word_1_617' title='bbox 1689 1378 1757 1405; x_wconf 86' lang='lat' dir='ltr'><strong>coelo</strong></span> <span class='ocrx_word' id='word_1_618' title='bbox 1771 1379 1880 1409; x_wconf 84' lang='lat' dir='ltr'><strong>venias,</strong></span> 
     </span>
    </p>
   </div>
   <div class='ocr_carea' id='block_1_86' title="bbox 1089 1424 1884 1459">
    <p class='ocr_par' dir='ltr' id='par_1_86' title="bbox 1089 1424 1884 1459">
     <span class='ocr_line' id='line_1_86' title="bbox 1089 1424 1884 1459; baseline 0 -9"><span class='ocrx_word' id='word_1_619' title='bbox 1089 1424 1193 1451; x_wconf 89' lang='lat' dir='ltr'><strong>etiamsi</strong></span> <span class='ocrx_word' id='word_1_620' title='bbox 1218 1425 1254 1451; x_wconf 93' lang='lat' dir='ltr'><strong>sit</strong></span> <span class='ocrx_word' id='word_1_621' title='bbox 1275 1431 1357 1458; x_wconf 88' lang='lat' dir='ltr'><strong>super</strong></span> <span class='ocrx_word' id='word_1_622' title='bbox 1390 1425 1528 1452; x_wconf 86' lang='lat' dir='ltr'><strong>hominem</strong></span> <span class='ocrx_word' id='word_1_623' title='bbox 1552 1424 1578 1451; x_wconf 82' lang='lat' dir='ltr'><strong>id</strong></span> <span class='ocrx_word' id='word_1_624' title='bbox 1592 1425 1663 1459; x_wconf 92' lang='lat' dir='ltr'><strong>quod</strong></span> <span class='ocrx_word' id='word_1_625' title='bbox 1681 1429 1803 1459; x_wconf 85' lang='lat' dir='ltr'><strong>apparet,</strong></span> <span class='ocrx_word' id='word_1_626' title='bbox 1824 1432 1884 1450; x_wconf 89' lang='lat' dir='ltr'><strong>non</strong></span> 
     </span>
    </p>
   </div>
   <div class='ocr_carea' id='block_1_87' title="bbox 1089 1470 1883 1505">
    <p class='ocr_par' dir='ltr' id='par_1_87' title="bbox 1089 1470 1883 1505">
     <span class='ocr_line' id='line_1_87' title="bbox 1089 1470 1883 1505; baseline -0.001 -9"><span class='ocrx_word' id='word_1_627' title='bbox 1089 1474 1179 1504; x_wconf 81' lang='lat' dir='ltr'><strong>potest</strong></span> <span class='ocrx_word' id='word_1_628' title='bbox 1194 1475 1282 1497; x_wconf 89' lang='lat' dir='ltr'><strong>tamen</strong></span> <span class='ocrx_word' id='word_1_629' title='bbox 1300 1470 1368 1502; x_wconf 88' lang='lat' dir='ltr'><strong>ﬁeri,</strong></span> <span class='ocrx_word' id='word_1_630' title='bbox 1385 1475 1414 1497; x_wconf 92' lang='lat' dir='ltr'><strong>ut</strong></span> <span class='ocrx_word' id='word_1_631' title='bbox 1434 1471 1523 1497; x_wconf 92' lang='lat' dir='ltr'><strong>virum</strong></span> <span class='ocrx_word' id='word_1_632' title='bbox 1541 1478 1716 1505; x_wconf 85' lang='lat' dir='ltr'><strong>cognoscam.</strong></span> <span class='ocrx_word' id='word_1_633' title='bbox 1733 1470 1883 1503; x_wconf 69' lang='lat' dir='ltr'><strong>Quomodo</strong></span> 
     </span>
    </p>
   </div>
   <div class='ocr_carea' id='block_1_88' title="bbox 1089 1516 1883 1552">
    <p class='ocr_par' dir='ltr' id='par_1_88' title="bbox 1089 1516 1883 1552">
     <span class='ocr_line' id='line_1_88' title="bbox 1089 1516 1883 1552; baseline -0.001 -9"><span class='ocrx_word' id='word_1_634' title='bbox 1089 1523 1153 1551; x_wconf 86' lang='lat' dir='ltr'><strong>ergo</strong></span> <span class='ocrx_word' id='word_1_635' title='bbox 1175 1524 1224 1544; x_wconf 89' lang='lat' dir='ltr'><strong>ero</strong></span> <span class='ocrx_word' id='word_1_636' title='bbox 1244 1522 1331 1544; x_wconf 89' lang='lat' dir='ltr'><strong>mater</strong></span> <span class='ocrx_word' id='word_1_637' title='bbox 1345 1517 1446 1552; x_wconf 87' lang='lat' dir='ltr'><strong>absque</strong></span> <span class='ocrx_word' id='word_1_638' title='bbox 1463 1516 1544 1543; x_wconf 84' lang='lat' dir='ltr'><strong>viro?</strong></span> <span class='ocrx_word' id='word_1_639' title='bbox 1558 1516 1625 1543; x_wconf 87' lang='lat' dir='ltr'><strong>Nam</strong></span> <span class='ocrx_word' id='word_1_640' title='bbox 1647 1516 1746 1551; x_wconf 86' lang='lat' dir='ltr'><strong>.loseph</strong></span> <span class='ocrx_word' id='word_1_641' title='bbox 1767 1516 1883 1550; x_wconf 89' lang='lat' dir='ltr'><strong>quidem</strong></span> 
     </span>
    </p>
   </div>
   <div class='ocr_carea' id='block_1_89' title="bbox 1091 1561 1884 1597">
    <p class='ocr_par' dir='ltr' id='par_1_89' title="bbox 1091 1561 1884 1597">
     <span class='ocr_line' id='line_1_89' title="bbox 1091 1561 1884 1597; baseline 0 -9"><span class='ocrx_word' id='word_1_642' title='bbox 1091 1563 1153 1589; x_wconf 76' lang='lat' dir='ltr'><strong>novi</strong></span> <span class='ocrx_word' id='word_1_643' title='bbox 1176 1570 1317 1597; x_wconf 80' lang='lat' dir='ltr'><strong>sponsum,</strong></span> <span class='ocrx_word' id='word_1_644' title='bbox 1340 1563 1428 1590; x_wconf 89' lang='lat' dir='ltr'><strong>virum</strong></span> <span class='ocrx_word' id='word_1_645' title='bbox 1445 1567 1534 1589; x_wconf 80' lang='lat' dir='ltr'><strong>autern</strong></span> <span class='ocrx_word' id='word_1_646' title='bbox 1560 1570 1614 1589; x_wconf 87' lang='lat' dir='ltr'><strong>non</strong></span> <span class='ocrx_word' id='word_1_647' title='bbox 1638 1569 1783 1597; x_wconf 80' lang='lat' dir='ltr'><strong>cognosco.</strong></span> <span class='ocrx_word' id='word_1_648' title='bbox 1808 1561 1884 1593; x_wconf 84' lang='lat' dir='ltr'><strong>Quid</strong></span> 
     </span>
    </p>
   </div>
   <div class='ocr_carea' id='block_1_90' title="bbox 1091 1606 1884 1644">
    <p class='ocr_par' dir='ltr' id='par_1_90' title="bbox 1091 1606 1884 1644">
     <span class='ocr_line' id='line_1_90' title="bbox 1091 1606 1884 1644; baseline -0.003 -10"><span class='ocrx_word' id='word_1_649' title='bbox 1091 1615 1156 1643; x_wconf 86' lang='lat' dir='ltr'><strong>ergo</strong></span> <span class='ocrx_word' id='word_1_650' title='bbox 1184 1608 1389 1644; x_wconf 80' lang='lat' dir='ltr'><strong>paranymphus</strong></span> <span class='ocrx_word' id='word_1_651' title='bbox 1426 1607 1546 1640; x_wconf 87' lang='lat' dir='ltr'><strong>Gabriel,</strong></span> <span class='ocrx_word' id='word_1_652' title='bbox 1578 1607 1686 1642; x_wconf 90' lang='lat' dir='ltr'><strong>qualem</strong></span> <span class='ocrx_word' id='word_1_653' title='bbox 1729 1606 1884 1633; x_wconf 85' lang='lat' dir='ltr'><strong>thalamum</strong></span> 
     </span>
    </p>
   </div>
   <div class='ocr_carea' id='block_1_91' title="bbox 1092 1650 1885 1688">
    <p class='ocr_par' dir='ltr' id='par_1_91' title="bbox 1092 1650 1885 1688">
     <span class='ocr_line' id='line_1_91' title="bbox 1092 1650 1885 1688; baseline -0.004 -10"><span class='ocrx_word' id='word_1_654' title='bbox 1092 1657 1168 1686; x_wconf 87' lang='lat' dir='ltr'><strong>parat</strong></span> <span class='ocrx_word' id='word_1_655' title='bbox 1182 1660 1251 1687; x_wconf 92' lang='lat' dir='ltr'><strong>puro</strong></span> <span class='ocrx_word' id='word_1_656' title='bbox 1274 1657 1300 1680; x_wconf 86' lang='lat' dir='ltr'><strong>et</strong></span> <span class='ocrx_word' id='word_1_657' title='bbox 1315 1653 1457 1688; x_wconf 90' lang='lat' dir='ltr'><strong>impolluto</strong></span> <span class='ocrx_word' id='word_1_658' title='bbox 1475 1652 1671 1679; x_wconf 83' lang='lat' dir='ltr'><strong>matrimonio?</strong></span> <span class='ocrx_word' id='word_1_659' title='bbox 1694 1650 1824 1685; x_wconf 76' lang='lat' dir='ltr'><strong>Spiritus,</strong></span> <span class='ocrx_word' id='word_1_660' title='bbox 1840 1650 1885 1676; x_wconf 81' lang='lat' dir='ltr'><strong>in-</strong></span> 
     </span>
    </p>
   </div>
   <div class='ocr_carea' id='block_1_92' title="bbox 1091 1690 1887 1733">
    <p class='ocr_par' dir='ltr' id='par_1_92' title="bbox 1091 1690 1887 1733">
     <span class='ocr_line' id='line_1_92' title="bbox 1091 1690 1887 1733; baseline -0.005 -8"><span class='ocrx_word' id='word_1_661' title='bbox 1091 1699 1161 1733; x_wconf 91' lang='lat' dir='ltr'><strong>quit,</strong></span> <span class='ocrx_word' id='word_1_662' title='bbox 1185 1690 1293 1725; x_wconf 69' lang='lat' dir='ltr'><strong>stinctus</strong></span> <span class='ocrx_word' id='word_1_663' title='bbox 1309 1699 1473 1732; x_wconf 79' lang='lat' dir='ltr'><strong>superveniet</strong></span> <span class='ocrx_word' id='word_1_664' title='bbox 1498 1698 1526 1725; x_wconf 82' lang='lat' dir='ltr'><strong>in</strong></span> <span class='ocrx_word' id='word_1_665' title='bbox 1543 1703 1577 1729; x_wconf 83' lang='lat' dir='ltr'><strong>te,</strong></span> <span class='ocrx_word' id='word_1_666' title='bbox 1603 1698 1727 1724; x_wconf 76' lang='lat' dir='ltr'><strong>etvirtus</strong></span> <span class='ocrx_word' id='word_1_667' title='bbox 1753 1697 1887 1723; x_wconf 76' lang='lat' dir='ltr'><strong>Altissimi</strong></span> 
     </span>
    </p>
   </div>
   <div class='ocr_carea' id='block_1_93' title="bbox 1093 1744 1886 1777">
    <p class='ocr_par' dir='ltr' id='par_1_93' title="bbox 1093 1744 1886 1777">
     <span class='ocr_line' id='line_1_93' title="bbox 1093 1744 1886 1777; baseline -0.003 -7"><span class='ocrx_word' id='word_1_668' title='bbox 1093 1744 1261 1771; x_wconf 79' lang='lat' dir='ltr'><strong>obumbrabit</strong></span> <span class='ocrx_word' id='word_1_669' title='bbox 1292 1744 1338 1770; x_wconf 82' lang='lat' dir='ltr'><strong>tibi</strong></span> <span class='ocrx_word' id='word_1_670' title='bbox 1351 1744 1372 1771; x_wconf 69' lang='grc' dir='ltr'><strong>δ.</strong></span> <span class='ocrx_word' id='word_1_671' title='bbox 1401 1744 1422 1772; x_wconf 94' lang='lat'>0</span> <span class='ocrx_word' id='word_1_672' title='bbox 1440 1745 1545 1772; x_wconf 88' lang='lat' dir='ltr'><strong>beatam</strong></span> <span class='ocrx_word' id='word_1_673' title='bbox 1575 1744 1648 1770; x_wconf 92' lang='lat' dir='ltr'><strong>illam</strong></span> <span class='ocrx_word' id='word_1_674' title='bbox 1672 1750 1793 1773; x_wconf 82' lang='lat' dir='ltr'><strong>carnem,</strong></span> <span class='ocrx_word' id='word_1_675' title='bbox 1819 1750 1886 1777; x_wconf 73' lang='lat' dir='ltr'><strong>qua:</strong></span> 
     </span>
    </p>
   </div>
   <div class='ocr_carea' id='block_1_94' title="bbox 1093 1788 1886 1825">
    <p class='ocr_par' dir='ltr' id='par_1_94' title="bbox 1093 1788 1886 1825">
     <span class='ocr_line' id='line_1_94' title="bbox 1093 1788 1886 1825; baseline -0.001 -9"><span class='ocrx_word' id='word_1_676' title='bbox 1093 1795 1202 1824; x_wconf 87' lang='lat' dir='ltr'><strong>propter</strong></span> <span class='ocrx_word' id='word_1_677' title='bbox 1225 1790 1361 1825; x_wconf 80' lang='lat' dir='ltr'><strong>insignem</strong></span> <span class='ocrx_word' id='word_1_678' title='bbox 1387 1790 1546 1825; x_wconf 88' lang='lat' dir='ltr'><strong>puritatem,</strong></span> <span class='ocrx_word' id='word_1_679' title='bbox 1571 1790 1669 1816; x_wconf 65' lang='lat' dir='ltr'><strong>anima;</strong></span> <span class='ocrx_word' id='word_1_680' title='bbox 1695 1788 1767 1816; x_wconf 88' lang='lat' dir='ltr'><strong>bona</strong></span> <span class='ocrx_word' id='word_1_681' title='bbox 1790 1789 1823 1815; x_wconf 86' lang='lat' dir='ltr'><strong>ad</strong></span> <span class='ocrx_word' id='word_1_682' title='bbox 1852 1795 1886 1815; x_wconf 84' lang='lat' dir='ltr'><strong>se</strong></span> 
     </span>
    </p>
   </div>
   <div class='ocr_carea' id='block_1_95' title="bbox 1092 1834 1885 1869">
    <p class='ocr_par' dir='ltr' id='par_1_95' title="bbox 1092 1834 1885 1869">
     <span class='ocr_line' id='line_1_95' title="bbox 1092 1834 1885 1869; baseline -0.003 -7"><span class='ocrx_word' id='word_1_683' title='bbox 1092 1836 1212 1862; x_wconf 88' lang='lat' dir='ltr'><strong>attraxit.</strong></span> <span class='ocrx_word' id='word_1_684' title='bbox 1238 1835 1267 1863; x_wconf 83' lang='lat' dir='ltr'><strong>In</strong></span> <span class='ocrx_word' id='word_1_685' title='bbox 1290 1836 1351 1863; x_wconf 88' lang='lat' dir='ltr'><strong>aliis</strong></span> <span class='ocrx_word' id='word_1_686' title='bbox 1377 1836 1449 1862; x_wconf 77' lang='lat' dir='ltr'><strong>enirn</strong></span> <span class='ocrx_word' id='word_1_687' title='bbox 1476 1836 1604 1862; x_wconf 89' lang='lat' dir='ltr'><strong>omnibus</strong></span> <span class='ocrx_word' id='word_1_688' title='bbox 1628 1835 1671 1862; x_wconf 86' lang='lat' dir='ltr'><strong>vix</strong></span> <span class='ocrx_word' id='word_1_689' title='bbox 1697 1834 1787 1861; x_wconf 86' lang='lat' dir='ltr'><strong>anima</strong></span> <span class='ocrx_word' id='word_1_690' title='bbox 1814 1842 1885 1869; x_wconf 84' lang='lat' dir='ltr'><strong>pura</strong></span> 
     </span>
    </p>
   </div>
   <div class='ocr_carea' id='block_1_96' title="bbox 1092 1881 1887 1917">
    <p class='ocr_par' dir='ltr' id='par_1_96' title="bbox 1092 1881 1887 1917">
     <span class='ocr_line' id='line_1_96' title="bbox 1092 1881 1887 1917; baseline -0.004 -8"><span class='ocrx_word' id='word_1_691' title='bbox 1092 1884 1178 1910; x_wconf 87' lang='lat' dir='ltr'><strong>sancti</strong></span> <span class='ocrx_word' id='word_1_692' title='bbox 1195 1883 1312 1917; x_wconf 81' lang='lat' dir='ltr'><strong>Spiritus</strong></span> <span class='ocrx_word' id='word_1_693' title='bbox 1338 1883 1486 1909; x_wconf 83' lang='lat' dir='ltr'><strong>adventum</strong></span> <span class='ocrx_word' id='word_1_694' title='bbox 1504 1881 1660 1917; x_wconf 88' lang='lat' dir='ltr'><strong>acceperit:</strong></span> <span class='ocrx_word' id='word_1_695' title='bbox 1679 1881 1723 1908; x_wconf 85' lang='lat' dir='ltr'><strong>Itic</strong></span> <span class='ocrx_word' id='word_1_696' title='bbox 1745 1885 1836 1908; x_wconf 80' lang='lat' dir='ltr'><strong>autern</strong></span> <span class='ocrx_word' id='word_1_697' title='bbox 1854 1881 1887 1907; x_wconf 86' lang='lat' dir='ltr'><strong>tit.</strong></span> 
     </span>
    </p>
   </div>
   <div class='ocr_carea' id='block_1_97' title="bbox 1092 1926 1885 1963">
    <p class='ocr_par' dir='ltr' id='par_1_97' title="bbox 1092 1926 1885 1963">
     <span class='ocr_line' id='line_1_97' title="bbox 1092 1926 1885 1963; baseline -0.005 -7"><span class='ocrx_word' id='word_1_698' title='bbox 1092 1937 1155 1957; x_wconf 86' lang='lat' dir='ltr'><strong>caro</strong></span> <span class='ocrx_word' id='word_1_699' title='bbox 1187 1928 1307 1963; x_wconf 89' lang='lat' dir='ltr'><strong>Spiritus</strong></span> <span class='ocrx_word' id='word_1_700' title='bbox 1337 1928 1550 1962; x_wconf 85' lang='lat' dir='ltr'><strong>receptaculum.</strong></span> <span class='ocrx_word' id='word_1_701' title='bbox 1578 1927 1648 1960; x_wconf 86' lang='lat' dir='ltr'><strong>Quin</strong></span> <span class='ocrx_word' id='word_1_702' title='bbox 1679 1927 1762 1953; x_wconf 86' lang='lat' dir='ltr'><strong>etiam</strong></span> <span class='ocrx_word' id='word_1_703' title='bbox 1792 1926 1885 1952; x_wconf 90' lang='lat' dir='ltr'><strong>virtus</strong></span> 
     </span>
    </p>
   </div>
   <div class='ocr_carea' id='block_1_98' title="bbox 1094 1972 1887 2008">
    <p class='ocr_par' dir='ltr' id='par_1_98' title="bbox 1094 1972 1887 2008">
     <span class='ocr_line' id='line_1_98' title="bbox 1094 1972 1887 2008; baseline -0.005 -6"><span class='ocrx_word' id='word_1_704' title='bbox 1094 1975 1199 2002; x_wconf 88' lang='lat' dir='ltr'><strong>Domini</strong></span> <span class='ocrx_word' id='word_1_705' title='bbox 1212 1975 1387 2002; x_wconf 89' lang='lat' dir='ltr'><strong>obutnbrabit</strong></span> <span class='ocrx_word' id='word_1_706' title='bbox 1404 1975 1460 2001; x_wconf 92' lang='lat' dir='ltr'><strong>tibi.</strong></span> <span class='ocrx_word' id='word_1_707' title='bbox 1479 1973 1548 2007; x_wconf 85' lang='lat' dir='ltr'><strong>Quid</strong></span> <span class='ocrx_word' id='word_1_708' title='bbox 1563 1974 1619 2001; x_wconf 64' lang='lat' dir='ltr'><strong>haec</strong></span> <span class='ocrx_word' id='word_1_709' title='bbox 1633 1980 1777 2008; x_wconf 84' lang='lat' dir='ltr'><strong>perarcana</strong></span> <span class='ocrx_word' id='word_1_710' title='bbox 1794 1972 1887 2008; x_wconf 80' lang='lat' dir='ltr'><strong>signi-</strong></span> 
     </span>
    </p>
   </div>
   <div class='ocr_carea' id='block_1_99' title="bbox 1093 2018 1885 2054">
    <p class='ocr_par' dir='ltr' id='par_1_99' title="bbox 1093 2018 1885 2054">
     <span class='ocr_line' id='line_1_99' title="bbox 1093 2018 1885 2054; baseline -0.005 -6"><span class='ocrx_word' id='word_1_711' title='bbox 1093 2021 1155 2048; x_wconf 88' lang='lat' dir='ltr'><strong>ﬁcat</strong></span> <span class='ocrx_word' id='word_1_712' title='bbox 1173 2020 1285 2048; x_wconf 84' lang='lat' dir='ltr'><strong>oratio?</strong></span> <span class='ocrx_word' id='word_1_713' title='bbox 1298 2019 1418 2047; x_wconf 73' lang='lat' dir='ltr'><strong>Christus</strong></span> <span class='ocrx_word' id='word_1_714' title='bbox 1445 2019 1494 2046; x_wconf 82' lang='lat' dir='ltr'><strong>Dei</strong></span> <span class='ocrx_word' id='word_1_715' title='bbox 1516 2020 1610 2051; x_wconf 70' lang='lat' dir='ltr'><strong>virtus,</strong></span> <span class='ocrx_word' id='word_1_716' title='bbox 1622 2023 1646 2045; x_wconf 79' lang='lat' dir='ltr'><strong>et</strong></span> <span class='ocrx_word' id='word_1_717' title='bbox 1672 2018 1720 2045; x_wconf 86' lang='lat' dir='ltr'><strong>Dei</strong></span> <span class='ocrx_word' id='word_1_718' title='bbox 1737 2018 1885 2054; x_wconf 70' lang='lat' dir='ltr'><strong>sapientia,</strong></span> 
     </span>
    </p>
   </div>
   <div class='ocr_carea' id='block_1_100' title="bbox 1092 2064 1885 2102">
    <p class='ocr_par' dir='ltr' id='par_1_100' title="bbox 1092 2064 1885 2102">
     <span class='ocr_line' id='line_1_100' title="bbox 1092 2064 1885 2102; baseline -0.004 -9"><span class='ocrx_word' id='word_1_719' title='bbox 1092 2067 1181 2102; x_wconf 84' lang='lat' dir='ltr'><strong>inquit</strong></span> <span class='ocrx_word' id='word_1_720' title='bbox 1196 2066 1342 2100; x_wconf 79' lang='lat' dir='ltr'><strong>Apostolus</strong></span> <span class='ocrx_word' id='word_1_721' title='bbox 1356 2066 1376 2092; x_wconf 86' lang='lat'><strong>&#39;.</strong></span> <span class='ocrx_word' id='word_1_722' title='bbox 1393 2065 1526 2092; x_wconf 79' lang='lat' dir='ltr'><strong>Altissimi</strong></span> <span class='ocrx_word' id='word_1_723' title='bbox 1542 2072 1606 2100; x_wconf 83' lang='lat' dir='ltr'><strong>ergo</strong></span> <span class='ocrx_word' id='word_1_724' title='bbox 1638 2064 1684 2091; x_wconf 86' lang='lat' dir='ltr'><strong>Dei</strong></span> <span class='ocrx_word' id='word_1_725' title='bbox 1705 2064 1803 2096; x_wconf 86' lang='lat' dir='ltr'><strong>virtus,</strong></span> <span class='ocrx_word' id='word_1_726' title='bbox 1819 2072 1885 2099; x_wconf 72' lang='lat' dir='ltr'><strong>qua:</strong></span> 
     </span>
    </p>
   </div>
   <div class='ocr_carea' id='block_1_101' title="bbox 1091 2110 1886 2146">
    <p class='ocr_par' dir='ltr' id='par_1_101' title="bbox 1091 2110 1886 2146">
     <span class='ocr_line' id='line_1_101' title="bbox 1091 2110 1886 2146; baseline -0.004 -6"><span class='ocrx_word' id='word_1_727' title='bbox 1091 2119 1132 2140; x_wconf 85' lang='lat' dir='ltr'><strong>est</strong></span> <span class='ocrx_word' id='word_1_728' title='bbox 1146 2112 1272 2140; x_wconf 83' lang='lat' dir='ltr'><strong>Christus</strong></span> <span class='ocrx_word' id='word_1_729' title='bbox 1289 2120 1337 2146; x_wconf 88' lang='lat' dir='ltr'><strong>per</strong></span> <span class='ocrx_word' id='word_1_730' title='bbox 1352 2112 1497 2139; x_wconf 88' lang='lat' dir='ltr'><strong>adventum</strong></span> <span class='ocrx_word' id='word_1_731' title='bbox 1512 2111 1598 2138; x_wconf 89' lang='lat' dir='ltr'><strong>sancti</strong></span> <span class='ocrx_word' id='word_1_732' title='bbox 1616 2110 1735 2145; x_wconf 86' lang='lat' dir='ltr'><strong>Spiritus</strong></span> <span class='ocrx_word' id='word_1_733' title='bbox 1749 2110 1886 2138; x_wconf 81' lang='lat' dir='ltr'><strong>formatur</strong></span> 
     </span>
    </p>
   </div>
   <div class='ocr_carea' id='block_1_102' title="bbox 1093 2156 1884 2193">
    <p class='ocr_par' dir='ltr' id='par_1_102' title="bbox 1093 2156 1884 2193">
     <span class='ocr_line' id='line_1_102' title="bbox 1093 2156 1884 2193; baseline -0.004 -9"><span class='ocrx_word' id='word_1_734' title='bbox 1093 2158 1119 2185; x_wconf 94' lang='lat' dir='ltr'><strong>in</strong></span> <span class='ocrx_word' id='word_1_735' title='bbox 1145 2158 1313 2193; x_wconf 83' lang='lat' dir='ltr'><strong>virginitate.</strong></span> <span class='ocrx_word' id='word_1_736' title='bbox 1342 2157 1484 2190; x_wconf 78' lang='lat' dir='ltr'><strong>Quomodo</strong></span> <span class='ocrx_word' id='word_1_737' title='bbox 1509 2156 1582 2184; x_wconf 88' lang='lat' dir='ltr'><strong>enim</strong></span> <span class='ocrx_word' id='word_1_738' title='bbox 1611 2156 1707 2183; x_wconf 90' lang='lat' dir='ltr'><strong>umbra</strong></span> <span class='ocrx_word' id='word_1_739' title='bbox 1735 2163 1884 2190; x_wconf 88' lang='lat' dir='ltr'><strong>corporum</strong></span> 
     </span>
    </p>
   </div>
   <div class='ocr_carea' id='block_1_103' title="bbox 1093 2201 1884 2237">
    <p class='ocr_par' dir='ltr' id='par_1_103' title="bbox 1093 2201 1884 2237">
     <span class='ocr_line' id='line_1_103' title="bbox 1093 2201 1884 2237; baseline -0.004 -7"><span class='ocrx_word' id='word_1_740' title='bbox 1093 2203 1280 2231; x_wconf 88' lang='lat' dir='ltr'><strong>conforntatur</strong></span> <span class='ocrx_word' id='word_1_741' title='bbox 1311 2204 1402 2237; x_wconf 60' lang='lat' dir='ltr'><strong>ﬁgurae</strong></span> <span class='ocrx_word' id='word_1_742' title='bbox 1429 2210 1522 2230; x_wconf 88' lang='lat' dir='ltr'><strong>eorum</strong></span> <span class='ocrx_word' id='word_1_743' title='bbox 1553 2209 1613 2237; x_wconf 74' lang='lat' dir='ltr'><strong>qua:</strong></span> <span class='ocrx_word' id='word_1_744' title='bbox 1643 2202 1812 2237; x_wconf 63' lang='lat' dir='ltr'><strong>praecedunt,</strong></span> <span class='ocrx_word' id='word_1_745' title='bbox 1845 2201 1884 2228; x_wconf 84' lang='lat' dir='ltr'><strong>ita</strong></span> 
     </span>
    </p>
   </div>
   <div class='ocr_carea' id='block_1_104' title="bbox 1055 2244 1884 2284">
    <p class='ocr_par' dir='ltr' id='par_1_104' title="bbox 1055 2244 1884 2284">
     <span class='ocr_line' id='line_1_104' title="bbox 1055 2244 1884 2284; baseline -0.005 -7"><span class='ocrx_word' id='word_1_746' title='bbox 1055 2244 1077 2272; x_wconf 78' lang='grc' dir='ltr'><strong>Ι)</strong></span> <span class='ocrx_word' id='word_1_747' title='bbox 1094 2250 1175 2277; x_wconf 87' lang='lat' dir='ltr'><strong>etiant</strong></span> <span class='ocrx_word' id='word_1_748' title='bbox 1198 2249 1339 2276; x_wconf 88' lang='lat' dir='ltr'><strong>character</strong></span> <span class='ocrx_word' id='word_1_749' title='bbox 1354 2253 1381 2276; x_wconf 89' lang='lat' dir='ltr'><strong>et</strong></span> <span class='ocrx_word' id='word_1_750' title='bbox 1395 2249 1482 2284; x_wconf 80' lang='lat' dir='ltr'><strong>signa,</strong></span> <span class='ocrx_word' id='word_1_751' title='bbox 1498 2248 1597 2284; x_wconf 89' lang='lat' dir='ltr'><strong>quibus</strong></span> <span class='ocrx_word' id='word_1_752' title='bbox 1617 2248 1677 2275; x_wconf 85' lang='lat' dir='ltr'><strong>Filii</strong></span> <span class='ocrx_word' id='word_1_753' title='bbox 1704 2247 1751 2274; x_wconf 93' lang='lat' dir='ltr'><strong>Dei</strong></span> <span class='ocrx_word' id='word_1_754' title='bbox 1777 2254 1884 2281; x_wconf 83' lang='lat' dir='ltr'><strong>cogno-</strong></span> 
     </span>
    </p>
   </div>
   <div class='ocr_carea' id='block_1_105' title="bbox 1094 2292 1884 2330">
    <p class='ocr_par' dir='ltr' id='par_1_105' title="bbox 1094 2292 1884 2330">
     <span class='ocr_line' id='line_1_105' title="bbox 1094 2292 1884 2330; baseline -0.005 -8"><span class='ocrx_word' id='word_1_755' title='bbox 1094 2297 1179 2322; x_wconf 76' lang='lat' dir='ltr'><strong>scitur</strong></span> <span class='ocrx_word' id='word_1_756' title='bbox 1204 2295 1341 2326; x_wconf 79' lang='lat' dir='ltr'><strong>divinitas,</strong></span> <span class='ocrx_word' id='word_1_757' title='bbox 1359 2295 1530 2330; x_wconf 83' lang='lat' dir='ltr'><strong>apparebunt</strong></span> <span class='ocrx_word' id='word_1_758' title='bbox 1546 2294 1574 2322; x_wconf 88' lang='lat' dir='ltr'><strong>in</strong></span> <span class='ocrx_word' id='word_1_759' title='bbox 1601 2294 1672 2329; x_wconf 84' lang='lat' dir='ltr'><strong>ejus,</strong></span> <span class='ocrx_word' id='word_1_760' title='bbox 1697 2294 1742 2328; x_wconf 88' lang='lat' dir='ltr'><strong>qui</strong></span> <span class='ocrx_word' id='word_1_761' title='bbox 1767 2292 1884 2327; x_wconf 88' lang='lat' dir='ltr'><strong>paritur,</strong></span> 
     </span>
    </p>
   </div>
   <div class='ocr_carea' id='block_1_106' title="bbox 1095 2339 1883 2376">
    <p class='ocr_par' dir='ltr' id='par_1_106' title="bbox 1095 2339 1883 2376">
     <span class='ocr_line' id='line_1_106' title="bbox 1095 2339 1883 2376; baseline -0.008 -6"><span class='ocrx_word' id='word_1_762' title='bbox 1095 2343 1203 2375; x_wconf 87' lang='lat' dir='ltr'><strong>virtute,</strong></span> <span class='ocrx_word' id='word_1_763' title='bbox 1217 2346 1247 2369; x_wconf 87' lang='lat' dir='ltr'><strong>ut</strong></span> <span class='ocrx_word' id='word_1_764' title='bbox 1264 2341 1309 2376; x_wconf 90' lang='lat' dir='ltr'><strong>qui</strong></span> <span class='ocrx_word' id='word_1_765' title='bbox 1324 2342 1411 2376; x_wconf 85' lang='lat' dir='ltr'><strong>imago</strong></span> <span class='ocrx_word' id='word_1_766' title='bbox 1426 2346 1454 2368; x_wconf 88' lang='lat' dir='ltr'><strong>et</strong></span> <span class='ocrx_word' id='word_1_767' title='bbox 1465 2340 1634 2376; x_wconf 81' lang='lat' dir='ltr'><strong>signaculum</strong></span> <span class='ocrx_word' id='word_1_768' title='bbox 1654 2345 1682 2367; x_wconf 88' lang='lat' dir='ltr'><strong>et</strong></span> <span class='ocrx_word' id='word_1_769' title='bbox 1696 2339 1883 2368; x_wconf 84' lang='lat' dir='ltr'><strong>adumbratio.</strong></span> 
     </span>
    </p>
   </div>
   <div class='ocr_carea' id='block_1_107' title="bbox 1093 2384 1885 2424">
    <p class='ocr_par' dir='ltr' id='par_1_107' title="bbox 1093 2384 1885 2424">
     <span class='ocr_line' id='line_1_107' title="bbox 1093 2384 1885 2424; baseline -0.009 -7"><span class='ocrx_word' id='word_1_770' title='bbox 1093 2394 1121 2417; x_wconf 88' lang='lat' dir='ltr'><strong>ct</strong></span> <span class='ocrx_word' id='word_1_771' title='bbox 1152 2388 1279 2424; x_wconf 89' lang='lat' dir='ltr'><strong>splendor</strong></span> <span class='ocrx_word' id='word_1_772' title='bbox 1311 2387 1390 2422; x_wconf 90' lang='lat' dir='ltr'><strong>primi</strong></span> <span class='ocrx_word' id='word_1_773' title='bbox 1423 2387 1596 2421; x_wconf 78' lang='lat' dir='ltr'><strong>exemplaris.</strong></span> <span class='ocrx_word' id='word_1_774' title='bbox 1628 2393 1677 2421; x_wconf 88' lang='lat' dir='ltr'><strong>per</strong></span> <span class='ocrx_word' id='word_1_775' title='bbox 1707 2384 1885 2412; x_wconf 84' lang='lat' dir='ltr'><strong>admirabiles</strong></span> 
     </span>
    </p>
   </div>
   <div class='ocr_carea' id='block_1_108' title="bbox 1096 2431 1886 2468">
    <p class='ocr_par' dir='ltr' id='par_1_108' title="bbox 1096 2431 1886 2468">
     <span class='ocr_line' id='line_1_108' title="bbox 1096 2431 1886 2468; baseline -0.009 -4"><span class='ocrx_word' id='word_1_776' title='bbox 1096 2437 1255 2464; x_wconf 88' lang='lat' dir='ltr'><strong>ostendatur</strong></span> <span class='ocrx_word' id='word_1_777' title='bbox 1281 2435 1465 2468; x_wconf 87' lang='lat' dir='ltr'><strong>operationcs.</strong></span> <span class='ocrx_word' id='word_1_778' title='bbox 1496 2433 1529 2460; x_wconf 87' lang='lat' dir='ltr'><strong>Et</strong></span> <span class='ocrx_word' id='word_1_779' title='bbox 1551 2433 1609 2461; x_wconf 68' lang='lat' dir='ltr'><strong>lucc</strong></span> <span class='ocrx_word' id='word_1_780' title='bbox 1633 2432 1742 2467; x_wconf 83' lang='lat' dir='ltr'><strong>quidem</strong></span> <span class='ocrx_word' id='word_1_781' title='bbox 1772 2431 1886 2458; x_wconf 80' lang='lat' dir='ltr'><strong>divinus</strong></span> 
     </span>
    </p>
   </div>
   <div class='ocr_carea' id='block_1_109' title="bbox 1095 2477 1887 2517">
    <p class='ocr_par' dir='ltr' id='par_1_109' title="bbox 1095 2477 1887 2517">
     <span class='ocr_line' id='line_1_109' title="bbox 1095 2477 1887 2517; baseline -0.009 -8"><span class='ocrx_word' id='word_1_782' title='bbox 1095 2481 1251 2517; x_wconf 86' lang='lat' dir='ltr'><strong>Gregorius.</strong></span> <span class='ocrx_word' id='word_1_783' title='bbox 1269 2480 1327 2506; x_wconf 84' lang='lat' dir='ltr'><strong>Alia</strong></span> <span class='ocrx_word' id='word_1_784' title='bbox 1354 2485 1445 2506; x_wconf 88' lang='lat' dir='ltr'><strong>autem</strong></span> <span class='ocrx_word' id='word_1_785' title='bbox 1472 2483 1499 2506; x_wconf 89' lang='lat' dir='ltr'><strong>et</strong></span> <span class='ocrx_word' id='word_1_786' title='bbox 1512 2485 1617 2505; x_wconf 90' lang='lat' dir='ltr'><strong>sacrum</strong></span> <span class='ocrx_word' id='word_1_787' title='bbox 1644 2477 1833 2512; x_wconf 81' lang='lat' dir='ltr'><strong>Evangelium,</strong></span> <span class='ocrx_word' id='word_1_788' title='bbox 1857 2480 1887 2502; x_wconf 89' lang='lat' dir='ltr'><strong>et</strong></span> 
     </span>
    </p>
   </div>
   <div class='ocr_carea' id='block_1_110' title="bbox 1096 2523 1886 2562">
    <p class='ocr_par' dir='ltr' id='par_1_110' title="bbox 1096 2523 1886 2562">
     <span class='ocr_line' id='line_1_110' title="bbox 1096 2523 1886 2562; baseline -0.008 -8"><span class='ocrx_word' id='word_1_789' title='bbox 1096 2528 1141 2554; x_wconf 90' lang='lat' dir='ltr'><strong>alii</strong></span> <span class='ocrx_word' id='word_1_790' title='bbox 1158 2528 1206 2554; x_wconf 85' lang='lat' dir='ltr'><strong>viri</strong></span> <span class='ocrx_word' id='word_1_791' title='bbox 1218 2527 1266 2562; x_wconf 88' lang='lat' dir='ltr'><strong>pii,</strong></span> <span class='ocrx_word' id='word_1_792' title='bbox 1283 2534 1314 2553; x_wconf 89' lang='lat' dir='ltr'><strong>ac</strong></span> <span class='ocrx_word' id='word_1_793' title='bbox 1329 2525 1375 2553; x_wconf 88' lang='lat' dir='ltr'><strong>Dei</strong></span> <span class='ocrx_word' id='word_1_794' title='bbox 1389 2530 1523 2557; x_wconf 85' lang='lat' dir='ltr'><strong>amantes,</strong></span> <span class='ocrx_word' id='word_1_795' title='bbox 1540 2533 1610 2558; x_wconf 84' lang='lat' dir='ltr'><strong>quos</strong></span> <span class='ocrx_word' id='word_1_796' title='bbox 1625 2523 1839 2553; x_wconf 85' lang='lat' dir='ltr'><strong>nominavimus.</strong></span> <span class='ocrx_word' id='word_1_797' title='bbox 1857 2527 1886 2549; x_wconf 85' lang='lat' dir='ltr'><strong>et</strong></span> 
     </span>
    </p>
   </div>
   <div class='ocr_carea' id='block_1_111' title="bbox 1096 2570 1885 2607">
    <p class='ocr_par' dir='ltr' id='par_1_111' title="bbox 1096 2570 1885 2607">
     <span class='ocr_line' id='line_1_111' title="bbox 1096 2570 1885 2607; baseline -0.004 -8"><span class='ocrx_word' id='word_1_798' title='bbox 1096 2581 1210 2607; x_wconf 86' lang='lat' dir='ltr'><strong>quorum</strong></span> <span class='ocrx_word' id='word_1_799' title='bbox 1225 2573 1385 2599; x_wconf 87' lang='lat' dir='ltr'><strong>nominatim</strong></span> <span class='ocrx_word' id='word_1_800' title='bbox 1405 2580 1458 2598; x_wconf 86' lang='lat' dir='ltr'><strong>non</strong></span> <span class='ocrx_word' id='word_1_801' title='bbox 1481 2571 1666 2603; x_wconf 70' lang='lat' dir='ltr'><strong>meminimus,</strong></span> <span class='ocrx_word' id='word_1_802' title='bbox 1691 2577 1754 2596; x_wconf 67' lang='lat' dir='ltr'><strong>vere</strong></span> <span class='ocrx_word' id='word_1_803' title='bbox 1771 2570 1885 2596; x_wconf 81' lang='lat' dir='ltr'><strong>docent.</strong></span> 
     </span>
    </p>
   </div>
   <div class='ocr_carea' id='block_1_112' title="bbox 1135 2615 1884 2652">
    <p class='ocr_par' dir='ltr' id='par_1_112' title="bbox 1135 2615 1884 2652">
     <span class='ocr_line' id='line_1_112' title="bbox 1135 2615 1884 2652; baseline -0.003 -9"><span class='ocrx_word' id='word_1_804' title='bbox 1135 2618 1165 2645; x_wconf 61' lang='grc' dir='ltr'><strong>Υ.</strong></span> <span class='ocrx_word' id='word_1_805' title='bbox 1186 2618 1223 2652; x_wconf 71' lang='lat' dir='ltr'><strong>ti)</strong></span> <span class='ocrx_word' id='word_1_806' title='bbox 1238 2618 1300 2644; x_wconf 67' lang='lat' dir='ltr'><strong>llam</strong></span> <span class='ocrx_word' id='word_1_807' title='bbox 1321 2626 1385 2651; x_wconf 68' lang='lat' dir='ltr'><strong>ergo</strong></span> <span class='ocrx_word' id='word_1_808' title='bbox 1402 2622 1543 2652; x_wconf 81' lang='lat' dir='ltr'><strong>postquam</strong></span> <span class='ocrx_word' id='word_1_809' title='bbox 1561 2616 1641 2651; x_wconf 69' lang='lat' dir='ltr'><strong>Virgo</strong></span> <span class='ocrx_word' id='word_1_810' title='bbox 1655 2616 1768 2647; x_wconf 84' lang='lat' dir='ltr'><strong>audivit,</strong></span> <span class='ocrx_word' id='word_1_811' title='bbox 1791 2615 1884 2642; x_wconf 79' lang='lat' dir='ltr'><strong>statim</strong></span> 
     </span>
    </p>
   </div>
   <div class='ocr_carea' id='block_1_113' title="bbox 1217 2707 1365 2735">
    <p class='ocr_par' dir='ltr' id='par_1_113' title="bbox 1217 2707 1365 2735">
     <span class='ocr_line' id='line_1_113' title="bbox 1217 2707 1365 2735; baseline -0.007 0"><span class='ocrx_word' id='word_1_812' title='bbox 1217 2709 1225 2722; x_wconf 62' lang='grc' dir='ltr'>ί</span> <span class='ocrx_word' id='word_1_813' title='bbox 1241 2708 1305 2735; x_wconf 85' lang='lat' dir='ltr'><strong>ibid.</strong></span> <span class='ocrx_word' id='word_1_814' title='bbox 1322 2707 1365 2734; x_wconf 71' lang='lat'><strong>35.</strong></span> 
     </span>
    </p>
   </div>
   <div class='ocr_carea' id='block_1_114' title="bbox 1422 2707 1657 2740">
    <p class='ocr_par' dir='ltr' id='par_1_114' title="bbox 1422 2707 1657 2740">
     <span class='ocr_line' id='line_1_114' title="bbox 1422 2707 1657 2740; baseline -0.009 -6"><span class='ocrx_word' id='word_1_815' title='bbox 1422 2708 1431 2724; x_wconf 85' lang='lat'>&#39;</span> <span class='ocrx_word' id='word_1_816' title='bbox 1449 2709 1457 2734; x_wconf 93' lang='lat' dir='ltr'><strong>l</strong></span> <span class='ocrx_word' id='word_1_817' title='bbox 1486 2707 1549 2734; x_wconf 87' lang='lat' dir='ltr'><strong>Cor.</strong></span> <span class='ocrx_word' id='word_1_818' title='bbox 1567 2715 1586 2740; x_wconf 84' lang='grc' dir='ltr'><strong>ι,</strong></span> <span class='ocrx_word' id='word_1_819' title='bbox 1612 2707 1657 2733; x_wconf 66' lang='grc'><strong>24.</strong></span> 
     </span>
    </p>
   </div>
   <div class='ocr_carea' id='block_1_115' title="bbox 1091 2786 1885 2822">
    <p class='ocr_par' dir='ltr' id='par_1_115' title="bbox 1091 2786 1885 2822">
     <span class='ocr_line' id='line_1_115' title="bbox 1091 2786 1885 2822; baseline -0.004 -7"><span class='ocrx_word' id='word_1_820' title='bbox 1091 2789 1223 2822; x_wconf 70' lang='grc' dir='ltr'><strong>γασοεῐσσι</strong></span> <span class='ocrx_word' id='word_1_821' title='bbox 1237 2789 1282 2813; x_wconf 59' lang='grc' dir='ltr'><strong>τὴν</strong></span> <span class='ocrx_word' id='word_1_822' title='bbox 1298 2787 1369 2818; x_wconf 77' lang='grc' dir='ltr'><strong>νοῦν,</strong></span> <span class='ocrx_word' id='word_1_823' title='bbox 1385 2787 1510 2820; x_wconf 73' lang='grc' dir='ltr'><strong>ἁσμένως</strong></span> <span class='ocrx_word' id='word_1_824' title='bbox 1525 2795 1555 2813; x_wconf 82' lang='grc' dir='ltr'><strong>τε</strong></span> <span class='ocrx_word' id='word_1_825' title='bbox 1569 2787 1675 2822; x_wconf 68' lang='grc' dir='ltr'><strong>διετεθη</strong></span> <span class='ocrx_word' id='word_1_826' title='bbox 1690 2786 1729 2821; x_wconf 88' lang='grc' dir='ltr'>τῷ</span> <span class='ocrx_word' id='word_1_827' title='bbox 1743 2786 1885 2820; x_wconf 77' lang='grc' dir='ltr'><strong>Ιπαγγέλ-</strong></span> 
     </span>
    </p>
   </div>
   <div class='ocr_carea' id='block_1_116' title="bbox 1096 2832 1887 2870">
    <p class='ocr_par' dir='ltr' id='par_1_116' title="bbox 1096 2832 1887 2870">
     <span class='ocr_line' id='line_1_116' title="bbox 1096 2832 1887 2870; baseline -0.005 -8"><span class='ocrx_word' id='word_1_828' title='bbox 1096 2843 1180 2870; x_wconf 68' lang='grc' dir='ltr'>ματι·</span> <span class='ocrx_word' id='word_1_829' title='bbox 1201 2835 1246 2860; x_wconf 74' lang='grc' dir='ltr'><strong>καὶ</strong></span> <span class='ocrx_word' id='word_1_830' title='bbox 1275 2833 1354 2860; x_wconf 79' lang='grc' dir='ltr'><strong>Ἰδοὺ</strong></span> <span class='ocrx_word' id='word_1_831' title='bbox 1374 2833 1392 2864; x_wconf 85' lang='grc' dir='ltr'>ή</span> <span class='ocrx_word' id='word_1_832' title='bbox 1413 2832 1508 2866; x_wconf 65' lang='grc' dir='ltr'><strong>δούλη</strong></span> <span class='ocrx_word' id='word_1_833' title='bbox 1524 2833 1645 2867; x_wconf 66' lang='grc' dir='ltr'><strong>Κυρίου,</strong></span> <span class='ocrx_word' id='word_1_834' title='bbox 1667 2833 1733 2867; x_wconf 77' lang='grc' dir='ltr'><strong>φησὶ</strong></span> <span class='ocrx_word' id='word_1_835' title='bbox 1753 2833 1822 2867; x_wconf 73' lang='grc' dir='ltr'>πρὸς</span> <span class='ocrx_word' id='word_1_836' title='bbox 1840 2837 1887 2858; x_wconf 59' lang='grc' dir='ltr'><strong>τεν</strong></span> 
     </span>
    </p>
   </div>
   <div class='ocr_carea' id='block_1_117' title="bbox 288 2903 1438 2937">
    <p class='ocr_par' dir='ltr' id='par_1_117' title="bbox 288 2903 1438 2937">
     <span class='ocr_line' id='line_1_117' title="bbox 288 2903 1438 2937; baseline -0.002 -8"><span class='ocrx_word' id='word_1_837' title='bbox 288 2905 324 2937; x_wconf 72' lang='grc' dir='ltr'><strong>(τι)</strong></span> <span class='ocrx_word' id='word_1_838' title='bbox 343 2905 406 2936; x_wconf 83' lang='lat' dir='ltr'><strong>Opp.</strong></span> <span class='ocrx_word' id='word_1_839' title='bbox 421 2907 534 2937; x_wconf 69' lang='lat' dir='ltr'><strong>Grrg‘u&#39;ii</strong></span> <span class='ocrx_word' id='word_1_840' title='bbox 550 2905 665 2935; x_wconf 58' lang='lat' dir='ltr'><strong>Nysseni,</strong></span> <span class='ocrx_word' id='word_1_841' title='bbox 682 2904 828 2937; x_wconf 66' lang='lat' dir='ltr'><strong>i‘qti&#39;olnq’a‘</strong></span> <span class='ocrx_word' id='word_1_842' title='bbox 842 2909 899 2929; x_wconf 69' lang='lat' dir='ltr'><strong>tam.</strong></span> <span class='ocrx_word' id='word_1_843' title='bbox 915 2905 996 2935; x_wconf 70' lang='lat' dir='ltr'><strong>XLVi,</strong></span> <span class='ocrx_word' id='word_1_844' title='bbox 1013 2905 1060 2930; x_wconf 81' lang='lat' dir='ltr'><strong>col.</strong></span> <span class='ocrx_word' id='word_1_845' title='bbox 1077 2905 1134 2930; x_wconf 70' lang='lat'><strong>1138</strong></span> <span class='ocrx_word' id='word_1_846' title='bbox 1148 2905 1177 2935; x_wconf 85' lang='lat' dir='ltr'><strong>D,</strong></span> <span class='ocrx_word' id='word_1_847' title='bbox 1193 2905 1258 2930; x_wconf 62' lang='lat' dir='ltr'><strong>inter</strong></span> <span class='ocrx_word' id='word_1_848' title='bbox 1271 2903 1343 2928; x_wconf 81' lang='lat' dir='ltr'><strong>dubia</strong></span> <span class='ocrx_word' id='word_1_849' title='bbox 1369 2903 1438 2929; x_wconf 79' lang='lat' dir='ltr'><strong>Enn.</strong></span> 
     </span>
    </p>
   </div>
  </div>
