2034 3152
224 192 281 230 5'13

861 198 1003 230 MENSIS
1022 196 1238 229 AUGUSTUS.

1808 190 1863 225 διι

226 263 287 280 nam
318 262 382 289 ergo
403 254 559 283 existimare
575 260 683 290 oportet
707 257 781 284 hunc
803 263 864 283 esse
882 254 1012 291 gladium?
1025 251 1057 281 Δι
1074 255 1165 282 statim
1204 258 1300 281 testem
1339 253 1512 281 adduxerunt
1545 251 1715 288 prophetam,
1750 251 1796 285 qui
1833 251 1862 278 cl

225 299 293 326 Num
310 300 520 333 dubitationem,
540 302 738 333 ostensionem,
753 303 939 334 tentatiouem,
958 308 1017 336 quae

225 346 254 372 in
285 351 409 380 tempore
434 348 524 374 crucis
551 353 644 380 tuam,
672 357 688 376 ο
714 349 806 383 Virgo,
835 353 1018 383 pervastarunt.

226 391 368 419 animam?
398 391 436 418 Te
473 400 537 427 ergo
577 393 660 427 ipsam
687 402 796 428 quoque
813 394 918 421 etiamsi
936 395 1017 420 desu-

226 444 274 468 per
288 436 395 463 Domini
412 437 526 472 pulchre
548 446 592 465 res
612 439 743 469 didicisti,
759 439 875 474 attinget
897 440 1019 474 aliquid?

225 482 443 509 Convenieutius
481 488 523 510 est
555 490 672 516 autent,
707 485 779 520 quod
817 486 941 513 dolorem
976 487 1017 521 ip-

225 535 286 554 sum
322 527 402 562 gladii
437 529 548 556 nomine
583 529 794 565 signiﬁcaverit,
829 531 875 566 qui
908 532 1017 566 quidem

226 577 349 606 tempore
382 573 521 601 Passionis
550 583 609 602 eam
647 575 759 606 invasit’.
788 576 854 603 Nam
888 577 913 604 id
946 577 1018 611 quod

226 618 327 645 dicitur
361 627 367 645 :
399 619 430 646 Ut
456 620 602 646 reveleutur
631 629 663 647 ea:
692 622 780 648 multis
803 623 922 650 cordibus
949 624 1019 657 cogi-

227 664 352 692 tationes.
374 665 407 690 ad
428 664 577 699 discipulus
603 667 698 701 magis,
720 675 799 701 qttam
824 668 857 694 ad
880 676 938 694 eam
959 677 1019 703 per—

227 709 314 736 tinere
339 709 467 737 videtur:
490 719 588 746 nempe
619 713 690 747 quod
713 718 775 747 post
805 714 969 741 tentationes
993 718 1019 741 et

227 755 423 787 dubitationes,
453 764 513 791 qu.e
542 766 589 784 cor
611 765 706 785 eorum
730 765 938 792 concusserunt,
965 768 1018 787 non

228 801 342 827 multum
379 802 509 836 temporis
535 803 706 835 intercessit,
732 810 759 832 et
787 805 864 832 velox
895 806 1018 840 quaedam

228 846 319 873 illuxit
348 854 363 873 a
396 847 450 873 Dco
486 847 604 880 curatio,
637 857 732 876 eorum
770 851 876 878 animos
912 852 1020 886 replens

227 892 435 926 tranquillitate,
453 898 480 919 et
494 894 526 919 ad
540 894 619 920 lidcm
635 903 711 922 suam
729 896 894 924 conﬁrmans
914 898 1019 932 magni—

229 937 323 963 tudine
349 938 568 965 resurrectionis.

264 981 321 1009 XV.
342 982 396 1010 Sed
431 983 457 1010 id
483 985 555 1018 quod
582 986 684 1020 erepit,
711 994 891 1023 persequatur
920 993 1017 1024 oratio,

227 1033 255 1054 et
270 1036 365 1055 rursus
380 1029 494 1063 accipiat
511 1038 542 1056 ea
559 1039 618 1064 qum
641 1034 824 1065 praetermisit.
842 1034 907 1061 Cum
933 1038 1017 1067 enim,

227 1073 325 1108 inquit,
343 1079 422 1101 italus
439 1080 502 1101 esset
516 1075 593 1102 Iesus
604 1077 631 1103 in
642 1077 772 1105 Bethleem
788 1079 873 1111 Judte,
892 1081 917 1106 in
931 1083 1020 1109 (licbus

229 1120 337 1148 Herodis
371 1122 437 1155 regis
453 1123 500 1148 ²¹”.
527 1122 634 1150 Vides?
658 1124 690 1150 Et
705 1129 811 1160 tempus
835 1127 914 1155 nobis
938 1136 1019 1155 cvan-

227 1167 335 1200 gelista,
352 1172 379 1193 et
397 1169 495 1201 locum,
519 1174 548 1196 et
569 1171 760 1198 auctoritatem
785 1173 909 1200 similiter
936 1176 1019 1210 signi-

228 1214 289 1239 ﬁcat
316 1215 530 1242 :auetorilatcm
563 1216 682 1250 quidem,
713 1222 743 1244 ut
773 1226 836 1246 eum
867 1220 901 1246 ab
935 1221 1019 1248 altero

229 1255 337 1283 Herode
381 1258 520 1286 discernat
553 1268 585 1287 ac
615 1262 774 1297 distinguat,
810 1264 856 1298 qtti
887 1265 1019 1294 Joannem

226 1302 404 1330 interfecerat
416 1304 452 1336 ";
468 1304 513 1331 ille
525 1306 597 1332 enim
621 1312 680 1334 erat
698 1309 843 1340 tetrarclta,
861 1309 905 1336 ltic
929 1317 1019 1338 autem

232 1356 304 1382 rex;
332 1349 421 1376 locum
454 1358 519 1377 vero
544 1355 571 1378 et
597 1356 716 1387 tempus,
747 1362 798 1380 nos
831 1357 1020 1384 transmittens

228 1395 260 1422 ad
286 1396 454 1430 prophetias.
473 1396 594 1429 Quarum
617 1399 730 1426 alteram
756 1400 867 1433 quidem
895 1403 1020 1437 prtndixit

231 1440 378 1468 tliclimas:
413 1441 446 1468 Et
464 1446 492 1468 tu
525 1442 668 1478 Bethleem,
697 1445 802 1477 dicens.
833 1453 905 1474 terra
935 1448 1017 1480 Iuda,

228 1495 395 1522 nequaquam
430 1496 456 1515 es
488 1490 599 1516 minima
634 1490 662 1517 in
691 1492 853 1526 principibus
890 1492 962 1520 Iuda
987 1495 1018 1521 '7.

227 1532 348 1559 Alteram
366 1541 430 1560 vero
447 1534 531 1561 Jacob
548 1536 700 1569 patriarcha
718 1545 725 1563 ε
744 1537 803 1564 Non
818 1539 919 1572 deﬁciet
935 1541 1020 1571 enim,

229 1578 329 1627 inquit,
353 1580 484 1627 “princeps
510 1589 542 1607 ea:
570 1581 651 1612 Juda,
681 1587 705 1608 et
733 1583 787 1609 diu:
816 1585 848 1610 de
880 1585 1020 1619 femoribus
1038 1601 1057 1627 ρ

228 1625 285 1656 ejus
298 1625 331 1650 “.
348 1624 492 1656 Quomodo
517 1631 608 1653 autem
633 1627 717 1662 Magis
741 1629 815 1655 venit
838 1629 864 1656 in
889 1636 1018 1663 mentem,

231 1673 260 1695 ut
286 1673 390 1697 tantum
418 1671 469 1697 iter
491 1672 668 1704 conﬁcerent,
691 1677 719 1700 et
743 1675 869 1702 venirent
893 1677 926 1703 ad
955 1677 1020 1705 ado-

231 1715 345 1741 randum
376 1715 520 1747 infantem,
551 1717 597 1751 qui
628 1723 686 1745 erat
719 1719 808 1746 adhuc
838 1721 864 1747 in
893 1721 986 1750 fasciis
1011 1732 1019 1756 ς

230 1761 311 1795 idque
344 1769 406 1788 cum
433 1768 505 1788 esset
532 1763 592 1797 ejus
622 1768 708 1790 mater
738 1773 840 1800 pauper
866 1772 892 1794 et
922 1769 1022 1796 nullius

231 1807 360 1839 nominis,
397 1812 424 1834 et
453 1816 513 1842 qua:
547 1809 616 1836 nihil
647 1811 764 1838 habebat
801 1818 898 1847 prmter
933 1815 1020 1842 solum

231 1854 389 1888 tugurium?
407 1853 542 1889 Numquid
575 1857 687 1890 planum
723 1863 776 1891 est,
810 1857 893 1886 Deum
927 1868 1021 1889 eorum

230 1901 336 1928 animos
349 1902 382 1927 ad
401 1901 452 1928 hoc
469 1902 609 1929 movisse?
623 1902 690 1930 Vide
708 1905 780 1931 enim
799 1912 894 1933 eorum
912 1915 1021 1943 quoque

230 1947 330 1974 claram
348 1947 434 1975 fuisse
455 1948 595 1980 virtutem,
614 1957 668 1976 non
691 1951 778 1978 solum
799 1959 830 1979 eo
847 1954 919 1988 quod
942 1963 1023 1982 vene—

229 1993 296 2026 rintI
311 1994 358 2021 scd
378 1994 461 2021 etiam
483 1995 553 2029 quod
576 1995 704 2023 audacter
724 2002 749 2023 et
764 1997 848 2025 libere
865 1999 1020 2034 loquantur.

229 2039 368 2067 Ne'euim
397 2041 622 2068 existimarentur
644 2042 730 2069 fuisse
753 2045 898 2078 suppositi,
919 2049 947 2072 et
973 2047 1023 2074 via:

230 2085 327 2112 ducem
355 2086 526 2113 ostendunt:
548 2086 665 2113 Vidimus
685 2088 768 2119 enim,
799 2089 932 2122 dicentes,
966 2091 1022 2125 ejus

229 2131 354 2163 stellam;
369 2137 397 2158 et
412 2132 463 2158 Tit!)
484 2133 717 2166 magnitudinem:
731 2134 758 2160 in
773 2134 887 2168 Oriente,
905 2137 1020 2164 scilicet.

231 2177 334 2204 Deinde
345 2178 426 2204 etiam
452 2178 555 2205 addunt
577 2179 709 2214 insignem
735 2180 873 2212 ﬁduciam,
893 2190 954 2209 cum
981 2183 1024 2210 di-

230 2225 297 2249 cunt
322 2230 328 2248 :
354 2222 386 2248 Et
412 2223 529 2249 uenimus
563 2227 597 2250 ad
632 2232 691 2250 eum
720 2225 898 2254 adorandum.
926 2226 1022 2262 Neque

1072 301 1210 327 Bethleem
1245 298 1414 334 magnifacit,
1442 302 1469 325 et
1480 305 1513 325 ex
1524 305 1556 325 ea
1581 296 1680 324 ducem
1710 295 1861 324 exiturum,

1069 351 1097 374 et
1119 346 1248 381 populum
1276 345 1456 373 lsraeliticum
1481 344 1515 371 ab
1539 351 1573 371 eo
1603 349 1665 370 esse
1692 341 1860 376 pascendum

1069 391 1202 426 prmdicit.
1221 390 1266 417 Sic
1290 390 1308 416 ii
1322 390 1367 424 qui
1388 392 1468 415 erant
1491 395 1585 415 revera
1605 385 1721 418 inimici,
1744 391 1862 412 necesse

1070 439 1206 466 habebant
1232 437 1273 464 vel
1294 437 1369 464 inviti
1393 436 1499 471 aperire
1522 434 1707 470 prophetiam,
1731 432 1780 459 etsi
1803 439 1862 458 non

1070 491 1186 511 onmem.
1202 483 1279 516 Quod
1293 483 1366 509 cnim
1379 482 1508 515 deinceps
1530 479 1663 514 sequitur,
1678 478 1860 509 reticuerunt,

1068 530 1141 566 quod
1160 535 1222 557 est:
1241 529 1368 564 Egressus
1383 529 1438 563 ejus
1456 528 1487 555 ab
1501 527 1588 559 initio,
1610 534 1625 552 α
1639 526 1730 552 diebus
1754 524 1862 551 a-term'o

1071 578 1144 604 tatis.
1168 576 1224 603 Cttr
1245 575 1284 603 sic
1313 574 1467 602 fecerunt?
1495 573 1573 606 Quod
1600 572 1656 607 regi
1682 572 1862 606 loquerentur

1070 624 1103 650 ad
1137 623 1263 657 gratiam.
1293 622 1340 649 lllc
1367 625 1457 648 autem
1487 619 1553 655 quid
1578 618 1670 645 facit?
1697 617 1861 644 Clanculum

1070 674 1149 696 vocat
1169 669 1270 703 Magos,
1286 667 1431 702 diligenter
1452 669 1640 700 perscrutatur
1664 663 1764 691 stultus
1791 668 1864 690 tem-

1071 722 1122 748 pus
1146 714 1242 743 stellae,
1266 720 1327 746 qua:
1359 710 1485 746 apparuit
1520 710 1570 740 eis,
1608 709 1664 744 jam
1701 707 1864 743 aggrediens

1071 759 1105 786 de
1138 758 1228 785 medio
1257 758 1351 784 tollere
1378 757 1402 784 id
1435 764 1490 791 qtto
1527 761 1622 782 natum
1657 754 1754 781 fuerat.
1783 752 1864 785 Quod

1071 804 1180 838 quidem
1209 811 1263 830 non
1286 803 1374 830 solum
1395 806 1455 829 erat
1475 800 1613 832 amentiae,
1638 799 1685 826 sed
1708 799 1788 825 etiam
1816 797 1863 824 in—

1072 851 1164 878 sanite.
1189 850 1274 884 Cujus
1301 849 1374 875 modi
1387 848 1459 874 enim
1480 850 1557 873 erant
1571 853 1603 873 ea
1631 852 1691 880 qua:
1706 844 1775 872 clam
1803 843 1864 870 Ma-

1072 897 1113 932 gis
1138 896 1240 922 vocatis
1256 894 1399 929 loquitur?
1416 893 1464 926 Ite,
1486 897 1509 919 et
1522 892 1660 926 diligenter
1685 891 1810 925 inquirite
1830 890 1865 916 de

1071 950 1182 976 puero:
1214 946 1351 976 postquam
1387 944 1474 966 autem
1510 938 1671 968 inveneritis,
1714 937 1866 963 renuntiate

1072 989 1145 1018 mihi.
1159 992 1187 1014 ut
1207 995 1253 1022 ego
1277 994 1380 1022 quoque
1395 986 1507 1016 veniens,
1524 992 1583 1010 eum
1608 984 1725 1010 adorent.
1742 982 1865 1009 Evidcns

1070 1041 1098 1062 et
1128 1039 1221 1070 aperta
1249 1033 1365 1060 insania.
1397 1032 1426 1059 Si
1457 1031 1530 1058 enim
1560 1038 1624 1058 vera
1654 1029 1764 1064 quidem
1798 1031 1866 1055 sunt

1070 1081 1165 1111 verba,
1192 1084 1219 1106 et
1250 1087 1304 1105 non
1335 1077 1477 1107 insidiosa,
1502 1084 1551 1103 cur
1578 1082 1642 1102 cum
1669 1074 1709 1101 eis
1745 1074 1866 1099 latenter

1071 1126 1246 1162 congrcdcris
1272 1125 1284 1151 ?
1310 1124 1358 1151 Sin
1386 1127 1477 1150 autem
1505 1122 1548 1149 vis
1579 1120 1680 1155 aliquid
1721 1119 1865 1146 sinistrum

1070 1172 1159 1200 celare
1180 1176 1206 1198 ct
1230 1171 1364 1202 dolosum,
1388 1168 1526 1203 quomodo
1550 1175 1584 1194 ne
1609 1167 1660 1194 hoc
1680 1166 1790 1200 quidem
1814 1172 1866 1199 po-

1072 1218 1146 1245 tuisti
1167 1217 1333 1252 perspicere,
1360 1215 1431 1249 quod
1456 1214 1495 1241 sic
1509 1221 1524 1241 a
1544 1213 1627 1246 Magis
1649 1211 1866 1246 deprehenderis

1071 1264 1188 1298 maligne
1211 1266 1235 1289 et
1259 1261 1390 1288 scelerate
1409 1267 1514 1295 gerere,
1534 1258 1606 1292 quod
1630 1265 1736 1291 qumras
1755 1256 1840 1282 latere
1853 1255 1867 1280 ?

1073 1309 1144 1336 lliuc
1167 1317 1229 1336 cum
1251 1307 1329 1334 stella
1355 1307 1395 1333 eis
1421 1313 1516 1332 rurstts
1543 1303 1723 1338 apparuisset,
1745 1302 1785 1328 eis
1811 1302 1865 1328 dux

1071 1355 1196 1387 cﬁicitur,
1234 1354 1306 1381 sicut
1336 1353 1370 1380 ab
1403 1352 1492 1379 initio.
1519 1351 1660 1377 Absconsa
1693 1349 1766 1376 enim
1793 1351 1865 1377 erat,

1071 1406 1213 1436 postquam
1244 1403 1407 1434 apparuerat
1439 1397 1472 1424 ad
1508 1395 1659 1425 Orientem,
1690 1399 1719 1420 ut
1735 1401 1797 1421 cum
1825 1393 1865 1419 ilti

1074 1447 1172 1473 ducem
1208 1445 1404 1480 perdidissent,
1431 1442 1587 1470 necessario
1612 1441 1720 1468 Iudaeos
1745 1440 1867 1466 interro-

1073 1498 1179 1530 garent,
1207 1499 1234 1520 ct
1258 1493 1297 1520 sic
1324 1500 1368 1519 res
1393 1491 1522 1518 evaderet
1553 1488 1694 1515 manifesta
1725 1487 1865 1514 omnibus.

1073 1539 1219 1574 Postquam
1243 1546 1309 1565 vero
1329 1537 1371 1564 vel
1391 1537 1464 1571 ipsos
1488 1534 1615 1562 inimicos
1640 1533 1762 1560 habuere
1780 1532 1868 1567 magi-

1074 1591 1156 1618 stros,
1178 1585 1218 1611 eis
1235 1592 1330 1611 rursus
1349 1586 1471 1617 apparet.

1110 1631 1192 1658 XVII.
1202 1630 1267 1657 Vide
1283 1635 1385 1661 autem,
1395 1637 1409 1655 a
1424 1635 1505 1663 quant
1520 1627 1613 1655 multis
1627 1626 1723 1662 ﬁtejtts
1739 1625 1777 1652 rei
1788 1626 1866 1652 ﬁdes.

1075 1672 1140 1704 Nam
1161 1685 1235 1704 nunc
1250 1676 1358 1711 quidem
1373 1675 1459 1705 stella,
1475 1682 1547 1701 nunc
1567 1674 1683 1708 populus
1697 1672 1870 1706 Judacorum,

1075 1723 1172 1750 deinde
1188 1722 1269 1750 etiam
1295 1721 1410 1753 insidi-.r,
1435 1725 1462 1748 et
1487 1723 1628 1755 praeterea,
1652 1718 1794 1753 prophetia
1818 1717 1871 1744 do-

1075 1774 1137 1797 cent
1165 1769 1190 1796 id
1209 1768 1280 1803 quod
1292 1767 1473 1802 quaerebatur.
1500 1765 1603 1792 Deinde
1625 1772 1686 1792 cum
1702 1771 1749 1791 eos
1771 1769 1869 1790 rursus

1075 1816 1151 1843 stulta
1174 1814 1322 1848 accepisset
1336 1822 1366 1840 ex
1395 1811 1598 1847 Hierosolymis,
1623 1815 1768 1845 postquam
1802 1816 1869 1836 cum

1075 1869 1138 1897 rege
1164 1860 1294 1888 collocuti
1325 1864 1428 1889 essent,
1455 1858 1565 1885 deducit
1582 1858 1609 1884 in
1635 1856 1786 1886 Bethleem,
1811 1863 1870 1882 non

1075 1907 1236 1942 simpliciter
1265 1907 1379 1939 vadens,
1406 1905 1453 1932 sed
1481 1913 1529 1932 eos
1556 1905 1678 1935 trahens,
1709 1907 1735 1929 ct
1764 1902 1871 1929 ducens

1076 1955 1188 1982 meridie
1205 1965 1212 1981 ι
1230 1959 1259 1981 ttt
1283 1954 1324 1981 vel
1337 1961 1370 1980 ex
1386 1960 1419 1980 eo
1435 1957 1528 1979 notutn
1549 1956 1621 1978 esset
1648 1950 1786 1980 onmibus,
1805 1956 1870 1975 eam

1075 2010 1130 2028 tton
1151 2008 1211 2028 esse
1241 1999 1346 2027 stellam
1375 2006 1456 2026 unam
1477 2006 1492 2024 e
1511 1997 1614 2028 multis,
1634 2004 1723 2031 neque
1750 1995 1868 2022 omnino

1077 2048 1173 2075 similis
1199 2055 1260 2074 cum
1287 2047 1347 2074 aliis
1371 2046 1486 2073 ordinis.
1515 2043 1577 2070 Ideo
1592 2043 1665 2070 enim
1697 2042 1799 2069 vadens
1835 2050 1870 2068 ex

1075 2093 1241 2126 Jerusalem,
1269 2101 1324 2120 non
1350 2092 1425 2127 prius
1452 2089 1590 2121 consistit,
1612 2089 1701 2115 donec
1726 2088 1758 2115 ad
1778 2088 1870 2122 ipsum

1077 2139 1184 2167 venerit
1214 2146 1346 2173 prmsepe.
1378 2136 1525 2170 Postquam
1556 2139 1646 2161 autem
1682 2135 1756 2161 stetit
1785 2142 1870 2168 supra

1078 2191 1205 2218 puerum,
1224 2182 1315 2208 statim
1333 2181 1466 2208 constitit.
1483 2180 1518 2207 Et.
1536 2184 1680 2214 propterea
1699 2179 1772 2214 quod
1791 2187 1870 2205 nunc

1078 2229 1188 2265 quidem
1214 2228 1439 2259 absconderetur,
1456 2234 1530 2253 nunc
1553 2231 1644 2253 autem
1669 2230 1823 2260 appareret,
1841 2231 1870 2252 et

231 2268 278 2295 irae
299 2269 403 2303 populi,
434 2277 522 2303 neque
544 2270 616 2304 regis
642 2271 792 2305 tyrannidis
811 2272 893 2299 ullam
917 2273 1022 2302 ducunt
1038 2279 1060 2306 ι)
1076 2275 1175 2304 deinde
1194 2283 1255 2302 curn
1278 2273 1459 2308 apparuisset,
1481 2280 1573 2299 rursus
1590 2277 1683 2305 staret,
1708 2271 1872 2298 ostendebat

233 2315 376 2341 rationem.
391 2315 456 2347 Qua:
470 2323 532 2342 cum
553 2316 685 2343 audiisset
707 2316 839 2351 Herodes,
856 2320 1024 2348 conturbatus

232 2366 280 2393 cst,
303 2361 401 2396 inquit.
422 2363 459 2389 De
478 2363 595 2397 imperio
612 2363 684 2390 enim
707 2371 770 2390 eum
793 2370 882 2392 metus
902 2372 1023 2401 ceperat.

234 2408 266 2435 Et
290 2409 351 2435 ideo
384 2409 418 2435 ad
447 2417 476 2436 se
505 2417 615 2443 quoque
647 2415 794 2445 congregat
824 2411 968 2445 pontiﬁces
996 2418 1025 2441 ct

233 2454 337 2480 scribas
363 2454 467 2488 populi,
485 2460 512 2481 et
535 2463 583 2481 eos
605 2455 750 2490 diligenter
773 2457 938 2493 interrogat,
964 2460 1025 2487 ubi-

234 2507 296 2526 nam
319 2499 449 2526 Christus
467 2506 640 2528 nasceretur.

269 2544 338 2572 XVI.
357 2545 507 2573 Considera
528 2551 618 2575 autem
641 2547 829 2576 admirabilem
852 2557 944 2576 rerum
968 2551 1023 2578 dis-

234 2591 434 2626 pensationem,
448 2597 475 2619 et
492 2594 723 2627 quemadmodum
740 2594 841 2621 veritas
861 2595 942 2622 etiam
959 2604 1023 2623 suo-

234 2645 293 2665 rum
323 2638 495 2665 iuimicorum
522 2641 607 2665 utitur
621 2639 733 2666 auxilio.
749 2639 818 2666 Cum
841 2641 914 2667 enim
940 2642 1024 2669 inter-

233 2688 393 2720 rogarentur
412 2685 508 2717 Judasi,
526 2686 637 2712 ubinam
657 2685 784 2712 Christus
798 2691 966 2717 nasrcretur,
993 2688 1023 2719 ii,

233 2730 269 2757 In
285 2729 416 2758 Bethleem
431 2730 518 2763 Judaa,
534 2735 563 2757 ut
577 2737 620 2756 res
636 2737 666 2757 se
685 2729 814 2762 habebat,
828 2730 975 2758 dixerunt:
998 2737 1025 2759 et

285 2815 319 2830 ἀι·
332 2813 427 2840 Matth.
441 2821 470 2845 ιι,
491 2814 516 2839 1.
562 2813 585 2829 ²³
599 2813 693 2839 Matth.
711 2821 766 2844 xiv,
781 2818 854 2846 seqq.

896 2812 919 2828 ιτ
933 2813 1014 2842 Mich.
1025 2825 1051 2849 ν,
1070 2816 1097 2842 9.

1077 2328 1107 2348 se
1133 2327 1194 2347 esse
1220 2319 1332 2354 majoris
1361 2318 1482 2350 virtutis,
1508 2325 1588 2352 quam
1617 2325 1677 2351 qua:
1711 2317 1738 2343 in
1762 2316 1871 2344 stellam

1076 2367 1196 2396 caderet.
1217 2371 1244 2393 et
1263 2366 1303 2393 eis
1329 2365 1448 2392 faciebat
1472 2364 1658 2391 accessionem
1691 2363 1764 2390 ﬁdei.
1788 2363 1873 2390 Certe

1076 2413 1155 2448 longe
1169 2414 1284 2439 maxima
1318 2411 1472 2439 aliieiuutur
1491 2410 1596 2443 laetitia,
1613 2409 1684 2444 quod
1699 2415 1726 2436 et
1746 2409 1874 2437 invenis-

1078 2466 1138 2487 sent
1162 2459 1189 2486 id
1206 2458 1277 2493 quod
1292 2457 1474 2492 quaerebatur,
1492 2461 1519 2483 et
1542 2456 1594 2483 iter
1607 2463 1663 2482 non
1682 2456 1781 2482 frustra
1801 2463 1874 2483 cou-

1077 2505 1218 2535 fecissent,
1232 2508 1259 2530 et
1283 2502 1357 2538 quod
1382 2501 1455 2529 ictus
1483 2505 1556 2528 esset
1585 2501 1705 2532 divinus,
1734 2505 1762 2527 et
1794 2501 1871 2534 quod

1076 2551 1192 2578 fuissent
1217 2549 1304 2576 nuntii
1325 2549 1457 2576 veritatis.
1480 2547 1546 2579 Quae
1561 2547 1671 2582 quidem
1695 2546 1785 2574 omnia
1805 2551 1874 2574 sunt

1077 2597 1147 2624 illius
1176 2595 1343 2623 admirabilis
1367 2594 1463 2629 puellae
1487 2593 1613 2621 encomia
1634 2597 1747 2628 propter
1771 2593 1872 2626 Deum,

1076 2642 1122 2676 qui
1147 2650 1181 2668 ex
1214 2641 1270 2675 ipsa
1303 2644 1385 2666 natus
1406 2644 1449 2666 est
1472 2643 1526 2666 :et
1549 2646 1645 2666 eorum
1678 2638 1874 2673 magnitudine

1078 2688 1162 2718 illam,
1184 2691 1215 2714 ut
1236 2686 1410 2721 przecipuam,
1426 2686 1549 2712 eximunt
1565 2693 1579 2712 a
1598 2685 1773 2712 mulieribus.
1793 2684 1875 2712 Post-

1079 2741 1159 2768 quam
1188 2737 1278 2758 autem
1317 2730 1428 2758 fuerunt
1471 2730 1543 2757 intra
1577 2729 1708 2762 domum,
1737 2730 1872 2765 viderunt,

1135 2815 1157 2832 ’⁸
1171 2815 1239 2843 Cen.
1256 2821 1329 2846 XLIX,
1343 2813 1387 2840 10.

237 2893 304 2919 θεοῦ
318 2891 463 2925 θεραπεία.
486 2893 534 2924 τὰς
562 2892 650 2927 Ψυχὰς
662 2893 752 2922 αὐτῶν
766 2895 886 2930 γαλήνης
902 2894 1051 2931 πληροῦσα,
1073 2896 1119 2924 καὶ
1139 2895 1206 2930 πρὸς
1223 2895 1272 2929 τὴν
1290 2893 1372 2921 αὑτοῦ
1394 2892 1540 2928 βεϐαιῆῦσσ.
1561 2891 1652 2918 πίστιν
1670 2891 1709 2926 τῷ
1728 2888 1871 2926 μεγαλειιρ

238 2941 286 2975 τῆξ
301 2938 484 2970 ἀναστάσεως.
