2034 3152
152 149 205 180 M5

704 151 847 181 ORATIO
869 151 915 181 DE
936 149 1077 180 SANCTA
1102 149 1238 180 MARIA.

1726 147 1779 178 5M

153 207 250 240 inquit,
275 206 405 240 infantem
425 214 483 233 cum
511 205 600 232 Maria
628 211 712 232 matre
736 206 792 240 ejus
817 206 850 231 τ’.
869 204 938 238 Quid
955 213 976 240 Α
992 203 1165 236 tentatioues,
1181 207 1208 230 et
1221 203 1258 230 sis
1272 208 1379 237 paratus
1407 204 1538 230 adversus
1556 203 1677 230 insidias.
1696 202 1779 230 Inbe-

152 257 244 280 uutem
266 260 396 288 magnum
423 252 561 283 viderunt,
585 251 658 287 quod
690 258 752 278 eum
780 251 936 282 adorarunt,

152 306 212 325 cum
240 299 332 324 omnia
357 302 450 325 essent
467 298 611 332 ejusmodi,
632 302 661 324 ut
681 297 751 324 nihil
774 301 865 331 posset
879 303 938 323 esse

153 343 260 370 vilius?
286 343 496 377 Speluncamne,
522 350 653 378 praesepe,
678 343 801 369 fascias:
825 350 859 368 an
882 349 939 368 tua-

154 395 233 422 tretn,
265 397 326 424 quae
353 395 427 417 tanta
460 395 519 417 erat
551 389 748 424 simplicitate?
769 388 839 421 Quid
875 395 938 423 ergo

152 442 198 461 eos
233 439 308 461 tanta
338 435 431 462 affecit
476 435 665 467 admiratione,
704 438 733 461 ut
766 442 818 460 non
850 433 938 460 solum

152 478 308 511 adorarent,
329 479 376 506 sed
401 479 482 506 etiam
499 479 569 506 dona
584 478 725 511 offerrent,
742 485 827 512 eaque
841 477 938 512 hujus-

154 525 236 556 mndi,
252 531 312 559 qua:
333 524 422 559 ipsum
447 532 508 551 esse
534 525 617 550 Deum
635 528 663 550 et
686 524 784 559 ltegem
801 524 939 559 signiﬁca-

153 571 247 598 rent?
277 570 335 597 I'loc
372 571 445 597 enim
474 570 525 597 sibi
560 570 666 600 volunt,
705 577 801 605 nempe
838 570 938 605 Regem

153 619 263 653 quidem
280 627 389 651 aurum,
406 619 469 646 thus
494 625 558 645 vero
585 617 680 650 Deum,
710 617 818 652 myrrha
848 623 938 645 autem

153 665 380 699 pra-signiﬁcabat
405 668 532 697 mortem,
549 671 629 698 quam
658 671 706 698 pro
722 671 765 691 me
787 669 847 691 erat
862 665 938 691 subi-

153 715 241 736 turus.
271 709 408 742 Quidnam
436 717 500 744 crgo
522 717 569 736 eos
602 709 720 736 movit?
750 710 826 742 illud,
866 711 938 745 quod

150 756 231 782 etiam
259 756 360 788 eﬂ'ecit,
381 760 409 783 ut
424 757 504 782 domo
517 757 710 790 excitarentur,
726 761 754 784 et
769 762 872 784 tantum
890 758 940 784 iter

151 801 319 828 conﬁcerent
335 811 341 828 :
360 802 437 828 stella
460 800 584 835 omnino,
597 808 626 830 et
648 811 707 837 qua!
733 810 826 830 eortttn
842 803 938 829 animis

153 847 239 872 inerat
258 854 273 873 ιι
290 847 345 874 Deo
361 848 531 876 illuntinatio.

186 892 279 919 XVIII.
305 894 359 921 Sed
385 895 449 929 quid
466 900 679 923 consentaneum
702 901 759 923 erat
774 896 866 922 anitno
879 904 939 922 vcr—

152 944 210 963 sare
225 942 352 970 matrem,
372 939 429 966 haec
444 941 620 968 cernentem?
633 937 780 975 Cujtisnam
810 940 854 967 lilii
869 945 941 967 esset

151 985 247 1013 mater,
263 982 296 1009 ad
314 990 394 1017 quem
414 984 462 1010 viri
473 990 527 1011 tam
553 985 671 1019 insignes
695 985 734 1012 sic
759 990 940 1016 accesserunt,

152 1027 227 1053 stella
246 1027 316 1054 duce
329 1034 436 1056 utentes
453 1038 460 1058 :
481 1031 526 1065 qui
550 1039 611 1057 eum
635 1031 785 1058 adorabant
810 1031 837 1057 in
853 1030 941 1057 fasciis

152 1077 178 1098 et
192 1072 261 1099 dona
274 1073 434 1107 offerebant,
449 1080 573 1111 tanquam
584 1076 608 1104 ei
622 1084 651 1104 se
666 1077 810 1104 conciliare
830 1076 942 1103 studen—

153 1122 202 1150 tes,
221 1123 248 1145 et
262 1119 314 1146 sibi
330 1121 431 1155 aliquid
448 1129 584 1157 magnum,
602 1123 674 1157 quod
684 1123 747 1150 hinc
761 1128 819 1150 erat
833 1126 942 1149 secutu—

153 1172 220 1196 rum,
233 1167 434 1199 procurantes?
454 1167 498 1195 Vel
514 1174 644 1203 quantum
661 1177 720 1196 eam
747 1170 863 1204 gaudere
893 1177 941 1204 par

152 1215 211 1237 etat
226 1219 258 1238 ac
273 1217 405 1246 quantum
425 1214 566 1246 illustrari.
582 1221 743 1249 quantaeque
753 1216 809 1250 spei
824 1215 940 1242 fructum

149 1256 203 1290 jam
218 1258 358 1292 percipere
374 1267 427 1286 ncn
447 1267 479 1287 ex
498 1260 540 1287 his
557 1262 655 1292 solum,
674 1261 721 1289 sed
735 1269 766 1288 ex
784 1262 836 1288 illis
847 1262 939 1293 etiam,

151 1309 209 1335 qnte
223 1310 429 1337 praecesserant,
440 1306 609 1334 admirabilia
621 1307 764 1342 colligente
776 1307 788 1333 ?
803 1307 864 1334 "re
874 1315 941 1341 puer

150 1348 194 1374 ille
220 1351 265 1376 dat
287 1351 311 1376 ei
331 1345 441 1385 prsentia
459 1361 466 1378 :
485 1353 524 1380 sic
539 1354 651 1387 opponit
669 1353 816 1380 humilibus
833 1360 865 1379 ea
881 1360 941 1387 qua:

147 1397 214 1420 sunt
228 1394 346 1422 illustria
363 1404 416 1428 ;ne
435 1397 519 1424 solam
535 1398 629 1425 videns
644 1399 811 1432 Speluncam,
828 1402 944 1432 ettttgu-~

147 1438 232 1470 rium,
247 1444 274 1466 et
292 1448 423 1476 praesepe,
438 1446 463 1469 et
478 1443 545 1470 viles
568 1444 676 1476 fascias,
691 1452 784 1479 parva,
802 1449 831 1470 ttt
845 1451 940 1471 conse-

148 1490 237 1516 quens
252 1485 404 1518 videbatur,
422 1487 592 1521 opinaretur,
616 1494 642 1515 et
658 1489 854 1515 distraheretur
867 1488 941 1523 cogi-

149 1529 317 1556 tationibus:
333 1532 379 1558 sed
393 1537 421 1559 ut
433 1537 460 1560 et
473 1533 527 1561 haec
540 1541 635 1569 magna
649 1535 836 1567 considerans,
847 1542 939 1561 rursus

147 1575 175 1601 in
210 1576 295 1603 altutn
318 1578 502 1611 extolleretur,
541 1584 569 1606 et
597 1584 707 1614 propter
732 1580 805 1607 hunc
839 1587 938 1607 novum

148 1625 258 1655 parturn
273 1630 304 1650 se
322 1630 415 1658 posset
429 1625 533 1652 beatam
560 1625 670 1653 ducere.
698 1626 776 1659 Quod
804 1627 876 1654 enim
906 1627 940 1653 ab

149 1667 227 1694 initio
242 1670 386 1696 consuevit
403 1671 532 1698 Dominus
547 1672 647 1704 facere,
667 1678 696 1699 ut
716 1680 776 1707 qua:
792 1678 856 1700 sunt
878 1673 939 1700 vilia

149 1718 177 1740 et
191 1714 317 1747 humilia,
333 1716 444 1743 extollat
468 1722 566 1752 prteter
577 1718 746 1752 opinionem,
773 1719 843 1746 sicut
857 1727 940 1746 econ-

150 1764 236 1789 tra.ut
248 1768 349 1796 eaquae
360 1764 561 1798 suntsuperba,
588 1764 721 1799 deprimat
740 1765 811 1793 :hoc
829 1765 938 1800 quidem

149 1810 223 1831 certe
239 1806 341 1834 videret
355 1809 436 1835 etiam
470 1809 560 1837 facere
575 1810 602 1836 in
626 1810 726 1845 seipso.

186 1849 256 1877 XIX.
278 1852 331 1879 Sed
347 1861 394 1881 cur
417 1854 500 1890 Magis
534 1861 575 1884 est
598 1857 769 1892 imperatum,
800 1865 833 1884 ne.
847 1865 940 1885 rursus

151 1897 271 1924 redirent
283 1899 317 1925 ad
342 1900 501 1928 Herodem?
516 1901 548 1928 Ει
564 1910 692 1936 quorsum
722 1904 767 1930 illa
787 1903 889 1938 ahjecta
912 1909 940 1930 et

153 1943 243 1971 minus
269 1945 368 1972 decora
385 1946 411 1972 in
425 1946 569 1982 [Egyptutn
590 1951 651 1983 fuga
677 1948 792 1979 Christi,
827 1949 939 1983 perinde

151 1997 181 2016 ac
195 1990 216 2016 si
230 1998 285 2018 nou
303 1998 393 2026 posset
415 1993 493 2020 aliter
526 2002 586 2021 esse
615 1995 734 2022 salvus?
750 1995 879 2022 Futurum
903 2002 938 2022 est

151 2036 228 2069 enim,
247 2038 346 2073 inquit,
380 2045 408 2066 ut
437 2040 551 2068 Herodes
571 2047 671 2077 quam!
701 2051 810 2078 puerum
821 2045 856 2070 ad
882 2052 939 2077 per-

151 2084 262 2110 dendum
277 2092 338 2112 eum
348 2085 386 2112 ³⁸.
403 2086 470 2114 Num
488 2093 515 2115 ut
532 2096 580 2123 per
596 2089 654 2116 hzec
671 2097 752 2124 parva
764 2093 792 2116 et
809 2089 938 2122 humana,

152 2132 179 2155 et
196 2135 358 2157 cerneretur
370 2133 428 2165 ipse
446 2140 555 2160 carnem
572 2134 732 2168 sumpsisse,
750 2139 777 2161 et
794 2134 938 2169 dispensa-

152 2173 232 2201 tionis
250 2174 324 2202 illtus
338 2177 494 2204 crederetur
514 2180 670 2214 magnitudo
686 2180 697 2206 ?
722 2180 858 2207 Maxime:
877 2189 939 2215 pro-

990 255 1033 277 tur
1056 255 1146 276 autent
1163 256 1302 276 assumere
1333 257 1445 284 puerum
1462 255 1489 276 et
1521 254 1634 277 matrem
1655 250 1715 284 ejus
1752 253 1780 277 et

988 297 1080 331 fugere
1099 296 1126 322 in
1147 294 1306 330 Egyptum,
1335 303 1388 322 non
1405 296 1475 322 sicut
1503 296 1589 330 prius.
1618 296 1686 323 Nam
1716 300 1780 322 tunc

988 341 1095 376 quidem
1110 339 1302 370 dicit.Uxorem
1319 345 1404 373 tuam;
1421 349 1496 368 nunc
1513 350 1577 369 vero
1598 342 1668 369 hanc
1700 347 1780 368 vocat

990 394 1109 420 matrem,
1119 395 1179 415 cum
1187 392 1261 413 esset
1272 394 1396 422 egressus
1407 393 1509 421 partus.
1521 392 1548 414 et
1559 393 1630 414 mota
1643 388 1778 421 suspicio.

989 434 1068 469 Fugze
1081 440 1170 462 autem
1181 441 1275 464 causa,
1287 440 1326 461 est
1339 439 1427 460 metus
1444 433 1611 460 insidiarum.
1639 432 1706 460 \‘ide
1716 441 1780 468 ergo

991 488 1083 508 rursus
1096 489 1156 508 cum
1167 482 1268 517 magnis
1280 486 1307 508 et
1317 481 1496 516 suspiciendis
1508 481 1637 514 conjungi
1651 479 1778 511 humilia,

989 531 1016 554 et
1031 527 1232 561 eomjucuudis
1246 535 1277 554 ea
1289 534 1348 561 qua;
1375 532 1439 554 sunt
1467 527 1592 553 molesta.
1614 525 1677 552 l‘ost
1705 525 1780 552 illam

990 580 1038 605 per
1067 572 1171 599 stellam
1187 572 1387 603 deductiouetn,
1408 576 1470 605 post
1494 571 1602 598 illorttrn
1639 574 1769 603 tanquam

990 617 1065 653 Ilegi,
1086 618 1127 645 vel
1139 619 1227 652 potius
1240 624 1366 652 tanquam
1396 619 1450 644 Deo
1474 617 1622 644 exhibitatn
1642 616 1780 642 adoratio-

990 670 1062 695 neut,
1082 664 1258 691 ctdonorntn
1289 663 1471 694 oblationem,
1491 663 1517 688 in
1544 669 1578 688 eo
1612 661 1661 687 fuit
1692 665 1782 687 metus

990 709 1095 740 mortis,
1111 715 1138 736 et
1150 709 1209 742 fuga
1219 709 1333 736 occulta.
1344 709 1377 735 Et
1392 709 1425 735 de
1437 716 1490 742 quo
1502 708 1576 742 prius
1587 707 1779 734 renuntiatum

990 755 1075 782 fuerat
1095 755 1151 782 fore
1166 755 1311 782 ut'sulvum
1338 754 1439 781 faceret
1456 755 1596 788 populum.
1611 761 1644 780 uc
1659 761 1688 780 se
1720 753 1781 787 qui-

989 801 1049 828 deut
1061 801 1169 828 videtur
1199 808 1278 835 posse
1306 800 1410 827 salvutn
1442 801 1539 826 facere.
1575 799 1641 831 Qum
1667 798 1779 833 quidem

990 847 1126 881 quomodo
1140 854 1234 873 rursus
1263 846 1384 872 animuttt
1415 845 1532 881 Virginis
1561 844 1782 872 aﬂ'ecrrunt?E:

993 894 1056 928 quid
1074 898 1288 920 consentaneum
1304 898 1345 920 est
1363 900 1422 919 eam
1448 892 1551 918 interea
1566 890 1719 926 cogitasse?
1736 891 1781 917 Sic

992 940 1074 966 etiam
1091 940 1117 969 in
1129 940 1256 967 omnibus
1293 939 1396 966 sanctis
1418 943 1617 972 consequenter
1647 937 1780 967 invenies.

992 994 1053 1013 cum
1064 987 1097 1013 iis
1110 995 1169 1021 quae
1184 991 1288 1013 suntex
1299 986 1381 1012 animi
1391 985 1536 1016 sententia,
1551 984 1658 1011 misceri
1670 991 1781 1018 quoque

993 1032 1117 1058 molesta.
1154 1031 1254 1058 Verum
1284 1031 1424 1059 enimvero
1448 1031 1488 1058 sic
1513 1031 1624 1066 quidem
1657 1029 1782 1057 Christus

993 1078 1066 1104 venit
1082 1078 1108 1104 itt
1125 1077 1282 1112 rEgyptum.

1027 1123 1085 1150 XX.
1101 1124 1218 1151 llerodes
1244 1129 1334 1151 autem
1366 1131 1426 1150 cum
1441 1131 1456 1150 a
1469 1131 1551 1157 scopo
1571 1123 1736 1152 aberrasset.
1751 1122 1778 1149 in

993 1170 1121 1202 infantes,
1136 1171 1181 1205 qtti
1198 1170 1298 1197 nullatn
1331 1170 1451 1197 fecerant
1486 1169 1625 1203 injuriatu,
1653 1174 1708 1196 tota
1741 1169 1780 1195 ira

992 1217 1110 1251 erumpit
1124 1236 1130 1248 .
1144 1224 1176 1244 eo
1194 1217 1273 1244 modo
1289 1224 1335 1243 eos
1356 1217 1502 1247 ulciscens,
1515 1216 1559 1250 qui
1587 1215 1661 1242 illum
1687 1215 1781 1243 illuse-

992 1263 1126 1291 rautzvel
1142 1264 1230 1297 potius
1259 1268 1370 1297 propter
1393 1270 1470 1289 suam
1496 1262 1522 1288 in
1540 1262 1677 1289 Christum
1706 1262 1780 1289 insa-

992 1310 1075 1339 niam,
1087 1317 1166 1343 quam
1179 1309 1304 1343 concepit
1324 1309 1358 1334 ob
1378 1313 1480 1335 metum
1494 1310 1578 1343 regni,
1598 1309 1780 1335 communiter

991 1355 1133 1382 adversum
1151 1363 1258 1382 omnem
1274 1355 1498 1385 irruitnaturam,
1511 1359 1538 1382 ct
1549 1354 1780 1381 interflcitomnes

992 1401 1107 1428 infantes
1135 1401 1179 1435 qui
1193 1407 1269 1428 erant
1284 1401 1311 1427 in
1341 1400 1491 1432 Bethleem,
1505 1400 1531 1426 itt
1558 1400 1609 1426 hac
1635 1400 1761 1426 universa

992 1447 1064 1474 cmde
1082 1447 1223 1474 infantium
1240 1447 1402 1474 existimans
1414 1454 1442 1473 se
1460 1451 1487 1473 et
1502 1453 1586 1473 unum
1603 1446 1676 1472 illutn
1691 1447 1781 1472 omni-

993 1501 1028 1520 no
1041 1497 1239 1524 assecuturum,
1258 1498 1285 1520 et
1299 1497 1327 1520 ιιι
1355 1493 1401 1520 ille
1425 1493 1529 1520 solutus
1549 1497 1620 1520 esset
1653 1500 1667 1519 a
1695 1497 1781 1524 metu,

993 1547 1088 1567 omnes
1122 1540 1212 1575 lugere
1224 1548 1375 1575 procurans
1407 1539 1682 1566 immisericorditcrt
1708 1541 1781 1574 quod

993 1586 1033 1613 vel
1054 1587 1079 1612 in
1092 1586 1174 1612 rebus
1189 1579 1344 1612 inanimatis
1357 1585 1533 1612 abstinuisset
1560 1585 1648 1611 facere
1661 1585 1740 1616 alius,
1754 1589 1782 1610 et

991 1636 1098 1658 teneras
1114 1632 1218 1666 plantas
1233 1631 1377 1666 aspiciens,
1409 1630 1595 1658 misericordia
1623 1630 1781 1662 ductus,cas

991 1676 1121 1703 noluisset
1137 1676 1304 1703 exseindere.
1320 1675 1372 1702 Sed
1391 1675 1479 1702 videte
1495 1683 1553 1707 vos,
1567 1675 1612 1710 qtti
1635 1675 1779 1709 imperium

991 1723 1134 1754 atnatis,et
1145 1723 1209 1749 estis
1222 1730 1235 1749 ιι
1250 1730 1317 1749 vatta
1338 1722 1457 1756 superati
1485 1721 1578 1757 gloria,
1598 1721 1625 1747 in
1651 1726 1779 1755 quantatn

990 1777 1021 1796 ea
1042 1769 1174 1796 insaniam
1202 1769 1291 1803 adigat
1307 1774 1454 1799 amatores,
1471 1774 1498 1795 et
1522 1775 1639 1798 qumtam
1653 1775 1700 1794 eos
1715 1767 1780 1794 fern‘

991 1815 1146 1850 persuadet,
1161 1820 1187 1841 et
1203 1822 1325 1848 qumnam
1342 1822 1389 1840 eos
1404 1814 1474 1848 cogit
1490 1814 1589 1842 facere.
1601 1813 1676 1840 Hanc
1687 1821 1778 1841 autem

991 1861 1134 1887 infantium
1145 1859 1244 1886 cmdetn
1255 1858 1385 1886 Jerernias
1398 1867 1505 1893 quoque
1519 1859 1612 1886 multis
1623 1865 1687 1886 ante
1700 1860 1781 1886 annis

990 1906 1163 1940 przenuntiat,
1186 1910 1214 1931 ct
1242 1905 1362 1939 prazdicit
1388 1905 1556 1938 tragmdiam,
1582 1909 1609 1931 et
1633 1905 1781 1931 introducit

991 1952 1135 1980 Racheli-m
1153 1951 1261 1978 ﬂentem
1282 1959 1346 1978 suos
1362 1951 1440 1981 filios,
1453 1955 1480 1977 et
1500 1950 1710 1977 consolationem
1729 1950 1780 1977 mi-

989 1999 1062 2026 nime
1079 1998 1264 2025 admittentetn
1279 1997 1299 2012 ³¹
1315 2016 1322 2023 .
1334 1997 1464 2029 Quocirca
1481 2004 1534 2022 non
1545 1997 1687 2030 ignorante
1702 1996 1760 2022 scili
1773 2011 1778 2015 -

990 2049 1033 2072 cet
1051 2044 1178 2071 bcohazc
1195 2043 1305 2076 fiebant,
1333 2043 1379 2069 sed
1412 2047 1439 2069 et
1474 2043 1590 2073 sricnte,
1619 2046 1646 2068 ct
1672 2041 1781 2068 volente

989 2090 1098 2125 quident
1112 2097 1216 2121 arcere,
1252 2090 1453 2124 permittentem
1480 2092 1571 2114 autent
1598 2087 1704 2114 arcanis
1719 2088 1780 2122 qui«

990 2137 1102 2165 busdam
1116 2136 1277 2163 rationibus.
1297 2135 1350 2162 Sed
1362 2134 1481 2162 Herodes
1493 2134 1602 2169 quidem
1625 2134 1780 2168 percipiens

990 2192 1095 2216 eorum,
1111 2192 1171 2218 qua:
1185 2183 1258 2214 fecit,
1291 2181 1394 2208 fructus
1421 2182 1625 2213 cortvcnientes,
1650 2180 1780 2207 divinitus

153 2224 243 2265 plerea
259 2228 311 2248 ttec
324 2222 411 2256 primo
421 2224 553 2250 statuitin
561 2225 687 2252 omnibus
698 2225 786 2252 facere
796 2226 937 2252 miracula.
955 2228 976 2255 Ι)
991 2231 1113 2258 immissa
1136 2230 1222 2265 plaga,
1241 2233 1298 2256 toto
1326 2235 1439 2262 corpore
1472 2228 1621 2257 sauciatur.
1656 2231 1683 2253 et
1709 2233 1772 2252 vere

152 2264 214 2297 Qua:
229 2266 303 2293 enim
316 2267 350 2295 ab
366 2268 442 2295 initio
457 2268 528 2297 facta
542 2274 730 2305 sunt,propter
743 2271 855 2298 Matrem
878 2278 938 2297 om-

154 2313 216 2340 nino
233 2313 306 2340 t‘acta
321 2319 395 2347 sunt,
407 2321 515 2351 propter
523 2316 637 2353 Joseph,
666 2322 776 2352 propter
805 2321 938 2351 pastores,

155 2366 263 2395 propter
281 2361 382 2397 Magos.
398 2362 455 2395 Qua
474 2363 508 2390 de
520 2371 602 2392 causa
618 2364 701 2400 Magis
717 2371 827 2398 quoque
844 2365 938 2392 datum

155 2413 193 2436 est
208 2417 370 2444 responsum
389 2419 424 2439 ne
439 2417 638 2440 reverterentur
652 2413 685 2439 ad
699 2412 845 2444 Herodem,
864 2418 894 2439 ut
912 2418 939 2440 et

154 2455 279 2484 doctores
293 2457 349 2484 cito
361 2458 535 2486 mitterentur
547 2459 573 2486 in
587 2459 732 2486 Persarum
749 2459 898 2494 regionem,
910 2463 939 2486 et

157 2503 258 2535 tyranni
271 2503 349 2531 furor
361 2505 490 2532 interrunt
494 2514 556 2540 pere
561 2511 603 2533 tur
611 2506 749 2541 sciretque
757 2514 787 2533 se
795 2514 825 2533 ea
832 2506 939 2541 aggredi

155 2556 211 2582 qua
219 2549 287 2577 etfiei
301 2557 483 2586 nonpossent.
496 2552 571 2585 Quod
582 2553 667 2580 sinon
675 2553 760 2580 evasit
770 2552 874 2584 melior,
886 2560 940 2579 non

158 2593 263 2625 iueum,
277 2596 324 2629 qui
336 2590 393 2622 hanc
404 2597 529 2631 providit,
543 2602 570 2625 et
580 2598 625 2632 qui
634 2598 691 2625 haec
703 2606 736 2625 eo
744 2597 806 2625 fecit
815 2597 939 2630 consilio,

157 2640 201 2666 scd
210 2642 236 2666 itt
251 2649 387 2668 summam
400 2642 471 2670 illius
480 2644 611 2671 insaniam
620 2644 696 2679 culpa
707 2649 749 2671 est
758 2644 938 2676 conferenda;

159 2692 285 2716 praeterea
311 2693 342 2714 ut
365 2692 393 2714 tu
406 2697 523 2723 quoque,
535 2690 581 2724 qui
597 2697 630 2716 ex
650 2690 759 2716 Christo
778 2690 869 2716 vivere
882 2688 938 2715 cle-

157 2732 227 2766 gisti,
246 2742 299 2760 non
318 2742 415 2769 parvas
441 2735 474 2762 ad
504 2736 701 2770 philosophiam
723 2743 755 2762 ex
771 2743 803 2762 eo
817 2735 939 2762 invenias

158 2780 312 2808 occasiones
330 2791 337 2809 :
366 2789 463 2816 nempe
480 2787 508 2809 ut
520 2783 644 2810 etstatitn
659 2783 693 2810 ab
707 2782 784 2810 initio
800 2772 940 2817 exspectes

214 2869 235 2884 "
251 2869 345 2897 Matth.
363 2879 392 2904 tt,
413 2871 452 2898 Il,
494 2872 514 2887 '°
528 2871 620 2898 Matth.
644 2880 673 2904 ιι,
694 2872 734 2898 IS.

775 2871 795 2886 “
810 2871 909 2898 lerunt.
933 2879 962 2903 tt,
976 2870 1019 2907 ιδ.

990 2278 1075 2304 malus
1100 2277 1171 2303 male
1202 2276 1282 2310 perit,
1303 2274 1454 2309 ejusregno
1478 2274 1504 2300 in
1538 2277 1655 2307 quatuor
1689 2276 1779 2306 partes

990 2322 1077 2349 diviso
1096 2330 1103 2348 :
1123 2320 1256 2347 Archelao
1282 2319 1391 2353 quidem
1420 2317 1562 2351 imperium
1580 2317 1721 2342 obtinente
1752 2316 1779 2342 in

990 2368 1091 2399 Judzca,
1109 2365 1214 2393 Herode
1231 2369 1333 2396 autem,
1349 2369 1376 2390 et
1399 2363 1536 2397 Philippo,
1554 2367 1581 2389 et
1594 2362 1718 2397 Lysania,
1735 2363 1781 2390 illo

991 2413 1100 2447 quidem
1113 2411 1240 2442 Galilteat,
1259 2410 1311 2436 hoc
1333 2416 1396 2435 vero
1410 2407 1513 2434 Iturzeaa
1528 2412 1555 2434 et
1569 2406 1778 2438 Trachonitidis.

991 2462 1130 2494 postremo
1147 2461 1249 2486 autem.
1265 2454 1459 2482 tetrarchatum
1481 2454 1578 2480 sortito
1589 2453 1779 2480 Abilittat”-".

1028 2503 1098 2530 XXI.
1122 2502 1266 2536 Postquam
1280 2505 1370 2527 autent
1387 2501 1503 2526 excessit
1526 2499 1644 2526 Herodes
1671 2507 1702 2526 cx
1732 2499 1781 2525 Ιιιι-

994 2550 1092 2582 inanis,
1106 2549 1217 2584 angelus
1232 2555 1327 2574 rursus
1341 2547 1368 2573 in
1395 2546 1497 2573 somnis
1526 2545 1645 2580 Josrpho
1668 2551 1780 2579 apparet

993 2596 1019 2622 in
1036 2595 1160 2630 Egypto,
1176 2599 1203 2621 et
1217 2594 1294 2628 jubet
1308 2593 1439 2619 infantem
1451 2592 1584 2626 accipere,
1610 2595 1635 2616 et
1647 2589 1780 2624 proﬁcisci

992 2643 1020 2670 in
1035 2647 1132 2668 tetram
1164 2640 1254 2667 lsrael.
1280 2639 1367 2671 Quam
1394 2638 1495 2669 multm,
1514 2644 1531 2663 0
1558 2636 1657 2663 Christi
1685 2635 1779 2665 Mater,

993 2689 1103 2715 fuerunt
1133 2686 1180 2713 tibi
1201 2693 1314 2712 casnutn
1343 2682 1558 2718 ina-qualitates?
1581 2689 1661 2716 quam
1691 2680 1781 2706 multa:

994 2741 1084 2761 rerum
1099 2731 1284 2759 mutationes?
1301 2732 1369 2758 Ecce
1384 2730 1456 2757 enim
1469 2736 1562 2755 rursus
1584 2727 1693 2761 quidem
1707 2725 1781 2752 futsti

994 2781 1080 2809 soluta
1093 2779 1127 2806 ab
1139 2779 1244 2811 exsilio,
1263 2782 1290 2805 et
1312 2777 1344 2804 ad
1377 2776 1512 2811 propriam
1529 2773 1672 2801 reverteris
1694 2772 1781 2807 regio-

1059 2869 1116 2885 "-"
1134 2868 1201 2895 Luc.
1219 2875 1259 2900 ιιι,
1276 2867 1307 2899 ι;
1337 2865 1430 2895 Matth.
1452 2873 1482 2896 ιι,
1497 2866 1542 2898 ‘20,
1560 2863 1605 2892 21.
