2034 3152
140 178 190 209 διε)

688 177 830 207 ORATIO
850 177 897 208 DE
919 177 1064 207 SANCTA
1085 177 1221 208 MARIA.

1717 181 1771 212 550

141 237 231 269 salem,
250 236 350 263 festum
363 235 472 263 Pascha:
483 235 678 262 celebraturus.
698 235 766 262 Cum
779 243 843 262 vero
864 235 928 262 illud
945 240 967 267 Α
983 235 1247 271 tissinilamMariam,
1258 234 1371 262 Matrem
1381 235 1450 270 ejus,
1464 236 1511 271 qui
1527 240 1780 274 verccstsapicntia

140 283 217 310 linem
231 281 393 317 accepisset.
408 281 459 316 ipsi
485 280 594 315 quidem
618 281 720 308 reversi
742 286 822 309 sunt:
851 280 931 309 Jesus

140 334 224 355 autem
235 332 328 355 nianet
341 335 389 355 eos
403 328 499 354 latens.
518 327 550 354 Et
560 327 598 353 illi
621 327 731 362 quidem
759 328 929 362 quaerebant,

140 375 180 402 liic
197 382 263 401 vero
276 378 332 401 tres
347 373 406 401 dies
421 373 510 400 latuit.
529 373 630 400 Deinde
651 373 691 400 eis
708 373 737 400 fit
757 373 929 406 manifestus,

139 421 164 447 in
181 420 283 455 templo
310 419 420 455 quidem
452 419 563 451 sedens,
590 420 671 447 simul
697 424 788 446 autem
815 420 930 446 audiens

139 467 277 499 doctores,
295 470 404 494 etcum
431 465 484 494 illis
511 466 660 500 disserens,
691 471 718 494 et
741 467 768 493 in
794 466 931 501 responsis

137 513 274 540 auditores
294 512 415 540 alliciens
425 512 616 540 admiratione.
645 512 672 539 ln
686 512 737 540 hoc
750 512 823 540 enim
837 512 933 547 imple-

137 560 222 591 batur,
241 558 315 593 quod
327 558 360 586 de
375 558 420 585 illo
434 559 566 593 scriptum
581 563 632 590 est,
653 559 727 594 quod
749 566 813 592 puer
828 559 931 593 confor-

138 603 244 630 tabotur
252 604 361 638 spiritu,
380 609 403 631 et
414 604 566 638 proﬁciebat
578 605 708 638 sapientia
723 610 747 631 et
761 605 849 639 gratia
860 604 930 638 apud

138 648 218 675 [terim
234 654 260 676 et
278 650 406 682 homines,
425 656 457 677 eo
478 650 551 685 quod
574 650 667 677 multis
679 649 740 677 talis
751 657 811 678 esse
842 650 932 677 decla-

137 699 218 721 retur.
236 694 316 722 Latet
327 700 418 723 autem
432 701 569 730 parentes,
588 703 623 723 ne
638 696 672 723 ab
683 696 723 723 eis
738 696 930 731 prohiberetur

137 740 270 768 disserere
283 747 346 768 eum
371 741 546 776 jurisperitis,
566 747 595 769 ut
613 742 657 777 qui
676 742 781 769 scirent
797 750 860 769 eum
874 749 929 770 non

136 785 263 813 didicisse
289 786 406 818 litteras.
422 792 451 815 et
463 793 603 821 caverent,
620 796 655 816 ne
675 789 813 816 laberetur
827 788 854 815 in
870 796 930 816 ser-

138 838 214 859 mone
230 840 238 859 :
255 838 302 860 aut
316 832 433 860 fortasse
445 841 556 865 cavens,
585 842 620 861 ne
635 834 775 862 videretur
803 840 930 869 parentes

137 876 233 904 habere
246 879 426 914 contemptui,
443 887 476 907 eo
485 880 559 914 quod
575 888 630 907 non
648 881 806 915 parentibus
821 885 930 916 pareret

984 287 1011 309 et
1023 289 1124 309 arcana
1137 282 1268 317 cognitio.
1280 281 1455 310 Conservabat
1473 284 1557 316 enim,
1578 284 1675 319 inquit,
1691 287 1780 313 omnia

983 328 1060 355 verba
1077 329 1130 355 lucc
1143 328 1169 354 in
1185 329 1261 355 corde
1280 337 1328 355 suo
1338 329 1379 355 "2
1396 329 1467 356 sicut
1487 330 1568 357 etiam
1581 332 1657 365 prius
1678 332 1705 358 iii
1734 334 1782 360 ad-

984 377 1069 400 ventu
1098 379 1249 409 pastorum.
1279 380 1307 402 et
1337 374 1368 401 iis
1393 383 1454 408 qua:
1485 376 1521 401 illi
1548 377 1605 403 visa
1634 384 1662 404 et
1689 379 1779 405 audita

984 419 1144 447 narrabant.
1159 420 1192 446 Et
1208 424 1274 447 tunc
1292 419 1379 448 Lucas
1397 421 1589 450 siinilitcrlimc
1606 424 1697 450 omnia
1711 424 1781 451 dixit

984 463 1094 491 Mariam
1111 472 1284 493 conservare.
1314 466 1372 493 Non
1401 466 1473 493 enim
1491 467 1526 498 ei,
1543 473 1670 503 tanquam
1698 470 1780 497 alicui

984 510 1081 538 infanti
1107 511 1277 543 attendebat,
1311 512 1358 539 sed
1379 520 1439 547 qua:
1471 514 1640 546 dicebantur,
1671 516 1780 549 plurimi

983 555 1098 583 iaciebat
1112 567 1119 584 :
1133 561 1160 584 et
1176 556 1243 584 nihil
1260 562 1318 585 erat
1338 566 1368 585 ex
1386 559 1418 584 iis
1430 567 1490 594 qua:
1503 560 1536 586 ab
1552 560 1610 594 ipso
1619 560 1780 588 dicebantur

983 607 1011 630 et
1031 602 1142 635 ﬁebant,
1169 604 1242 638 quod
1272 611 1328 631 non
1359 612 1390 632 ea
1417 613 1515 641 magno
1549 607 1639 634 studio
1669 608 1780 644 dignum

983 648 1106 680 duceret,
1117 653 1145 676 et
1158 649 1240 676 corde
1253 649 1397 685 diligenter
1412 651 1524 684 celaret,
1540 652 1695 680 divinarum
1714 662 1782 688 qua-

983 695 1107 722 rumdain
1137 702 1229 722 rerum
1261 702 1288 723 et
1321 703 1482 724 arcanarum
1515 706 1548 724 ea
1579 706 1640 726 esse
1662 707 1780 733 Sellllllﬂ.

983 747 1083 775 easque
1094 740 1147 768 illis
1162 742 1366 776 praemonstrari
1389 748 1463 771 recte
1477 744 1612 779 judicans.

1018 786 1119 814 XXVI.
1135 787 1201 815 Post
1223 788 1284 816 bac
1297 789 1442 824 baptisma,
1468 792 1614 826 postquod
1647 793 1780 820 miracula

982 841 1112 868 quoque;
1128 834 1175 862 sed
1193 834 1245 869 (ut
1261 835 1372 863 divinus
1383 836 1452 863 dicit
1465 837 1584 864 Joannes
1592 838 1635 873 “)
1652 839 1679 866 id
1707 840 1780 873 quod

983 887 1100 914 primum
1114 879 1231 916 fecit(in
1259 882 1373 916 nuptiis,
1390 882 1513 917 inquam.
1533 891 1610 918 aquae
1633 885 1659 911 iii
1687 885 1779 912 vinum

134 923 294 957 iubentibus
312 931 344 951 ea
370 932 431 959 qua:
452 929 518 955 sunt
545 925 703 953 hominibus
724 926 930 960 consequentia.
949 932 968 960 Β
984 926 1162 953 mutationem
1172 926 1354 961 )fecitMatre
1368 935 1514 963 praesente.
1529 929 1575 957 llla
1584 930 1693 964 quidem
1705 935 1779 958 certe

138 967 200 995 Vide
211 972 316 1001 autem,
347 969 576 1003 quemadmodum
599 978 632 997 ea
655 970 730 1003 facit,
755 979 816 1006 qua:
845 978 929 1005 puero

136 1016 315 1043 conveniunt.
333 1016 392 1043 Non
407 1017 480 1044 enim
511 1017 591 1044 docet
617 1017 796 1053 legisperitos.
820 1018 928 1045 etiamsi

134 1066 205 1088 esset
215 1061 404 1097 suppeditator
418 1063 568 1098 sapientiai,
600 1064 648 1090 sed
672 1063 748 1090 audit
763 1068 790 1091 et
813 1064 930 1091 interro-

134 1114 178 1145 gat
194 1118 202 1137 :
218 1114 366 1145 utrumque
381 1117 444 1137 cum
459 1118 557 1145 magna
580 1110 724 1145 sapientia.
741 1110 794 1138 Sed
814 1119 863 1138 cur
873 1119 927 1138 non

137 1154 236 1188 primo,
270 1161 323 1182 nec
345 1155 477 1186 secundo,
507 1155 554 1182 sed
594 1156 674 1182 tertio
701 1155 846 1186 invenitur.
881 1156 927 1190 qui

135 1197 264 1230 quaeritur
287 1204 302 1223 a
328 1196 509 1231 parentibus?
529 1196 598 1224 Hinc
609 1196 725 1225 fortasse
746 1199 926 1233 sepulturam,

135 1247 162 1269 et
175 1249 236 1277 quie
250 1247 312 1278 post
323 1247 379 1270 tres
395 1243 454 1270 dies
473 1243 565 1270 futura
596 1249 666 1279 erat,
698 1246 926 1273 resurrectionem

135 1287 358 1323 praesignificans.
375 1287 454 1315 Tunc
464 1289 548 1321 enim,
564 1297 625 1317 cum
638 1292 764 1326 sepulcro
786 1295 928 1319 contectus

134 1338 216 1366 esset,
230 1339 354 1370 apparet.

169 1390 271 1420 XXIV.
289 1391 344 1420 Sed
359 1393 497 1428 quomodo
516 1401 612 1421 rursus
643 1393 730 1421 Mater
748 1394 926 1428 admirabilis,

134 1446 148 1464 τι
168 1437 300 1465 maternis
316 1438 388 1466 victa
403 1439 594 1472 visceribus,et
613 1447 674 1467 eum
691 1448 787 1475 magna
802 1440 928 1468 ail'ectio—

133 1491 167 1510 ne
185 1488 265 1511 vocat
279 1483 391 1517 Filium,
403 1490 431 1512 et
442 1490 569 1520 tanquam
589 1486 803 1520 reprehendens,
817 1486 928 1514 adducit

134 1538 204 1562 eam,
215 1538 276 1566 quae
295 1538 358 1558 cum
373 1531 467 1559 dolore
486 1532 580 1565 (iebat,
607 1532 834 1567 inquisitionem?
848 1533 926 1566 Ecce,

135 1576 238 1608 dicens,
259 1580 338 1611 pater
366 1582 426 1604 titur
461 1582 486 1604 et
511 1585 558 1613 ego
587 1577 704 1604 dolenter
745 1580 925 1612 quaerebamus

983 972 1071 1006 prima
1093 972 1222 1000 admonet
1243 974 1337 1001 vinum
1353 975 1460 1009 deesse,
1479 975 1549 1002 Filio
1564 977 1689 1011 praebens
1701 986 1780 1005 occa-

983 1017 1089 1045 sionem
1123 1024 1150 1046 et
1164 1020 1306 1047 materiam
1325 1021 1442 1048 faciendi
1458 1023 1630 1050 miraculum.
1646 1023 1672 1050 ls
1687 1029 1779 1052 autem

983 1065 1108 1098 quamvis
1133 1072 1205 1100 aegre
1225 1066 1298 1093 ferre
1326 1067 1479 1099 videbatur,
1494 1072 1522 1095 et
1539 1069 1600 1096 ideo
1632 1078 1778 1098 recuSarc:

983 1110 1048 1138 facit
1064 1116 1153 1139 tamen
1166 1120 1199 1139 ea
1225 1119 1285 1147 qua:
1299 1121 1314 1140 a
1337 1113 1422 1141 Matre
1450 1115 1677 1150 suggeiebantur,
1694 1118 1780 1144 limio-

983 1163 1047 1183 rans
1057 1157 1170 1185 omnino
1185 1164 1216 1186 ut
1232 1158 1358 1193 Matrem,
1371 1165 1399 1187 et
1418 1162 1499 1187 veluti
1517 1161 1541 1188 ei
1558 1162 1674 1189 reddens
1705 1171 1777 1190 incr-

983 1203 1089 1236 cedem,
1104 1205 1176 1239 quoil
1190 1205 1280 1240 ipsum
1297 1205 1323 1232 in
1340 1207 1402 1233 alvo
1416 1209 1576 1242 gestaverit.
1596 1208 1663 1236 Vide
1684 1215 1776 1237 autent

983 1249 1027 1276 hic
1041 1257 1149 1285 quoque
1164 1251 1211 1278 Dei
1241 1251 1334 1280 Matris
1351 1253 1485 1288 insignem
1519 1254 1735 1283 moderationem
1751 1262 1779 1283 i-t

982 1298 1167 1331 prudentiam.
1192 1297 1249 1326 Nec
1277 1300 1352 1326 enim
1377 1301 1456 1335 jubet
1484 1301 1625 1333 audacter,
1647 1306 1776 1337 tauquam

982 1341 1068 1370 Mater
1083 1343 1164 1377 Filio,
1181 1349 1210 1372 ut
1222 1345 1304 1372 faciat
1320 1345 1493 1379 miraculum,
1518 1347 1566 1374 sed
1581 1355 1643 1374 eum
1674 1351 1778 1376 solum-

981 1389 1064 1417 modo
1079 1391 1220 1424 admonet,
1231 1391 1314 1427 idque
1328 1400 1391 1419 cum
1407 1393 1523 1427 quadam
1539 1401 1635 1429 magna
1648 1402 1778 1423 reveien—

982 1436 1018 1463 tia
1036 1441 1064 1464 et
1079 1437 1272 1472 submissione,
1287 1443 1315 1466 et
1329 1443 1461 1473 quantum
1476 1440 1614 1468 sufliceret
1634 1442 1668 1469 ad
1699 1451 1777 1470 suam

981 1482 1171 1511 declarandam
1189 1484 1365 1513 voluntatem.
1387 1485 1457 1518 Quid
1475 1486 1548 1514 enim
1563 1489 1691 1522 est,quod
1711 1489 1779 1516 dicit

981 1528 1070 1556 Filio?
1097 1529 1192 1557 Viniini
1209 1538 1260 1557 non
1281 1531 1387 1558 habent.
1412 1532 1479 1559 Nam
1491 1534 1541 1560 etsi
1558 1541 1590 1560 ea
1612 1534 1685 1561 illuni
1717 1543 1777 1562 esse

981 1582 1061 1602 suum
1077 1577 1261 1610 cognoscebat
1293 1577 1401 1610 Filium,
1425 1585 1479 1605 non
1510 1578 1652 1613 ignorabat
1686 1585 1776 1608 tamen

134 1622 185 1648 ,επ
198 1641 205 1648 .
230 1621 265 1650 Ei
282 1623 343 1650 ideo
361 1631 423 1651 cum
441 1623 484 1650 in.
498 1623 615 1651 dixisset,
630 1623 666 1651 de
683 1627 773 1658 patre,
796 1628 926 1658 tanquam
940 1612 962 1643 C
979 1627 1042 1647 eum
1059 1627 1119 1647 esse
1141 1627 1221 1648 suum
1233 1629 1342 1656 quoque
1366 1612 1535 1650 elfectoreni.
1557 1624 1589 1651 Et
1611 1624 1672 1652 ideo
1692 1625 1776 1652 simul

133 1669 270 1704 decoqui
294 1669 448 1702 videbatur,
478 1669 607 1697 Christus
633 1670 716 1697 veluti
737 1670 878 1704 corrigens
902 1670 928 1697 id

133 1715 202 1749 quod
217 1717 318 1743 dictum
333 1715 510 1748 fuerat,dicit
524 1716 558 1743 de
572 1723 616 1747 eo,
641 1717 687 1751 qui
701 1721 746 1744 est
758 1724 821 1743 vere
838 1720 926 1750 pater,

133 1764 156 1790 ei
170 1763 313 1790 veritatem
329 1770 462 1790 revocans
477 1763 505 1790 in
525 1763 695 1795 memoriam,
713 1768 741 1790 et
766 1763 925 1798 providens,

135 1815 224 1836 utnon
241 1809 318 1837 liumi
331 1813 434 1844 serpat,
450 1809 499 1836 sed
516 1810 542 1836 in
556 1809 642 1836 altum
653 1809 798 1836 extollatur
815 1818 821 1836 :
835 1809 928 1836 Nesci-

134 1857 175 1888 tis,
191 1856 298 1888 dicens,
325 1857 394 1890 quod
412 1863 452 1882 me
465 1860 565 1890 oportet
590 1864 646 1883 esse
671 1858 698 1882 iii
719 1857 750 1882 iis
774 1864 832 1891 quia
866 1860 926 1883 sunt

134 1902 220 1929 Patris
236 1903 288 1929 mei
298 1903 340 1928 "‘i
362 1902 407 1929 Sic
424 1910 455 1930 se
467 1902 587 1930 ostendit
620 1903 703 1929 Deum
728 1910 790 1930 esse
817 1907 924 1934 natura,

134 1949 263 1983 siquidem
275 1949 361 1976 Filius
369 1949 492 1984 ejusdem
502 1954 543 1976 est
558 1953 662 1976 natura:
674 1956 737 1976 cuin
752 1948 842 1976 Patre.
853 1948 926 1980 Quo-

134 1995 202 2022 niam
217 2000 309 2022 autem
328 1995 394 2022 illud
411 1995 542 2030 templum
556 1995 645 2022 Patris
668 2000 737 2028 erat,
751 2002 777 2021 in
809 1994 839 2021 iis
865 2002 925 2028 qua:

134 2047 193 2068 sunt
207 2041 297 2068 Patris
318 2041 364 2068 ille
380 2041 546 2069 versabatur.
563 2041 642 2073 Quod
666 2041 779 2068 verbum
803 2041 924 2067 nonduin

135 2088 309 2115 manifestum
326 2087 381 2115 illis
407 2092 478 2115 erat.
495 2087 542 2114 llle
570 2092 663 2114 autem
691 2087 834 2114 descendit
861 2094 924 2113 cum

133 2142 169 2162 eis
181 2134 208 2161 in
226 2133 373 2167 Nazaretb,
389 2138 416 2161 et
437 2134 538 2161 mansit
556 2134 597 2162 eis
613 2133 766 2168 subjectus,
781 2141 813 2161 ex
829 2141 859 2160 se
873 2133 923 2160 do-

137 2188 200 2207 cens
215 2181 353 2208 honorare
370 2184 507 2215 parentes,
524 2185 552 2207 et
565 2180 638 2215 quod
654 2181 712 2215 ipse
725 2180 854 2215 jusserat,
871 2180 924 2207 hoc

133 2226 233 2261 prius
258 2226 398 2261 impleas;
425 2226 562 2254 honorare
585 2232 676 2254 autem
715 2227 828 2254 omnino
863 2231 924 2261 post

980 1666 1088 1701 quidem
1113 1667 1208 1695 volens
1230 1668 1386 1701 ostendere,
1413 1670 1555 1704 cuiusnam
1580 1676 1654 1698 esset
1678 1671 1775 1703 Mater,

979 1717 1007 1740 et
1019 1712 1099 1740 simul
1115 1714 1196 1741 etiam
1211 1714 1312 1741 referre
1328 1715 1440 1748 gratiam
1458 1715 1491 1742 iis
1509 1715 1556 1750 qui
1573 1715 1767 1749 invitaveraiit,

978 1759 1128 1794 prudenter
1141 1761 1166 1787 ei
1183 1761 1303 1796 suggerit
1317 1761 1442 1788 miraculi
1459 1761 1646 1789 affectionem.
1671 1763 1776 1791 Deinde

978 1806 1060 1833 etiam
1072 1806 1205 1834 ministris
1219 1817 1225 1834 :
1242 1807 1428 1842 Quodcumque
1453 1808 1562 1841 dixerit,
1580 1808 1677 1844 inquit,
1691 1809 1773 1839 vobis.

977 1851 1123 1886 [acite,lioc
1139 1852 1232 1879 dicens
1248 1853 1281 1879 de
1296 1844 1382 1885 Filio;
1400 1853 1457 1887 jam
1481 1854 1555 1880 enim
1583 1855 1711 1881 veniebat
1738 1855 1774 1882 ad

978 1898 1103 1924 notitiam
1115 1897 1222 1924 virtutis
1236 1897 1309 1930 Filii,
1319 1905 1348 1924 ut
1360 1893 1425 1932 qua;
1432 1899 1544 1926 vidisset
1556 1900 1640 1927 multa
1653 1901 1774 1928 admira-

977 1943 1048 1975 bilia.
1063 1951 1123 1977 qua:
1147 1944 1229 1971 etiam
1245 1944 1375 1978 paulatim
1394 1945 1422 1971 in
1442 1946 1525 1972 corde
1556 1947 1724 1979 conferebat,
1744 1952 1775 1974 ut

978 1995 1050 2016 recte
1063 1989 1241 2023 cognovimus
1254 1996 1288 2016 ex
1301 1990 1334 2016 iis
1354 1997 1417 2024 quia
1431 1996 1645 2024 princesseruiit.

1013 2030 1124 2063 XXl’ll.
1143 2035 1277 2068 Quoniam
1292 2040 1449 2063 autemnon
1474 2037 1529 2064 alio
1559 2041 1665 2072 speetat
1690 2045 1773 2073 argu-

976 2087 1098 2110 mentum
1115 2082 1298 2117 propositum,
1327 2090 1410 2118 quam
1429 2083 1517 2110 soium
1545 2083 1579 2110 ad
1602 2085 1773 2112 ostendenda

976 2129 1095 2164 Virginis
1117 2129 1260 2163 niagiialia,
1277 2128 1328 2156 erit
1344 2130 1398 2156 hoc
1423 2136 1533 2163 quoque
1566 2137 1650 2156 uiiutn
1680 2138 1712 2157 ex
1740 2130 1773 2157 iis

974 2183 1034 2210 qua:
1046 2175 1120 2202 illius
1133 2179 1198 2202 sunt
1212 2175 1283 2202 bona
1297 2180 1325 2202 et
1342 2177 1485 2210 praeclara,
1514 2175 1538 2202 si
1566 2177 1771 2204 ostenderimus

975 2229 1035 2248 eain
1052 2222 1138 2250 fuisse
1150 2226 1284 2257 perpetuo
1296 2227 1434 2250 versatam
1441 2230 1503 2250 cum
1520 2221 1601 2253 Filio,
1615 2227 1643 2250 et
1658 2223 1683 2250 ei
1698 2230 1771 2250 sein-

133 2273 226 2306 Deum,
256 2273 365 2308 illisque
401 2280 461 2300 esse
494 2273 694 2308 praeferendum
730 2273 776 2300 Dei
806 2273 921 2300 cultum.

980 2276 1025 2303 per
1038 2268 1185 2301 assedisse,
1203 2272 1294 2296 etnec
1318 2268 1346 2296 in
1383 2274 1506 2303 tempore
1532 2269 1643 2302 quidem
1677 2277 1769 2296 rerum

131 2319 191 2346 Ideo
204 2319 280 2346 enim
299 2318 341 2346 eis
356 2318 468 2351 relictis,
481 2319 508 2346 in
526 2320 627 2354 templo
643 2323 823 2351 remanserat,
832 2322 924 2346 osten-

130 2365 196 2393 deus
217 2365 266 2393 Dei
292 2372 413 2392 amorem
434 2365 551 2392 naturali
571 2370 599 2393 et
626 2370 740 2401 paterno
765 2364 923 2392 validiorem

131 2418 188 2438 esse
205 2411 320 2439 debere.

165 2455 235 2483 XXV
244 2476 252 2483 .
266 2455 320 2484 Sed
329 2455 391 2484 milii
406 2463 501 2484 rursus
512 2455 568 2491 (l2)
582 2455 643 2483 vide
657 2455 801 2482 mulierum
813 2454 924 2490 sapien-

165 2538 186 2554 "'
203 2538 261 2566 Luc
278 2545 308 2572 II,
324 2537 369 2565 ιϐ.
408 2536 431 2552 ³⁸
445 2536 512 2564 ibid.
529 2537 575 2564 49.
613 2536 635 2552 ³¹
649 2535 715 2565 ibld.
726 2535 771 2564 5|.

167 2619 219 2654 (12)
233 2620 290 2648 Τοῦ
306 2617 533 2654 Μεταφραστοῦ.
552 2617 624 2651 Ὅρα
643 2625 688 2651 μοι
714 2617 761 2644 καὶ
778 2614 855 2647 αὖθις
873 2615 922 2650 τὴν

135 2667 293 2702 σοφωτάτην
307 2665 446 2700 γυναικῶν
458 2664 567 2700 Μαριιν
577 2671 583 2678 ’
596 2663 646 2698 τὴν
663 2663 768 2698 μητέρα.
777 2663 826 2697 τῆς
838 2662 922 2693 ὅντως

136 2713 226 2746 σοφίας
240 2714 289 2740 καὶ
299 2712 458 2748 ἀπορρήτου
472 2711 608 2745 γνώσεως.
621 2709 751 2743 discripsi.
765 2710 830 2744 γὰρ,
843 2710 920 2744 φησὶ,

136 2758 229 2786 πάντα
259 2759 297 2786 τὰ
317 2759 438 2793 ῥήματα
459 2757 554 2784 ταῦτα
573 2758 608 2783 ἐν
629 2755 667 2789 τῇ
685 2755 791 2790 καρδίᾳ
814 2754 921 2789 αὐτῆς,

137 2804 224 2841 ὥςπερ
236 2806 268 2841 δὴ
280 2806 328 2832 καὶ
340 2806 472 2840 πρότερον
485 2805 532 2830 ὲπὶ
547 2805 580 2840 τῇ
597 2803 649 2830 τῶν
664 2803 800 2836 ποιμένων
810 2803 922 2828 ἐπιστα-

140 2851 193 2886 σίᾳ.
219 2853 264 2879 καὶ
277 2851 319 2883 οἷς
336 2853 436 2879 ἐκεῖνοι
454 2852 606 2886 ἑωρακότες
623 2850 671 2876 καὶ
695 2849 861 2880 ἀκούσαντες
878 2849 922 2882 ἐξ·

142 2897 277 2931 ηγόρευον.
296 2898 350 2924 Καὶ
360 2899 421 2924 τότε
438 2898 491 2932 γὰρ
513 2897 599 2924 ταῦτα
616 2896 705 2922 πάντα
721 2896 738 2931 ὴ
754 2895 847 2930 Μαρία.
863 2903 926 2921 συν-

976 2315 1162 2346 adversarum.
1177 2321 1229 2341 nec
1249 2315 1277 2340 in
1298 2314 1426 2342 Passione
1450 2315 1535 2342 fuisse
1557 2315 1591 2342 ab
1611 2322 1644 2342 eo
1657 2322 1770 2349 separa-

977 2367 1042 2392 tam.
1056 2361 1166 2394 quando
1177 2365 1206 2387 et
1226 2359 1362 2394 discipuli,
1392 2365 1419 2388 et
1433 2361 1524 2392 amici,
1549 2367 1577 2388 et
1591 2369 1686 2388 omnes
1700 2362 1769 2393 noti,

976 2407 1021 2434 alii
1036 2406 1146 2440 quidem
1157 2406 1217 2440 ipso
1231 2406 1344 2433 omnino
1363 2407 1472 2435 relicto.
1486 2414 1516 2434 se
1529 2408 1557 2434 in
1573 2408 1656 2437 pedes
1677 2409 1771 2443 conje-

977 2457 1074 2480 ceruiit
1083 2461 1091 2480 :
1099 2451 1145 2480 alii
1156 2459 1230 2484 vero,
1245 2459 1306 2479 cum
1318 2452 1457 2487 paululum
1465 2459 1678 2488 exspectassent,
1687 2462 1770 2489 nega-

810 2536 834 2552 ¹⁰
846 2535 924 2563 Joaii.
938 2543 969 2569 ii,
981 2536 994 2563 1
1007 2543 1083 2571 seqq.

976 2616 1081 2650 ιτήρεν
1097 2616 1128 2642 οὐ
1142 2615 1197 2650 γὰρ
1213 2615 1252 2646 ὡς
1268 2614 1368 2651 παιδίῳ
1382 2616 1435 2642 τινὶ
1450 2618 1606 2652 προσεῖχεν·
1621 2616 1688 2644 ἀλλὰ
1705 2618 1769 2652 π;ρ“;

976 2661 1104 2688 πλείστου
1127 2661 1160 2688 τὰ
1184 2661 1320 2696 λεγόμενα
1341 2663 1469 2695 ἐποιεῖτο,
1491 2663 1538 2689 καὶ
1564 2662 1640 2688 οὐδὲν
1657 2661 1692 2693 ἦν
1714 2662 1770 2688 τῶν

977 2707 1043 2743 παρ’
1062 2708 1145 2734 αὑτοῦ
1171 2708 1340 2743 λεγομένων,
1361 2707 1376 2733 ὃ
1397 2708 1435 2743 μὴ
1459 2709 1534 2741 ἄξιον
1556 2707 1627 2742 αὑτὴ
1652 2708 1769 2742 σπουδῆς

976 2754 1106 2787 ἐποιεῖτο,
1120 2754 1167 2781 καὶ
1183 2756 1222 2786 εἰς
1239 2754 1352 2789 καρδίαν
1369 2755 1503 2788 ἔκρυπτεν
1521 2755 1668 2789 ἐμμελῶς,
1683 2755 1768 2789 σπέρ.

977 2809 1050 2836 ματα
1073 2799 1144 2828 εἶναι.
1163 2801 1244 2828 ταυτὶ
1271 2803 1318 2828 καὶ
1342 2801 1489 2836 μηνύματα
1516 2800 1595 2827 θείων
1616 2801 1697 2828 τινῶν
1722 2802 1768 2828 καὶ

975 2847 1140 2883 ἀπορρήτων
1157 2847 1340 2883 πραγμάτων,
1350 2847 1440 2880 καλῶς
1448 2847 1578 2883 κρίνουσι
1588 2849 1607 2874 ⁸.

174 2965 181 2974 ‘
197 2965 245 2992 ιιυρ
266 2975 341 3000 usque
359 2967 543 2999 Mclaplirastca
553 2967 577 2992 in
599 2967 689 2994 Catena
707 2967 790 2992 Grtceii
807 2969 902 2992 textum
920 2967 1032 2994 latinum
1045 2968 1134 3000 partim
1146 2969 1325 3004 repmunlali
1336 2967 1359 2992 in
1370 2966 1535 2999 sequentibus
1546 2965 1646 2991 omnino
1658 2964 1760 2991 abludit.
