2034 3152
225 153 275 186 5-ὗί

223 216 330 238 verunt.
359 211 451 244 itaque
472 209 599 244 quoniam
626 209 682 236 htee
714 209 749 235 ita
762 216 789 235 se
816 209 925 241 habent,
959 209 1054 239 aliisA

223 258 336 288 relictis,
355 264 404 283 nos
429 264 460 283 ea
486 255 618 282 dicamus.
637 256 703 282 Cum
731 255 803 282 enim
827 260 933 289 tempus
962 256 1017 289 jam

223 303 329 330 adesset
344 302 496 335 Passionis,
510 307 537 328 et
551 301 595 328 ille
604 301 722 336 seipsum
746 301 875 333 traderet,
894 307 921 329 et
936 306 1020 329 staret

223 350 250 374 in
263 347 352 374 medio
366 355 460 374 eorum
474 347 520 382 qui
551 347 577 373 in
602 354 664 374 eum
693 348 794 374 caedem
820 348 970 382 spirabant,
993 352 1020 374 ct

221 394 277 427 jam
294 392 476 419 abduceretur
489 393 522 419 ad
536 392 663 424 Pilatum,
676 398 702 419 et
716 397 778 419 ante
792 393 923 428 Caipham
939 394 1020 420 siste-

228 443 314 470 retur,
329 443 356 465 et
378 438 411 464 ad
431 438 566 465 Herodem
591 438 744 465 mitteretur
762 439 969 470 examinandos,
994 443 1021 465 et

225 486 334 512 tandem
351 485 378 510 in
396 492 456 511 emn
469 483 585 510 ferretur
596 485 741 516 seruantia,
757 489 784 511 et
796 492 874 512 cruce
890 485 1019 511 condem-

225 535 345 561 naretur,
364 529 460 561 Mater,
480 529 551 555 sicut
576 530 602 555 in
628 530 688 556 aliis
708 530 852 564 superabat
868 530 1020 562 mulierem,

227 577 264 603 ita
293 576 373 602 etiam
406 575 451 602 hic
475 583 583 610 quoque
607 575 715 601 videtur
742 575 883 609 plusquam
914 576 1019 608 nmlier,

226 629 287 655 qua:
300 621 333 647 ab
350 621 394 647 illo
422 619 534 646 minime
550 619 663 651 recedit,
691 620 737 646 Sed
754 619 863 654 propius
889 621 1021 654 sequeba—

228 670 282 697 tur,
298 666 368 692 nihil
385 665 484 691 timens
496 665 567 699 quod
582 669 655 692 esset
674 665 860 692 formidabile:
882 674 936 692 non
950 666 1021 700 quod

227 717 330 739 tantum
350 711 479 738 maternis
497 712 651 738 vinceretur
666 712 825 743 visceribus,
842 721 921 747 quam
950 713 1022 746 quod

227 759 317 792 potius
339 758 429 784 divino
459 757 633 784 induceretur
657 757 771 792 judicio,
802 757 870 784 adeo
897 763 927 784 ut
957 759 1022 785 alias

225 811 333 838 quoque
350 804 418 830 duas
441 803 578 834 mulieres,
607 804 684 835 duas,
710 803 831 837 inquam,
859 803 967 834 Marias,
993 808 1022 830 ut

226 852 304 876 docet
337 848 511 883 Evangelium
522 847 565 880 ",
584 849 619 875 ad
649 848 700 875 hoc
729 849 870 876 adhortata
883 849 928 881 sit,
949 854 975 875 et
996 854 1023 876 ut

227 901 319 921 secum
341 899 507 926 versaretur,
532 893 697 928 persuaserit
711 903 717 920 :
739 898 768 920 ut
782 901 841 928 qum
856 899 947 921 essent
962 894 1023 920 forti
1041 883 1061 911 Β

227 946 254 967 ct
269 947 400 975 generoso
414 939 514 971 animo,
529 945 556 966 et
572 939 671 966 vellent
686 939 825 966 adhmrere
838 940 901 967 huic
912 948 1021 975 sponso,

227 989 273 1021 qui
289 994 342 1013 non
355 986 472 1017 videtur,
487 989 515 1012 et
526 991 614 1012 tamen
627 993 688 1012 cum
702 994 755 1013 non
770 991 907 1019 cernatur,
925 994 1025 1021 appro-

228 1033 349 1068 pinquat.
365 1032 448 1058 Erant
467 1032 550 1063 enim,
567 1031 664 1066 inquit,
678 1032 806 1059 mulieres
830 1040 948 1067 quoque,
964 1041 1024 1067 qua!

229 1080 468 1114 consequebantur
502 1087 516 1105 a
545 1078 665 1110 Galiltca,
678 1083 705 1105 et
721 1078 912 1105 ministrabant
925 1079 961 1105 ei.
988 1080 1023 1106 Ea

229 1125 334 1152 ratione
360 1124 487 1151 videntur
518 1131 553 1151 ne
579 1123 698 1150 abfuisse
727 1124 835 1158 quidem
869 1132 883 1150 ε
905 1130 1025 1159 tempore

230 1171 431 1206 mysteriorum,
448 1170 495 1196 sed
522 1177 583 1196 cum
605 1170 748 1197 duodecim
772 1171 881 1204 quidem
914 1171 1025 1198 minimc

228 1219 402 1251 accubuisse,
420 1217 503 1244 fuisse
522 1222 612 1244 tamen
629 1217 687 1251 ejus
712 1218 810 1244 domus
827 1223 1025 1252 consequenter

230 1265 387 1300 participes.
403 1264 468 1291 Nam
493 1264 644 1298 discipulos
658 1263 779 1298 quidem,
810 1271 871 1290 cum
896 1265 1024 1299 mysteria

229 1316 257 1338 ct
273 1310 434 1338 humilitatis
449 1317 562 1337 summm
574 1309 692 1336 traderet
719 1310 880 1342 doctrinam,
895 1318 947 1337 una
976 1311 1024 1337 ha-

230 1357 289 1383 huit
316 1356 528 1389 accumbentes;
561 1355 671 1382 Matrem
704 1360 794 1382 autem
823 1356 904 1391 jussit
932 1363 1024 1383 curam

228 1410 322 1437 gerere
336 1402 492 1434 mulierum,
508 1409 568 1435 qure
594 1401 794 1433 ministrabant,
820 1407 946 1437 tanquam
978 1410 1026 1437 per

228 1457 287 1476 eam
305 1449 391 1483 ipsum
408 1448 482 1482 ipsas
509 1447 624 1482 benigne
648 1448 797 1482 accipiens,
828 1454 855 1475 et
874 1449 1026 1483 adimplens

228 1494 346 1522 indicium
363 1494 550 1525 lmmanilatis,
567 1500 594 1520 et
606 1493 686 1520 simul
704 1502 766 1521 cum
795 1494 834 1522 eis
860 1502 984 1525 resccns,
999 1500 1024 1522 ct

229 1542 270 1568 sic
286 1549 334 1576 pro
348 1541 501 1568 ministerio
521 1540 560 1567 eis
578 1540 701 1566 referens
718 1540 842 1575 gratiam.

265 1585 382 1612 Χχνηι.
413 1585 458 1613 Sic
475 1589 565 1612 autem
582 1592 634 1611 una
652 1592 761 1618 quoque
786 1585 906 1619 ingressa
925 1591 966 1612 cst
997 1585 1024 1612 in

230 1633 329 1659 utrium
359 1633 445 1658 Anna:
473 1635 500 1658 et
529 1630 649 1665 Caiphc,
681 1637 797 1657 cernens
812 1631 1026 1665 unumquodque

229 1685 325 1703 eorum
347 1685 406 1711 qua:
418 1677 592 1711 gerebantur,
609 1680 635 1702 et
652 1675 724 1710 apud
746 1683 808 1702 eum
837 1676 946 1710 quidem
971 1684 1027 1703 ma-

231 1730 310 1754 nens,
326 1723 389 1749 dum
400 1723 588 1757 judicaretur:
607 1730 660 1748 una
675 1726 764 1748 autem
786 1722 943 1756 proficiens.
962 1723 1026 1750 dum

231 1768 412 1795 abduceretur
447 1768 480 1795 ad
521 1772 650 1799 mortem,
684 1775 834 1802 eorumque
862 1769 906 1802 qui
939 1769 1026 1801 ibant,

231 1822 357 1850 egressus
372 1818 399 1841 et
425 1815 562 1848 ingressus
587 1813 775 1844 considerans.
792 1817 819 1839 et
843 1814 966 1840 omnium
979 1821 1027 1840 ora

231 1861 383 1890 attendens,
395 1865 424 1887 ut
437 1861 529 1890 sciret,
546 1867 670 1894 quamam
690 1860 716 1886 in
732 1867 794 1886 eum
813 1859 933 1886 ferretur
964 1868 1027 1887 scn-

235 1907 319 1933 tcntia
334 1915 340 1932 :
358 1907 468 1940 quinam
491 1914 553 1933 vero
565 1911 643 1933 erant
668 1906 686 1932 ii
701 1906 746 1940 qui
759 1906 784 1933 ei
798 1907 1026 1939 assentiebantur,

233 1958 280 1980 aut
292 1953 337 1987 qui
353 1952 599 1987 reprehendebant.
616 1951 687 1978 Nulli
714 1952 788 1978 enim
806 1952 955 1979 obscurum
975 1958 1027 1985 est,

231 2005 291 2024 eam
303 1997 360 2024 hmc
370 1997 470 2024 vidisse
483 1997 585 2029 omnia,
596 1997 817 2032 quandoquidem
831 1997 857 2024 in
870 2005 951 2025 cruce
963 2006 1029 2032 qun-

231 2051 283 2079 que
298 2051 350 2071 una
366 2044 469 2075 aderat,
483 2044 592 2077 quando
607 2045 639 2070 ab
653 2044 712 2078 ipso
730 2043 861 2071 crucilixo
880 2044 949 2071 Filio
977 2045 1029 2072 fuit

231 2089 422 2115 commendata
447 2088 591 2122 discipulo.
606 2089 639 2115 Et
668 2089 730 2116 ideo
760 2088 824 2116 licet
845 2089 1028 2120 considerare,

232 2134 385 2168 cuiusmodi
409 2134 453 2160 illa
468 2138 552 2166 esset,
570 2142 631 2167 qum
648 2133 705 2161 lucc
725 2135 843 2162 diﬂicilia
858 2136 986 2162 cernebat
1003 2141 1029 2163 et

233 2179 357 2211 molesta,
385 2179 534 2211 illusiones,
556 2179 673 2214 ﬂagella,
700 2180 800 2214 alapas,
821 2188 946 2215 purpurat
961 2183 1029 2208 ami-

232 2230 318 2256 ctum,
335 2232 441 2252 corona:
457 2225 668 2259 impositionetn,
696 2227 919 2254 contumeliosam
934 2228 1024 2255 tradu-
1043 2231 1066 2260 D

231 2272 363 2299 ctionem.
375 2271 488 2306 Oportet
499 2279 608 2306 quoque
622 2271 806 2304 considerare,
822 2280 968 2307 quemnam
979 2274 1026 2301 ha-

232 2317 309 2344 beret
323 2318 455 2348 animum,
472 2317 528 2344 sive
538 2324 570 2344 ex
582 2317 650 2344 Filio
660 2325 720 2344 eam
733 2318 894 2353 simpliciter
904 2320 1024 2353 judices,

232 2364 385 2390 naturalem
401 2363 533 2390 ferentem
547 2364 602 2390 vim
623 2363 779 2399 passionis:
798 2366 857 2392 sive
875 2366 947 2400 quod
961 2374 1023 2394 eum

231 2414 407 2444 cognosceret
421 2410 531 2437 homine
539 2411 719 2445 superiorem,
735 2411 874 2438 admirans
885 2420 1023 2440 summam

233 2455 293 2490 eius
307 2456 477 2483 tolerantiam
495 2464 502 2483 :
520 2461 567 2483 aut
590 2457 682 2491 potius
698 2461 854 2492 utrumque,
867 2458 935 2485 adeo
952 2464 981 2486 ut
997 2466 1024 2486 et

233 2501 348 2528 naturali
359 2501 513 2529 ﬂecteretur
520 2502 673 2536 aﬂ'ectione,
685 2507 712 2530 et
723 2504 852 2531 miraculo
860 2503 1022 2533 afﬁceretur.

267 2546 362 2573 XXIX.
375 2546 521 2581 Postquam
530 2551 619 2574 autem
629 2547 750 2574 scelerati
760 2554 891 2574 venerunt
899 2548 925 2574 in
934 2549 1023 2576 locum

231 2592 372 2626 Calvarizc,
398 2597 426 2620 et
446 2593 497 2620 ﬁxa
517 2593 627 2628 quidem
649 2593 698 2620 fuit
724 2601 808 2626 cruv,
843 2593 870 2620 in
899 2601 929 2620 ea
958 2602 1023 2621 vero

235 2639 371 2674 pendebat
383 2639 442 2674 ejus
455 2638 549 2672 Filius,
570 2639 706 2674 quomodo
724 2643 783 2666 erat
809 2639 901 2665 animo
914 2639 1021 2672 affecta,

233 2693 297 2712 eum
311 2686 408 2713 videns
422 2686 460 2712 sic
473 2686 620 2720 patientem
635 2685 647 2711 ?
665 2685 808 2717 Quomodo
825 2685 932 2712 videbat
957 2693 1021 2712 cum

235 2732 365 2758 nudatum
380 2732 511 2764 vestibus,
523 2732 568 2766 qui
595 2732 693 2758 caelum
710 2730 774 2765 tegit
796 2730 933 2757 nubibus?
949 2731 1023 2763 Quo-

235 2779 316 2805 modo
329 2779 475 2806 habentem
487 2786 569 2813 puras
584 2785 679 2806 carnes
691 2777 776 2804 clavis
792 2777 933 2804 confixus?
949 2778 1023 2809 Quo-

1040 1556 1060 1583 C

273 2876 294 2892 ⁸¹
308 2877 390 2904 Marc.
407 2886 451 2911 xv,
466 2878 509 2905 40.

250 2921 290 2944 Ix,
307 2913 350 2939 :tti.

550 2878 570 2893 η
591 2877 657 2904 Luc.
674 2884 704 2909 u,
801 2877 822 2892 "
842 2877 910 2905 Psal.
927 2886 982 2912 xxi,
1002 2879 1042 2906 17.

855 153 997 183 MENSIS
1019 154 1234 186 AUGUSTUS.

1804 158 1861 191 [~52

1073 211 1155 238 modo
1170 219 1224 238 non
1240 211 1266 238 in
1283 212 1339 246 ejn<
1354 213 1442 247 pot'us
1457 214 1548 241 carnis
1564 215 1616 241 tela
1628 211 1843 243 immlttebautut
1858 214 1871 240 .’

1071 263 1099 284 ut
1116 257 1198 284 etiam
1211 257 1274 285 hinc
1289 258 1369 285 finem
1384 260 1527 294 acciperet,
1544 261 1616 295 quod
1628 262 1734 288 dixerat
1745 262 1869 289 admira-

1070 304 1131 332 bilis
1149 304 1258 332 Simcon
1273 314 1278 331 :
1298 307 1380 332 Tuam
1394 314 1495 341 quoque
1509 307 1587 340 ipsius
1596 308 1715 334 animum
1725 314 1851 342 perlram
1861 324 1869 330 -

1070 351 1117 377 ibit
1138 351 1243 386 gladius
1256 351 1437 384 “.Quomodo
1461 353 1601 388 sanguinis
1626 354 1708 389 guttis
1728 355 1868 382 emucnti-

1071 398 1121 425 btts
1137 406 1189 424 non
1200 399 1353 425 acerbiores
1363 399 1542 434 lacrymarum
1559 402 1732 435 aqurcductus
1746 401 1870 429 fluebant

1072 453 1104 471 ex
1131 445 1203 472 illius
1231 445 1336 472 oculis?
1363 447 1505 479 Quomodo
1530 447 1603 474 illutn
1631 448 1691 474 tulit
1723 448 1813 476 videre
1839 449 1868 475 in

1072 500 1153 519 cruce
1165 492 1325 524 distentum,
1336 493 1433 527 ipsam,
1446 499 1527 521 eteos
1536 495 1581 528 qui
1592 495 1715 524 aderant,
1728 496 1869 529 aspicien-

1073 543 1126 564 tem
1151 543 1262 572 aspectu
1288 539 1506 573 benignissimo?
1529 539 1600 571 Quid
1624 548 1688 567 vero
1712 541 1870 574 irrisiones,

1073 584 1136 619 quid
1153 585 1235 618 impia
1263 585 1460 612 transeuntium
1498 591 1658 619 scommata,
1699 587 1870 622 ingratmum

1073 632 1312 664 subsannationcs,
1335 633 1433 667 probra
1455 641 1549 660 eorum
1566 634 1611 668 qui
1634 634 1871 662 circumstabant?

1074 677 1138 710 Quae
1154 678 1262 712 quidem
1279 679 1370 705 omnia
1391 686 1450 705 eam
1477 681 1737 707 tranSverbcrabant
1754 681 1871 715 profun-

1075 725 1146 756 dius,
1163 733 1244 759 quam
1259 725 1305 752 ulli
1323 726 1402 752 clavi.
1422 726 1454 752 Et
1483 727 1731 754 innumerabilibus
1754 728 1871 762 quidem

1074 771 1161 806 plagis
1186 772 1377 798 sauciabatur:
1410 772 1632 799 stimulis'autcm
1659 773 1872 801 confodiebatur

1076 817 1329 845 innumerabilibus.
1347 818 1404 844 Hoc
1427 826 1492 846 vero
1515 824 1574 846 erat
1594 819 1618 846 ei
1643 820 1766 846 omnium
1783 821 1871 847 mole‘

1075 865 1236 896 SLiSsiltlum,
1253 866 1324 900 quod
1336 867 1369 893 ad
1380 866 1454 893 illum
1472 867 1581 900 quidem
1597 868 1740 899 accedere,
1754 873 1782 895 ct
1803 876 1871 895 eum

1074 912 1174 946 alloqui
1191 912 1310 944 sitiebat,
1329 914 1512 948 rcpcllebatur
1536 919 1626 941 autem
1653 922 1669 941 a
1695 915 1872 942 multitudine

1075 965 1173 984 canum
1195 966 1253 985 eam
1270 959 1517 987 circumstantium.
1535 960 1579 986 Sic
1599 959 1673 986 enim
1689 959 1799 988 divinus
1823 960 1872 988 ille

1075 1005 1154 1032 Pater
1166 1013 1214 1032 eos
1233 1006 1308 1040 prius
1330 1006 1481 1033 nominavit
1492 1006 1513 1021 ⁸⁸
1524 1026 1532 1034 .

1112 1062 1194 1090 XXX.
1207 1062 1352 1098 Postquam
1367 1069 1458 1090 autem
1472 1071 1641 1098 quazcunque
1655 1064 1783 1091 volebant
1796 1084 1804 1096 ,
1820 1064 1874 1091 im-

1076 1110 1147 1144 pleta
1176 1110 1288 1136 fuerunt
1305 1118 1320 1136 a
1341 1109 1389 1136 Dei
1418 1110 1582 1144 parricidis,
1607 1114 1702 1137 etnon
1727 1115 1874 1144 exspecta-

1075 1160 1140 1183 bant
1151 1156 1269 1190 amplius
1280 1175 1287 1186 .
1301 1155 1359 1183 fore
1376 1162 1405 1183 ut
1424 1157 1458 1183 ab
1477 1157 1518 1183 eis
1533 1157 1679 1184 evaderet:
1699 1165 1761 1183 cum
1776 1157 1873 1191 proxi-

1075 1206 1111 1232 mi
1131 1205 1241 1240 quidem
1259 1206 1339 1232 amici
1357 1205 1517 1240 etfugiseent
1529 1226 1536 1238 ,
1554 1212 1600 1232 aut
1616 1206 1708 1240 potius
1722 1206 1762 1241 (ut
1777 1206 1872 1233 dicam

1075 1259 1137 1278 cum
1164 1252 1297 1286 propheta
1308 1252 1341 1284 ⁵⁸)
1359 1259 1373 1278 a
1388 1252 1466 1286 longe
1487 1255 1602 1283 starent,
1617 1252 1675 1285 ipse
1690 1256 1780 1278 autem
1796 1256 1875 1278 essrt

1076 1297 1159 1324 clavis
1177 1297 1300 1324 confixus
1311 1317 1318 1330 ,
1335 1298 1459 1324 custodia
1474 1297 1508 1324 ab
1522 1297 1562 1324 eis
1574 1297 1689 1323 omnino
1714 1297 1829 1332 neglige!
1842 1304 1874 1323 a-

1077 1350 1139 1376 tur,
1162 1349 1225 1371 tunc
1249 1343 1395 1370 verisimile
1418 1349 1477 1374 est,
1498 1343 1658 1378 Deiparam,
1682 1344 1735 1370 sibi
1752 1344 1815 1371 data
1830 1344 1874 1370 fa-

1077 1391 1194 1422 cultate,
1216 1391 1249 1418 ad
1282 1398 1344 1417 cum
1373 1391 1540 1422 accessisse,
1561 1395 1588 1417 et
1616 1391 1791 1417 intemeratas
1809 1390 1875 1424 qui-

1077 1439 1138 1465 dem
1159 1438 1218 1472 ejus
1238 1438 1337 1472 pedes,
1353 1442 1380 1464 et
1406 1438 1553 1472 impressas
1577 1437 1619 1463 eis
1641 1437 1732 1472 plagas
1753 1437 1874 1464 libenter

1077 1491 1138 1512 esse
1151 1484 1336 1511 deosculatum
1349 1504 1356 1515 ,
1367 1487 1394 1511 et
1403 1483 1537 1518 sanguine
1553 1483 1714 1510 miscentem
1725 1483 1872 1518 lacrymas,

1077 1531 1170 1558 oculos
1185 1535 1212 1558 et
1243 1538 1327 1565 genas
1358 1530 1516 1562 atlrivisse,
1541 1538 1603 1556 cum
1628 1530 1746 1556 maximo
1779 1535 1873 1557 autem

1077 1577 1160 1603 animi
1176 1581 1249 1603 motu
1263 1584 1325 1603 cum
1339 1577 1515 1610 aspicientem
1525 1575 1713 1608 dixisse:Quid
1725 1575 1781 1602 ha-c
1794 1580 1874 1607 sunt.

1077 1630 1094 1649 ο
1111 1623 1224 1650 Domine
1240 1613 1267 1650 et
1279 1622 1370 1650 Deus?
1381 1627 1481 1649 suntne
1513 1622 1554 1649 hac
1571 1623 1806 1649 remunerationes
1817 1627 1876 1650 tua:

1078 1669 1274 1704 inexplicabilis
1303 1669 1331 1695 in
1355 1670 1479 1696 homines
1505 1669 1680 1695 clementiae?
1713 1668 1796 1695 Estne
1813 1669 1874 1696 lucc

1078 1717 1223 1744 retributio
1239 1721 1291 1744 tua:
1312 1716 1509 1751 benignitatis?
1524 1716 1592 1746 line,
1608 1724 1677 1750 quos
1706 1721 1734 1742 tu
1755 1716 1874 1743 affecisti

1078 1763 1230 1795 beneﬁcio,
1254 1763 1321 1789 tales
1340 1762 1386 1789 tibi
1410 1762 1510 1797 gratius
1537 1762 1725 1789 retulere?Te
1749 1769 1872 1796 purpura

1079 1809 1196 1836 induunt
1210 1808 1356 1838 irrisionis,
1380 1816 1448 1842 quos
1475 1813 1602 1842 tanquam
1621 1808 1691 1834 ﬁlios
1719 1807 1801 1835 Pater
1827 1817 1875 1835 or-

1080 1856 1148 1882 nasti
1172 1856 1240 1882 stola
1260 1855 1371 1890 gloriae,
1388 1859 1416 1881 et
1439 1859 1567 1888 tanquam
1593 1855 1685 1888 aquila
1711 1855 1808 1881 nidum
1826 1863 1875 1881 re-

1079 1908 1163 1936 gens,
1179 1901 1229 1927 alis
1250 1900 1378 1935 expansis
1401 1900 1544 1934 suscepisti
1555 1900 1587 1930 δ’,
1613 1904 1641 1927 ct
1664 1901 1690 1926 in
1715 1900 1798 1927 dorso
1823 1906 1875 1928 tuo

1079 1948 1203 1982 p0rtasti.
1227 1947 1404 1974 Contumelia:
1427 1954 1555 1973 coronam
1586 1946 1633 1973 tibi
1660 1947 1874 1981 imposuerunt,

1080 2002 1148 2029 quos
1169 1994 1249 2021 bona:
1275 1993 1425 2020 voluntatis
1447 1993 1532 2019 armis
1557 1993 1615 2027 ipse
1632 1993 1769 2019 coronasti
1783 1998 1828 2025 ,et
1842 1999 1874 2021 ut

1080 2041 1210 2068 adversus
1222 2040 1348 2068 inimicos
1369 2044 1451 2074 caput
1468 2040 1606 2070 tollerent,
1622 2039 1799 2066 conﬁrmasti.
1810 2040 1876 2066 Cla-

1081 2089 1122 2114 vis
1134 2088 1181 2114 tibi
1197 2087 1307 2114 dolores
1324 2086 1441 2113 afferunt
1455 2106 1462 2119 ,
1477 2085 1523 2120 qui
1540 2094 1556 2112 a
1572 2086 1712 2113 laboribtts
1728 2086 1874 2121 Egyptia-

1081 2141 1120 2161 σε
1139 2133 1294 2165 servitutis,
1309 2137 1336 2159 et
1349 2133 1383 2159 ab
1406 2132 1652 2159 innumerabilibus
1677 2132 1875 2160 afﬂictionibus

1082 2184 1148 2207 sunt
1161 2179 1278 2206 liberati.
1295 2179 1436 2205 Arundine
1450 2183 1525 2205 tuum
1543 2183 1623 2213 caput
1647 2178 1749 2205 feriunt
1760 2180 1874 2213 ,quibus

1081 2233 1155 2253 mare
1168 2226 1242 2259 virga
1253 2233 1411 2260 percussutn
1427 2225 1508 2252 cessit
1517 2225 1694 2260 fugientibus.
1709 2225 1762 2252 Sed
1775 2226 1875 2260 loque-

1079 2281 1108 2300 re
1123 2272 1225 2307 aliquid
1240 2272 1376 2298 modiolnm
1399 2272 1433 2298 ad
1451 2276 1526 2298 tuam
1545 2272 1656 2299 Matrem
1674 2273 1850 2298 recreandam
1863 2281 1873 2298 :

1077 2328 1132 2347 non
1150 2320 1208 2346 fero
1219 2319 1292 2346 cnim
1305 2318 1414 2345 dolores
1426 2338 1433 2350 ,
1452 2326 1512 2352 quae
1528 2322 1554 2344 te
1580 2318 1672 2352 peperi
1687 2318 1747 2344 sine
1764 2317 1872 2344 dolore.

1077 2367 1128 2394 Ubi
1142 2371 1169 2394 te
1185 2366 1284 2393 videbo
1307 2369 1399 2399 postea
1412 2365 1510 2396 ?Qnod
1541 2364 1593 2390 erit
1626 2363 1692 2390 mihi
1718 2363 1846 2390 solatium
1860 2363 1873 2389 ἲ

1076 2411 1142 2444 Quis
1156 2411 1208 2438 mei
1223 2417 1316 2438 curam
1346 2414 1421 2445 geret
1440 2417 1470 2436 ac
1481 2407 1629 2435 defendet?

1113 2466 1210 2493 XXXI.
1224 2467 1292 2492 Cum
1305 2471 1365 2491 eam
1379 2463 1492 2490 vidisset
1509 2467 1561 2489 tam
1576 2463 1673 2490 acerbe
1686 2462 1823 2494 aﬂ'ectam,
1841 2468 1871 2490 et

1079 2516 1193 2539 stantem
1206 2518 1289 2545 prope
1300 2510 1429 2538 dilectutn
1444 2511 1619 2544 discipulutn,
1640 2510 1705 2537 illud
1717 2511 1749 2545 (si
1757 2515 1800 2538 :ut
1809 2516 1873 2538 erat

1078 2560 1304 2590 consentaneum)
1321 2561 1362 2584 est
1372 2557 1484 2584 omnino
1499 2550 1623 2584 elocutus
1636 2577 1642 2588 ,
1658 2558 1729 2592 quod
1744 2556 1872 2584 dixinum

1077 2609 1171 2629 narrat
1186 2602 1375 2638 Evangelium.
1391 2603 1455 2629 Eam
1480 2602 1552 2629 enim
1576 2602 1694 2637 primum
1713 2603 1871 2637 aspiciens:

1079 2647 1187 2680 Mulier,
1200 2648 1298 2682 inquit,
1314 2656 1370 2675 ecce
1382 2648 1452 2682 ﬁlius
1466 2653 1526 2674 tuus
1538 2648 1572 2679 ⁵⁸,
1584 2649 1735 2676 ostendens
1745 2649 1871 2684 discipu-

1076 2695 1143 2722 lum.
1154 2694 1200 2722 Sic
1215 2695 1257 2722 vel
1274 2695 1348 2722 cruci
1360 2694 1471 2727 allixus,
1481 2703 1575 2722 enram
1589 2695 1700 2730 gerebat
1718 2697 1822 2728 matris,
1841 2703 1869 2723 et

1076 2750 1134 2768 eatn
1145 2741 1343 2768 commendavit
1361 2742 1458 2769 dilecto
1468 2741 1611 2775 discipulo,
1624 2750 1672 2768 nos
1693 2742 1792 2769 doieus
1812 2751 1870 2770 non

1078 2788 1215 2823 negligere
1240 2794 1364 2822 parentes
1392 2796 1476 2823 usque
1491 2788 1524 2815 ad
1549 2795 1699 2815 extremum
1718 2789 1845 2822 spiritum
1861 2809 1869 2821 ,

1752 2879 1773 2895 “‘
1784 2879 1863 2906 Joan.

1081 2879 1103 2895 “
1117 2879 1189 2907 Psal.
1212 2886 1314 2913 xxxvu,
1328 2879 1372 2909 3|.
1428 2880 1449 2896 "
1462 2880 1539 2907 Deut.
1559 2889 1644 2913 xuii,
1661 2881 1702 2907 tl.
