2034 3152
136 149 186 180 553

688 144 831 174 ORATIO
854 144 902 174 DE
921 143 1065 174 SANCTA
1085 142 1217 172 MAIHA.
1709 142 1737 172 {si

137 211 290 240 quanquam
307 203 383 238 prius
398 203 538 230 uidebatur
552 203 633 229 etiam
655 202 786 236 repellere
797 207 837 234 ,ut
862 209 922 236 qute
938 207 957 234 Α
974 201 1095 232 mitium,
1115 200 1163 226 sed
1190 199 1270 226 etiam
1290 199 1454 233 disripulum
1467 219 1474 231 ,
1505 206 1597 226 verum
1623 199 1760 226 occultum

138 258 188 277 non
218 249 246 275 in
269 252 393 282 tempore
419 248 442 274 ei
457 252 531 274 esset
549 247 674 274 molesta.
690 247 758 279 Quid
775 247 843 273 ειιὶηι
861 247 924 272 nti/ii

137 300 158 322 et
172 295 219 322 tibi
232 297 240 327 (
254 295 281 321 in
304 293 408 328 nuptiis
441 293 560 327 inquit).
587 292 681 318 mulier
692 292 734 318 ‘7?
756 297 782 318 et
800 297 891 325 podea
916 300 922 318 :

137 342 197 375 Quia
215 345 254 368 est
278 344 363 366 mater
383 348 440 366 mea
461 340 474 366 2
502 339 551 366 llic
575 344 665 366 autem
687 344 808 373 apertam
833 343 926 364 osten-

137 388 173 415 dit
193 386 385 415 dilectionem,
405 390 432 412 et
458 385 592 419 discipulo
613 384 722 419 quidem
753 391 812 425 eim
844 390 926 409 con:—

137 433 263 463 mendat.
278 432 318 460 sic
338 431 493 462 consolans,
518 430 593 457 illum
617 434 707 457 autem
725 430 810 464 magis
836 429 926 456 hono-

136 487 198 507 ratis
212 478 449 506 commendatione
461 497 468 507 .
483 481 510 504 et
529 476 601 511 quod
618 477 692 503 valde
711 484 772 503 entn
790 476 926 511 diligeret,

137 525 186 551 hoc
200 529 281 550 utens
292 523 449 550 testimonio
465 522 541 556 (quid
554 522 627 548 enim
650 521 721 548 aliud
743 521 846 547 faciens
859 541 866 553 ,
880 525 927 546 aut

136 571 244 600 dicens,
275 569 350 595 illutn
376 568 422 595 tali
447 567 552 594 honore
566 572 609 594 est
637 566 792 601 dignatus?)
808 587 814 598 ,
844 566 926 592 simul

136 622 242 650 quoque
269 613 341 648 quod
369 612 625 648 permansisset,ei
660 612 782 638 referens
814 611 925 646 gratias.

137 661 236 688 Deinde
251 667 313 686 cum
327 660 410 686 etiam
433 659 583 693 aspexisset
597 658 771 692 discipulum.
781 657 865 688 Ecce,
883 657 925 684 Ill-

136 707 209 741 quit,
229 711 317 733 mater
333 705 414 732 tua“.
432 705 488 732 lloc
499 710 589 731 autem
603 709 662 731 erat
681 704 873 739 conjungentis
892 703 925 730 ad

136 753 313 780 dilectionem
326 772 334 785 ,
349 757 376 778 et
390 751 470 778 simul
484 752 566 778 etiam
581 751 755 778 ostendentis
779 750 924 777 ambarum

137 799 338 826 auctoritatem.
354 798 391 824 Ab
409 806 438 824 eo
456 805 520 832 ergo
530 802 654 831 tempore,
667 797 764 832 inquit,
781 797 926 831 discipulus

137 854 193 872 eam
211 845 313 879 accepit
329 844 356 870 in
380 844 487 878 propria
501 843 534 876 ",
549 843 704 878 intzlligens
721 850 852 877 quorsum
867 847 926 869 ten-

979 247 1042 280 (hoc
1057 246 1129 273 enim
1142 246 1220 272 docet
1234 244 1458 280 Evangelium“),
1476 250 1504 272 ut
1523 244 1568 279 qui
1594 243 1641 272 Dei
1657 245 1762 272 timeret

977 293 1128 328 parricidas
1144 312 1150 323 .
1165 292 1281 320 renitatl
1294 299 1355 318 emn
1377 291 1459 327 Virgo
1469 310 1477 323 ,
1489 296 1516 318 et
1530 291 1620 319 verbis
1632 293 1656 319 ei
1667 293 1764 319 suadet

977 340 1244 373 accommodatismt
1262 339 1289 367 in
1319 346 1368 366 stto
1381 344 1560 366 monumento
1573 359 1581 371 ,
1597 343 1726 374 tanquam
1736 339 1762 366 in

978 385 1068 419 aliquo
1082 386 1201 412 armario
1216 405 1224 417 ,
1253 391 1375 419 magnam
1400 384 1453 410 vim
1483 391 1565 417 opum
1586 389 1719 418 reponat,
1736 389 1763 410 ct

977 432 1016 458 sic
1031 431 1141 458 domum
1153 428 1440 464 custodientemapud
1455 436 1484 456 se
1495 428 1578 456 vitam
1588 429 1699 456 haheat.
1718 430 1763 457 Fi-

978 485 1041 503 nem
1057 477 1130 504 enim
1146 496 1153 509 ,
1176 476 1282 511 inquit,
1293 479 1457 510 act-cperunt
1478 482 1520 502 res
1528 475 1742 502 adversariorum
1759 496 1765 505 ,

977 528 1005 550 et
1025 522 1142 549 maxime
1158 522 1316 556 probrosam
1343 520 1371 548 hi
1399 523 1514 547 mortem
1543 519 1669 554 Magistro
1695 525 1766 547 attn-

979 567 1090 599 Icrunt,
1128 567 1201 594 nulla
1242 566 1417 601 quantumvis
1459 573 1578 600 magna,
1610 566 1707 596 injuria
1740 570 1767 592 et

978 613 1126 648 ignominia
1155 613 1182 639 in
1220 620 1282 639 eum
1315 612 1391 646 prius
1422 611 1615 646 prmiermissa.
1632 611 1766 638 Caeterum

978 667 1053 686 nunc
1069 667 1176 694 quoque
1193 659 1220 686 in
1237 659 1310 693 ligno
1336 659 1410 693 jacet
1447 663 1572 685 mortuus
1599 663 1627 684 et
1657 659 1766 691 nudus,

977 707 1046 734 mihi
1064 711 1091 733 et
1116 711 1214 733 creata:
1240 711 1344 732 natura:
1365 705 1533 732 horrendum
1564 705 1767 740 spectaculum,

978 758 1008 780 ut
1026 757 1108 787 quem
1124 753 1215 787 potius
1231 752 1381 784 irrideant,
1399 759 1480 786 quam
1497 751 1557 786 ejus
1573 751 1766 779 misereantur.

978 799 1016 826 Da
1032 806 1097 834 ergo
1114 798 1179 826 mihi
1199 799 1311 834 gratiam
1323 818 1331 830 ,
1344 803 1371 825 et
1387 798 1542 829 communi,
1561 797 1672 831 inquam
1685 816 1692 827 .
1704 797 1769 824 huic

979 844 1116 880 Magistro.
1135 845 1275 872 Audacter
1289 849 1349 878 pete
1376 843 1450 872 illius
1463 851 1578 878 corpus,
1599 849 1629 871 ut
1644 843 1769 879 depona-

136 891 212 918 deret
230 890 320 917 oratio
333 909 341 922 ,
358 894 384 916 ct
408 889 515 917 Domini
547 888 681 917 voluntati
709 888 815 917 sincere
836 889 924 916 inser-
945 878 963 905 Β
979 878 1045 922 ωι-ή,
1066 895 1094 918 et
1118 890 1266 918 mandetur
1294 890 1462 925 sepultum,
1477 889 1499 916 si
1529 897 1583 916 non
1607 878 1689 917 etiam
1709 895 1769 924 post

135 943 222 964 nens.

172 981 280 1009 XXXII.
305 981 452 1018 Postquam
468 985 557 1010 autem
579 981 660 1009 finem
685 984 850 1016 acceperunt
865 985 924 1007 om=

139 1029 180 1056 nia
194 1048 202 1061 ,
221 1028 292 1056 Sitio
306 1049 314 1061 ,
330 1029 418 1064 inquit
432 1028 555 1056 Salvator
567 1028 601 1055 ".
618 1027 671 1061 Qui
687 1035 750 1054 vero
763 1032 841 1054 erant
853 1027 927 1053 sclo-

117 1075 121 1079 ”
136 1080 180 1100 ces
198 1074 232 1100 ad
245 1073 349 1100 malum
361 1092 369 1106 ,
387 1079 414 1100 et
431 1073 600 1108 ingratorum
621 1072 812 1108 ingratissimi,
823 1072 847 1099 ei
862 1080 925 1100 ace-

138 1123 193 1146 tum
208 1119 271 1146 felle
285 1119 461 1147 eommistum
473 1139 480 1151 ,
504 1119 550 1154 qui
570 1127 638 1154 aqua
654 1119 743 1154 (proh
759 1119 836 1146 dolor
849 1120 855 1147 l
869 1118 880 1154 )
899 1119 925 1146 in

138 1165 197 1192 sitis
219 1171 289 1192 aestu
313 1165 340 1191 in
357 1170 429 1192 terra
452 1165 527 1192 arida
539 1170 604 1193 sunt
615 1166 699 1201 potati
713 1174 720 1198 ;
736 1170 763 1193 et
780 1166 826 1201 qui
846 1166 927 1192 melle

137 1211 251 1239 saturati
280 1212 444 1245 fuerunt",
461 1211 496 1240 fel
520 1213 688 1248 porrigunt;
715 1219 831 1247 quorutn
858 1219 926 1244 uva,

138 1266 187 1286 ora
207 1257 293 1288 fellis,
318 1262 345 1285 et
363 1258 403 1285 ira
418 1279 426 1291 ,
442 1258 592 1285 draconum
624 1257 767 1286 domus".
785 1257 839 1285 Sed
858 1265 928 1292 quo-

139 1304 218 1332 modo
235 1311 330 1331 rursus
347 1303 423 1331 illam
445 1304 506 1331 .htec
516 1318 522 1322 -
533 1303 669 1331 videntem
684 1324 693 1338 ,
705 1304 850 1339 oportebat
862 1311 926 1330 cru-

137 1351 203 1379 ciari
218 1350 312 1378 animo
325 1350 461 1383 ?Quando
472 1355 563 1378 autem
579 1354 715 1378 mortuum
728 1357 837 1385 quoque
849 1350 926 1381 \‘id’t,

137 1397 275 1432 quomodo
296 1397 380 1424 tulit?
403 1397 540 1431 quomodo
562 1404 621 1424 non
654 1396 739 1424 etiam
763 1396 849 1431 ipsam
873 1403 926 1422 una

140 1443 254 1478 abrupit
277 1442 420 1470 animam?
443 1442 586 1475 Quomodo
613 1442 741 1469 sustinuit
765 1442 926 1469 videmini-

137 1491 242 1521 micos,
264 1489 310 1524 qui
325 1497 359 1516 ne
374 1493 439 1524 post
457 1493 572 1516 mortem
596 1488 706 1523 quidem
731 1488 821 1515 adhuc
848 1492 927 1516 erant

138 1535 309 1564 reconciliati
322 1536 410 1566 Filio,
426 1535 472 1562 sed
493 1535 595 1562 eaedem
614 1535 704 1562 adhuc
720 1535 747 1562 in
762 1543 825 1562 eum
839 1536 927 1570 spira-

142 1584 227 1615 bant,
245 1587 272 1610 et
299 1582 389 1618 gladio
413 1582 474 1617 ejus
488 1582 558 1609 latus
570 1581 786 1609 confodit-bant?
806 1581 859 1608 Sed
872 1582 930 1608 haec

138 1629 250 1664 quidem
290 1628 415 1656 divinum
451 1633 544 1656 narrat
579 1628 767 1664 Et'angelium.
800 1628 931 1656 Dictmtur

140 1681 230 1703 autent
248 1675 306 1702 haec
325 1683 434 1710 quoque
452 1684 467 1702 a
482 1675 581 1710 linguis
593 1694 599 1706 ,
616 1683 677 1709 qua:
699 1674 808 1709 plurimi
829 1675 932 1702 faciunt

142 1723 284 1749 veritatem
296 1741 303 1754 ,
315 1721 387 1755 quod
406 1729 468 1748 eum
486 1721 544 1748 haec
557 1728 628 1748 nova
641 1725 670 1748 et
684 1721 854 1748 admirabilia
869 1729 932 1756 per-

142 1775 217 1802 cepta
235 1773 331 1795 essent
346 1768 434 1795 oculis
450 1767 585 1802 Deiparte,
600 1768 703 1802 etpost
717 1773 833 1795 mortem
859 1767 930 1800 Filii,

144 1815 256 1849 perinde
270 1822 303 1841 ac
319 1814 341 1840 si
364 1814 469 1841 viveret
482 1832 489 1845 .
501 1821 533 1840 ea
551 1813 611 1847 ejus
631 1813 716 1840 latere
731 1821 802 1848 aqua
821 1818 849 1840 et
869 1821 932 1841 san-

144 1861 202 1893 guis
215 1861 361 1887 scaturirct
378 1880 385 1892 ,
403 1860 446 1886 illa
469 1864 525 1886 tum
540 1859 649 1894 quidem
667 1859 761 1886 haurit
773 1865 931 1887 reverenter

145 1909 170 1930 et
189 1904 345 1938 diligenter.

180 1960 298 1988 XXXIII.
314 1961 416 1988 Deinde
436 1969 466 1988 ca
484 1961 523 1988 sic
542 1969 572 1989 se
598 1965 680 1988 totam
710 1961 784 1988 dedit
805 1961 931 1995 parandae

146 2008 307 2042 sepulturae,
327 2011 355 2034 et
381 2008 609 2042 quemadmodum
634 2008 755 2035 divinum
772 2008 837 2034 illud
868 2015 932 2034 cor-

146 2060 193 2088 pus
210 2062 225 2080 ε
248 2053 322 2088 ligno
340 2053 537 2088 deponeretur,
554 2066 581 2080 ε.
602 2057 696 2087 cptum
723 2057 930 2080 monumentttm

145 2103 369 2134 consequeretur.
390 2097 458 2125 Cum
476 2104 566 2126 autem
588 2106 642 2126 non
659 2103 749 2133 posset
765 2099 821 2125 lucc
836 2107 884 2133 per
901 2106 931 2126 se

145 2145 264 2177 edicere,
281 2145 342 2180 ejus
356 2152 476 2172 mentem
494 2149 585 2172 movet
600 2145 712 2172 omnino
722 2145 782 2179 ejus
798 2145 881 2172 Filius
892 2149 932 2177 ,ut

145 2195 314 2219 scrutaretur
333 2192 360 2219 in
376 2192 436 2219 loco
465 2191 606 2219 Calvari:e.
636 2191 713 2223 Quod
739 2199 801 2218 cum
830 2191 929 2218 factum

978 940 1097 964 mortem
1115 936 1151 963 sit
1175 935 1229 962 illis
1251 934 1334 962 Jesus
1355 935 1471 962 invisus.
1494 934 1539 962 Sic
1549 935 1627 962 nobis
1645 935 1770 963 omnibus

978 989 1102 1016 magnam
1132 980 1231 1009 afferes
1262 981 1500 1013 consolationem,
1531 981 1619 1016 quiin
1660 989 1770 1009 omnem

976 1027 1081 1055 redacti
1103 1035 1198 1055 sumus
1216 1031 1379 1063 egestatem,
1399 1032 1431 1055 et
1447 1034 1563 1062 quorum
1581 1035 1662 1055 nemo
1676 1035 1766 1055 movc-

979 1078 1024 1100 tur
1037 1072 1223 1101 misericordia
1239 1081 1247 1101 :
1262 1073 1348 1100 Amici
1365 1072 1439 1100 enim
1452 1074 1502 1099 mei
1517 1077 1541 1099 et
1553 1073 1692 1108 propinqui
1709 1074 1769 1104 mei,

978 1127 1011 1146 ex
1025 1120 1136 1146 aduerso
1154 1121 1433 1155 appropinquant-um
1450 1125 1475 1148 et
1487 1125 1632 1155 steterunt.
1643 1126 1667 1148 et
1680 1121 1770 1154 prori—

979 1166 1015 1193 mi
1044 1166 1095 1193 mei
1110 1175 1127 1192 α
1161 1166 1236 1201 longe
1264 1167 1428 1194 steterunt".
1454 1167 1494 1194 Ex
1510 1175 1552 1194 tne
1567 1166 1639 1202 παι·
1654 1174 1770 1202 possum

978 1212 1126 1246 quidquam
1142 1211 1234 1240 facere
1246 1231 1254 1244 ,
1271 1216 1301 1239 ut
1315 1212 1391 1240 vides
1407 1232 1416 1245 ,
1443 1220 1505 1240 cum
1525 1213 1577 1240 sim
1599 1213 1656 1240 sola
1681 1217 1709 1240 et
1725 1213 1773 1240 ho-

979 1258 1100 1294 spita,et
1116 1267 1178 1286 cum
1204 1266 1260 1286 uno
1289 1259 1347 1286 solo
1371 1266 1405 1286 ex
1431 1258 1571 1294 discipulis
1593 1263 1696 1287 attenta
1719 1259 1770 1287 sim

979 1305 1120 1333 crucitlxo.
1156 1305 1201 1333 Sic
1235 1306 1304 1334 mihi
1331 1306 1412 1334 sistes
1436 1306 1573 1340 dolerent,
1610 1306 1651 1334 sic
1681 1307 1770 1342 repri-

979 1359 1039 1378 toes
1059 1351 1204 1387 lacrymas.

1016 1395 1134 1424 XXXIV.
1151 1397 1219 1424 Cum
1239 1397 1387 1433 Josephum
1416 1398 1530 1434 Deipara
1547 1399 1645 1426 talibus
1678 1399 1769 1427 verbis

981 1442 1132 1470 inﬂexisset
1158 1449 1185 1470 et
1211 1443 1371 1477 incitasset,
1400 1445 1501 1472 emittit
1525 1446 1559 1473 ad
1582 1445 1709 1473 Pilatum.
1727 1446 1773 1473 Ille

979 1495 1091 1522 autem,
1107 1490 1219 1525 expulsa
1238 1491 1318 1518 omni
1350 1491 1507 1524 titniditate,
1523 1497 1551 1519 et
1577 1493 1612 1520 ab
1642 1492 1702 1526 illo,
1727 1488 1772 1528 qui

943 1545 966 1578 ο
983 1536 1099 1564 mortuis
1116 1537 1198 1563 vitam
1221 1536 1335 1570 inspirat
1350 1557 1357 1569 ,
1375 1542 1483 1564 mortua
1517 1539 1630 1566 audacia
1656 1539 1772 1573 inspira-

987 1588 1046 1614 tus,
1061 1583 1191 1610 audacter
1204 1583 1308 1619 (inquit
1328 1583 1434 1611 Marcus
1453 1583 1496 1620 ⁸⁸)
1512 1584 1663 1620 ingreditur
1676 1586 1710 1612 ad
1727 1585 1773 1613 Pi-

984 1629 1067 1656 latum
1079 1648 1086 1661 ,
1101 1634 1129 1656 et
1146 1629 1178 1656 iis
1194 1637 1277 1662 usus,
1288 1629 1389 1664 quibus
1405 1637 1474 1665 opus
1491 1635 1550 1657 erat
1568 1651 1576 1663 ,
1591 1631 1682 1659 verbis
1702 1632 1772 1667 peti-

983 1681 1041 1703 tutn
1058 1676 1159 1710 accipit
1183 1676 1306 1703 divinum
1320 1676 1385 1704 illud
1406 1684 1515 1710 corpus,
1538 1683 1566 1705 et
1582 1678 1624 1705 cui
1639 1678 1706 1705 nihil
1723 1686 1774 1713 po-

984 1725 1039 1748 test
1052 1721 1189 1755 exmquari
1202 1741 1208 1752 ,
1221 1721 1369 1749 ostentlens
1384 1721 1505 1748 animum
1524 1743 1531 1755 ,
1550 1722 1627 1750 luds:
1646 1728 1774 1758 tanquam

983 1774 1015 1793 ex
1032 1766 1166 1794 diametro
1180 1767 1360 1794 contrarium.
1394 1766 1462 1794 Nam
1490 1769 1535 1795 ille
1569 1769 1679 1804 quidem
1712 1778 1773 1797 cum

983 1813 1097 1840 haberet
1112 1813 1234 1844 ,tradidit
1257 1813 1290 1840 iis
1304 1813 1350 1848 qui
1367 1820 1443 1841 erant
1461 1814 1629 1842 interfectori
1643 1824 1651 1848 ;
1670 1815 1714 1842 hic
1727 1823 1776 1842 au-

983 1865 1038 1887 tem
1062 1861 1096 1887 ab
1123 1860 1156 1887 iis
1176 1860 1221 1894 qui
1253 1860 1470 1891 interfecerant,
1505 1861 1585 1895 petiit
1607 1866 1633 1888 et
1658 1862 1775 1896 occepit.

984 1907 1083 1934 Verum
1117 1906 1189 1933 enim
1228 1914 1292 1933 \ero
1328 1914 1422 1934 rursus
1458 1913 1637 1941 persequatur
1671 1909 1774 1941 oratio,

982 1953 1122 1987 quomodo
1140 1953 1226 1980 Mater
1238 1961 1267 1980 se
1284 1953 1408 1980 haberet.
1427 1953 1523 1980 Dicunt
1537 1954 1611 1980 enitn
1626 1954 1644 1980 ii
1668 1955 1714 1988 qui
1741 1955 1775 1982 de

984 1999 1026 2026 his
1046 1999 1127 2026 rebus
1153 2004 1325 2032 tractarunt,
1356 2006 1415 2026 eam
1434 1999 1467 2025 ab
1484 1999 1562 2026 initio
1592 2007 1678 2034 usque
1694 2000 1727 2027 ad
1746 2001 1776 2026 t‘t-

984 2054 1044 2074 nem
1077 2054 1106 2073 se
1131 2046 1239 2073 fortiter
1267 2050 1294 2073 et
1322 2048 1480 2072 constanter
1508 2045 1626 2081 gessisse
1643 2047 1776 2078 ,honcste

984 2093 1112 2126 quidem,
1140 2097 1167 2119 et
1188 2099 1244 2118 non
1270 2092 1400 2118 indecore
1433 2096 1555 2119 utentem
1569 2098 1644 2120 motu
1671 2093 1774 2120 animi:

983 2139 1061 2166 factis
1074 2144 1162 2167 tamen
1174 2139 1362 2167 ostendentem
1369 2149 1398 2168 se
1409 2146 1468 2168 esse
1474 2139 1596 2172 Matrem,
1608 2140 1655 2168 sed
1666 2140 1777 2167 omnino

985 2185 1098 2213 Matrem
1112 2187 1185 2214 illius
1203 2188 1248 2222 qui
1261 2188 1351 2214 amico
1368 2193 1476 2215 mortuo
1499 2191 1526 2214 et
1556 2187 1677 2214 ostendit
1700 2194 1777 2213 amo-

145 2244 230 2270 esset,
255 2238 382 2265 concedit
397 2242 426 2265 ut
451 2238 510 2272 ejus
525 2244 625 2272 scapus
652 2237 730 2264 facile
763 2238 933 2265 δυρρείιρτοι,
952 2232 974 2261 D
989 2237 1105 2264 rem,et
1134 2239 1237 2260 motum
1258 2234 1341 2260 animi
1373 2234 1456 2261 certis
1487 2233 1587 2260 [intibus
1615 2232 1762 2259 continuit.

146 2285 284 2313 Invenitur
305 2285 377 2312 enim
409 2285 544 2319 quoddam
567 2289 777 2312 monumentum
803 2285 935 2312 recentis-

145 2332 242 2357 simum
266 2335 295 2357 et
322 2330 536 2365 pulcherrimum
547 2349 555 2362 ,
571 2334 597 2356 et
615 2329 723 2364 elegans
745 2330 820 2356 locus
837 2329 864 2356 in
879 2337 933 2363 quo

145 2381 202 2403 erat
215 2378 305 2408 situs,
323 2376 369 2402 illo
386 2375 497 2410 quidem
519 2382 692 2410 nequaquam
716 2374 816 2409 dignus
833 2383 840 2401 :
862 2375 931 2407 Quid

146 2423 215 2449 enim
229 2422 344 2448 omnino
365 2429 397 2448 ex
422 2422 504 2448 rebus
521 2420 715 2448 terrenis?sed
730 2428 785 2447 non
804 2419 932 2453 indignus

147 2466 203 2499 ejus
219 2473 281 2500 quas
302 2465 457 2500 quaerebat,
475 2465 620 2492 desiderio.
646 2464 735 2498 Atque
750 2467 808 2490 erat
823 2465 932 2498 quidem

148 2513 301 2546 sepulcrum
319 2511 410 2546 plane,
427 2516 456 2538 ut
471 2511 538 2542 disi,
554 2517 656 2538 novum
687 2515 713 2538 et
731 2511 844 2537 omnino
863 2510 933 2537 iuta-

148 2564 229 2592 etum,
242 2562 272 2585 ut
288 2558 315 2585 in
335 2565 390 2592 quo
400 2557 506 2585 nullum
521 2557 611 2584 adhuc
623 2561 696 2583 esset
710 2557 862 2591 sepultum:
877 2565 911 2583 ne
926 2577 934 2588 ,

150 2604 170 2631 si
185 2605 237 2631 alia
257 2605 345 2639 posita
370 2603 487 2631 fuissem
509 2611 622 2638 corpora
637 2624 644 2635 ,
662 2603 833 2630 dubitaretur
848 2604 934 2637 quod-

151 2656 207 2676 nam
222 2650 415 2677 resurresisset
430 2657 438 2676 ε
452 2649 562 2676 etlocus
579 2648 605 2675 in
621 2649 723 2684 optimo
739 2656 802 2676 aere
820 2649 935 2683 positus,

152 2700 178 2722 et
191 2696 216 2722 in
233 2697 303 2723 horti
321 2696 440 2731 speciem
458 2700 581 2723 ornatus.
597 2695 743 2730 Postquam
774 2701 864 2722 autem
881 2695 936 2723 sei-

155 2741 241 2768 scitata
257 2741 411 2773 intellexit,
424 2749 476 2769 non
490 2741 576 2768 solum
590 2748 651 2768 esse
666 2741 784 2768 amicum
804 2740 875 2768 horti
890 2740 938 2768 do-

189 2829 209 2845 "
220 2829 297 2857 Joan.
312 2839 341 2861 tt,
357 2830 385 2856 4.
423 2830 446 2846 ⁸⁸
463 2829 558 2857 Matth.
575 2838 624 2862 xu,
641 2830 684 2857 I8.

160 2871 236 2899 unt,
249 2867 282 2894 5'2
303 2867 347 2894 35.
384 2866 408 2882 "
417 2865 497 2893 Joan.
512 2873 567 2897 χιι,
579 2866 673 2894 5842.

310 2915 444 2945 ΡΑτιιοι.
465 2913 523 2943 Gs.
538 2913 622 2944 CXV.

722 2831 745 2846 "
760 2829 840 2857 Joan.
855 2838 910 2861 xxx,
926 2830 970 2858 27.
1010 2830 1033 2846 ⁸⁸
1050 2831 1116 2858 Ibid.

711 2867 733 2883 "
748 2865 820 2894 Psal.
840 2873 940 2900 xxxv”,
959 2865 1002 2900 I2,
1022 2866 1063 2893 l3.
1101 2867 1124 2882 "‘
1141 2867 1224 2894 Marc.
1241 2875 1274 2894 Μ·
1303 2867 1347 2895 45.

987 2277 1124 2304 Mortuum
1139 2279 1230 2313 itaque
1247 2279 1342 2306 videns
1359 2280 1508 2311 Filium,ea
1537 2283 1612 2305 motu
1627 2278 1711 2304 animi
1731 2286 1777 2304 usa

987 2330 1028 2351 est
1052 2328 1080 2350 ut
1103 2326 1234 2359 oportuit.
1251 2325 1320 2358 Quin
1351 2326 1431 2352 etiam
1454 2327 1481 2352 in
1503 2333 1536 2352 eo
1551 2332 1566 2351 a
1592 2332 1673 2351 cruce
1693 2324 1776 2358 depo—

992 2370 1086 2396 nendo
1102 2371 1233 2397 maternis
1260 2371 1386 2398 manibus
1410 2370 1532 2398 inserviit
1543 2393 1550 2402 ,
1568 2374 1595 2398 et
1609 2371 1719 2403 clavos,
1731 2371 1776 2404 qui

992 2415 1226 2447 extrahebantur,
1242 2424 1291 2444 suo
1306 2418 1367 2444 sinu
1386 2417 1510 2452 accepit,
1528 2423 1555 2445 et
1569 2418 1689 2444 membra
1706 2418 1778 2445 illius

987 2461 1112 2496 amplexa
1128 2467 1187 2494 est,
1206 2463 1303 2497 partim
1319 2464 1429 2498 quidem
1458 2463 1531 2490 uiuis
1551 2464 1705 2499 stringens,
1717 2471 1778 2499 par-

989 2507 1036 2534 tim
1053 2512 1144 2535 antem
1161 2509 1217 2535 suis
1230 2517 1339 2544 quoque
1358 2510 1484 2546 lacrymis
1500 2510 1590 2545 plagas
1605 2510 1776 2543 emundans,

989 2553 1089 2581 deinde
1104 2555 1185 2581 etiam
1216 2559 1270 2582 tota
1302 2555 1350 2583 toti
1372 2557 1479 2591 corpori
1506 2556 1683 2584 circumfusa.
1708 2556 1778 2583 Ecce

992 2599 1038 2626 tibi
1056 2600 1090 2627 ab
1115 2601 1189 2628 omni
1214 2601 1314 2628 szeculo
1335 2603 1498 2637 pra-[initum
1517 2602 1675 2638 mysterium
1697 2602 1731 2628 ad
1745 2601 1777 2627 ti-

991 2652 1054 2672 nent
1071 2654 1158 2680 usque
1177 2647 1252 2674 venit
1264 2668 1271 2678 ,
1287 2655 1303 2674 ο
1322 2647 1435 2675 Domine
1450 2668 1457 2678 ,
1475 2648 1581 2683 piat-ida
1609 2655 1674 2674 voco
1700 2647 1776 2674 dicit.

991 2692 1024 2719 Et
1038 2690 1158 2728 Joseplto
1178 2693 1206 2720 in
1231 2702 1314 2721 manu
1340 2695 1450 2722 tradens
1466 2695 1609 2721 sindonem
1627 2701 1635 2720 :
1655 2693 1715 2720 Tibi
1731 2700 1779 2720 au-

992 2744 1064 2774 tem,
1083 2740 1192 2775 inquit,
1213 2740 1344 2776 deinceps
1359 2741 1412 2768 erit
1436 2748 1509 2768 curae
1521 2759 1529 2774 ,
1547 2745 1577 2768 ut
1599 2741 1627 2768 in
1648 2740 1699 2768 hac
1715 2747 1778 2767 cum

1154 2832 1175 2847 "
1189 2831 1256 2859 Ibid.
1270 2831 1316 2858 28.
1363 2831 1384 2847 ¹¹
1399 2831 1483 2859 Exod.
1502 2839 1557 2864 xw,
1574 2831 1618 2858 5i.
1657 2830 1679 2846 ⁸³
1698 2829 1775 2856 Deut.

1580 2912 1614 2944 13
