2034 3152
153 149 198 179 557
687 145 832 176 ORATIO
854 146 905 176 DE
926 147 1068 177 SANCTA
1087 147 1223 178 MARIA.

1709 145 1761 178 553

155 211 198 231 n-in
216 213 223 230 :
244 203 287 229 cui
310 207 436 237 tanquam
462 202 539 228 Matri
564 202 618 228 Deo
638 202 726 229 honor
741 203 774 230 ab
801 203 928 230 omnibus
944 206 965 234 Δ
981 210 1040 230 mea
1071 203 1207 230 voluntas.
1242 202 1362 230 Accersit
1385 207 1475 230 autem
1500 203 1608 230 Petrum
1623 222 1630 236 ,
1663 202 1763 231 deinde

154 249 331 276 exhibebatur.
355 248 422 275 Cum
448 255 512 275 vero
535 252 562 274 et
587 249 681 275 mortis
695 255 755 275 cam
770 248 928 283 participem

154 295 202 321 lien
227 301 338 321 necesse
358 293 530 328 foret,(eur
547 293 620 320 enim
652 293 703 320 hoc
732 302 844 328 passura
875 302 929 320 non

153 345 233 371 esset.
251 339 376 374 quamvis
397 339 442 365 llei
468 338 555 366 Filius
582 347 614 366 ex
648 347 679 366 ea
706 339 813 374 genitus
834 346 929 366 revera

153 391 214 413 esset
238 385 339 413 homo?
355 385 454 421 )cum,
470 385 600 420 inquam,
630 389 710 412 aetate
743 390 869 420 provecta
896 385 930 412 ad

154 433 255 459 multam
280 436 449 458 senectutem
472 431 655 466 pervenisset,
679 436 705 458 et
735 431 930 466 peregrinatio-

153 478 187 504 nis
199 483 305 512 tempus
320 483 440 511 prmsens
459 481 539 508 esset,
551 484 597 510 per
612 476 748 510 angelum,
759 484 788 503 se
800 476 929 512 migratu-

153 530 200 548 ram
212 530 286 554 esse,
305 530 320 548 a
342 521 410 548 Filio
436 521 532 548 edocta
548 525 589 548 est
603 542 610 554 ,
626 522 699 548 sicut
713 526 745 548 et
762 526 857 551 antea.
877 529 931 556 quo

152 574 264 602 tempore
288 567 315 594 in
341 567 402 601 ejus
425 572 548 594 ventrem
577 568 750 603 ingressurus
771 571 845 600 erat,
861 575 932 593 nun-

151 615 236 640 tiatum
258 613 296 639 illi
311 613 409 640 fuerat.
427 613 494 640 Cum
511 613 592 648 igitur
613 620 742 640 excessus
765 612 807 640 sui
831 617 932 647 myste-

151 660 211 686 rium
227 659 391 691 didicisset,
422 666 481 685 eam
508 667 567 685 rem
586 658 683 685 laetitia:
711 663 811 692 tantm,
831 663 932 693 quanta

151 707 232 734 verbis
261 705 391 740 explicari
423 713 476 732 non
503 710 612 740 porest,
639 705 778 732 materiam
808 706 932 739 judicans

151 753 228 786 (quid
256 752 329 779 enim
351 752 389 779 illi
415 752 525 779 suavius
562 751 673 778 evenire
699 756 824 786 poterat,
850 759 931 786 quam

151 807 202 826 cum
222 798 292 825 Filio
312 805 362 825 suo
379 806 440 825 esse
453 801 480 824 et
498 806 550 824 una
566 798 700 832 regnare?
714 800 722 832 )
739 798 828 824 statim
851 798 933 833 jussit

152 845 259 879 plurima
276 843 380 870 lumina
394 844 504 870 domum
521 843 612 870 all‘erri
628 852 635 876 ;
656 845 736 878 idque
756 844 856 871 factum
879 849 931 871 est.

151 891 211 917 Tota
229 898 294 917 vero
321 890 419 917 domus
446 890 575 917 mundata
596 894 647 916 est.
673 889 772 917 Lectus
800 890 883 922 item,
906 895 933 917 et

151 938 277 964 thalamus
295 936 445 964 ornabatur
469 945 476 963 :
496 941 523 963 et
552 937 775 963 convocabantur
801 942 933 972 quotquot

150 988 221 1011 erant
237 983 344 1018 cognati
360 987 387 1010 et
401 982 482 1010 vicini
498 1003 505 1014 .
525 986 554 1009 ut
569 990 629 1010 cum
650 991 681 1009 ea
708 982 806 1010 lattitire
836 984 933 1010 tierent

149 1030 299 1066 participes.
316 1029 417 1056 Deinde
433 1034 525 1064 parata
541 1034 619 1055 erant
633 1029 722 1055 omnia
738 1030 769 1056 ad
780 1037 931 1059 excessum.

150 1077 285 1112 Signiﬁcat
301 1076 392 1110 itaque
410 1075 443 1102 iis
459 1076 503 1110 qui
533 1081 718 1103 convenerant
733 1097 740 1107 ,
772 1077 797 1103 id
819 1077 890 1111 quod
907 1077 931 1103 ei

151 1123 226 1150 Filius
250 1130 298 1157 per
325 1122 452 1157 angelum
489 1122 672 1150 nuntiaverat.
693 1121 817 1150 Ostendit
841 1128 931 1150 autem

150 1169 268 1195 bratium
281 1188 288 1200 ,
304 1168 376 1202 quod
395 1168 445 1195 sibi
463 1168 496 1195 ab
518 1176 549 1196 eo
580 1168 673 1195 datum
702 1169 800 1195 luerat.
826 1168 853 1196 Id
869 1177 932 1196 vero

149 1220 199 1241 erat
219 1222 311 1241 ramus
325 1215 421 1248 palma:
434 1234 442 1247 ,
467 1219 496 1240 ut
518 1215 614 1248 turb-ine
644 1215 804 1242 assuelackc
815 1216 876 1242 Vera
891 1216 931 1242 lo-

150 1260 189 1294 qui
205 1259 239 1286 de
262 1267 294 1286 eo
316 1260 460 1286 dixi-rant:
487 1260 595 1295 signant
621 1260 652 1286 vb
665 1261 741 1287 toria:
767 1262 862 1288 mortis
880 1282 887 1294 ,
905 1267 932 1289 et

151 1306 205 1332 vitae
238 1306 328 1340 imago
359 1305 537 1332 immortalis:
557 1306 628 1332 sicut
655 1306 737 1332 etiam
756 1306 930 1334 Hebraeorum

146 1352 218 1386 pueri
238 1352 264 1378 id
289 1352 349 1386 ejus
373 1351 510 1378 faciebant
533 1351 622 1384 Filio,
650 1352 772 1386 inspirati
790 1353 930 1380 divinitus.

146 1397 183 1423 illi
205 1399 278 1424 enim
302 1397 528 1431 appropinquanti
548 1398 581 1424 ad
602 1398 774 1432 passionem,
799 1398 816 1425 ii
842 1407 932 1426 ramos

148 1443 294 1478 palmarum
312 1443 472 1475 oderebant,
483 1451 544 1470 cum
562 1443 683 1470 futurum
696 1444 823 1471 victorem
836 1446 932 1472 mortis

145 1494 204 1515 ante
221 1489 444 1524 signiﬁcantes”.
455 1489 521 1516 Cotti
535 1496 625 1516 autem
640 1489 694 1524 jam
707 1490 812 1516 adesset
826 1495 932 1525 tempus

980 247 1066 274 alios:
1083 252 1111 274 et
1139 255 1199 274 cum
1225 247 1351 274 lucernas
1368 247 1417 282 ipsi
1444 249 1648 279 accendissent,
1664 247 1709 275 illa
1735 250 1762 275 in

980 293 1075 327 spiritu
1093 293 1233 320 exsultans
1246 313 1253 324 ,
1268 293 1383 320 diductis
1404 293 1486 320 labris
1500 313 1508 325 ,
1534 294 1669 321 Benedico
1692 294 1739 321 tibi
1755 314 1762 326 ,

981 338 1083 373 inquit,
1097 338 1184 365 datori
1199 339 1288 365 omnis
1303 339 1499 365 benedictionis
1510 360 1517 371 ,
1532 347 1620 366 causa:
1635 340 1745 367 hnninis
1756 359 1763 372 ,

980 385 1026 419 qui
1054 393 1147 412 meum
1194 390 1316 412 ventrem
1347 385 1521 414 inhabilasti.
1548 386 1685 415 Benedieo
1714 393 1766 415 tum

981 430 1107 458 charitati
1121 451 1128 463 ,
1140 439 1192 465 qua
1207 439 1257 458 nos
1271 431 1388 458 dilexisti
1402 422 1536 464 :Domine
1551 441 1557 458 :
1574 437 1601 459 et
1622 434 1765 467 magniﬁco

981 474 1064 501 verba
1077 479 1143 508 tua,
1164 482 1224 509 quae
1251 475 1330 502 nobis
1352 475 1413 502 data
1441 481 1505 503 sunt
1530 476 1558 503 in
1584 477 1697 504 veritate
1714 488 1721 504 :
1740 482 1766 504 et

982 521 1063 547 credo
1079 521 1143 547 mihi
1159 520 1290 554 aﬂ‘utura,
1306 529 1365 556 qua:
1380 521 1488 548 dixisti.
1506 522 1572 549 Cum
1583 522 1621 549 sic
1635 523 1765 556 dixisset,

982 572 1010 592 se
1025 565 1139 592 reclinat
1156 566 1183 592 in
1199 566 1284 597 lecto,
1301 572 1328 593 et
1343 567 1469 593 manibus
1485 566 1511 593 in
1523 567 1606 594 altum
1633 568 1766 601 sublatis,

982 619 1043 638 eum
1065 612 1133 639 nulli
1161 613 1370 648 reprehensioni
1399 614 1478 640 aliine
1502 621 1580 640 suum
1613 622 1711 649 corpus
1738 615 1766 641 in

984 657 1126 685 honestam
1142 663 1168 686 et
1182 659 1307 686 decoram
1324 660 1435 695 ﬁguram
1453 661 1649 694 compesuisset
1662 680 1669 692 ,
1691 666 1717 687 et
1736 669 1767 688 os

981 704 1165 731 venerandum
1191 705 1341 739 aperuisset
1364 706 1475 739 (etenim
1506 705 1613 733 videbat
1640 707 1693 741 jam
1713 707 1765 733 Do-

983 751 1085 777 minum
1120 751 1152 778 ad
1180 752 1268 786 ipsaln
1311 754 1465 780 venientem
1503 762 1563 781 cum
1591 755 1767 782 multitudine

983 796 1164 832 angelorum).
1181 802 1235 824 tota
1250 798 1376 833 impletur
1399 798 1496 834 gaudio
1522 803 1548 826 et
1575 800 1720 834 voluptate.
1741 806 1769 827 et

984 850 1049 869 cum
1078 851 1172 870 rursus
1191 843 1322 872 dixisset:
1353 843 1418 871 Fiat
1437 845 1518 876 mihi,
1543 845 1664 879 Domine,
1677 854 1768 873 ίιτιιιι-

984 888 1046 915 dum
1075 888 1179 915 verbum
1205 894 1300 922 tuum,
1335 890 1432 917 emittit
1460 896 1586 925 tanquam
1618 891 1643 917 in
1672 899 1768 917 somno

984 935 1109 969 spiritum
1121 956 1127 966 ,
1144 940 1171 962 et
1196 943 1258 962 eum
1272 935 1298 962 in
1315 937 1410 963 amicis
1425 937 1537 971 deponit
1557 936 1616 963 Filii
1631 937 1767 964 manibus.

983 980 1022 1007 Ne
1046 985 1135 1007 autem
1156 981 1279 1008 videatur
1298 989 1357 1008 esse
1375 982 1470 1015 inane,
1495 983 1567 1017 quod
1596 983 1698 1010 dictum
1727 988 1769 1010 est

984 1025 1017 1052 de
1048 1026 1258 1061 congregatione
1288 1028 1490 1061 apostolorum,
1513 1036 1574 1062 qua:
1591 1028 1662 1055 facta
1675 1034 1717 1055 est
1740 1029 1766 1055 in

983 1071 1145 1099 dormitione
1172 1071 1306 1108 Virginis;
1334 1073 1418 1099 satius
1445 1072 1526 1100 fuerit
1552 1081 1583 1100 ea
1613 1074 1767 1101 summatim

983 1117 1103 1150 addere,
1134 1126 1193 1152 qua:
1213 1126 1228 1145 a
1268 1118 1393 1153 Dionysio
1419 1119 1579 1154 Arropagita
1598 1119 1726 1146 dicuntur
1742 1121 1769 1147 in

985 1163 1064 1190 tertio
1095 1163 1237 1199 iibl'0(i),
1256 1170 1283 1191 et
1309 1164 1404 1198 capitis
1416 1164 1534 1199 quidem,
1562 1164 1627 1197 Qua:
1659 1166 1692 1192 sit
1733 1166 1770 1192 vis

984 1212 1110 1239 orationis
1126 1217 1149 1239 et
1165 1215 1195 1239 de
1211 1213 1284 1239 beato
1302 1213 1452 1245 "ierat/leo,
1463 1214 1494 1240 de
1508 1214 1603 1248 pietate
1615 1218 1639 1241 et
1656 1215 1687 1240 de
1700 1214 1771 1241 theo-

985 1258 1066 1293 logica
1097 1259 1256 1293 inscriptutn
1281 1264 1323 1286 est
1348 1260 1544 1293 conscriptione.
1560 1260 1690 1287 Di-untur
1720 1268 1769 1287 au-

985 1310 1037 1332 tent
1068 1313 1100 1332 ea
1134 1306 1242 1340 quidem
1269 1305 1411 1332 Timotheo
1440 1306 1540 1340 Ephesi
1571 1307 1708 1342 episeopo.
1732 1307 1769 1334 Ea

984 1359 1049 1378 vero
1065 1356 1129 1378 sunt
1146 1350 1172 1377 in
1190 1351 1240 1377 hoc
1257 1350 1346 1385 capite
1362 1352 1401 1378 sic
1416 1351 1449 1378 ad
1465 1352 1576 1379 verbum
1590 1353 1698 1387 posita:

1018 1397 1074 1424 XL.
1089 1406 1098 1422 ‹
1115 1397 1337 1431 Quandoquidem
1353 1397 1425 1432 apud
1440 1397 1512 1432 ipsos
1527 1406 1635 1433 quoque
1661 1403 1770 1426 nostros

983 1453 998 1472 ει
1012 1445 1065 1471 Deo
1080 1443 1183 1470 alllatos
1197 1451 1337 1470 sacrorum
1352 1443 1500 1478 principes,
1512 1444 1622 1478 quando
1638 1451 1686 1472 nos
1701 1451 1769 1479 quo-

983 1498 1045 1525 que,
1063 1494 1092 1516 ut
1110 1497 1168 1524 ipse
1192 1489 1277 1521 nosti,
1293 1493 1320 1516 et
1339 1489 1416 1515 multi
1437 1497 1468 1518 ex
1486 1489 1588 1516 nostris
1604 1489 1688 1516 sacris
1714 1489 1768 1518 tra-

146 1541 271 1561 exeeSsus
283 1554 290 1567 ,
309 1534 352 1560 illa
370 1534 477 1568 quidem
507 1543 576 1561 vene
594 1535 654 1562 vitae
675 1540 760 1562 mater
776 1535 885 1570 jacebat
901 1536 929 1562 in
943 1541 964 1570 ο
983 1536 1070 1562 tribus
1085 1534 1119 1561 ad
1135 1533 1279 1560 videndum
1302 1540 1414 1568 corpus,
1429 1533 1501 1568 quod
1526 1533 1586 1560 vita:
1604 1534 1767 1568 principium

147 1580 271 1615 grabato:
290 1581 384 1607 aderat
398 1588 463 1608 vero
483 1581 504 1608 is
516 1602 523 1614 ,
538 1581 583 1616 qui
594 1589 653 1608 cant
670 1582 750 1609 domo
766 1587 927 1617 exceperat,

145 1624 275 1652 Joannes.
301 1626 422 1653 Aderant
451 1627 552 1658 etiam,
575 1627 731 1661 quicunque
756 1632 833 1654 erant
849 1627 929 1654 electi

146 1671 170 1698 in
185 1671 336 1699 Jerusalem
349 1692 355 1704 ,
366 1673 515 1708 amicueque
527 1678 553 1700 ct
566 1678 687 1708 cognata:
701 1673 781 1700 simul
792 1675 926 1701 astabant.

148 1715 224 1752 Virgo
241 1724 309 1752 ergo
331 1717 365 1744 ad
385 1717 518 1744 Joannem
534 1719 669 1753 aspiciens
692 1719 839 1752 virginem,
867 1727 929 1746 cum

147 1769 228 1795 pauca
246 1769 308 1788 cum
320 1769 353 1789 eo
366 1767 439 1789 esset
455 1763 543 1790 locuta
557 1783 564 1795 ,
582 1763 679 1790 deinde
695 1772 701 1790 :
716 1764 786 1791 Duas
798 1784 805 1797 ,
822 1765 909 1798 inquit
921 1784 928 1796 ,

147 1809 254 1834 tunicas
268 1815 336 1842 quas
352 1812 408 1835 toto
425 1808 485 1835 vita:
500 1813 621 1842 tempore
639 1810 722 1836 habiti
745 1815 929 1845 tegumentum

148 1854 197 1880 mei
211 1853 334 1888 corporis
347 1874 355 1886 ,
372 1861 419 1880 eas
445 1854 501 1881 dari
522 1855 606 1889 jubeo
618 1855 693 1883 hisce
709 1856 814 1883 duabus
833 1857 930 1884 mulie-

147 1898 229 1926 ribus.
247 1899 310 1926 Hzec
326 1899 369 1925 illa
385 1899 495 1934 quidem
520 1901 597 1927 dixit.
621 1901 672 1933 Qui
708 1902 821 1930 aderant
846 1911 928 1937 vero,

146 1945 266 1972 videntes
282 1945 357 1980 signa
375 1945 520 1978 decessus,
545 1954 577 1973 ex
605 1948 692 1974 oculis
712 1950 810 1975 multas
833 1949 931 1978 funde-

147 1992 207 2018 bant
223 1993 368 2018 lacrvmas.
386 1992 452 2023 Quis
467 1992 538 2019 enim
557 1993 600 2019 tali
627 1994 726 2028 privari
754 1996 866 2023 muliere
885 2002 928 2023 tu-

147 2037 217 2064 lisset
232 2039 290 2065 sine
306 2038 420 2065 dolore?
436 2038 537 2066 Deinde
549 2049 563 2068 e
573 2041 642 2068 cmlo
659 2041 767 2076 quidem
792 2043 931 2070 descendit

144 2086 201 2121 ejus
211 2083 298 2111 Filius
309 2106 316 2118 ,
331 2085 531 2119 illiusdivinam
543 2092 733 2122 assumpturus
745 2089 872 2120 animam,
883 2096 931 2123 per

145 2134 244 2160 nubem
264 2139 357 2160 autem
372 2141 435 2161 suos
451 2138 594 2168 congregat
619 2133 783 2168 discipulos,
801 2138 928 2170 ut'vene-

145 2181 260 2207 randum
274 2180 334 2214 ejus
354 2188 453 2214 corpus
467 2180 628 2207 mandarent
649 2181 806 2215 Sepultum.

178 2226 304 2253 XXXIX.
320 2226 465 2262 Postquam
485 2234 549 2253 vero
580 2227 647 2254 vidit
667 2234 714 2254 eos
738 2227 932 2262 Deipara,co-

141 2272 237 2307 gnovit
253 2276 346 2298 autent
366 2279 475 2298 causam
488 2292 495 2304 ,
513 2276 622 2306 propter
639 2280 718 2307 quam
734 2280 830 2300 omnes
842 2274 931 2300 statim

140 2318 270 2346 accersiti
285 2319 395 2345 lucrant
407 2339 414 2351 ,
430 2323 457 2345 et
474 2318 687 2354 uniuseujusque
706 2320 792 2346 audiit
819 2321 930 2355 petitio-

139 2372 190 2391 nes
203 2384 210 2397 ,
222 2372 272 2391 eos
287 2364 396 2399 quidem
410 2383 417 2396 ,
433 2368 461 2391 ut
471 2372 521 2399 par
531 2369 589 2391 erat
601 2385 608 2398 ,
623 2364 932 2399 inipertiitbenedictio-

139 2411 232 2438 nibus.
248 2411 317 2438 Cum
340 2418 405 2438 vero
425 2411 552 2438 omnibus
570 2411 683 2439 dixisset
703 2413 785 2439 verba
820 2420 880 2447 qua:
903 2413 931 2440 in

140 2456 258 2484 decessu
270 2457 324 2484 dici
337 2457 442 2484 solent:
455 2455 509 2484 Vos
521 2476 528 2490 ,
543 2455 641 2492 inquit,
656 2457 826 2491 valete.ﬁlii;
842 2465 931 2485 meum

141 2507 235 2530 autem
254 2503 321 2530 hinc
334 2503 477 2530 decessum
491 2511 525 2530 ne
541 2503 614 2531 luctu
626 2524 635 2536 ,
661 2504 709 2531 sed
725 2503 817 2531 latitia
843 2504 932 2538 potius

142 2549 350 2584 prosequamini
371 2557 379 2581 ;
407 2549 626 2584 quandoquidem
647 2550 724 2577 vobis
755 2554 796 2577 est
821 2558 933 2585 persua-

142 2601 223 2628 sum,
240 2603 290 2623 nos
309 2596 425 2622 transire
440 2596 474 2623 ad
490 2596 637 2632 gaudium:
656 2600 684 2623 et
698 2596 787 2624 videte
798 2617 806 2627 .
819 2601 848 2623 ut
868 2603 932 2623 cor-

146 2646 198 2672 pus
214 2648 304 2667 meum
320 2641 455 2669 mandetis
470 2641 619 2676 sepultura:
640 2642 668 2668 in
699 2641 751 2669 hac
777 2641 861 2677 ﬁgura
876 2661 883 2673 ,
904 2642 930 2668 in

147 2692 202 2717 qua
214 2693 262 2720 ego
285 2694 328 2713 me
352 2694 542 2721 composuero.
568 2687 629 2715 llaec
653 2691 695 2715 est
719 2687 811 2721 enim,
834 2687 931 2722 inquit,

188 2777 226 2813 (1)
242 2777 276 2806 De
293 2779 389 2807 diuinis
406 2781 564 2815 nominibus,
574 2788 636 2817 cap.
650 2781 677 2809 5.
695 2778 700 2782 ’

192 2859 216 2874 ¹¹⁸
228 2859 302 2888 loan.
322 2868 371 2894 ut,
386 2861 430 2888 13.

982 1582 1064 1611 dedit,
1080 1586 1107 1607 et
1123 1579 1206 1606 Deum
1221 1579 1352 1614 suscepit,
1369 1579 1558 1614 convenimus(
1571 1580 1664 1607 aderat
1676 1584 1768 1607 autem

983 1627 1028 1654 Dei
1043 1633 1150 1661 quoque
1167 1624 1383 1657 lraterJacobus,
1397 1630 1425 1652 et
1440 1624 1545 1658 Petrus,
1557 1625 1603 1660 qui
1619 1629 1678 1652 erat
1692 1626 1770 1653 theo—

980 1673 1101 1708 logorum
1126 1679 1253 1706 suprema
1279 1676 1306 1698 et
1324 1671 1512 1705 antiquissima
1540 1672 1706 1706 summitas),
1727 1672 1769 1699 vi-

980 1726 1094 1753 sumque
1109 1723 1161 1750 est,
1180 1722 1209 1744 ut
1226 1721 1286 1752 post
1303 1717 1368 1744 illud
1386 1717 1583 1752 spectaculum,
1609 1725 1704 1744 omnes
1726 1725 1770 1744 sa-

982 1776 1089 1795 crorum
1108 1767 1245 1802 principes
1262 1767 1392 1803 hymnum
1414 1771 1555 1798 canerent,
1571 1770 1598 1793 et
1613 1766 1768 1797 laudarent,

983 1819 1062 1849 prout
1076 1819 1183 1848 poterat
1197 1814 1393 1848 unusquisque,
1412 1812 1542 1840 inﬁnitam
1563 1813 1711 1840 bonitatem
1727 1812 1771 1840 di.

981 1861 1103 1887 vinarum
1124 1861 1220 1886 virium
1243 1869 1249 1886 :
1266 1864 1326 1894 post
1344 1859 1487 1894 theologus
1508 1859 1562 1892 ille,
1580 1863 1608 1886 ut
1623 1859 1686 1890 seis,
1705 1859 1768 1885 vicit

981 1914 1076 1935 omnes
1090 1906 1157 1933 alios
1176 1910 1276 1941 mystas
1295 1913 1444 1937 sacrorum,
1462 1909 1490 1931 ut
1516 1905 1561 1939 qui
1584 1905 1663 1938 plane
1691 1913 1769 1932 exce-

982 1955 1068 1984 deret,
1085 1957 1112 1979 et
1127 1960 1142 1979 a
1158 1960 1187 1979 se
1205 1952 1316 1978 omnino
1341 1952 1532 1982 abduceretur,
1548 1955 1575 1977 et
1593 1951 1619 1977 in
1642 1959 1672 1978 ea
1689 1959 1769 1986 quam

982 1999 1088 2035 hymnis
1103 1997 1264 2029 celebrabat,
1274 1997 1426 2024 atliceretur
1436 1996 1563 2023 societate
1576 1999 1604 2024 et
1619 1999 1772 2025 communi-

981 2047 1098 2077 catione,
1127 2049 1155 2072 et
1179 2044 1212 2071 ab
1228 2043 1365 2074 omnibus.
1394 2052 1409 2070 a
1428 2042 1526 2076 quibus
1556 2043 1716 2070 audiebatur
1742 2048 1772 2072 et

982 2091 1138 2122 videbatur,
1153 2093 1179 2117 et
1191 2089 1416 2124 coguosecbatur.
1432 2092 1459 2114 et
1475 2095 1529 2114 non
1544 2089 1768 2123 cognoscantur,

981 2138 1151 2173 judicaretur
1171 2143 1230 2165 esse
1246 2143 1261 2162 a
1279 2135 1334 2162 Deo
1350 2134 1458 2161 alllatus
1470 2138 1498 2160 et
1519 2133 1629 2161 divinus
1652 2134 1769 2170 scriptor

986 2184 1159 2219 hymnorum.
1196 2183 1228 2209 Et
1252 2182 1318 2217 quid
1349 2181 1396 2208 tibi
1421 2180 1537 2214 amplius
1557 2179 1672 2207 dixerim
1693 2181 1772 2208 deiis

985 2237 1045 2265 quae
1065 2229 1120 2256 illic
1141 2229 1175 2256 de
1191 2228 1246 2255 Deo
1265 2227 1358 2254 divine
1381 2227 1451 2254 dicta
1477 2225 1559 2252 sunt?
1581 2226 1687 2253 Etenim
1716 2226 1768 2253 nisi

985 2284 1045 2304 sum
1069 2275 1121 2302 mei
1137 2281 1245 2309 quoque
1259 2274 1370 2304 oblitus,
1393 2273 1449 2299 seio
1468 2272 1567 2298 multos
1584 2279 1598 2298 a
1618 2275 1643 2297 te
1661 2271 1770 2298 audisse

984 2320 1114 2356 quasdam
1128 2324 1217 2354 partes
1231 2319 1336 2346 illorum
1346 2319 1401 2345 Deo
1415 2317 1560 2344 aﬂlantium
1575 2317 1746 2351 hymnorum.
1757 2327 1766 2341 ο

987 2367 1040 2394 Sed
1065 2367 1123 2394 haec
1151 2365 1261 2400 quidem
1289 2371 1366 2390 sacer
1391 2362 1543 2397 Dionysius.
1574 2361 1657 2389 Nobis
1676 2367 1768 2389 autem

985 2417 1079 2448 pergat
1095 2411 1182 2439 oratio
1198 2411 1231 2438 ad
1246 2419 1277 2438 ea
1294 2418 1354 2445 qua:
1372 2409 1501 2444 deinceps
1523 2414 1683 2443 sequuntur.

1022 2459 1090 2486 XLI.
1108 2459 1175 2485 Cum
1199 2460 1290 2483 autem
1318 2456 1346 2483 in
1376 2456 1469 2483 orbem
1495 2461 1619 2481 sanctum
1653 2455 1768 2490 Virginis

985 2512 1085 2540 corpus
1115 2503 1358 2531 circumdedissent
1387 2501 1571 2536 apostolorum
1607 2500 1717 2532 chorus,
1741 2505 1769 2526 et

987 2550 1117 2585 quidquid
1131 2553 1190 2576 erat
1205 2548 1321 2576 electum
1349 2555 1381 2575 ex
1414 2547 1478 2574 viris
1503 2552 1530 2574 et
1551 2546 1720 2577 mulieribus,
1740 2550 1767 2571 et

988 2597 1096 2632 hymnis
1107 2595 1289 2626 honorabant,
1299 2594 1345 2629 qui
1358 2594 1424 2621 illud
1436 2593 1617 2624 deducebant,
1631 2598 1657 2618 et
1677 2591 1768 2617 omnia

986 2642 1108 2670 membra
1127 2645 1282 2667 reverenter
1293 2640 1372 2667 simul
1387 2644 1414 2666 et
1425 2644 1548 2666 amanter
1569 2637 1771 2672 amplecteban-

989 2692 1105 2721 tur,non
1116 2685 1204 2714 solum
1215 2686 1475 2721 suumiostendeutes
1488 2684 1662 2716 desiderium,
1674 2683 1720 2711 sed
1728 2681 1771 2711 vel
