2034 3152
268 191 318 220 53')

891 181 1032 211 MENSlS
1055 179 1269 210 AUGUSTUS.

1834 174 1893 204 560

267 253 298 272 ex
327 250 399 272 tactu
433 244 575 270 credentes
596 243 735 278 percipere
766 242 919 268 utilitatem.
954 239 1048 271 Fidem
1067 241 1084 266 Α
1102 239 1188 266 fuerat
1207 238 1365 268 sectionem,
1386 240 1412 264 ct
1431 244 1490 271 que
1506 238 1649 270 amputata:
1672 232 1789 265 fuerant,
1806 231 1894 266 parti-

268 297 358 318 autem
373 294 517 317 consecuta
539 297 645 324 quoque
661 293 701 316 est
718 296 831 322 operum
843 284 1050 314 demonstratio.

267 336 352 363 Cascis
380 335 450 362 oculi
468 335 704 365 illuminabantur,
729 333 819 360 surdis
843 339 922 358 aures
946 330 1051 363 aperie-

267 383 375 411 bantur,
401 379 504 406 claudis
526 380 605 406 brscs
630 379 730 414 pedum
756 377 999 405 confirmabantur,
1025 379 1053 400 et

265 428 405 462 quodlibet
431 427 586 453 morborum
605 431 632 452 et
654 425 844 460 :rgriludinum
870 430 956 458 genus
977 420 1053 447 facile

265 474 471 501 (tissolvebatur.
490 473 546 500 Cur
559 480 612 499 non
626 472 687 498 dico
715 478 775 505 qum
795 473 858 497 sunt
873 467 1054 503 perfectiora?

265 521 319 547 Aer
344 519 453 554 quidem
474 523 501 546 et
517 518 614 545 ccelum
635 524 750 544 ascensu
773 515 884 550 spiritus
905 513 1054 541 sanctiﬁca-

267 565 370 591 batur:
399 568 470 590 terra
500 567 590 590 autern
625 562 749 588 similiter
784 560 956 595 depositione
984 559 1053 585 sacri

266 611 396 644 corporis.
423 609 556 636 Czetcrum
579 616 628 635 nec
649 616 723 641 aqua:
740 607 848 641 quilern
879 611 974 632 natura
997 609 1055 631 erat

267 663 364 691 expers
397 655 593 682 benedictionis
621 654 693 680 :sed
720 653 778 687 ipsa
807 659 914 686 quoque
945 651 1054 676 lavacro

267 701 407 735 purissirui
435 701 557 735 corporis
581 700 632 726 fuit
654 699 791 733 particeps
821 696 1054 724 sanctificationis.

267 747 358 781 Neque
404 748 476 773 enim
510 745 574 772 illud
604 745 721 771 habebat
751 751 819 778 opus
851 741 1055 777 purgationibus

267 793 348 826 (quis
384 792 457 818 enim
483 791 534 818 hoc
569 791 681 822 diceret,
713 789 764 816 nisi
789 793 886 815 emota:
919 787 1053 820 mentis?)

267 839 313 865 sed
343 846 390 865 suo
424 842 549 865 contactu
585 837 676 872 potius
706 836 894 863 sanctificabat
920 835 957 866 id,
984 833 1056 868 quod

267 883 460 917 attingcbntur.
480 882 580 908 Deinde
591 881 677 916 quid?
691 880 797 907 Mundis
805 879 963 906 sindonibus
975 886 1055 905 mun-

1106 285 1156 311 bus
1183 283 1251 310 ulnis
1268 282 1406 317 applicatis
1434 282 1502 316 (hoc
1525 285 1615 308 autem
1630 280 1747 314 jrrsserat
1761 278 1893 311 Petrus),

1106 331 1195 358 statim
1212 333 1357 356 consecuta
1380 332 1420 354 est
1443 335 1571 354 manuum
1597 326 1711 354 curatio.

1141 375 1236 402 XLIEI.
1260 374 1326 401 llinc
1339 373 1372 400 ad
1386 373 1596 400 sacratissima")
1616 370 1761 398 abducitur
1775 369 1894 397 Gethse-

1107 431 1196 454 rnanc,
1219 427 1246 450 et
1263 421 1318 448 illic
1341 420 1542 447 sanctissimum
1567 418 1676 453 qrridern
1694 425 1793 452 corpus
1816 424 1897 443 nran—

1106 470 1185 496 datur
1202 468 1358 503 sepultura}.
1376 465 1475 499 Quidni
1496 465 1577 496 enim,
1593 472 1654 491 cum
1670 464 1751 490 etiam
1769 462 1816 497 qui
1833 467 1897 489 erat

1106 515 1187 545 Deus,
1211 514 1270 548 ejus
1290 513 1384 543 Filius,
1410 519 1485 538 more
1501 511 1640 538 hominum
1665 510 1795 544 sepelitur
1813 509 1825 535 ?
1841 508 1897 535 Per

1107 564 1193 594 ipsum
1223 563 1312 585 autem
1334 558 1368 585 ad
1391 557 1511 585 coalestia
1536 561 1563 583 ct
1587 556 1678 583 divina
1698 555 1895 582 transmittitur

1107 604 1292 632 tabernacula.
1322 602 1398 635 Quod
1428 602 1543 629 dicimus
1576 602 1718 628 confirmat
1753 599 1897 627 Iuvenalis

1106 651 1213 677 divinus
1245 649 1491 684 Hierosolymorum
1523 649 1676 682 episcopus.
1710 647 1772 674 Fuit
1801 652 1897 674 autem

1107 697 1151 725 hic
1174 697 1213 723 vir
1229 701 1350 726 sanctus,
1369 701 1396 722 ct
1413 703 1427 722 a
1449 696 1503 721 Deo
1527 695 1684 728 inspiratus,
1704 694 1748 728 qui
1772 693 1807 720 ab
1823 694 1882 720 anti

1106 750 1158 776 qua
1177 746 1204 768 ct
1223 749 1284 768 vera
1310 741 1452 767 traditione
1480 740 1665 766 narrationem
1691 739 1786 766 dicens
1812 739 1846 766 ad
1865 747 1898 767 se

1107 789 1145 816 sic
1166 788 1248 814 fuisse
1266 787 1421 818 deductam,
1439 786 1474 812 ait
1493 794 1499 812 :
1518 785 1594 817 Quod
1612 790 1665 812 tres
1689 790 1760 812 totos
1780 785 1838 812 dies
1860 785 1897 811 ad

1108 835 1261 870 sepulcrum
1294 833 1379 861 sancti
1406 837 1612 868 permanserunt
1637 832 1763 866 apostoli,
1788 832 1898 858 divinas

1109 881 1268 916 hymuodias
1290 889 1320 907 ex
1337 880 1391 906 alto
1408 880 1560 906 audientes.
1585 879 1685 905 Deinde
1707 883 1764 913 post
1783 878 1898 906 tertium

266 929 330 956 dum
353 937 452 964 corpus
474 928 636 958 involutum,
663 934 757 954 rursus
787 927 814 953 in
839 926 909 953 lecto
937 925 1056 960 ponitur.
1073 913 1096 942 Β
1111 928 1192 961 diem,
1213 935 1274 954 cum
1297 934 1366 953 unus
1390 934 1423 952 ex
1450 925 1579 960 apostolis
1599 925 1702 952 tardius
1728 925 1847 952 venisset
1862 925 1897 952 ad

268 975 371 1001 Deinde
396 982 458 1001 cum
484 973 604 1000 lucernis
626 977 652 1000 et
671 972 828 1007 unguentis,
846 971 1058 1006 intelligentilnrs

269 1020 376 1055 quidem
408 1021 524 1054 desuper
546 1018 720 1046 laudantibus
739 1017 895 1048 virtutibus,
930 1015 1058 1050 apostolis

268 1070 358 1093 autem
382 1070 409 1093 et
431 1066 530 1092 divinis
558 1065 682 1092 Patr-ibus
707 1063 762 1090 Deo
783 1063 862 1098 digna
888 1062 993 1089 cantica
1014 1069 1059 1088 ca-

269 1111 397 1139 nentibus
425 1111 518 1138 divina
547 1118 608 1137 arca
637 1118 669 1137 ex
696 1109 761 1136 Sion
793 1113 870 1135 vecta
904 1107 1058 1142 apostolicis

271 1157 397 1185 manibus
414 1160 441 1184 et
457 1156 591 1188 humeris,
615 1156 649 1183 ad
664 1155 849 1182 Gethsemane
864 1162 971 1182 sacrum
988 1162 1056 1188 pnn-

269 1204 344 1231 diuru
374 1207 545 1238 exportatur,
568 1202 682 1237 angelis,
705 1206 736 1229 ut
756 1206 797 1228 est
825 1205 1054 1231 consentaneum,

271 1250 511 1285 praecurrentibus,
545 1247 838 1281 circumcursantibus,
869 1246 1056 1281 sequentibus,

270 1297 400 1332 angelicis
435 1296 530 1331 pennis
559 1295 796 1326 adumbrantibus.
821 1294 911 1330 longe,
934 1294 1056 1328 inquam,

271 1343 457 1377 Splendidiore
490 1346 517 1369 et
552 1341 748 1368 venerabiliore
777 1340 847 1367 facta
882 1338 1057 1370 deductione,

271 1395 352 1421 quam
386 1390 498 1421 propter
525 1385 730 1412 translationem
759 1384 858 1411 veteris
887 1383 959 1410 illius
989 1389 1059 1409 arcte

271 1434 424 1460 testamenti
454 1431 572 1464 Domini,
585 1436 614 1458 ut
637 1438 711 1458 sacra
736 1434 848 1456 narrant
868 1428 981 1463 Eloquia
994 1428 1027 1456 ".

307 1479 387 1507 XL‘ll.
407 1479 512 1506 Accidit
530 1478 593 1504 huic
617 1477 738 1512 pulchra‘
758 1481 785 1503 et
803 1476 901 1503 dirime
923 1474 961 1501 rei
979 1482 1059 1509 grave

271 1526 380 1561 quidem
399 1525 464 1559 quid
481 1529 508 1551 et
529 1524 665 1556 odiosum,
681 1530 735 1549 non
761 1527 850 1549 tamen
875 1520 995 1550 silentio,
1012 1519 1059 1546 sed

273 1573 409 1600 memorizn
443 1571 603 1599 mandatum
634 1575 662 1598 et
687 1571 719 1597 ad
750 1569 861 1605 gloriam
892 1569 1000 1603 quidem
1033 1572 1059 1593 ct

273 1620 379 1646 laudem
397 1619 513 1653 piorum,
529 1617 647 1644 dedecus
677 1621 767 1644 autem
792 1615 988 1650 improbornrn,
1015 1613 1060 1647 qui

272 1663 440 1691 inﬁdelitatis
466 1663 566 1690 malum
597 1669 704 1696 semper
738 1665 886 1688 sectantur.
914 1660 982 1687 Cum
1010 1659 1061 1686 hoc

274 1718 380 1737 sacrum
411 1714 438 1737 et
471 1709 640 1744 irnpollutum
678 1715 776 1741 corpus
816 1706 843 1732 iu
881 1705 1062 1733 Gethseurane

272 1755 423 1788 efferretur,
445 1755 490 1782 ubi
508 1754 634 1789 sepulcro
650 1753 718 1780 tradi
739 1752 853 1786 Deipara
877 1751 934 1785 ipsa
958 1757 1062 1785 ιιι-τερθ-

274 1807 359 1836 perat,
376 1802 486 1832 Judteis,
504 1801 551 1835 qui
567 1807 674 1835 semper
698 1799 809 1826 fuerunt
830 1797 926 1832 repleti
945 1797 1058 1829 invidia,

273 1855 306 1874 ne
322 1848 349 1874 in
371 1847 422 1875 hoc
439 1847 548 1881 quidem
572 1844 709 1873 succurrit
735 1849 836 1875 tacere,
855 1844 901 1871 sed
927 1843 960 1870 ad
991 1843 1060 1877 ejus,

273 1893 344 1927 quod
361 1893 451 1925 ﬁebat,
469 1892 642 1927 splendorem
666 1891 793 1918 claudere
810 1890 913 1922 oculos,
930 1894 957 1916 et
973 1889 1004 1916 ad
1021 1889 1061 1916 cis

273 1938 396 1965 innatum
424 1943 527 1965 motum
552 1937 635 1964 animi
657 1943 810 1971 erumpere.
833 1936 883 1968 Qui
912 1939 971 1962 erat
997 1942 1061 1969 ergo

275 1983 334 2010 aliis
348 1983 469 2010 insanior
485 1987 512 2009 et
538 1982 731 2017 irupudentior,
749 1982 771 2008 is
794 1989 854 2008 cum
876 1981 1061 2008 venerandum

273 2034 430 2063 portaretur
458 2028 611 2064 grabatum,
629 2027 656 2054 in
674 2028 701 2054 id
719 2027 797 2054 irruit
822 2027 918 2061 plenus
941 2027 1062 2053 inconsi-

272 2075 365 2102 derato
380 2076 483 2110 impetu
505 2080 532 2102 et
548 2075 650 2101 furore.
676 2074 741 2109 Ejus
761 2077 852 2100 autem
875 2081 974 2107 sccpus
991 2076 1060 2103 erat,

275 2122 347 2148 hunc
377 2129 484 2148 sacrum
512 2121 611 2147 lectum
632 2122 658 2146 in
682 2125 780 2147 terram
810 2119 931 2150 alliderc,
956 2123 983 2146 et
1014 2119 1061 2146 tali

274 2164 380 2193 allicere
409 2166 518 2200 injuria,
539 2171 568 2192 ut
584 2165 630 2200 qui
659 2169 731 2192 esset
750 2165 790 2191 vir
819 2164 915 2199 insigni
939 2164 1062 2192 audacia.

274 2211 333 2239 Non
357 2211 474 2247 neglexit
497 2217 588 2238 autem
619 2211 709 2238 divina
735 2211 842 2246 justitia
864 2219 872 2238 :
892 2211 940 2238 sed
967 2219 1062 2237 manus

273 2266 333 2292 qure
356 2258 497 2294 grabatum
517 2257 762 2292 apprehenderant,
787 2265 818 2284 ex
839 2257 910 2283 ulnis
936 2257 1061 2291 protinus

274 2305 384 2332 fuerunt
412 2303 551 2332 abscissre.
582 2303 682 2331 Verum
713 2310 772 2337 qua:
793 2303 820 2329 in
847 2307 925 2338 partu
963 2303 1060 2337 gaudio

275 2355 359 2378 rotum
377 2350 471 2377 orbem
496 2354 631 2377 terrarum
656 2349 817 2384 repleverat,
845 2356 901 2375 non
929 2353 986 2375 erat
1015 2348 1060 2375 ulli

273 2397 385 2423 omnino
400 2397 427 2423 in
450 2401 540 2423 morte
566 2395 656 2423 futura
672 2404 753 2423 causa
780 2395 920 2422 molestia;
939 2395 1060 2429 Cumque

273 2443 319 2476 qui
337 2450 434 2476 passus
463 2442 562 2472 fuerat.
595 2447 668 2468 esset
698 2441 808 2476 quidem
834 2440 983 2476 improbus.
1007 2449 1060 2467 non

276 2494 364 2513 tamen
388 2488 499 2513 omnino
517 2488 575 2521 ejus
600 2487 762 2520 improbitas
791 2486 929 2513 videretur
954 2486 1062 2512 insana-

276 2530 347 2561 bilis,
372 2537 403 2557 ex
422 2531 466 2557 bis
490 2538 549 2564 qua:
571 2536 628 2557 erat
645 2538 749 2565 passus,
762 2530 864 2564 justam
889 2538 982 2556 eorum
1002 2538 1062 2564 qute

275 2577 346 2604 male
380 2581 514 2608 senserat,
546 2576 622 2610 petiit
654 2577 852 2611 pwrritcntiam.
886 2576 916 2602 Et
933 2576 1060 2608 quoniam

275 2622 385 2648 carebat
413 2621 549 2652 manibrrs,
579 2628 630 2648 ncc
652 2628 697 2647 cas
720 2624 825 2654 poterat
847 2620 878 2646 ad
901 2627 994 2654 preces
1016 2628 1062 2646 ex-

277 2668 397 2698 tendere.
425 2667 526 2694 emittit
549 2667 681 2702 lacrymas
703 2674 736 2692 ex
760 2667 855 2697 oculis,
881 2670 907 2692 ct
930 2665 969 2692 sic
998 2665 1064 2699 petit

275 2712 455 2738 curationem.
481 2710 656 2744 Disciplinam
690 2714 791 2741 autem,
822 2710 892 2741 vide,
928 2709 1009 2735 simul
1036 2715 1062 2736 et

277 2757 497 2784 medicationem.
519 2755 616 2782 Starirn
639 2756 713 2782 enim
730 2755 747 2781 ii
765 2755 884 2788 quidem,
902 2755 945 2788 qui
963 2755 1062 2782 lectum

277 2801 411 2834 ferebant,
432 2802 634 2833 constiterunt;
649 2799 754 2827 accedit
775 2808 839 2826 rem
856 2800 876 2826 is
899 2800 944 2834 qui
968 2808 1062 2834 passus

316 2890 336 2906 "
352 2890 372 2917 ll
389 2890 454 2924 Heg.
470 2888 529 2922 vr,i
548 2895 611 2922 seqq
637 2895 644 2920 ;
664 2886 694 2914 Ill
711 2887 774 2923 Res.
789 2895 842 2921 vrrr,
859 2888 873 2915 ιι
889 2896 965 2923 chq.

1112 973 1266 1007 exsequias,
1286 972 1326 999 vel
1344 972 1416 1006 quod
1443 971 1481 998 ita
1506 970 1672 1005 contigisset,
1690 971 1733 998 vel
1756 971 1828 1006 quod
1854 971 1901 998 di-

1110 1020 1202 1046 vinum
1232 1019 1266 1046 ita
1296 1018 1459 1052 providisset
1486 1017 1642 1048 consilium,
1671 1021 1700 1044 ut
1723 1022 1788 1044 nota
1823 1022 1899 1044 esst

1109 1066 1236 1093 omnibus
1265 1065 1405 1092 translatio
1430 1063 1607 1095 admirabilis,
1628 1068 1691 1090 tunc
1714 1069 1742 1091 et
1758 1064 1817 1098 ipse
1833 1064 1898 1098 qui-

1109 1111 1169 1138 dem
1198 1111 1323 1140 accessit.
1348 1114 1384 1142 ct,
1401 1114 1431 1137 ut
1454 1114 1495 1137 est
1515 1114 1739 1142 consentaneum,
1767 1117 1899 1145 magnum

1109 1166 1141 1185 ex
1156 1166 1190 1185 eo
1214 1157 1287 1192 cepit
1307 1157 1440 1189 dolorem,
1469 1156 1542 1191 quod
1570 1156 1637 1183 tanti
1665 1157 1728 1184 boni
1749 1157 1901 1184 mansisset

1109 1211 1215 1238 expers,
1231 1203 1311 1238 idque
1327 1202 1438 1230 omnino
1457 1203 1578 1237 tolerare
1594 1210 1648 1229 non
1673 1207 1790 1237 poterat.
1813 1202 1876 1230 Sacr
1887 1210 1901 1229 r

1109 1250 1199 1285 itaque
1219 1250 1286 1277 ordo
1305 1249 1487 1284 apostolorum
1503 1257 1557 1276 non
1568 1248 1670 1283 justum
1686 1257 1746 1276 esse
1757 1249 1902 1284 judicans,

1109 1300 1139 1323 ut
1162 1296 1220 1331 ipse
1235 1303 1344 1330 quoque
1364 1294 1501 1322 viviﬁcurn
1519 1295 1583 1321 illud
1599 1302 1697 1329 corpus
1716 1303 1769 1321 non
1791 1295 1903 1322 videret

1109 1346 1135 1370 et
1151 1341 1372 1376 amplecteretur,
1396 1340 1476 1375 jubet
1491 1341 1583 1367 statim
1602 1340 1702 1375 aperiri
1728 1341 1900 1375 sepulcrum.

1109 1388 1143 1416 Et
1165 1388 1230 1415 illud
1255 1388 1363 1423 quidem
1386 1388 1438 1415 fuit
1464 1392 1606 1422 apertum;
1635 1388 1779 1414 thesaurus
1804 1393 1898 1414 autem

1109 1442 1279 1469 nequaquam
1308 1438 1367 1461 erat
1388 1433 1416 1460 in
1446 1441 1503 1461 eo:
1523 1434 1571 1461 sed
1598 1434 1661 1461 solre
1692 1438 1769 1460 erant
1794 1439 1901 1466 vestes,

1111 1481 1137 1507 in
1162 1480 1260 1516 quibus
1276 1480 1363 1507 fuerat
1377 1481 1512 1511 conditus.
1525 1481 1661 1515 quomodo
1682 1481 1762 1507 etiam
1784 1481 1810 1507 in
1837 1481 1901 1512 eius

1111 1526 1170 1553 Filii
1187 1526 1395 1553 resurrectione.
1412 1526 1484 1558 Quas
1508 1534 1570 1552 cum
1608 1526 1665 1560 ipse
1693 1532 1765 1553 esset
1795 1526 1904 1559 ample-

1074 1581 1094 1609 ρ
1112 1580 1182 1603 xus,
1210 1576 1237 1598 et
1257 1573 1302 1606 qui
1330 1579 1392 1598 cum
1425 1579 1458 1598 eo
1481 1571 1604 1601 aderant.
1635 1576 1663 1599 et
1691 1572 1786 1605 repleti
1805 1578 1902 1598 essent

1113 1619 1293 1653 inexplicabili
1309 1619 1392 1645 odore
1415 1623 1440 1645 et
1458 1619 1554 1652 gratia.
1579 1626 1673 1645 rursus
1692 1619 1800 1653 quidem
1822 1619 1902 1646 clau—

1112 1665 1180 1691 dunt
1204 1664 1369 1699 scprrlcrrrm.
1387 1663 1544 1691 Miraculurn
1570 1669 1660 1690 autem
1689 1665 1805 1699 posteris
1829 1664 1904 1691 filius

1112 1720 1126 1738 a
1147 1717 1223 1746 patre
1249 1711 1386 1745 accipiens
1412 1711 1542 1746 deinceps
1566 1711 1665 1743 tradit;
1688 1715 1770 1745 atque
1799 1711 1902 1738 vivifici

1113 1757 1222 1791 quidem
1252 1756 1373 1790 corporis
1403 1756 1503 1782 divin-.e
1531 1756 1677 1790 sepulturae
1701 1756 1738 1782 ita
1763 1763 1793 1782 se
1817 1755 1903 1783 habet

1113 1801 1244 1828 narratio.
1262 1800 1401 1836 Siquidem
1418 1801 1489 1835 quod
1505 1809 1537 1827 ex
1555 1809 1587 1827 ea
1607 1806 1700 1828 natum
1723 1805 1791 1833 erat,
1815 1806 1902 1828 totam

1113 1855 1172 1874 eam
1199 1846 1317 1874 Verbum
1332 1848 1364 1875 ad
1383 1855 1411 1874 se
1430 1847 1578 1877 transtulit.
1601 1851 1628 1874 et
1647 1847 1728 1874 voluit
1745 1855 1803 1874 eam
1827 1847 1902 1881 apud

1113 1902 1142 1921 se
1156 1898 1183 1921 et
1200 1902 1270 1924 esse,
1289 1898 1317 1920 et
1335 1898 1465 1928 perpetuo
1485 1893 1564 1920 simul
1583 1893 1686 1920 rivcre.
1704 1893 1805 1920 Verum
1823 1893 1900 1919 enim

1113 1946 1178 1966 vero
1208 1947 1256 1974 pro
1282 1939 1341 1973 ejus
1368 1939 1508 1974 impolluta
1533 1945 1647 1972 cor-pore
1680 1945 1756 1965 suam
1783 1943 1902 1969 vestem,

1113 1984 1178 2011 boni
1214 1984 1299 2011 nostri
1334 1991 1458 2018 magnam
1484 1991 1592 2016 semper
1619 1983 1723 2010 drrcens
1754 1983 1903 2014 rationem,

1113 2031 1196 2058 veluti
1225 2030 1369 2065 quamdam
1394 2030 1439 2056 dat
1465 2029 1528 2056 huic
1565 2029 1666 2056 civitati
1701 2029 1903 2056 barreditatcm.

1114 2076 1345 2109 Quemadmodum
1377 2081 1468 2101 autem
1493 2075 1544 2101 hoc
1580 2075 1681 2101 factum
1705 2074 1752 2106 sit,
1774 2079 1802 2101 et
1832 2082 1903 2109 quo-

1116 2121 1193 2147 modo
1225 2121 1334 2147 beatum
1370 2119 1435 2146 illud
1471 2120 1572 2145 donum
1600 2119 1632 2145 ad
1657 2127 1707 2146 nos
1736 2119 1853 2150 venerit,
1877 2124 1905 2146 et

1115 2171 1289 2193 Sucrosancto
1312 2166 1364 2192 hoc
1385 2166 1514 2192 thesauro
1536 2164 1618 2192 ditata
1646 2165 1681 2192 sit
1707 2165 1905 2192 Constantino-

1115 2213 1193 2247 polis,
1215 2214 1270 2247 jam
1298 2212 1444 2239 declarabit
1463 2212 1561 2238 oratio.

1150 2258 1242 2286 XLW.
1273 2258 1325 2284 Leo
1341 2259 1385 2284 iile
1411 2266 1535 2292 magnus,
1555 2258 1600 2292 qui
1619 2258 1663 2284 illo
1679 2262 1801 2292 tempore
1827 2257 1903 2292 opti-

1116 2312 1158 2330 rue
1172 2303 1356 2329 Romanorum
1373 2301 1579 2328 administrabat
1595 2301 1748 2335 imperium.
1764 2301 1833 2328 duos
1850 2302 1904 2329 sub

1115 2357 1143 2376 se
1166 2349 1291 2380 habebat,
1307 2348 1353 2383 qui
1379 2355 1471 2374 curam
1505 2348 1634 2382 gerebant
1658 2346 1792 2373 exercitus
1809 2354 1816 2372 :
1831 2355 1904 2380 quo-

1115 2403 1173 2420 ruru
1192 2394 1237 2420 uni
1254 2393 1362 2428 quidem
1381 2396 1439 2419 erat
1455 2400 1553 2419 nomen
1568 2391 1689 2424 Galbina,
1705 2391 1782 2418 alti-ri
1807 2396 1903 2418 autem

1116 2440 1264 2471 Candidus,
1296 2439 1394 2466 fratres
1421 2446 1529 2472 genere,
1554 2438 1650 2464 fratres
1679 2438 1790 2467 virtute,
1822 2443 1850 2464 et
1874 2444 1905 2465 ut

1116 2486 1201 2513 scmcl
1225 2486 1323 2514 dicam.
1341 2486 1367 2511 in
1395 2484 1501 2512 ciete-ris
1524 2483 1634 2518 quidem
1668 2483 1745 2510 valde
1778 2483 1905 2519 insignes

1115 2537 1143 2559 et
1162 2532 1255 2566 paucis
1277 2531 1380 2558 similes
1402 2539 1410 2557 ς
1433 2531 1481 2558 sed
1508 2538 1592 2557 unum
1624 2531 1663 2557 eis
1686 2530 1789 2562 deerat,
1819 2531 1905 2565 idque

1117 2578 1273 2604 maximum.
1304 2576 1441 2611 Siquidem
1469 2584 1522 2603 non
1541 2579 1642 2602 rectam
1677 2575 1777 2603 habere
1807 2575 1904 2608 ﬁdem,

1115 2627 1157 2650 cst
1186 2623 1309 2650 laborare
1336 2623 1362 2649 in
1396 2622 1478 2649 rebus
1516 2621 1642 2648 maximis
1674 2627 1702 2648 et
1739 2621 1903 2656 prmeipuis;

1115 2668 1221 2694 Ariaute
1244 2668 1314 2694 enim
1332 2668 1416 2702 pestis
1432 2671 1510 2693 erant
1535 2666 1690 2701 participes,
1716 2674 1778 2693 cum
1803 2674 1839 2693 ex
1856 2675 1906 2701 pa-

1115 2718 1192 2740 terna
1213 2713 1280 2740 forte
1301 2712 1443 2739 traditione
1462 2711 1560 2738 malum
1585 2711 1646 2743 hoc,
1673 2714 1802 2746 tanquam
1824 2719 1903 2746 quae—

1114 2759 1174 2786 dam
1203 2758 1346 2786 ha‘reditas
1372 2758 1404 2784 ad
1425 2765 1472 2785 eos
1494 2758 1620 2784 venisset.
1640 2757 1805 2784 Dicebantur
1828 2759 1904 2785 enim

1115 2803 1197 2831 fuisse
1225 2803 1340 2839 proximi
1370 2811 1468 2838 genere
1494 2803 1643 2830 Ardaburio
1669 2807 1694 2830 et
1723 2802 1832 2838 Aspari,
1856 2803 1904 2839 qui
