2034 3152
158 188 206 220 δτι

692 196 839 227 ORATIO
860 197 909 227 DE
930 197 1073 228 SANCTA
1096 197 1232 228 MARIA.

1724 195 1756 226 3:5
1761 194 1783 225 2‘

159 245 210 271 illis
242 247 413 280 temporibus
438 248 464 274 in
492 250 564 285 regia
591 251 734 280 obtinuere
754 253 922 289 tyrannidem
941 263 948 280 :
966 259 986 285 Α
1003 257 1112 288 proptes
1131 254 1157 281 id
1181 255 1281 286 solum,
1306 254 1376 288 quod
1399 254 1426 281 in
1444 262 1475 281 ea
1494 253 1603 285 latebat,
1621 253 1719 281 domus
1738 252 1788 280 ad-

158 298 224 324 quos
257 299 320 318 cum
346 293 411 320 Ario
439 295 569 327 sensisse,
595 302 689 331 aperte
717 299 804 333 arguit
835 300 946 327 veritas.

161 336 256 363 Verum
295 338 369 364 enim
408 347 471 366 vero
499 340 624 368 Galbium
654 347 681 370 et
705 343 869 377 Candidum,
900 345 947 379 qui

159 380 259 415 alioqui
284 390 314 409 se
341 389 413 411 recte
439 386 578 419 gerebant,
596 392 624 414 et
641 387 696 415 Deo
720 389 874 422 placebant,
891 398 947 417 non

159 426 221 452 sivit
249 426 343 454 divina
375 429 460 462 gratia
491 438 544 457 non
573 439 633 458 esse
666 433 832 461 illuminatos
858 435 884 462 in
915 444 948 463 eo

160 471 229 504 quod
257 476 300 498 est
332 474 497 508 pra-cipuum
529 477 622 504 salutis
640 487 647 504 :
665 479 712 505 sed
733 487 780 506 eos
802 480 836 507 ab
856 489 948 508 errore

159 516 273 544 traducit
287 518 320 545 ad
339 519 491 554 verilatem,
507 523 575 549 adeo
588 529 745 552 constanter
759 530 786 552 et
801 527 942 560 stabiliter,

162 564 189 586 ut
214 569 269 588 non
298 562 386 589 solum
411 570 484 591 recte
500 573 529 592 se
547 566 687 602 haberent,
714 574 741 596 et
767 571 815 597 tuti
843 576 945 604 essent,

158 605 228 639 quod
261 607 358 634 attinet
373 609 406 635 ad
423 610 548 642 pietatem
568 622 574 638 ε
599 614 646 641 sed
672 615 753 642 etiam
774 617 851 648 alios.
878 626 947 653 quos

162 656 274 679 nossent
289 660 343 679 non
369 659 444 682 recto
468 657 535 689 pede
556 658 657 693 ingredi
671 660 704 687 ad
722 662 871 695 veritatem,
889 669 946 690 stu-

159 698 254 724 derent
273 706 323 733 pro
344 700 446 728 viribus
462 703 580 736 efficere,
601 709 630 732 ut
647 707 767 740 ejusdem
791 713 882 736 essent
902 717 946 737 sc-

159 750 218 769 cum
247 746 402 773 sententize.
420 747 439 773 li
457 755 517 776 eum
535 750 581 784 pie
606 757 699 780 essent
723 753 822 787 aﬂ‘ecti,
849 763 946 790 inagno

159 797 264 823 quoque
283 795 309 817 et
326 793 434 820 excelso
459 795 550 823 animo
573 805 603 824 se
625 798 729 826 dedunt
755 801 946 830 misericordia:

161 836 319 863 exercendae
340 837 366 864 in
388 846 528 873 pauperes,
549 847 578 869 ut
590 844 635 877 qui
654 852 702 878 pro
720 847 855 882 agnitione
871 849 945 876 veri-

161 880 219 907 tatis
235 885 391 916 satagerent
409 884 516 913 Christo
533 888 645 916 reddere
660 880 771 924 gratias.
785 893 943 921 Castissima

160 932 220 959 ergo
246 925 330 953 Mater
355 928 428 956 illius
455 933 545 966 magni
565 933 612 960 Dei
628 939 655 961 et
672 935 818 965 Salvatoris
849 941 944 973 nostri,

159 976 361 999 sacrosanctum
402 975 569 1010 thesaurum,
597 987 695 1014 nempe
721 989 796 1009 suam
831 990 944 1018 vestem,

160 1015 252 1042 volens
278 1024 335 1044 suae
349 1018 438 1054 largiri
456 1021 569 1054 civitati,
588 1029 616 1050 ut
632 1024 684 1052 hoc
699 1026 754 1057 fiat,
772 1035 818 1061 per
833 1015 945 1057 ddectos

160 1059 216 1086 illos
234 1061 308 1088 viros
333 1064 457 1096 providet
476 1068 597 1101 quodam
627 1071 707 1098 modo
725 1059 868 1101 diviniore.
887 1075 945 1103 Mo-

158 1105 206 1131 dus
222 1111 313 1133 autem
329 1108 364 1135 ita
382 1109 462 1138 habet
477 1120 483 1138 :

191 1150 270 1179 XLV.
288 1152 413 1182 Immittit
437 1157 477 1184 eis
506 1158 668 1189 desiderium
696 1165 826 1194 adorandi
848 1174 944 1197 cancla

160 1197 213 1245 ioca
232 1205 293 1232 quae
307 1205 371 1227 sunt
400 1201 600 1239 Hierosolymis.
618 1208 694 1240 Quod
711 1211 789 1245 plane
803 1218 830 1240 et
844 1214 878 1242 ab
891 1215 943 1243 illis

160 1240 255 1269 factum
275 1249 327 1271 est.
344 1246 466 1282 Cumque
482 1248 566 1278 Leoni
583 1257 610 1279 et
627 1240 732 1283 νει-ἰηῷ
749 1265 804 1284 rem
821 1261 943 1293 aperuis-

159 1293 226 1322 sent,
243 1290 403 1320 comitatum
425 1302 479 1321 non
505 1297 632 1332 exiguum
649 1307 744 1328 eorum
770 1290 942 1333 familiarium

158 1340 183 1362 et
198 1335 347 1364 amicorum
370 1347 462 1367 scctnn
487 1343 668 1373 adduxerunt.
687 1347 754 1375 Cum
780 1354 869 1377 autem
892 1352 943 1380 iter

159 1379 270 1415 ingressi
287 1388 388 1417 essent,
404 1390 431 1412 et
443 1386 498 1420 jam
515 1389 653 1418 Venissent
665 1391 845 1428 Palaestinam,
860 1396 940 1430 viam,

158 1427 306 1477 quae-ducit
325 1428 351 1455 in
368 1429 514 1462 Galilaeam.
531 1435 680 1467 prmferunt
706 1427 859 1473 maritimae,
880 1427 940 1477 plu;

158 1472 193 1498 ris
214 1472 348 1502 facientes
365 1479 541 1512 contemplari
563 1481 697 1511 Nazareth
718 1491 743 1512 et
759 1472 939 1522 Capernaum,

159 1526 236 1553 quam
268 1522 413 1550 maritimis
439 1524 492 1553 frui
517 1527 754 1558 delectationibus.
780 1533 817 1560 Ex
843 1535 941 1569 quibus

156 1566 198 1593 illa
227 1568 339 1602 quidem
369 1569 420 1597 fuit
450 1578 556 1600 sacrum
597 1573 718 1610 Deiparaa
745 1566 938 1612 habitaculum,

154 1617 179 1638 et
194 1613 219 1640 in
240 1622 272 1641 ea
287 1615 372 1642 multo
389 1620 508 1652 tempore
525 1619 591 1646 vidit
608 1620 691 1648 Deum
718 1623 835 1652 Verbum
858 1633 890 1652 ex
910 1634 939 1655 se

155 1658 292 1693 genitum;
310 1660 368 1688 hate
398 1667 490 1691 autem
511 1665 569 1700 ejus
589 1666 635 1694 filii
658 1668 769 1696 charum
783 1676 938 1700 etconsue-

156 1710 208 1732 tum
223 1706 418 1736 diversorium.
443 1709 510 1738 Cum
537 1712 579 1740 hic
597 1721 661 1750 ergo
679 1714 803 1748 fuissent,
823 1723 850 1745 ut
869 1719 936 1745 dixi-

154 1758 220 1783 mus,
235 1753 366 1787 quoniam
386 1763 439 1782 non
455 1757 630 1792 permittebat
647 1766 753 1796 tempus
779 1768 808 1790 ut
826 1763 938 1792 ulterius

153 1799 380 1833 progrederemur
395 1801 464 1838 (jam
494 1804 568 1832 enim
591 1811 650 1833 erat
678 1815 800 1843 vespera,
830 1815 857 1837 et
883 1819 937 1838 nox

153 1844 283 1878 obscura:
315 1848 452 1881 provisum
487 1854 577 1877 autem
606 1851 717 1879 omnino
745 1853 795 1880 hoc
830 1862 937 1890 quoque

153 1889 238 1918 fuerat
272 1891 433 1928 divinitus),
449 1895 526 1922 vicus
553 1896 662 1930 quidem
688 1905 735 1925 eos
774 1889 936 1935 excipiebat,

152 1935 224 1971 isque
243 1945 352 1972 parvus.
367 1938 396 1965 In
419 1947 451 1967 eo
477 1946 567 1968 autem
598 1942 756 1970 habitabant
769 1949 796 1971 et
811 1945 855 1972 alii
882 1954 937 1973 non

152 1983 237 2016 pauci,
254 1988 281 2010 et
297 1984 456 2012 muliercula
481 1994 588 2021 quoque
606 1988 727 2023 quaedam
749 1989 862 2025 insignis
893 2000 937 2019 ea-

151 2027 248 2060 stilate,
266 2033 294 2055 et
310 2031 389 2064 p'ane
419 2031 608 2060 honestissima
635 2037 662 2060 ct
689 2034 904 2063 moderatissima
929 2046 936 2064 :

150 2082 205 2109 qua:
224 2081 339 2110 propter
361 2077 525 2111 profundum
546 2079 655 2113 quidem
675 2081 781 2107 senium
807 2086 833 2108 et
853 2090 936 2111 canos

150 2121 291 2154 honorata,
314 2123 362 2149 sed
391 2128 502 2158 propter
531 2133 657 2160 magnum
693 2126 823 2154 virtutum
854 2135 936 2156 orna-

150 2173 269 2195 mentum
293 2168 372 2204 longe
389 2170 548 2197 honoratior
573 2177 642 2198 erat.
658 2172 735 2206 Apud
754 2181 812 2200 eam
843 2179 934 2203 autem

148 2215 238 2247 vestis,
267 2214 378 2242 divinus
407 2215 495 2243 fuerat
525 2217 569 2243 hic
594 2218 737 2245 thesaurus
762 2220 928 2247 reconditos.

147 2261 289 2293 Quomodo
313 2269 379 2289 vero
401 2262 497 2290 fuisset
517 2263 559 2290 illa
584 2269 665 2291 tanta:
689 2265 727 2291 rei
756 2271 856 2297 custos,
884 2267 934 2294 nisi

147 2312 171 2335 et
186 2308 319 2335 virtutum
344 2309 441 2336 fuisset
466 2315 560 2340 ornata
576 2311 790 2344 pulchritudine.
807 2317 833 2339 ct
849 2314 933 2340 animi

146 2353 282 2387 puritate?
309 2354 468 2388 Quanquam
501 2355 572 2382 (nim
600 2355 712 2382 Hebraea
738 2357 846 2391 quidem
875 2362 933 2385 erat

146 2398 187 2425 illa
210 2399 310 2426 mulier
328 2400 387 2434 (est
408 2408 524 2435 namque
549 2401 635 2428 amica
655 2402 775 2435 vcritas‘,
795 2393 865 2428 illius
892 2408 932 2429 ln-

146 2452 204 2471 men
229 2445 349 2471 animant
369 2445 457 2473 locum
480 2447 606 2479 dixisses,
622 2447 725 2482 quiest
745 2448 770 2474 in
790 2449 931 2482 praesentia

145 2491 249 2524 quidem
267 2491 411 2522 obscurus,
436 2498 515 2526 aptus
538 2498 579 2520 est
598 2498 689 2519 autent
712 2493 745 2520 ad
767 2494 857 2520 lumen
883 2502 931 2521 ex-

145 2535 311 2570 cipiendum,
328 2541 355 2563 et
379 2537 456 2564 valde
469 2539 701 2566 accommodatus.
725 2539 849 2566 Divinum
868 2548 930 2567 vero

146 2586 201 2607 erat
215 2582 241 2607 in
258 2582 309 2608 hoc
325 2590 432 2617 quoque
456 2589 549 2618 aperte
575 2584 726 2616 consilium,
744 2591 772 2612 ut
790 2594 832 2612 res
857 2586 928 2620 apml

147 2634 202 2653 eam
220 2620 363 2655 mulierem
384 2630 534 2662 recondita,
558 2638 617 2665 qua;
642 2631 681 2658 sic
703 2631 798 2658 affet-ta
816 2638 885 2664 erat,
902 2636 930 2659 ut

148 2678 202 2699 eam
228 2674 294 2701 totis
325 2674 431 2702 viribus
450 2676 540 2703 celare
574 2677 706 2710 studeret,
727 2682 818 2712 postea
844 2679 869 2704 in
888 2678 929 2704 itt-

150 2723 203 2744 cent
218 2719 333 2753 prolata,
351 2721 480 2756 majorem
500 2721 578 2748 fidem
595 2722 717 2748 haberet.

184 2764 270 2792 XLVI.
298 2766 365 2794 Vide
395 2776 467 2802 ergo,
496 2776 575 2802 quam
602 2769 739 2803 eleganter
768 2769 930 2803 proersscrit

154 2810 264 2838 divinutn
289 2813 446 2840 consilium.
480 2814 546 2840 Nam
581 2815 651 2849 apud
681 2822 741 2842 eam
776 2814 928 2847 venientes,

155 2857 316 2891 excipiuntur
336 2860 454 2894 hospitio
479 2859 589 2887 Galbius
604 2866 630 2888 et
655 2860 791 2888 Candidus
819 2861 927 2895 sapien-

157 2904 200 2934 ωε,
223 2911 266 2931 eos
291 2905 328 2932 sic
354 2905 444 2932 divina
472 2905 621 2932 dedurcnte
650 2906 742 2941 gratia.
773 2906 835 2933 lirat
864 2915 926 2934 \cro

1003 298 1135 325 mirabilis
1151 308 1157 324 ι
1175 299 1274 333 alioqui
1290 302 1381 326 autem
1397 299 1463 325 nihil
1481 299 1595 326 habebat
1623 297 1724 333 magni,
1738 297 1785 324 sed

1002 347 1059 369 erat
1076 343 1156 377 plane
1173 343 1232 370 vilis
1255 347 1282 370 et
1297 343 1411 377 abjecta.
1427 343 1493 370 Cum
1509 352 1555 370 eos
1572 349 1663 370 autem
1679 348 1789 377 tempus

1003 395 1110 415 vocaret
1127 388 1160 415 ad
1178 397 1295 420 uenam,
1316 389 1360 415 ubi
1381 389 1582 420 accubuissent,
1600 389 1693 415 vident
1716 388 1786 415 intc-

1002 436 1057 462 rius
1073 436 1153 463 aliam
1170 436 1360 463 domunculam
1379 446 1385 462 :
1400 444 1460 471 quae
1475 437 1559 463 multo
1573 436 1680 470 quidem
1696 435 1785 462 lucer-

1001 489 1096 508 narum
1113 481 1214 509 lumine
1226 482 1421 513 illustrabatur,
1437 481 1529 508 multis
1541 489 1604 508 vero
1616 480 1749 508 sumtibus
1759 485 1785 506 et

1002 528 1147 562 unguentis
1165 535 1247 554 suave
1262 527 1381 562 spirabat
1399 535 1406 554 :
1421 527 1446 553 iu
1464 535 1495 554 ea
1515 531 1605 554 autem
1626 525 1704 553 sitam
1727 534 1785 552 ma~

1001 581 1080 608 gnam
1098 578 1262 608 :egrotorum
1282 574 1493 600 multitudinem.
1522 573 1560 599 Ex
1585 581 1638 607 quo
1665 572 1785 599 divinant

1000 619 1109 654 quidem
1124 620 1261 654 quippiam
1278 619 1485 654 suspicabantur
1501 627 1561 646 esse
1577 625 1604 646 et
1620 618 1784 650 venerabile,

1001 665 1039 692 rei
1058 670 1147 692 tamen
1163 665 1303 692 veritatem
1324 666 1435 692 omnino
1454 665 1607 700 excogitare
1630 671 1685 690 non
1710 668 1786 698 pote-

1002 715 1074 737 ra'nt.
1101 710 1215 738 Invitant
1231 711 1323 743 itaque
1337 711 1369 738 ad
1385 710 1540 738 convivium
1553 710 1687 745 egregiam
1712 709 1784 736 illam

1001 756 1145 789 aniculam,
1159 756 1301 790 cupientes
1319 764 1353 782 ex
1375 763 1405 783 ea
1420 756 1520 790 aliquid
1540 756 1611 783 scire
1624 755 1693 790 ejus,
1711 755 1783 789 quod

1002 801 1211 835 desiderabant;
1236 802 1279 828 illa
1298 806 1387 829 autem
1412 802 1463 828 hoc
1493 802 1647 832 recusabat.
1670 809 1785 828 causans

999 847 1165 882 religionem,
1179 852 1206 874 et
1220 848 1292 882 quod
1308 855 1361 874 non
1379 847 1418 874 fas
1433 847 1467 874 sit
1483 847 1518 880 ei,
1535 855 1596 875 cum
1613 847 1649 875 sit
1661 848 1785 880 Hebraea.

999 893 1069 920 vesci
1083 901 1146 920 cum
1161 893 1332 921 Christianis.
1352 893 1392 920 Illi
1411 901 1486 925 vero,
1513 901 1575 920 eum
1594 898 1705 928 propter
1730 901 1774 920 ma

996 946 1076 972 gnam
1091 939 1163 966 sitim
1180 938 1343 973 cognitionis
1358 939 1427 973 ejus,
1444 939 1515 971 quod
1527 943 1585 966 erat
1601 939 1783 973 propositum,

997 984 1063 1010 nihil
1089 984 1122 1011 de
1155 992 1292 1019 propenso
1316 992 1366 1011 suo
1397 984 1488 1011 studio
1515 986 1694 1015 remitterent.
1724 991 1784 1011 eam

996 1030 1086 1058 adhuc
1117 1030 1232 1057 invitant
1268 1031 1418 1062 ardentius,
1438 1036 1465 1058 et
1491 1031 1563 1057 illius
1586 1039 1639 1057 non
1669 1032 1781 1065 parendi

996 1076 1150 1110 perlinat-he
1171 1076 1301 1111 objiciunt
1319 1076 1391 1102 aliud
1409 1076 1535 1102 tali-dius:
1553 1076 1634 1108 Quid,
1649 1077 1783 1108 dicentes,

995 1122 1096 1152 obstat.
1121 1123 1144 1149 si
1167 1130 1229 1149 cum
1256 1127 1283 1148 tu
1311 1122 1450 1157 acceperis
1479 1122 1564 1153 cibos,
1600 1122 1698 1156 quibus
1735 1130 1782 1156 pro

995 1175 1071 1196 more
1087 1168 1217 1200 vesceris,
1237 1168 1379 1195 nobiscum
1402 1168 1510 1202 quidem
1526 1167 1701 1201 colloquaris,
1724 1169 1780 1195 sola

995 1219 1083 1241 autem
1101 1214 1154 1241 tuis
1167 1214 1303 1241 alimentis
1326 1214 1432 1241 utaris?
1458 1213 1504 1240 llis
1523 1214 1612 1249 itaque
1630 1218 1704 1249 paret
1723 1222 1782 1241 tuu-

994 1260 1054 1290 lier.
1079 1265 1104 1287 et
1121 1260 1305 1295 congreditur.

1029 1305 1133 1334 XLVII.
1149 1306 1291 1341 Postquam
1311 1311 1404 1334 autem
1419 1307 1612 1339 comedissent,
1632 1308 1703 1343 apud
1722 1315 1782 1335 eam

995 1350 1043 1378 viri
1068 1351 1106 1378 illi
1126 1351 1252 1386 precibus
1274 1357 1398 1387 egerunt,
1414 1353 1493 1380 uteis
1509 1353 1536 1380 id
1551 1353 1703 1388 significare
1727 1360 1780 1380 n0n

992 1402 1142 1428 recusaret,
1164 1405 1287 1432 quamam
1309 1403 1402 1426 essent
1424 1407 1455 1426 ea
1480 1407 1540 1434 qua:
1565 1400 1664 1427 liebant
1685 1400 1712 1427 in
1731 1400 1781 1427 do-

993 1450 1037 1470 mo
1054 1442 1186 1471 interiori.
1213 1443 1411 1471 Existimabam.
1426 1445 1499 1472 enim
1514 1452 1574 1472 esse
1590 1445 1691 1480 aliquid
1706 1445 1780 1481 lega-

993 1489 1028 1522 le,
1050 1493 1077 1517 et
1101 1497 1133 1517 ex
1156 1490 1346 1518 umbratiliqu
1366 1491 1419 1518 illis
1440 1496 1467 1518 et
1484 1491 1631 1518 veteribus.
1661 1491 1708 1519 Illa
1729 1499 1777 1518 au-

994 1539 1046 1562 tem
1072 1542 1103 1562 ea
1132 1535 1242 1570 quidem
1258 1536 1335 1568 dicit,
1354 1545 1414 1571 qua:
1436 1537 1534 1564 ﬁebant
1551 1545 1557 1563 :
1575 1545 1683 1564 causam
1704 1545 1780 1569 vero.

993 1582 1168 1615 quamobrem
1191 1589 1223 1609 ea
1248 1582 1344 1609 ﬁerent
1359 1602 1365 1614 ,
1390 1582 1503 1610 minime
1537 1584 1716 1618 persuadetur
1750 1587 1780 1611 ut

992 1626 1107 1660 aperiat.
1137 1627 1241 1655 Videtis
1267 1627 1338 1655 enim
1357 1648 1364 1660 ,
1389 1628 1498 1663 inquit,
1517 1636 1533 1656 o
1565 1629 1615 1656 viri
1650 1629 1779 1664 dignissi-

991 1672 1040 1703 mi,
1055 1679 1188 1707 tegrorum
1207 1673 1420 1701 multitudinem.
1444 1674 1550 1702 Etenim
1573 1683 1635 1702 eum
1666 1675 1719 1702 Deo
1741 1676 1776 1702 ita

992 1719 1125 1751 videatur.
1142 1719 1169 1747 in
1187 1720 1239 1747 hoc
1264 1719 1373 1755 quidem
1394 1720 1453 1747 loco
1476 1720 1612 1748 daemones
1639 1721 1778 1756 expellun-

990 1771 1034 1792 tur
1053 1774 1059 1793 :
1076 1765 1154 1793 caecis
1191 1771 1280 1793 autem
1313 1772 1341 1793 ut
1369 1767 1453 1794 libere
1479 1767 1596 1798 videant,
1622 1768 1724 1795 claudis
1749 1773 1779 1795 ut

989 1813 1140 1844 ambulent,
1158 1812 1247 1840 surdis
1262 1817 1292 1840 ut
1307 1813 1426 1844 audiant.
1441 1817 1468 1840 et
1480 1814 1562 1841 mutis
1578 1819 1605 1841 ut
1619 1815 1776 1849 loquantur,

992 1855 1108 1882 edicitur
1133 1855 1313 1890 mirabiliter;
1337 1861 1364 1884 et
1385 1857 1429 1884 alii
1457 1859 1557 1891 morbi,
1579 1863 1607 1886 et
1632 1867 1776 1894 corporum

990 1901 1182 1931 mutilationes,
1212 1909 1273 1935 quae
1301 1903 1466 1930 medicorum
1495 1905 1599 1932 artibus
1623 1905 1698 1932 nullo
1721 1906 1777 1936 sint

995 1946 1075 1973 modo
1089 1946 1274 1979 medicabiles,
1297 1953 1426 1975 curantur
1446 1947 1582 1976 facilc.llli
1596 1954 1686 1977 autem
1705 1950 1776 1984 (non

989 1991 1061 2017 cnim
1096 1995 1174 2018 erant
1211 1992 1429 2026 imprudentibus
1468 1994 1624 2021 hominibus
1661 1995 1775 2027 similes,

988 2044 1077 2071 neque
1091 2037 1163 2071 quod
1182 2037 1347 2073 interrogare
1363 2039 1516 2073 oportebat,
1535 2039 1584 2074 ipsi
1601 2048 1654 2074 pra:
1672 2041 1776 2075 simpli-

987 2082 1067 2109 citate
1088 2083 1350 2118 przetermittebant).
1374 2084 1514 2111 Undenam
1542 2092 1619 2115 vero,
1633 2086 1775 2120 rogabant.

987 2129 1149 2164 principium
1171 2130 1243 2164 cepit
1271 2130 1346 2157 locus
1367 2131 1428 2157 talia
1448 2131 1597 2165 operandi?
1622 2132 1666 2158 illa
1687 2140 1750 2159 vero
1768 2141 1773 2158 ε

987 2175 1064 2209 Apud
1092 2183 1151 2208 nos,
1175 2175 1273 2210 inquit,
1296 2176 1422 2203 llebrmos
1438 2185 1452 2203 a
1471 2177 1593 2211 patrihus
1609 2178 1704 2204 tradita
1729 2178 1773 2204 hn-

992 2219 1072 2246 betur
1098 2221 1227 2252 narratio,
1246 2221 1318 2256 quod
1344 2221 1414 2248 Deus
1441 2223 1466 2248 in
1492 2223 1543 2249 hoc
1564 2222 1621 2249 loco
1646 2223 1718 2250 visus
1739 2224 1774 2250 sit

954 2271 974 2298 ο
989 2265 1097 2292 cuidam
1114 2273 1147 2293 ex
1169 2267 1292 2300 patribus
1317 2275 1370 2294 :ex
1389 2275 1442 2302 quo
1459 2267 1558 2294 factum
1584 2273 1636 2300 est,
1664 2273 1692 2295 ut
1714 2269 1772 2296 loco

986 2309 1043 2337 hu-c
1062 2317 1217 2338 Sen-aretur
1238 2312 1334 2346 gratia.
1355 2312 1415 2339 [Lee
1438 2320 1498 2338 tum
1518 2321 1548 2339 ea
1569 2313 1678 2343 tlict'rt‘l,
1696 2313 1731 2339 illi
1746 2314 1771 2340 ei

985 2355 1066 2381 corde
1090 2356 1202 2382 minime
1227 2357 1450 2383 asscnlicbantor
1468 2366 1474 2383 :
1494 2358 1540 2384 scd
1566 2358 1705 2385 ridebatur
1731 2359 1771 2386 eis

985 2399 1155 2432 muliercula,
1180 2402 1248 2428 sicut
1271 2409 1312 2428 res
1333 2407 1401 2433 erat,
1422 2402 1601 2436 probabilium
1628 2403 1770 2431 verborum

984 2446 1096 2481 pnlelzrn
1130 2449 1219 2481 spee’e
1256 2449 1344 2475 relate
1370 2450 1522 2475 veritatem.
1551 2450 1601 2485 Ipsi
1624 2458 1689 2485 ergo
1710 2459 1770 2478 cum

983 2493 1090 2527 quidem
1115 2494 1204 2520 adhuc
1228 2496 1358 2529 rogabant
1376 2496 1580 2526 vehementius.
1602 2501 1630 2524 ut
1645 2497 1685 2524 eis
1701 2506 1770 2529 rem,

983 2544 1012 2565 ιιι
1028 2546 1057 2565 sc
1072 2539 1199 2572 habebnt,
1223 2540 1351 2574 aperiret,
1378 2542 1536 2576 respiticns,
1561 2543 1582 2569 si
1600 2543 1666 2569 nihil
1685 2544 1768 2574 aliud,

982 2584 1101 2611 laborem
1129 2586 1223 2613 saltem
1253 2587 1318 2613 tanti
1344 2587 1460 2620 itineris,
1492 2589 1537 2621 qui
1565 2588 1636 2615 nulla
1662 2589 1713 2615 alia
1736 2590 1769 2616 de

982 2638 1063 2657 causa
1084 2635 1141 2657 erat
1157 2636 1308 2666 susceptus,
1328 2633 1377 2660 nisi
1395 2637 1424 2660 ut
1439 2634 1563 2661 viderent
1586 2639 1677 2660 sancta
1701 2634 1768 2666 loca,

981 2682 1008 2703 et
1024 2677 1148 2704 audirent
1162 2685 1192 2704 ea
1208 2686 1267 2712 qua:
1281 2686 1296 2705 a
1315 2679 1364 2713 piis
1379 2684 1405 2705 et
1420 2681 1522 2706 sanctis
1537 2679 1665 2706 dicuntur
1680 2680 1768 2707 homi-

981 2723 1069 2750 nibus.
1084 2723 1128 2750 llla
1141 2728 1231 2750 autent
1248 2732 1280 2750 ne
1295 2724 1333 2750 sic
1349 2725 1456 2758 quidem
1469 2725 1592 2757 Ct'dl‘i‘a',
1610 2725 1657 2753 scd
1674 2733 1766 2752 mane-

981 2769 1036 2803 bat,
1059 2773 1088 2796 ut
1117 2774 1258 2803 statuerat,
1286 2775 1410 2804 apertum
1440 2771 1579 2805 religionis
1609 2771 1767 2798 existimans

980 2823 1040 2842 esse
1068 2815 1196 2847 dedecus,
1220 2817 1242 2843 si
1261 2817 1412 2851 aperiretur
1437 2817 1547 2848 veritas,
1569 2822 1594 2844 et
1621 2817 1713 2844 dicens
1737 2826 1765 2844 se

980 2861 1047 2888 nihil
1073 2862 1142 2889 scire
1171 2863 1288 2897 amplius
1321 2871 1400 2897 quam
1426 2863 1497 2898 quod
1520 2863 1592 2889 iiit‘il‘i
1617 2864 1649 2890 sit
1671 2866 1765 2898 pl-‘om

980 2907 1067 2934 divina
1084 2909 1178 2942 gratia.
