2034 3152
225 200 279 232 533

843 197 987 237 MENSIS
1007 197 1223 230 AUGUSTUS.

1796 198 1850 230 56$

260 256 376 284 XLVIII.
398 256 467 282 Cum
485 259 575 282 autem
592 254 629 282 illi
647 254 760 289 pulchre
778 254 928 281 sensissent
951 261 1009 280 eam
1026 255 1048 283 Α
1063 255 1142 283 nobis
1157 259 1323 290 rogantibus.
1349 255 1485 291 Rogamus
1508 263 1582 288 vero,
1595 260 1625 283 ut
1641 254 1806 283 dormiamus
1820 255 1849 281 in

225 303 327 337 optime
343 301 454 335 quidem
470 300 550 332 scire,
577 300 664 327 vitare
686 304 775 326 autem
793 306 827 326 ne
858 307 917 326 eam
941 299 1012 326 scire

224 352 298 376 esset
312 351 446 382 apertum,
462 351 489 374 et
505 346 566 374 ideo
583 353 638 381 prro
655 354 684 373 se
698 346 770 373 ferre
800 345 1010 380 ignorationem,

225 394 344 422 evadunt
362 393 497 420 avidiores
518 393 671 420 inveniendi
687 393 757 426 ejus,
781 392 853 427 quod
875 392 1013 426 qua-reba-

228 447 281 472 tur,
298 444 326 467 et
343 441 413 466 sicut
429 439 562 474 Cleophas
576 443 603 466 et
618 439 663 466 ille
677 439 746 466 alius
757 438 915 474 discipulus,
931 438 1012 465 corde

227 491 369 520 coeperunt
395 486 489 512 ardere
498 486 528 512 ⁷¹.
547 485 599 512 Eos
614 485 687 512 enim
706 484 786 520 Virgo
803 485 957 512 beatissima
971 485 1012 511 in-

229 533 341 565 citabat,
356 533 451 559 volens
471 532 626 567 Byzantinis
649 531 770 559 divinum
788 531 860 558 hunc
879 535 906 558 et
921 538 1014 558 saero-

230 585 353 606 sanetum
381 579 471 613 largiri
498 580 667 607 thesaurum.
695 579 808 605 Omnem
831 585 895 613 ergo
921 579 1012 605 statim

230 624 374 652 movebant
386 624 512 658 lapidem,
527 629 556 651 ut
571 625 678 656 mulier,
689 625 832 651 remittens
846 624 1012 651 immobilem

231 672 301 698 hanc
316 673 536 704 occultationem,
560 672 598 698 eis
615 671 640 697 id
657 671 729 706 quod
747 675 878 704 tacuerat,
891 671 918 697 in
935 678 1014 704 aper-

230 724 286 744 ttnn
309 719 453 752 proferret.
477 717 549 750 Quin
581 718 662 745 etiam
687 717 865 752 jurisjurandi
892 717 1015 744 necessi-

230 769 313 791 tatem
328 764 505 797 adhibebant,
525 764 638 799 ejusque
659 765 726 791 adeo
741 764 833 795 validi,
852 769 880 792 ut
893 765 1015 792 animum

231 810 356 844 quamvis
387 810 625 844 inexpugnabilem
651 818 701 837 suo
735 814 844 844 possent
870 810 930 838 loco
955 818 1015 837 mo-

232 863 306 884 vere.
333 856 400 884 Cum
419 857 458 883 sie
483 864 541 883 eam
565 856 638 883 omni
661 863 692 884 ex
715 861 791 890 parte
813 856 1014 889 astrinxissent,

233 906 260 928 et
285 907 412 936 tanquam
440 901 605 929 inevitalvilia
626 902 650 929 ei
667 902 773 929 vincula
811 902 1015 936 imposuissent,

232 949 278 976 vix
295 950 403 976 tandem
420 949 585 983 persuadent
611 953 641 976 ut
666 949 706 976 eis
733 957 792 977 rem
815 950 929 984 aperiat.
950 950 1018 977 Cum

235 997 326 1030 itaque
348 1004 379 1022 cx
404 997 458 1023 alto
473 1000 577 1023 etcum
603 997 728 1032 lacrymis
751 997 924 1031 suspirasset,
949 1001 975 1024 et
992 997 1018 1023 in

235 1047 333 1069 terram
359 1042 461 1069 ﬁxisset
478 1044 581 1074 oculos,
602 1043 715 1077 perinde
729 1050 761 1070 ac
780 1043 801 1070 si
824 1050 882 1070 cam
907 1043 1020 1078 puderet

235 1088 379 1115 enuntiare
394 1097 401 1114 :
418 1088 440 1115 Ο
456 1088 514 1121 \iri,
531 1089 629 1122 inquit,
651 1096 788 1122 nunquam
807 1089 833 1115 in
859 1089 1019 1116 hodiernum

236 1140 322 1168 usque
348 1133 431 1165 diem,
454 1134 574 1161 divinum
602 1133 653 1160 hoc
671 1135 827 1169 mysterium
853 1135 911 1161 viro
937 1134 1021 1161 evasit

236 1181 420 1209 manifestum.
443 1181 508 1214 Quae
523 1182 595 1209 enim
612 1182 639 1209 in
655 1189 753 1216 genere
768 1189 829 1208 meo
848 1189 890 1208 me
905 1188 1020 1216 praeces-

236 1231 341 1259 serunt,
367 1227 547 1262 jurejurando
574 1228 704 1261 adhibito,
727 1228 772 1255 uni
797 1228 914 1260 mulieri,
942 1228 1021 1262 eique

237 1273 346 1307 virgini,
365 1273 402 1300 ita
419 1272 598 1305 tradiderunt,
614 1277 642 1299 ut
659 1273 772 1308 singulis
790 1273 914 1300 aetatibus
931 1281 962 1300 ea
977 1281 1020 1300 res

236 1320 276 1347 sic
295 1319 448 1346 traderetur
467 1319 534 1351 ;sed
558 1319 684 1353 quoniam
708 1319 788 1346 video
803 1327 850 1347 vos
866 1327 926 1346 esse
950 1320 1022 1347 viros

237 1364 402 1391 reverendus
429 1367 457 1391 et
480 1365 561 1399 pios:
580 1370 606 1392 et
630 1365 729 1400 alioqui
743 1365 821 1399 (nam
840 1366 893 1392 hoc
915 1373 1022 1400 quoque

236 1411 314 1438 vobis
331 1411 506 1445 signiﬁcabo)
522 1412 555 1439 ad
578 1419 621 1438 me
646 1419 731 1447 usque
752 1413 868 1440 redacta:
890 1417 954 1439 sunt
969 1413 1022 1440 tnci

238 1459 345 1493 generis
357 1458 475 1490 feminae,
494 1466 543 1486 nec
562 1459 616 1486 ulla
627 1464 751 1492 superest
769 1460 821 1486 alia
837 1465 899 1494 post
914 1467 956 1487 me
967 1460 1024 1486 vir-

238 1511 282 1539 go,
297 1504 374 1538 cujus
387 1504 448 1531 ﬁdei
462 1512 476 1530 a
490 1511 533 1531 me
552 1504 626 1531 credi
647 1505 731 1538 possit
755 1504 874 1539 cognitio
889 1505 1022 1539 mysterii,

238 1556 295 1576 rem
320 1549 399 1576 tnodo
421 1549 497 1576 vobis
519 1548 648 1582 aperiam.
671 1549 801 1575 Existimo
824 1549 896 1575 enim
913 1549 982 1580 fore,
995 1553 1024 1576 ut

239 1594 311 1628 quod
328 1602 343 1621 a
358 1595 438 1622 nobis
456 1594 573 1627 dicetur,
592 1595 662 1629 apud
693 1602 741 1621 vos
772 1595 949 1622 conservetis.
968 1595 1023 1622 Ma-
1036 1594 1059 1626 C

239 1639 286 1665 riae
303 1639 375 1665 illius
390 1639 509 1674 Deiparae
524 1640 592 1673 (hoc
608 1639 680 1665 enim
694 1643 737 1666 est
752 1640 831 1666 nobis
846 1641 879 1666 ab
892 1640 946 1667 alto
971 1645 1025 1667 tra-

240 1685 344 1718 ditum)
361 1685 405 1712 hic
420 1685 554 1712 custodita
572 1686 623 1712 sita
645 1690 686 1713 est
703 1686 797 1713 vestis.
820 1686 1026 1720 Obstupucrunt

241 1731 290 1757 viri
315 1731 364 1763 illi,
385 1739 446 1758 cum
482 1731 570 1758 solum
596 1731 636 1758 rei
665 1731 815 1758 audiissent
851 1732 1023 1766 principium.

241 1775 344 1803 Deinde
359 1777 490 1811 adjiciens
519 1776 627 1809 mulier,
646 1777 750 1804 Etenim
769 1778 836 1810 haec,
859 1778 956 1812 inquit,
966 1779 1026 1806 Dei-

242 1831 304 1859 para
328 1823 411 1850 vitam
432 1823 538 1856 ﬁniens,
564 1823 668 1850 duabus
697 1824 856 1851 mulieribus
876 1824 1027 1859 virginibus

241 1871 308 1897 duas
336 1877 400 1898 suas
423 1875 512 1897 vestes
539 1869 650 1898 donarit
674 1871 733 1898 loco
759 1871 968 1903 benedictionis;
995 1880 1027 1899 ex

242 1917 341 1951 quibus
363 1923 416 1943 una
432 1915 482 1943 fuit
498 1923 529 1942 ex
555 1916 607 1943 mei
624 1918 728 1952 generis
750 1917 908 1953 majoribus,
926 1926 985 1953 qua:
1001 1918 1027 1946 id

242 1964 357 1997 accepit,
370 1962 442 1996 quod
459 1962 588 1989 donatum
603 1962 700 1995 fuerat,
715 1968 742 1991 et
756 1963 783 1990 in
803 1971 864 1991 arca
883 1964 1026 1998 deposuit:

241 2013 269 2037 et
283 2009 395 2036 omnino
417 2009 497 2044 jussit
518 2009 551 2036 iis
576 2010 621 2044 qui
639 2014 717 2036 erant
741 2010 781 2036 sui
800 2011 917 2044 generis,
935 2015 964 2037 ut
981 2019 1026 2038 es-

242 2060 283 2082 set
294 2055 370 2090 virgo
394 2063 575 2090 unaquaeque,
595 2063 654 2090 qu:c
671 2063 729 2082 eatn
743 2056 889 2090 occiperet.
906 2057 952 2083 Est
964 2065 1028 2092 ergo

241 2109 303 2128 arca
322 2102 459 2129 recondita
477 2102 503 2128 in
520 2102 650 2128 interiore
663 2101 755 2134 domo,
769 2110 849 2137 quant
867 2111 939 2130 nunc
956 2105 1028 2131 vide-

243 2148 278 2174 tis
293 2155 300 2176 :
317 2153 344 2174 et
362 2156 421 2182 quae
439 2148 467 2174 in
500 2156 531 2175 ea
556 2153 597 2175 est
612 2149 706 2178 vestis.
729 2154 770 2176 est
788 2157 870 2176 causa
895 2151 1029 2182 omnium,

241 2200 301 2229 quae
310 2193 387 2226 ﬁnnt,
396 2194 597 2221 miraculorum.
610 2193 705 2227 ΗΜΛ)
717 2194 777 2225 viri,
789 2199 828 2222 est
839 2202 901 2222 vera
911 2197 1029 2223 narratio

242 2241 302 2276 ejus
317 2241 388 2276 quod
407 2249 422 2268 a
438 2242 517 2268 vobis
537 2241 666 2275 quaeritur
683 2250 690 2268 :
717 2245 745 2268 et
762 2241 852 2269 videte
863 2262 869 2267 .
885 2245 914 2269 ut
931 2244 965 2270 ad
981 2251 1028 2270 vos

243 2295 328 2322 usque
349 2287 436 2315 solum
460 2287 575 2315 deducta
593 2287 629 2314 sit
650 2288 780 2323 cognitio,
806 2294 833 2316 et
856 2296 937 2316 nemo
960 2290 1028 2317 sciat

242 2341 275 2361 ex
300 2334 333 2361 iis
356 2334 494 2366 omnibus,
525 2334 569 2368 qui
584 2338 648 2361 sunt
671 2333 875 2370 Hierosolymis.

277 2379 371 2407 XLIX.
391 2380 460 2407 Cum
482 2380 540 2407 haec
559 2380 707 2413 audissent,
730 2381 819 2408 adhuc
834 2382 918 2418 major
939 2388 1028 2411 metus

242 2425 315 2451 viros
346 2425 429 2451 subiit
451 2428 478 2452 et
505 2424 606 2451 laetitia.
641 2424 728 2451 Metus
766 2426 886 2460 quidem,
918 2432 1029 2462 propter

243 2470 456 2505 magnitudinem
482 2478 576 2497 eorum
599 2478 659 2504 qua:
679 2471 770 2498 audita
784 2471 915 2499 fuerant:
935 2473 1028 2501 latitia

243 2520 345 2546 autent,
361 2515 432 2549 quod
447 2520 540 2542 essent
554 2515 700 2550 participes
727 2517 820 2544 talium
843 2524 1029 2546 sacramento-

243 2570 313 2589 rum.
330 2561 400 2594 Qnid
413 2569 477 2596 ergo
498 2561 628 2597 deinceps
645 2563 840 2597 consequitur?
853 2563 911 2591 Viri
923 2565 1030 2600 seipsos

243 2609 318 2636 humi
343 2608 487 2644 dejiciunt,
506 2613 534 2636 et
564 2609 647 2643 pedes
671 2609 743 2636 illius
769 2610 1002 2644 depreltensantes
1020 2632 1027 2644 ,

242 2655 310 2682 Nulli
322 2655 443 2690 quidem,
455 2655 591 2690 inquiunt,
601 2662 633 2682 ex
645 2655 677 2683 iis
691 2656 736 2690 qui
748 2660 812 2683 sunt
823 2656 1028 2693 Hierosolymis,

243 2706 335 2728 notum
352 2702 404 2729 erit
419 2702 447 2729 id
463 2701 534 2736 quod
557 2701 636 2728 nobis
655 2701 757 2728 dictum
779 2707 831 2734 est,
855 2710 888 2729 ne
912 2704 1028 2736 dubites,

241 2749 366 2783 domina;
382 2750 519 2777 dominam
536 2750 609 2778 enim
633 2749 686 2784 jam
710 2753 736 2776 te
754 2757 891 2781 vocamus,
910 2758 970 2784 quae
992 2751 1029 2778 sis

243 2795 343 2822 talibus
364 2796 472 2830 dignata
495 2796 648 2831 mysteriis;
663 2795 747 2829 ipsam
774 2795 820 2821 tibi
841 2795 920 2829 hujus
936 2796 973 2823 rei
989 2801 1029 2823 te—

243 2843 310 2867 stem
326 2842 441 2868 citatnus
457 2843 607 2877 Deiparam.
625 2842 713 2870 Unum
729 2846 817 2868 autem
832 2842 902 2868 aliud
913 2844 1029 2871 concede

279 2933 301 2949 ⁷¹
316 2933 382 2960 l.ue.
399 2940 471 2965 xxn',
486 2934 531 2959 39..

1065 309 1098 328 eo
1114 302 1182 332 loco.
1200 301 1226 328 in
1241 309 1295 336 quo
1316 301 1361 329 hic
1381 301 1490 329 divinus
1507 301 1662 329 reconditus
1679 305 1719 328 est
1742 301 1853 328 thesau-

1065 355 1122 375 rus.
1141 347 1208 374 Cum
1232 348 1283 375 hoc
1303 353 1394 375 autem
1418 348 1508 375 statim
1535 347 1716 375 concessisset
1741 346 1850 377 mulier,

1066 394 1190 429 stragula:
1205 393 1313 428 quidem
1327 398 1416 421 vestes
1429 398 1541 428 portatae
1559 397 1622 421 sunt
1633 393 1660 419 in
1672 399 1733 419 eum
1749 392 1851 418 locum.

1066 439 1105 467 llli
1118 447 1183 467 vero
1195 447 1250 466 non
1265 447 1294 467 se
1308 446 1403 466 somno
1415 439 1557 471 dederunt,
1584 438 1631 466 sed
1653 444 1715 466 cum
1738 441 1852 464 noctur-

1065 494 1130 514 num
1145 486 1314 521 accepissent
1335 485 1483 516 silentium,
1501 488 1582 512 totam
1597 488 1705 511 noctem
1722 490 1852 518 perseve-

1066 531 1163 558 rabant
1178 532 1205 558 in
1219 531 1352 561 oratione,
1365 533 1392 556 et
1406 537 1468 557 eum
1485 529 1611 564 lacrymis
1625 528 1740 563 agebant
1752 527 1856 562 gratias

1067 578 1201 613 Deiparae,
1222 577 1294 612 quod
1318 577 1416 605 talibus
1437 575 1622 604 auditionibus
1645 579 1672 601 et
1693 573 1857 608 spectaculis

1067 626 1139 660 digni
1153 630 1243 652 essent
1254 625 1350 652 habiti.
1366 624 1434 652 Cum
1449 627 1540 650 autem
1555 629 1602 649 eos
1615 620 1660 656 qui
1671 619 1857 655 aegrotabant,

1067 672 1199 699 vidissent
1209 679 1305 698 somno
1317 677 1471 706 oppressos,
1483 667 1634 696 metiuntur
1644 675 1676 694 ex
1688 665 1761 693 omni
1778 669 1856 699 parte

1068 720 1198 747 ambitum
1216 726 1296 750 arcw,
1310 719 1337 744 in
1353 725 1405 752 qua
1425 720 1483 744 erat
1500 715 1622 743 divinum
1645 713 1794 748 repositum
1814 711 1859 737 in-

1069 767 1228 795 dumentum
1245 774 1252 792 :
1268 765 1409 800 ipsamque
1430 763 1493 798 ligni
1522 761 1641 790 sueciem
1661 763 1688 786 et
1711 757 1858 785 habitudi-

1070 821 1142 844 nem,
1159 820 1191 839 ex
1206 818 1259 846 quo
1273 815 1414 842 cratarca,
1437 812 1562 836 accurate
1582 805 1726 834 admodum
1751 808 1778 830 et
1792 802 1856 829 dili~

1070 863 1164 895 genter
1174 858 1359 885 considerant.
1374 855 1476 883 Deinde
1491 861 1571 881 mane
1589 851 1699 888 egressi,
1723 855 1749 877 et
1767 849 1860 876 horte-

1071 911 1140 934 stam
1165 905 1318 933 salutarunt
1347 902 1486 930 mulierem
1504 921 1511 932 ,
1532 903 1560 927 et
1582 906 1643 926 eum
1667 899 1806 932 rogassent
1829 899 1860 922 ut

1070 954 1199 980 audacter
1215 951 1332 986 juberet,
1350 949 1372 977 si
1386 948 1450 983 quid
1466 947 1517 975 sibi
1534 953 1603 980 opus
1616 948 1688 971 esset
1700 941 1859 976 Hierosoly-

1071 1000 1131 1030 mis,
1145 1007 1174 1027 se
1190 999 1260 1027 enim
1275 1004 1369 1024 rursus
1378 996 1410 1022 ad
1425 995 1511 1030 ipsam
1525 995 1654 1019 venturos
1673 997 1721 1024 per
1733 987 1858 1015 eamdem

1071 1049 1153 1080 viam,
1163 1046 1280 1074 inierunt
1290 1046 1340 1072 iter
1348 1049 1444 1071 versus
1453 1038 1612 1069 Jerusalem,
1623 1044 1684 1064 cum
1695 1034 1738 1062 illa
1746 1033 1862 1061 dixisset

1072 1103 1100 1123 se
1112 1094 1187 1121 nullo
1205 1093 1257 1120 alio
1277 1098 1366 1126 egere,
1386 1089 1439 1116 nisi
1456 1094 1550 1115 eorum
1570 1084 1710 1120 precibus,
1723 1085 1750 1108 et
1764 1085 1791 1108 ut
1812 1087 1862 1107 eos

1071 1148 1167 1169 rursus
1189 1140 1264 1167 laetos
1280 1138 1384 1165 videret
1397 1139 1424 1163 et
1436 1135 1551 1162 alacres.

1108 1187 1140 1214 L.
1154 1185 1222 1213 Cum
1241 1184 1357 1211 fuissent
1373 1181 1464 1216 itaque
1487 1175 1683 1212 Hierosolymis
1702 1173 1814 1202 Galbius
1831 1176 1860 1199 et

1073 1231 1221 1264 Candidus,
1235 1234 1262 1257 et
1276 1229 1375 1265 pertint
1397 1225 1506 1262 quidem
1522 1225 1576 1252 Deo
1597 1216 1692 1258 preces
1708 1219 1860 1265 fudissent,

1073 1279 1172 1314 partim
1189 1263 1284 1304 autem
1304 1273 1468 1310 pauperibus
1492 1275 1519 1298 et
1542 1268 1685 1305 egentibus
1710 1263 1862 1293 liberaliori

1074 1326 1183 1353 dextera
1208 1322 1408 1356 eleemosynam
1435 1318 1602 1351 erogassent,
1629 1317 1738 1340 secrete
1759 1314 1863 1336 vocant

1073 1370 1204 1407 quosdam
1225 1368 1316 1395 fabros
1330 1354 1484 1400 'Iignarios,
1514 1361 1613 1396 quibus
1639 1358 1746 1394 jubent,
1767 1354 1863 1407 ut-eis

1074 1420 1235 1446 construant
1250 1421 1341 1441 arcam
1359 1417 1386 1439 et
1401 1411 1497 1441 forma,
1517 1413 1543 1436 et
1562 1408 1655 1443 ﬁgura.
1672 1409 1699 1432 et
1721 1407 1862 1438 magnitu—

1075 1465 1137 1493 dine
1155 1463 1204 1494 illi,
1223 1469 1304 1496 quam
1321 1459 1455 1488 viderant,
1473 1455 1600 1486 similem,
1617 1451 1776 1480 mandantes
1790 1455 1865 1484 prae-

1076 1515 1161 1541 tcrea,
1183 1513 1212 1535 ut
1233 1495 1397 1534 formaretur
1423 1503 1503 1530 etiam
1525 1508 1558 1528 ex
1583 1499 1656 1534 ligno
1682 1495 1778 1527 veteri,
1806 1502 1865 1529 quo

1075 1555 1145 1583 nihil
1170 1554 1198 1581 in
1222 1561 1253 1580 ea
1278 1555 1446 1581 cerneretur,
1472 1546 1543 1583 quod
1564 1553 1619 1572 non
1639 1547 1712 1571 esset
1737 1540 1810 1568 omni
1830 1547 1865 1565 ex

1076 1605 1153 1637 parte
1182 1599 1270 1627 simile
1297 1597 1442 1632 praedicta.
1462 1593 1622 1628 Excogitant
1642 1589 1741 1637 deinde
1759 1586 1865 1621 aliquid

1077 1634 1151 1674 aliud
1165 1646 1293 1673 idoneum
1308 1643 1341 1670 ad
1357 1641 1500 1669 celandum
1524 1639 1550 1666 id
1569 1637 1640 1673 quod
1653 1639 1712 1663 erat
1729 1634 1864 1661 futurum.

1078 1695 1245 1728 Comparant
1271 1690 1322 1718 sibi
1351 1693 1475 1716 auratum
1495 1683 1667 1720 operculum,
1694 1685 1724 1708 ut
1743 1687 1776 1706 eo
1800 1684 1865 1729 area

1079 1744 1226 1776 tegeretur.
1242 1738 1390 1771 Postquam
1406 1737 1496 1761 autem
1512 1735 1540 1758 et
1554 1729 1686 1766 precatio,
1703 1731 1730 1754 et
1742 1728 1868 1776 erogatur

1078 1768 1121 1812 ei;
1142 1784 1207 1811 satis
1222 1784 1291 1811 bene
1317 1768 1417 1808 habere
1443 1778 1498 1804 visa
1518 1775 1579 1806 fuit,
1606 1781 1638 1801 eo
1654 1775 1774 1806 accepto,
1791 1768 1867 1804 quod

1078 1831 1166 1858 fuerat
1193 1828 1382 1858 fabrefactum,
1408 1824 1525 1852 redeunt
1540 1822 1566 1848 in
1583 1820 1672 1847 vicum
1688 1816 1745 1845 sani
1763 1819 1790 1843 et
1807 1815 1866 1841 ala-

1079 1886 1139 1906 cres
1159 1886 1165 1904 :
1189 1875 1413 1907 aromatibusque
1429 1875 1455 1898 et
1473 1868 1610 1897 sumtibus
1623 1865 1692 1900 aptis
1709 1863 1741 1889 ad
1759 1860 1867 1888 sacriﬁ-

1079 1925 1163 1956 cium,
1185 1906 1490 1950 venerandamrdonaut
1515 1914 1670 1941 mulierem.
1691 1910 1726 1936 Et
1742 1907 1786 1935 illa
1805 1906 1868 1956 qni-

1078 1970 1138 1996 dem
1153 1952 1248 1995 rursus
1261 1967 1342 1996 viros,
1361 1969 1488 1998 tanquam
1506 1959 1556 1987 sibi
1575 1957 1731 1986 familiares,
1746 1952 1868 1988 jucunde

1080 2014 1189 2050 aceipit.
1200 2013 1238 2040 Illi
1255 2017 1345 2039 autetn
1363 2016 1456 2036 rursus
1466 2007 1498 2034 ab
1513 2014 1546 2033 ea
1563 2007 1670 2039 petunt,
1687 2000 1758 2036 quod
1775 1999 1865 2034 prius,

1079 2067 1109 2090 nt
1129 2061 1231 2089 scilicet
1247 2060 1273 2086 in
1285 2065 1362 2086 sacro
1377 2053 1530 2082 habitacula
1549 2055 1632 2078 totam
1648 2052 1755 2075 noctem
1777 2050 1869 2072 trans—

1080 2109 1194 2144 igerent.
1228 2105 1274 2132 Illa
1295 2111 1358 2130 vero
1383 2108 1477 2128 rursus
1500 2104 1608 2132 quoque
1634 2093 1779 2144 permittit,
1798 2091 1868 2118 nihil

1080 2139 1192 2182 ovnlnino
1212 2150 1365 2185 suspicans.
1382 2147 1432 2180 Qui
1450 2144 1576 2181 ingressi,
1597 2147 1703 2169 summo
1728 2139 1784 2166 otio
1806 2143 1869 2163 ule-

1082 2202 1180 2228 bantur
1195 2197 1323 2234 precibus
1344 2195 1377 2222 ad
1393 2193 1568 2226 inculpatam,
1587 2194 1614 2216 et
1631 2188 1664 2215 ab
1680 2185 1754 2214 omni
1771 2191 1870 2218 reprc-

1083 2246 1216 2277 bensione
1228 2243 1343 2270 alienam
1359 2240 1403 2267 Dei
1418 2239 1543 2269 Matrem,
1556 2243 1603 2262 eas
1619 2239 1745 2268 tanquam
1760 2236 1869 2258 sacram

1083 2293 1198 2321 hostiam
1214 2287 1340 2324 lacrymis
1355 2286 1454 2321 pingue
1470 2284 1601 2311 facientes
1615 2290 1621 2308 :
1636 2279 1694 2307 Non
1710 2279 1870 2313 ignoramus

1081 2345 1131 2366 nos
1147 2335 1218 2364 servi
1242 2322 1291 2366 tui,
1305 2332 1437 2361 dicentes,
1457 2337 1474 2357 ο
1490 2327 1670 2358 divinissima,
1686 2329 1713 2352 et
1731 2324 1757 2350 in
1772 2322 1873 2357 primis

1080 2383 1194 2412 illustris
1209 2380 1332 2411 Domina,
1351 2384 1474 2413 quzenam
1499 2375 1563 2402 olim
1578 2372 1639 2401 Oza:
1652 2371 1803 2399 evenerint,
1819 2368 1868 2402 qui

1080 2437 1163 2457 ausus
1176 2432 1217 2455 est
1228 2431 1337 2460 tangere
1349 2430 1451 2455 arcam,
1464 2429 1523 2456 qua:
1534 2422 1593 2446 erat
1606 2417 1754 2446 secundum
1767 2416 1870 2450 legem.

1080 2474 1221 2509 Quomodo
1243 2479 1308 2507 ergo
1323 2478 1384 2503 nos,
1399 2469 1444 2504 qui
1460 2475 1555 2495 sumus
1569 2465 1661 2493 multis
1677 2462 1785 2490 obnoxii
1795 2468 1870 2509 Apec-

1080 2506 1159 2554 catis,
1185 2526 1211 2548 te
1226 2506 1286 2546 non,
1303 2517 1427 2553 jubente,
1445 2514 1503 2542 ausi
1525 2513 1657 2541 fuerimus
1667 2511 1784 2538 divinam
1795 2506 1869 2535 hanc

1080 2553 1170 2595 arcam
1192 2565 1303 2592 omnino
1326 2567 1449 2597 tangere,
1469 2560 1540 2587 intra
1562 2564 1643 2592 quam
1663 2559 1706 2583 est
1721 2554 1783 2581 talis
1807 2553 1871 2580 the-

1082 2620 1178 2641 saurus
1201 2610 1340 2645 repositus
1361 2611 1409 2635 :ct
1434 2613 1488 2633 non
1503 2604 1591 2632 solum
1617 2607 1728 2636 tangere
1744 2598 1872 2635 profanis

1082 2659 1217 2689 manibus,
1235 2656 1282 2683 sed
1315 2655 1395 2682 etiam
1419 2660 1478 2680 eam
1506 2650 1560 2678 alio
1577 2646 1744 2678 transferre?
1767 2646 1871 2672 Annue

1082 2712 1144 2740 ergo
1164 2702 1297 2730 voluntati
1319 2704 1476 2727 nostrarum
1500 2697 1663 2726 animarum,
1688 2701 1704 2721 ο
1720 2692 1783 2719 boni
1804 2691 1867 2740 Filii

1081 2735 1151 2776 boha
1168 2747 1264 2774 Mater.
1282 2745 1323 2772 Ad
1348 2748 1422 2771 tuam
1441 2742 1514 2770 enim
1532 2741 1670 2768 civitatem
1693 2741 1734 2765 est
1750 2735 1871 2763 transla-

1082 2795 1131 2827 tio,
1144 2801 1204 2829 qua:
1219 2797 1260 2820 est
1273 2792 1393 2819 omnium
1406 2790 1518 2817 aliarum
1533 2787 1645 2822 Regina,
1663 2788 1689 2812 et
1705 2787 1731 2811 te
1759 2790 1871 2815 semper

1083 2850 1180 2878 magno
1204 2839 1294 2867 studio
1319 2837 1413 2864 statuit
1438 2835 1583 2862 honorare.
1608 2831 1646 2859 Ad
1663 2837 1723 2858 eam
1740 2836 1791 2856 nos
1816 2829 1871 2855 hoc
