  <div class='ocr_page' id='page_1' title='image "/cluster/home/n/w/nwhite01/storage/ocr_20150623/115/njp.32101077772976/330.png"; bbox 0 0 2034 3152; ppageno 0'>
   <div class='ocr_carea' id='block_1_1' title="bbox 162 183 206 214">
    <p class='ocr_par' dir='ltr' id='par_1_1' title="bbox 162 183 206 214">
     <span class='ocr_line' id='line_1_1' title="bbox 162 183 206 214; baseline -0.023 0"><span class='ocrx_word' id='word_1_1' title='bbox 162 183 206 214; x_wconf 71' lang='grc'><strong>565</strong></span> 
     </span>
    </p>
   </div>
   <div class='ocr_carea' id='block_1_2' title="bbox 699 182 1226 214">
    <p class='ocr_par' dir='ltr' id='par_1_2' title="bbox 699 182 1226 214">
     <span class='ocr_line' id='line_1_2' title="bbox 699 182 1226 214; baseline 0.002 -1"><span class='ocrx_word' id='word_1_2' title='bbox 699 182 936 214; x_wconf 75' lang='lat' dir='ltr'><strong>MARTYRIUM</strong></span> <span class='ocrx_word' id='word_1_3' title='bbox 959 183 990 214; x_wconf 91' lang='lat' dir='ltr'><strong>S.</strong></span> <span class='ocrx_word' id='word_1_4' title='bbox 1013 183 1226 214; x_wconf 76' lang='lat' dir='ltr'><strong>MAMANTIS.</strong></span> 
     </span>
    </p>
   </div>
   <div class='ocr_carea' id='block_1_3' title="bbox 1722 179 1781 208">
    <p class='ocr_par' dir='ltr' id='par_1_3' title="bbox 1722 179 1781 208">
     <span class='ocr_line' id='line_1_3' title="bbox 1722 179 1781 208; baseline 0 0"><span class='ocrx_word' id='word_1_5' title='bbox 1722 179 1781 208; x_wconf 64' lang='lat'><strong>55&#39;6</strong></span> 
     </span>
    </p>
   </div>
   <div class='ocr_carea' id='block_1_4' title="bbox 162 236 1740 275">
    <p class='ocr_par' dir='ltr' id='par_1_4' title="bbox 162 236 1740 275">
     <span class='ocr_line' id='line_1_4' title="bbox 162 236 1740 275; baseline -0.003 -9"><span class='ocrx_word' id='word_1_6' title='bbox 162 239 271 267; x_wconf 75' lang='lat' dir='ltr'><strong>divinum</strong></span> <span class='ocrx_word' id='word_1_7' title='bbox 290 238 392 266; x_wconf 87' lang='lat' dir='ltr'><strong>donum</strong></span> <span class='ocrx_word' id='word_1_8' title='bbox 415 242 557 273; x_wconf 84' lang='lat' dir='ltr'><strong>exportare</strong></span> <span class='ocrx_word' id='word_1_9' title='bbox 570 239 726 271; x_wconf 80' lang='lat' dir='ltr'><strong>statuimus,</strong></span> <span class='ocrx_word' id='word_1_10' title='bbox 749 239 782 266; x_wconf 87' lang='lat' dir='ltr'><strong>ad</strong></span> <span class='ocrx_word' id='word_1_11' title='bbox 798 239 856 274; x_wconf 84' lang='lat' dir='ltr'><strong>ejus</strong></span> <span class='ocrx_word' id='word_1_12' title='bbox 875 242 944 266; x_wconf 88' lang='lat' dir='ltr'><strong>tute-</strong></span> <span class='ocrx_word' id='word_1_13' title='bbox 958 239 982 268; x_wconf 78' lang='grc' dir='ltr'>Α</span> <span class='ocrx_word' id='word_1_14' title='bbox 996 247 1060 266; x_wconf 90' lang='lat' dir='ltr'><strong>num</strong></span> <span class='ocrx_word' id='word_1_15' title='bbox 1076 240 1247 275; x_wconf 84' lang='lat' dir='ltr'><strong>mysterium,</strong></span> <span class='ocrx_word' id='word_1_16' title='bbox 1264 239 1316 266; x_wconf 84' lang='lat' dir='ltr'><strong>fuit</strong></span> <span class='ocrx_word' id='word_1_17' title='bbox 1331 246 1440 274; x_wconf 84' lang='lat' dir='ltr'><strong>semper</strong></span> <span class='ocrx_word' id='word_1_18' title='bbox 1461 246 1554 266; x_wconf 87' lang='lat' dir='ltr'><strong>revera</strong></span> <span class='ocrx_word' id='word_1_19' title='bbox 1570 236 1740 273; x_wconf 79' lang='lat' dir='ltr'><strong>mysterium.</strong></span> 
     </span>
    </p>
   </div>
   <div class='ocr_carea' id='block_1_5' title="bbox 163 284 940 320">
    <p class='ocr_par' dir='ltr' id='par_1_5' title="bbox 163 284 940 320">
     <span class='ocr_line' id='line_1_5' title="bbox 163 284 940 320; baseline 0 -8"><span class='ocrx_word' id='word_1_20' title='bbox 163 287 207 312; x_wconf 75' lang='lat' dir='ltr'><strong>lam</strong></span> <span class='ocrx_word' id='word_1_21' title='bbox 220 289 246 312; x_wconf 83' lang='lat' dir='ltr'><strong>et</strong></span> <span class='ocrx_word' id='word_1_22' title='bbox 262 285 388 318; x_wconf 81' lang='lat' dir='ltr'><strong>gloriam,</strong></span> <span class='ocrx_word' id='word_1_23' title='bbox 415 292 476 319; x_wconf 74' lang='lat' dir='ltr'><strong>qua:</strong></span> <span class='ocrx_word' id='word_1_24' title='bbox 494 293 635 320; x_wconf 81' lang='lat' dir='ltr'><strong>nunquam</strong></span> <span class='ocrx_word' id='word_1_25' title='bbox 649 285 846 320; x_wconf 80' lang='lat' dir='ltr'><strong>exstinguatur.</strong></span> <span class='ocrx_word' id='word_1_26' title='bbox 878 284 940 312; x_wconf 76' lang='lat' dir='ltr'><strong>1|ch</strong></span> 
     </span>
    </p>
   </div>
   <div class='ocr_carea' id='block_1_6' title="bbox 163 330 940 367">
    <p class='ocr_par' dir='ltr' id='par_1_6' title="bbox 163 330 940 367">
     <span class='ocr_line' id='line_1_6' title="bbox 163 330 940 367; baseline 0 -8"><span class='ocrx_word' id='word_1_27' title='bbox 163 337 210 359; x_wconf 86' lang='lat' dir='ltr'><strong>tota</strong></span> <span class='ocrx_word' id='word_1_28' title='bbox 225 335 306 358; x_wconf 89' lang='lat' dir='ltr'><strong>nocte</strong></span> <span class='ocrx_word' id='word_1_29' title='bbox 321 330 444 358; x_wconf 89' lang='lat' dir='ltr'><strong>dicentes</strong></span> <span class='ocrx_word' id='word_1_30' title='bbox 467 331 493 358; x_wconf 90' lang='lat' dir='ltr'><strong>in</strong></span> <span class='ocrx_word' id='word_1_31' title='bbox 509 331 642 364; x_wconf 85' lang='lat' dir='ltr'><strong>oratione,</strong></span> <span class='ocrx_word' id='word_1_32' title='bbox 661 336 688 358; x_wconf 90' lang='lat' dir='ltr'><strong>et</strong></span> <span class='ocrx_word' id='word_1_33' title='bbox 711 333 798 359; x_wconf 58' lang='lat' dir='ltr'><strong>stilum</strong></span> <span class='ocrx_word' id='word_1_34' title='bbox 815 332 940 367; x_wconf 82' lang='lat' dir='ltr'><strong>lacrymis</strong></span> 
     </span>
    </p>
   </div>
   <div class='ocr_carea' id='block_1_7' title="bbox 163 374 940 409">
    <p class='ocr_par' dir='ltr' id='par_1_7' title="bbox 163 374 940 409">
     <span class='ocr_line' id='line_1_7' title="bbox 163 374 940 409; baseline 0 -8"><span class='ocrx_word' id='word_1_35' title='bbox 163 374 377 407; x_wconf 76' lang='lat' dir='ltr'><strong>ntadet&#39;acientes,</strong></span> <span class='ocrx_word' id='word_1_36' title='bbox 399 379 511 409; x_wconf 78' lang='lat' dir='ltr'><strong>repente</strong></span> <span class='ocrx_word' id='word_1_37' title='bbox 537 375 682 409; x_wconf 87' lang='lat' dir='ltr'><strong>implentur</strong></span> <span class='ocrx_word' id='word_1_38' title='bbox 704 375 812 406; x_wconf 74' lang='lat' dir='ltr'><strong>ﬁducia,</strong></span> <span class='ocrx_word' id='word_1_39' title='bbox 832 375 940 407; x_wconf 85' lang='lat' dir='ltr'><strong>ﬁdurla,</strong></span> 
     </span>
    </p>
   </div>
   <div class='ocr_carea' id='block_1_8' title="bbox 163 419 941 455">
    <p class='ocr_par' dir='ltr' id='par_1_8' title="bbox 163 419 941 455">
     <span class='ocr_line' id='line_1_8' title="bbox 163 419 941 455; baseline -0.001 -8"><span class='ocrx_word' id='word_1_40' title='bbox 163 421 276 455; x_wconf 83' lang='lat' dir='ltr'><strong>inquam.</strong></span> <span class='ocrx_word' id='word_1_41' title='bbox 293 425 498 454; x_wconf 85' lang='lat' dir='ltr'><strong>enntemperata</strong></span> <span class='ocrx_word' id='word_1_42' title='bbox 513 420 678 447; x_wconf 84' lang='lat' dir='ltr'><strong>reverentia.</strong></span> <span class='ocrx_word' id='word_1_43' title='bbox 698 419 798 446; x_wconf 75' lang='lat' dir='ltr'><strong>Deinde</strong></span> <span class='ocrx_word' id='word_1_44' title='bbox 814 420 847 447; x_wconf 89' lang='lat' dir='ltr'><strong>ad</strong></span> <span class='ocrx_word' id='word_1_45' title='bbox 871 420 941 446; x_wconf 85' lang='lat' dir='ltr'><strong>divi-</strong></span> 
     </span>
    </p>
   </div>
   <div class='ocr_carea' id='block_1_9' title="bbox 163 465 940 497">
    <p class='ocr_par' dir='ltr' id='par_1_9' title="bbox 163 465 940 497">
     <span class='ocr_line' id='line_1_9' title="bbox 163 465 940 497; baseline -0.003 -4"><span class='ocrx_word' id='word_1_46' title='bbox 163 474 216 493; x_wconf 87' lang='lat' dir='ltr'><strong>nam</strong></span> <span class='ocrx_word' id='word_1_47' title='bbox 229 465 362 492; x_wconf 86' lang='lat' dir='ltr'><strong>acccdunt</strong></span> <span class='ocrx_word' id='word_1_48' title='bbox 377 473 477 496; x_wconf 85' lang='lat' dir='ltr'><strong>arcam,</strong></span> <span class='ocrx_word' id='word_1_49' title='bbox 489 465 569 492; x_wconf 86' lang='lat' dir='ltr'><strong>simul</strong></span> <span class='ocrx_word' id='word_1_50' title='bbox 584 465 643 492; x_wconf 67' lang='lat' dir='ltr'><strong>laeto</strong></span> <span class='ocrx_word' id='word_1_51' title='bbox 657 469 684 492; x_wconf 90' lang='lat' dir='ltr'><strong>et</strong></span> <span class='ocrx_word' id='word_1_52' title='bbox 697 469 828 493; x_wconf 77' lang='lat' dir='ltr'><strong>tremente</strong></span> <span class='ocrx_word' id='word_1_53' title='bbox 838 466 940 497; x_wconf 85' lang='lat' dir='ltr'><strong>animo,</strong></span> 
     </span>
    </p>
   </div>
   <div class='ocr_carea' id='block_1_10' title="bbox 162 511 942 546">
    <p class='ocr_par' dir='ltr' id='par_1_10' title="bbox 162 511 942 546">
     <span class='ocr_line' id='line_1_10' title="bbox 162 511 942 546; baseline 0.001 -8"><span class='ocrx_word' id='word_1_54' title='bbox 162 518 184 539; x_wconf 83' lang='lat' dir='ltr'><strong>et</strong></span> <span class='ocrx_word' id='word_1_55' title='bbox 203 519 264 538; x_wconf 86' lang='lat' dir='ltr'><strong>eum</strong></span> <span class='ocrx_word' id='word_1_56' title='bbox 289 519 397 544; x_wconf 90' lang='lat' dir='ltr'><strong>omnes,</strong></span> <span class='ocrx_word' id='word_1_57' title='bbox 423 513 468 546; x_wconf 88' lang='lat' dir='ltr'><strong>qui</strong></span> <span class='ocrx_word' id='word_1_58' title='bbox 495 511 549 538; x_wconf 90' lang='lat' dir='ltr'><strong>illic</strong></span> <span class='ocrx_word' id='word_1_59' title='bbox 571 516 660 544; x_wconf 86' lang='lat' dir='ltr'><strong>erant,</strong></span> <span class='ocrx_word' id='word_1_60' title='bbox 683 512 803 540; x_wconf 86' lang='lat' dir='ltr'><strong>eﬁiccret</strong></span> <span class='ocrx_word' id='word_1_61' title='bbox 829 520 942 540; x_wconf 86' lang='lat' dir='ltr'><strong>somnus</strong></span> 
     </span>
    </p>
   </div>
   <div class='ocr_carea' id='block_1_11' title="bbox 163 555 941 592">
    <p class='ocr_par' dir='ltr' id='par_1_11' title="bbox 163 555 941 592">
     <span class='ocr_line' id='line_1_11' title="bbox 163 555 941 592; baseline 0.001 -9"><span class='ocrx_word' id='word_1_62' title='bbox 163 557 230 583; x_wconf 91' lang='lat' dir='ltr'><strong>nullo</strong></span> <span class='ocrx_word' id='word_1_63' title='bbox 247 564 330 583; x_wconf 90' lang='lat' dir='ltr'><strong>sensu</strong></span> <span class='ocrx_word' id='word_1_64' title='bbox 345 555 475 591; x_wconf 67' lang='lat' dir='ltr'><strong>prazditos</strong></span> <span class='ocrx_word' id='word_1_65' title='bbox 503 558 530 592; x_wconf 86' lang='grc' dir='ltr'><strong>(ο</strong></span> <span class='ocrx_word' id='word_1_66' title='bbox 544 557 638 584; x_wconf 84' lang='lat' dir='ltr'><strong>beatas</strong></span> <span class='ocrx_word' id='word_1_67' title='bbox 663 565 770 590; x_wconf 88' lang='lat' dir='ltr'><strong>manus,</strong></span> <span class='ocrx_word' id='word_1_68' title='bbox 789 565 804 584; x_wconf 93' lang='grc' dir='ltr'>ο</span> <span class='ocrx_word' id='word_1_69' title='bbox 828 557 941 590; x_wconf 84' lang='lat' dir='ltr'><strong>furtum,</strong></span> 
     </span>
    </p>
   </div>
   <div class='ocr_carea' id='block_1_12' title="bbox 163 601 941 638">
    <p class='ocr_par' dir='ltr' id='par_1_12' title="bbox 163 601 941 638">
     <span class='ocr_line' id='line_1_12' title="bbox 163 601 941 638; baseline -0.001 -9"><span class='ocrx_word' id='word_1_70' title='bbox 163 603 185 629; x_wconf 91' lang='lat' dir='ltr'><strong>in</strong></span> <span class='ocrx_word' id='word_1_71' title='bbox 199 601 268 636; x_wconf 90' lang='lat' dir='ltr'><strong>quod</strong></span> <span class='ocrx_word' id='word_1_72' title='bbox 280 601 353 628; x_wconf 83' lang='lat' dir='ltr'><strong>nulla</strong></span> <span class='ocrx_word' id='word_1_73' title='bbox 374 606 463 636; x_wconf 88' lang='lat' dir='ltr'><strong>potest</strong></span> <span class='ocrx_word' id='word_1_74' title='bbox 484 602 596 629; x_wconf 89' lang='lat' dir='ltr'><strong>omnino</strong></span> <span class='ocrx_word' id='word_1_75' title='bbox 610 602 709 630; x_wconf 83' lang='lat' dir='ltr'><strong>cadere</strong></span> <span class='ocrx_word' id='word_1_76' title='bbox 731 603 907 638; x_wconf 78' lang='lat' dir='ltr'><strong>reprehensio</strong></span> <span class='ocrx_word' id='word_1_77' title='bbox 921 602 941 637; x_wconf 94' lang='lat'><strong>!)</strong></span> 
     </span>
    </p>
   </div>
   <div class='ocr_carea' id='block_1_13' title="bbox 162 647 942 683">
    <p class='ocr_par' dir='ltr' id='par_1_13' title="bbox 162 647 942 683">
     <span class='ocr_line' id='line_1_13' title="bbox 162 647 942 683; baseline 0.003 -9"><span class='ocrx_word' id='word_1_78' title='bbox 162 648 226 675; x_wconf 84' lang='lat' dir='ltr'><strong>hanc</strong></span> <span class='ocrx_word' id='word_1_79' title='bbox 243 647 384 683; x_wconf 87' lang='lat' dir='ltr'><strong>accipiunt</strong></span> <span class='ocrx_word' id='word_1_80' title='bbox 404 648 445 675; x_wconf 88' lang='lat' dir='ltr'><strong>eis</strong></span> <span class='ocrx_word' id='word_1_81' title='bbox 464 655 573 682; x_wconf 85' lang='lat' dir='ltr'><strong>qnoque</strong></span> <span class='ocrx_word' id='word_1_82' title='bbox 590 648 704 675; x_wconf 88' lang='lat' dir='ltr'><strong>omnino</strong></span> <span class='ocrx_word' id='word_1_83' title='bbox 727 649 777 676; x_wconf 89' lang='lat' dir='ltr'><strong>hac</strong></span> <span class='ocrx_word' id='word_1_84' title='bbox 802 648 829 675; x_wconf 92' lang='lat' dir='ltr'><strong>in</strong></span> <span class='ocrx_word' id='word_1_85' title='bbox 850 656 880 676; x_wconf 91' lang='lat' dir='ltr'><strong>re</strong></span> <span class='ocrx_word' id='word_1_86' title='bbox 901 649 942 676; x_wconf 90' lang='lat' dir='ltr'><strong>l&#39;a-</strong></span> 
     </span>
    </p>
   </div>
   <div class='ocr_carea' id='block_1_14' title="bbox 163 692 943 729">
    <p class='ocr_par' dir='ltr' id='par_1_14' title="bbox 163 692 943 729">
     <span class='ocr_line' id='line_1_14' title="bbox 163 692 943 729; baseline 0.005 -11"><span class='ocrx_word' id='word_1_87' title='bbox 163 698 237 721; x_wconf 80' lang='lat' dir='ltr'><strong>vente</strong></span> <span class='ocrx_word' id='word_1_88' title='bbox 252 693 350 729; x_wconf 75' lang='lat' dir='ltr'><strong>gratia.</strong></span> <span class='ocrx_word' id='word_1_89' title='bbox 368 692 401 720; x_wconf 82' lang='lat' dir='ltr'><strong>Et</strong></span> <span class='ocrx_word' id='word_1_90' title='bbox 413 701 473 720; x_wconf 90' lang='lat' dir='ltr'><strong>eam</strong></span> <span class='ocrx_word' id='word_1_91' title='bbox 488 693 598 728; x_wconf 86' lang='lat' dir='ltr'><strong>quidem</strong></span> <span class='ocrx_word' id='word_1_92' title='bbox 614 693 653 721; x_wconf 90' lang='lat' dir='ltr'><strong>sic</strong></span> <span class='ocrx_word' id='word_1_93' title='bbox 670 694 768 721; x_wconf 87' lang='lat' dir='ltr'><strong>tollunt</strong></span> <span class='ocrx_word' id='word_1_94' title='bbox 784 699 943 729; x_wconf 88' lang='lat' dir='ltr'><strong>:apponunt</strong></span> 
     </span>
    </p>
   </div>
   <div class='ocr_carea' id='block_1_15' title="bbox 164 738 941 775">
    <p class='ocr_par' dir='ltr' id='par_1_15' title="bbox 164 738 941 775">
     <span class='ocr_line' id='line_1_15' title="bbox 164 738 941 775; baseline 0 -8"><span class='ocrx_word' id='word_1_95' title='bbox 164 744 260 771; x_wconf 84' lang='lat' dir='ltr'><strong>autem,</strong></span> <span class='ocrx_word' id='word_1_96' title='bbox 281 747 363 775; x_wconf 89' lang='lat' dir='ltr'><strong>quam</strong></span> <span class='ocrx_word' id='word_1_97' title='bbox 381 738 577 775; x_wconf 82' lang='lat' dir='ltr'><strong>Hierosolymis</strong></span> <span class='ocrx_word' id='word_1_98' title='bbox 601 738 633 766; x_wconf 88' lang='lat' dir='ltr'><strong>ad</strong></span> <span class='ocrx_word' id='word_1_99' title='bbox 648 739 708 774; x_wconf 86' lang='lat' dir='ltr'><strong>ejus</strong></span> <span class='ocrx_word' id='word_1_100' title='bbox 734 739 941 767; x_wconf 78' lang='lat' dir='ltr'><strong>similitudinem</strong></span> 
     </span>
    </p>
   </div>
   <div class='ocr_carea' id='block_1_16' title="bbox 163 785 943 821">
    <p class='ocr_par' dir='ltr' id='par_1_16' title="bbox 163 785 943 821">
     <span class='ocr_line' id='line_1_16' title="bbox 163 785 943 821; baseline 0.003 -10"><span class='ocrx_word' id='word_1_101' title='bbox 163 785 279 812; x_wconf 88' lang='lat' dir='ltr'><strong>l&#39;abricati</strong></span> <span class='ocrx_word' id='word_1_102' title='bbox 301 785 420 817; x_wconf 78' lang='lat' dir='ltr'><strong>fuerant,</strong></span> <span class='ocrx_word' id='word_1_103' title='bbox 437 793 498 812; x_wconf 93' lang='lat' dir='ltr'><strong>eum</strong></span> <span class='ocrx_word' id='word_1_104' title='bbox 514 785 539 812; x_wconf 91' lang='lat' dir='ltr'><strong>ei</strong></span> <span class='ocrx_word' id='word_1_105' title='bbox 553 785 635 812; x_wconf 89' lang='lat' dir='ltr'><strong>etiam</strong></span> <span class='ocrx_word' id='word_1_106' title='bbox 651 785 846 820; x_wconf 89' lang='lat' dir='ltr'><strong>imposuissent</strong></span> <span class='ocrx_word' id='word_1_107' title='bbox 861 793 943 821; x_wconf 87' lang='lat' dir='ltr'><strong>oper-</strong></span> 
     </span>
    </p>
   </div>
   <div class='ocr_carea' id='block_1_17' title="bbox 163 831 889 866">
    <p class='ocr_par' dir='ltr' id='par_1_17' title="bbox 163 831 889 866">
     <span class='ocr_line' id='line_1_17' title="bbox 163 831 889 866; baseline 0.003 -8"><span class='ocrx_word' id='word_1_108' title='bbox 163 831 257 859; x_wconf 84' lang='lat' dir='ltr'><strong>culum.</strong></span> <span class='ocrx_word' id='word_1_109' title='bbox 278 831 357 864; x_wconf 88' lang='lat' dir='ltr'><strong>Quod</strong></span> <span class='ocrx_word' id='word_1_110' title='bbox 371 832 481 866; x_wconf 84' lang='lat' dir='ltr'><strong>quidem</strong></span> <span class='ocrx_word' id='word_1_111' title='bbox 496 836 555 858; x_wconf 88' lang='lat' dir='ltr'><strong>erat</strong></span> <span class='ocrx_word' id='word_1_112' title='bbox 570 840 697 866; x_wconf 89' lang='lat' dir='ltr'><strong>aureum,</strong></span> <span class='ocrx_word' id='word_1_113' title='bbox 715 837 743 859; x_wconf 92' lang='lat' dir='ltr'><strong>ut</strong></span> <span class='ocrx_word' id='word_1_114' title='bbox 759 832 889 860; x_wconf 83' lang='lat' dir='ltr'><strong>diximus.</strong></span> 
     </span>
    </p>
   </div>
   <div class='ocr_carea' id='block_1_18' title="bbox 193 873 940 910">
    <p class='ocr_par' dir='ltr' id='par_1_18' title="bbox 193 873 940 910">
     <span class='ocr_line' id='line_1_18' title="bbox 193 873 940 910; baseline 0.003 -9"><span class='ocrx_word' id='word_1_115' title='bbox 193 873 234 901; x_wconf 87' lang='lat' dir='ltr'><strong>LI.</strong></span> <span class='ocrx_word' id='word_1_116' title='bbox 263 874 333 902; x_wconf 89' lang='lat' dir='ltr'><strong>Cum</strong></span> <span class='ocrx_word' id='word_1_117' title='bbox 364 875 485 910; x_wconf 90' lang='lat' dir='ltr'><strong>primum</strong></span> <span class='ocrx_word' id='word_1_118' title='bbox 516 880 607 902; x_wconf 87' lang='lat' dir='ltr'><strong>autem</strong></span> <span class='ocrx_word' id='word_1_119' title='bbox 642 876 786 908; x_wconf 80' lang='lat' dir='ltr'><strong>illuxisset,</strong></span> <span class='ocrx_word' id='word_1_120' title='bbox 818 882 940 903; x_wconf 84' lang='lat' dir='ltr'><strong>sanctam</strong></span> 
     </span>
    </p>
   </div>
   <div class='ocr_carea' id='block_1_19' title="bbox 163 920 942 956">
    <p class='ocr_par' dir='ltr' id='par_1_19' title="bbox 163 920 942 956">
     <span class='ocr_line' id='line_1_19' title="bbox 163 920 942 956; baseline 0 -8"><span class='ocrx_word' id='word_1_121' title='bbox 163 921 300 948; x_wconf 80' lang='lat' dir='ltr'><strong>mulierem</strong></span> <span class='ocrx_word' id='word_1_122' title='bbox 317 920 427 955; x_wconf 87' lang='lat' dir='ltr'><strong>quidem</strong></span> <span class='ocrx_word' id='word_1_123' title='bbox 441 921 540 955; x_wconf 85' lang='lat' dir='ltr'><strong>jnbent</strong></span> <span class='ocrx_word' id='word_1_124' title='bbox 557 922 658 954; x_wconf 70' lang='lat' dir='ltr'><strong>valere,</strong></span> <span class='ocrx_word' id='word_1_125' title='bbox 674 926 701 948; x_wconf 91' lang='lat' dir='ltr'><strong>et</strong></span> <span class='ocrx_word' id='word_1_126' title='bbox 733 926 828 956; x_wconf 81' lang='lat' dir='ltr'><strong>rogant</strong></span> <span class='ocrx_word' id='word_1_127' title='bbox 843 926 872 948; x_wconf 88' lang='lat' dir='ltr'><strong>ut</strong></span> <span class='ocrx_word' id='word_1_128' title='bbox 888 929 942 948; x_wconf 93' lang='lat' dir='ltr'><strong>non</strong></span> 
     </span>
    </p>
   </div>
   <div class='ocr_carea' id='block_1_20' title="bbox 164 966 944 1002">
    <p class='ocr_par' dir='ltr' id='par_1_20' title="bbox 164 966 944 1002">
     <span class='ocr_line' id='line_1_20' title="bbox 164 966 944 1002; baseline 0 -9"><span class='ocrx_word' id='word_1_129' title='bbox 164 970 246 993; x_wconf 76' lang='lat' dir='ltr'><strong>cesset</strong></span> <span class='ocrx_word' id='word_1_130' title='bbox 259 974 310 1002; x_wconf 89' lang='lat' dir='ltr'><strong>pro</strong></span> <span class='ocrx_word' id='word_1_131' title='bbox 327 966 366 993; x_wconf 87' lang='lat' dir='ltr'><strong>eis</strong></span> <span class='ocrx_word' id='word_1_132' title='bbox 381 973 471 998; x_wconf 82' lang='lat' dir='ltr'><strong>Orare,</strong></span> <span class='ocrx_word' id='word_1_133' title='bbox 486 970 514 993; x_wconf 87' lang='lat' dir='ltr'><strong>et</strong></span> <span class='ocrx_word' id='word_1_134' title='bbox 527 974 620 993; x_wconf 92' lang='lat' dir='ltr'><strong>eorum</strong></span> <span class='ocrx_word' id='word_1_135' title='bbox 638 966 727 994; x_wconf 81' lang='lat' dir='ltr'><strong>iacere</strong></span> <span class='ocrx_word' id='word_1_136' title='bbox 744 974 944 994; x_wconf 78' lang='lat' dir='ltr'><strong>commemora-</strong></span> 
     </span>
    </p>
   </div>
   <div class='ocr_carea' id='block_1_21' title="bbox 165 1012 944 1047">
    <p class='ocr_par' dir='ltr' id='par_1_21' title="bbox 165 1012 944 1047">
     <span class='ocr_line' id='line_1_21' title="bbox 165 1012 944 1047; baseline -0.001 -7"><span class='ocrx_word' id='word_1_137' title='bbox 165 1013 273 1040; x_wconf 86' lang='lat' dir='ltr'><strong>tionem.</strong></span> <span class='ocrx_word' id='word_1_138' title='bbox 299 1012 402 1039; x_wconf 86' lang='lat' dir='ltr'><strong>Deinde</strong></span> <span class='ocrx_word' id='word_1_139' title='bbox 419 1012 444 1040; x_wconf 91' lang='lat' dir='ltr'><strong>ei</strong></span> <span class='ocrx_word' id='word_1_140' title='bbox 464 1020 572 1047; x_wconf 90' lang='lat' dir='ltr'><strong>quoque</strong></span> <span class='ocrx_word' id='word_1_141' title='bbox 592 1012 677 1047; x_wconf 77' lang='lat' dir='ltr'><strong>digito</strong></span> <span class='ocrx_word' id='word_1_142' title='bbox 697 1012 846 1039; x_wconf 88' lang='lat' dir='ltr'><strong>ostendunt</strong></span> <span class='ocrx_word' id='word_1_143' title='bbox 864 1020 944 1047; x_wconf 86' lang='lat' dir='ltr'><strong>oper-</strong></span> 
     </span>
    </p>
   </div>
   <div class='ocr_carea' id='block_1_22' title="bbox 164 1058 943 1094">
    <p class='ocr_par' dir='ltr' id='par_1_22' title="bbox 164 1058 943 1094">
     <span class='ocr_line' id='line_1_22' title="bbox 164 1058 943 1094; baseline -0.001 -8"><span class='ocrx_word' id='word_1_144' title='bbox 164 1058 260 1090; x_wconf 87' lang='lat' dir='ltr'><strong>culum,</strong></span> <span class='ocrx_word' id='word_1_145' title='bbox 273 1058 352 1093; x_wconf 88' lang='lat' dir='ltr'><strong>quasi</strong></span> <span class='ocrx_word' id='word_1_146' title='bbox 365 1066 457 1086; x_wconf 81' lang='lat' dir='ltr'><strong>veram</strong></span> <span class='ocrx_word' id='word_1_147' title='bbox 472 1058 544 1085; x_wconf 89' lang='lat' dir='ltr'><strong>illam</strong></span> <span class='ocrx_word' id='word_1_148' title='bbox 560 1063 663 1094; x_wconf 80' lang='lat' dir='ltr'><strong>tegeret</strong></span> <span class='ocrx_word' id='word_1_149' title='bbox 675 1063 701 1085; x_wconf 89' lang='lat' dir='ltr'><strong>et</strong></span> <span class='ocrx_word' id='word_1_150' title='bbox 712 1059 827 1093; x_wconf 88' lang='lat' dir='ltr'><strong>primam</strong></span> <span class='ocrx_word' id='word_1_151' title='bbox 842 1066 943 1091; x_wconf 90' lang='lat' dir='ltr'><strong>arcam,</strong></span> 
     </span>
    </p>
   </div>
   <div class='ocr_carea' id='block_1_23' title="bbox 164 1103 944 1138">
    <p class='ocr_par' dir='ltr' id='par_1_23' title="bbox 164 1103 944 1138">
     <span class='ocr_line' id='line_1_23' title="bbox 164 1103 944 1138; baseline 0 -8"><span class='ocrx_word' id='word_1_152' title='bbox 164 1103 231 1137; x_wconf 91' lang='lat' dir='ltr'><strong>quod</strong></span> <span class='ocrx_word' id='word_1_153' title='bbox 257 1103 364 1130; x_wconf 87' lang='lat' dir='ltr'><strong>mulieri</strong></span> <span class='ocrx_word' id='word_1_154' title='bbox 392 1110 498 1138; x_wconf 85' lang='lat' dir='ltr'><strong>quoque</strong></span> <span class='ocrx_word' id='word_1_155' title='bbox 525 1103 612 1130; x_wconf 90' lang='lat' dir='ltr'><strong>visum</strong></span> <span class='ocrx_word' id='word_1_156' title='bbox 639 1107 681 1130; x_wconf 79' lang='lat' dir='ltr'><strong>est</strong></span> <span class='ocrx_word' id='word_1_157' title='bbox 706 1103 739 1130; x_wconf 90' lang='lat' dir='ltr'><strong>ab</strong></span> <span class='ocrx_word' id='word_1_158' title='bbox 764 1103 816 1131; x_wconf 89' lang='lat' dir='ltr'><strong>illis</strong></span> <span class='ocrx_word' id='word_1_159' title='bbox 834 1103 944 1131; x_wconf 78' lang='lat' dir='ltr'><strong>allatum</strong></span> 
     </span>
    </p>
   </div>
   <div class='ocr_carea' id='block_1_24' title="bbox 164 1148 945 1183">
    <p class='ocr_par' dir='ltr' id='par_1_24' title="bbox 164 1148 945 1183">
     <span class='ocr_line' id='line_1_24' title="bbox 164 1148 945 1183; baseline 0.003 -8"><span class='ocrx_word' id='word_1_160' title='bbox 164 1156 220 1176; x_wconf 84' lang='lat' dir='ltr'><strong>esse</strong></span> <span class='ocrx_word' id='word_1_161' title='bbox 245 1148 357 1176; x_wconf 85' lang='lat' dir='ltr'><strong>honoris</strong></span> <span class='ocrx_word' id='word_1_162' title='bbox 375 1148 472 1183; x_wconf 76' lang='lat' dir='ltr'><strong>gratia.</strong></span> <span class='ocrx_word' id='word_1_163' title='bbox 489 1149 521 1176; x_wconf 90' lang='lat' dir='ltr'><strong>Et</strong></span> <span class='ocrx_word' id='word_1_164' title='bbox 545 1157 606 1176; x_wconf 94' lang='lat' dir='ltr'><strong>cum</strong></span> <span class='ocrx_word' id='word_1_165' title='bbox 625 1153 752 1183; x_wconf 69' lang='lat' dir='ltr'><strong>prmtcrca</strong></span> <span class='ocrx_word' id='word_1_166' title='bbox 771 1149 803 1176; x_wconf 91' lang='lat' dir='ltr'><strong>iis</strong></span> <span class='ocrx_word' id='word_1_167' title='bbox 816 1149 861 1183; x_wconf 85' lang='lat' dir='ltr'><strong>qui</strong></span> <span class='ocrx_word' id='word_1_168' title='bbox 887 1149 945 1177; x_wconf 84' lang='lat' dir='ltr'><strong>luc-</strong></span> 
     </span>
    </p>
   </div>
   <div class='ocr_carea' id='block_1_25' title="bbox 165 1194 945 1230">
    <p class='ocr_par' dir='ltr' id='par_1_25' title="bbox 165 1194 945 1230">
     <span class='ocr_line' id='line_1_25' title="bbox 165 1194 945 1230; baseline 0.003 -9"><span class='ocrx_word' id='word_1_169' title='bbox 165 1200 222 1221; x_wconf 84' lang='lat' dir='ltr'><strong>rant</strong></span> <span class='ocrx_word' id='word_1_170' title='bbox 268 1194 395 1226; x_wconf 87' lang='lat' dir='ltr'><strong>inventi,</strong></span> <span class='ocrx_word' id='word_1_171' title='bbox 430 1195 598 1229; x_wconf 81' lang='lat' dir='ltr'><strong>pauperibus</strong></span> <span class='ocrx_word' id='word_1_172' title='bbox 634 1195 853 1230; x_wconf 63' lang='lat' dir='ltr'><strong>suppeditasu-nt</strong></span> <span class='ocrx_word' id='word_1_173' title='bbox 885 1204 945 1230; x_wconf 66' lang='lat' dir='ltr'><strong>qum</strong></span> 
     </span>
    </p>
   </div>
   <div class='ocr_carea' id='block_1_26' title="bbox 165 1232 945 1276">
    <p class='ocr_par' dir='ltr' id='par_1_26' title="bbox 165 1232 945 1276">
     <span class='ocr_line' id='line_1_26' title="bbox 165 1232 945 1276; baseline 0.003 -10"><span class='ocrx_word' id='word_1_174' title='bbox 165 1245 236 1267; x_wconf 80' lang='lat' dir='ltr'><strong>erant</strong></span> <span class='ocrx_word' id='word_1_175' title='bbox 266 1241 430 1272; x_wconf 78' lang='lat' dir='ltr'><strong>necessaria,</strong></span> <span class='ocrx_word' id='word_1_176' title='bbox 447 1232 524 1267; x_wconf 85' lang='lat' dir='ltr'><strong>valde</strong></span> <span class='ocrx_word' id='word_1_177' title='bbox 550 1241 601 1267; x_wconf 72' lang='lat' dir='ltr'><strong>Ireti</strong></span> <span class='ocrx_word' id='word_1_178' title='bbox 618 1241 743 1275; x_wconf 86' lang='lat' dir='ltr'><strong>protinus</strong></span> <span class='ocrx_word' id='word_1_179' title='bbox 762 1241 814 1268; x_wconf 86' lang='lat' dir='ltr'><strong>iter</strong></span> <span class='ocrx_word' id='word_1_180' title='bbox 830 1241 945 1276; x_wconf 72' lang='lat' dir='ltr'><strong>ingrcssi</strong></span> 
     </span>
    </p>
   </div>
   <div class='ocr_carea' id='block_1_27' title="bbox 165 1286 945 1321">
    <p class='ocr_par' dir='ltr' id='par_1_27' title="bbox 165 1286 945 1321">
     <span class='ocr_line' id='line_1_27' title="bbox 165 1286 945 1321; baseline 0 -7"><span class='ocrx_word' id='word_1_181' title='bbox 165 1291 234 1317; x_wconf 76' lang='lat' dir='ltr'><strong>Sunt,</strong></span> <span class='ocrx_word' id='word_1_182' title='bbox 255 1287 367 1313; x_wconf 90' lang='lat' dir='ltr'><strong>domum</strong></span> <span class='ocrx_word' id='word_1_183' title='bbox 393 1286 540 1314; x_wconf 84' lang='lat' dir='ltr'><strong>reversuri.</strong></span> <span class='ocrx_word' id='word_1_184' title='bbox 567 1287 713 1321; x_wconf 80' lang='lat' dir='ltr'><strong>Postquam</strong></span> <span class='ocrx_word' id='word_1_185' title='bbox 740 1293 832 1314; x_wconf 85' lang='lat' dir='ltr'><strong>autem</strong></span> <span class='ocrx_word' id='word_1_186' title='bbox 854 1288 945 1315; x_wconf 87' lang='lat' dir='ltr'><strong>venis-</strong></span> 
     </span>
    </p>
   </div>
   <div class='ocr_carea' id='block_1_28' title="bbox 166 1333 943 1369">
    <p class='ocr_par' dir='ltr' id='par_1_28' title="bbox 166 1333 943 1369">
     <span class='ocr_line' id='line_1_28' title="bbox 166 1333 943 1369; baseline 0 -7"><span class='ocrx_word' id='word_1_187' title='bbox 166 1339 222 1362; x_wconf 82' lang='lat' dir='ltr'><strong>sent</strong></span> <span class='ocrx_word' id='word_1_188' title='bbox 249 1333 418 1369; x_wconf 84' lang='lat' dir='ltr'><strong>Byzantium,</strong></span> <span class='ocrx_word' id='word_1_189' title='bbox 444 1342 498 1360; x_wconf 92' lang='lat' dir='ltr'><strong>non</strong></span> <span class='ocrx_word' id='word_1_190' title='bbox 525 1335 671 1361; x_wconf 88' lang='lat' dir='ltr'><strong>honestum</strong></span> <span class='ocrx_word' id='word_1_191' title='bbox 696 1342 756 1361; x_wconf 86' lang='lat' dir='ltr'><strong>esse</strong></span> <span class='ocrx_word' id='word_1_192' title='bbox 779 1339 943 1366; x_wconf 81' lang='lat' dir='ltr'><strong>statuerunt.</strong></span> 
     </span>
    </p>
   </div>
   <div class='ocr_carea' id='block_1_29' title="bbox 166 1379 946 1415">
    <p class='ocr_par' dir='ltr' id='par_1_29' title="bbox 166 1379 946 1415">
     <span class='ocr_line' id='line_1_29' title="bbox 166 1379 946 1415; baseline -0.001 -9"><span class='ocrx_word' id='word_1_193' title='bbox 166 1379 196 1406; x_wconf 89' lang='lat' dir='ltr'><strong>iis</strong></span> <span class='ocrx_word' id='word_1_194' title='bbox 217 1379 265 1414; x_wconf 86' lang='lat' dir='ltr'><strong>qui</strong></span> <span class='ocrx_word' id='word_1_195' title='bbox 286 1379 333 1406; x_wconf 87' lang='lat' dir='ltr'><strong>illo</strong></span> <span class='ocrx_word' id='word_1_196' title='bbox 356 1384 478 1414; x_wconf 85' lang='lat' dir='ltr'><strong>tempore</strong></span> <span class='ocrx_word' id='word_1_197' title='bbox 504 1384 593 1412; x_wconf 84' lang='lat' dir='ltr'><strong>erant,</strong></span> <span class='ocrx_word' id='word_1_198' title='bbox 619 1379 830 1414; x_wconf 75' lang='lat' dir='ltr'><strong>imperatoribus</strong></span> <span class='ocrx_word' id='word_1_199' title='bbox 846 1384 946 1415; x_wconf 82' lang='lat' dir='ltr'><strong>myste-</strong></span> 
     </span>
    </p>
   </div>
   <div class='ocr_carea' id='block_1_30' title="bbox 165 1425 946 1460">
    <p class='ocr_par' dir='ltr' id='par_1_30' title="bbox 165 1425 946 1460">
     <span class='ocr_line' id='line_1_30' title="bbox 165 1425 946 1460; baseline 0.001 -8"><span class='ocrx_word' id='word_1_200' title='bbox 165 1425 230 1452; x_wconf 89' lang='lat' dir='ltr'><strong>rium</strong></span> <span class='ocrx_word' id='word_1_201' title='bbox 254 1425 332 1460; x_wconf 88' lang='lat' dir='ltr'><strong>prius</strong></span> <span class='ocrx_word' id='word_1_202' title='bbox 356 1425 570 1458; x_wconf 84' lang='lat' dir='ltr'><strong>communicare,</strong></span> <span class='ocrx_word' id='word_1_203' title='bbox 594 1433 675 1460; x_wconf 86' lang='lat' dir='ltr'><strong>quam</strong></span> <span class='ocrx_word' id='word_1_204' title='bbox 703 1425 876 1460; x_wconf 57' lang='lat' dir='ltr'><strong>patriarcha}.</strong></span> <span class='ocrx_word' id='word_1_205' title='bbox 895 1425 946 1453; x_wconf 80' lang='lat' dir='ltr'><strong>Eos</strong></span> 
     </span>
    </p>
   </div>
   <div class='ocr_carea' id='block_1_31' title="bbox 165 1471 947 1506">
    <p class='ocr_par' dir='ltr' id='par_1_31' title="bbox 165 1471 947 1506">
     <span class='ocr_line' id='line_1_31' title="bbox 165 1471 947 1506; baseline 0.003 -9"><span class='ocrx_word' id='word_1_206' title='bbox 165 1471 232 1498; x_wconf 92' lang='lat' dir='ltr'><strong>enim</strong></span> <span class='ocrx_word' id='word_1_207' title='bbox 253 1471 361 1498; x_wconf 84' lang='lat' dir='ltr'><strong>subibat</strong></span> <span class='ocrx_word' id='word_1_208' title='bbox 387 1471 478 1503; x_wconf 90' lang='lat' dir='ltr'><strong>timor,</strong></span> <span class='ocrx_word' id='word_1_209' title='bbox 504 1479 538 1499; x_wconf 86' lang='lat' dir='ltr'><strong>ne</strong></span> <span class='ocrx_word' id='word_1_210' title='bbox 555 1471 627 1506; x_wconf 91' lang='lat' dir='ltr'><strong>quod</strong></span> <span class='ocrx_word' id='word_1_211' title='bbox 647 1471 698 1506; x_wconf 90' lang='lat' dir='ltr'><strong>ipsi</strong></span> <span class='ocrx_word' id='word_1_212' title='bbox 719 1480 798 1499; x_wconf 89' lang='lat' dir='ltr'><strong>suum</strong></span> <span class='ocrx_word' id='word_1_213' title='bbox 820 1479 880 1500; x_wconf 87' lang='lat' dir='ltr'><strong>esse</strong></span> <span class='ocrx_word' id='word_1_214' title='bbox 900 1472 947 1499; x_wconf 88' lang='lat' dir='ltr'><strong>bo-</strong></span> 
     </span>
    </p>
   </div>
   <div class='ocr_carea' id='block_1_32' title="bbox 166 1517 946 1553">
    <p class='ocr_par' dir='ltr' id='par_1_32' title="bbox 166 1517 946 1553">
     <span class='ocr_line' id='line_1_32' title="bbox 166 1517 946 1553; baseline 0 -9"><span class='ocrx_word' id='word_1_215' title='bbox 166 1525 226 1544; x_wconf 91' lang='lat' dir='ltr'><strong>num</strong></span> <span class='ocrx_word' id='word_1_216' title='bbox 244 1521 408 1548; x_wconf 84' lang='lat' dir='ltr'><strong>statuerant.</strong></span> <span class='ocrx_word' id='word_1_217' title='bbox 426 1525 459 1543; x_wconf 83' lang='lat' dir='ltr'><strong>co</strong></span> <span class='ocrx_word' id='word_1_218' title='bbox 480 1517 514 1545; x_wconf 86' lang='lat' dir='ltr'><strong>ab</strong></span> <span class='ocrx_word' id='word_1_219' title='bbox 531 1517 584 1544; x_wconf 85' lang='lat' dir='ltr'><strong>illis</strong></span> <span class='ocrx_word' id='word_1_220' title='bbox 599 1517 783 1552; x_wconf 84' lang='lat' dir='ltr'><strong>privarentur.</strong></span> <span class='ocrx_word' id='word_1_221' title='bbox 801 1518 866 1546; x_wconf 90' lang='lat' dir='ltr'><strong>Cum</strong></span> <span class='ocrx_word' id='word_1_222' title='bbox 882 1526 946 1553; x_wconf 78' lang='lat' dir='ltr'><strong>ergo</strong></span> 
     </span>
    </p>
   </div>
   <div class='ocr_carea' id='block_1_33' title="bbox 165 1563 946 1599">
    <p class='ocr_par' dir='ltr' id='par_1_33' title="bbox 165 1563 946 1599">
     <span class='ocr_line' id='line_1_33' title="bbox 165 1563 946 1599; baseline 0.001 -9"><span class='ocrx_word' id='word_1_223' title='bbox 165 1563 245 1590; x_wconf 85' lang='lat' dir='ltr'><strong>multa</strong></span> <span class='ocrx_word' id='word_1_224' title='bbox 280 1563 495 1594; x_wconf 82' lang='lat' dir='ltr'><strong>consultassent,</strong></span> <span class='ocrx_word' id='word_1_225' title='bbox 527 1563 566 1590; x_wconf 89' lang='lat' dir='ltr'><strong>eis</strong></span> <span class='ocrx_word' id='word_1_226' title='bbox 601 1564 659 1591; x_wconf 67' lang='lat' dir='ltr'><strong>haec</strong></span> <span class='ocrx_word' id='word_1_227' title='bbox 688 1564 746 1591; x_wconf 87' lang='lat' dir='ltr'><strong>visa</strong></span> <span class='ocrx_word' id='word_1_228' title='bbox 772 1569 813 1591; x_wconf 90' lang='lat' dir='ltr'><strong>est</strong></span> <span class='ocrx_word' id='word_1_229' title='bbox 844 1565 946 1599; x_wconf 87' lang='lat' dir='ltr'><strong>optima</strong></span> 
     </span>
    </p>
   </div>
   <div class='ocr_carea' id='block_1_34' title="bbox 165 1609 949 1645">
    <p class='ocr_par' dir='ltr' id='par_1_34' title="bbox 165 1609 949 1645">
     <span class='ocr_line' id='line_1_34' title="bbox 165 1609 949 1645; baseline 0.003 -9"><span class='ocrx_word' id='word_1_230' title='bbox 165 1609 310 1641; x_wconf 75' lang='lat' dir='ltr'><strong>Sententia,</strong></span> <span class='ocrx_word' id='word_1_231' title='bbox 339 1609 454 1636; x_wconf 83' lang='lat' dir='ltr'><strong>latenter</strong></span> <span class='ocrx_word' id='word_1_232' title='bbox 484 1617 531 1636; x_wconf 84' lang='lat' dir='ltr'><strong>eos</strong></span> <span class='ocrx_word' id='word_1_233' title='bbox 547 1609 580 1636; x_wconf 88' lang='lat' dir='ltr'><strong>ad</strong></span> <span class='ocrx_word' id='word_1_234' title='bbox 607 1609 659 1637; x_wconf 92' lang='lat' dir='ltr'><strong>hoe</strong></span> <span class='ocrx_word' id='word_1_235' title='bbox 684 1618 794 1645; x_wconf 89' lang='lat' dir='ltr'><strong>quoque</strong></span> <span class='ocrx_word' id='word_1_236' title='bbox 821 1616 949 1638; x_wconf 81' lang='lat' dir='ltr'><strong>mouente</strong></span> 
     </span>
    </p>
   </div>
   <div class='ocr_carea' id='block_1_35' title="bbox 165 1653 949 1690">
    <p class='ocr_par' dir='ltr' id='par_1_35' title="bbox 165 1653 949 1690">
     <span class='ocr_line' id='line_1_35' title="bbox 165 1653 949 1690; baseline 0.004 -10"><span class='ocrx_word' id='word_1_237' title='bbox 165 1653 288 1688; x_wconf 84' lang='lat' dir='ltr'><strong>Dcipara.</strong></span> <span class='ocrx_word' id='word_1_238' title='bbox 307 1654 374 1681; x_wconf 78' lang='lat' dir='ltr'><strong>Erat</strong></span> <span class='ocrx_word' id='word_1_239' title='bbox 397 1655 438 1682; x_wconf 89' lang='lat' dir='ltr'><strong>eis</strong></span> <span class='ocrx_word' id='word_1_240' title='bbox 463 1655 594 1690; x_wconf 83' lang='lat' dir='ltr'><strong>pr:edium</strong></span> <span class='ocrx_word' id='word_1_241' title='bbox 615 1656 687 1690; x_wconf 88' lang='lat' dir='ltr'><strong>apud</strong></span> <span class='ocrx_word' id='word_1_242' title='bbox 707 1664 799 1684; x_wconf 88' lang='lat' dir='ltr'><strong>muros</strong></span> <span class='ocrx_word' id='word_1_243' title='bbox 821 1657 949 1688; x_wconf 81' lang='lat' dir='ltr'><strong>civitatis,</strong></span> 
     </span>
    </p>
   </div>
   <div class='ocr_carea' id='block_1_36' title="bbox 165 1702 950 1736">
    <p class='ocr_par' dir='ltr' id='par_1_36' title="bbox 165 1702 950 1736">
     <span class='ocr_line' id='line_1_36' title="bbox 165 1702 950 1736; baseline 0.003 -8"><span class='ocrx_word' id='word_1_244' title='bbox 165 1702 346 1736; x_wconf 89' lang='lat' dir='ltr'><strong>propinquum</strong></span> <span class='ocrx_word' id='word_1_245' title='bbox 368 1702 465 1728; x_wconf 88' lang='lat' dir='ltr'><strong>marini</strong></span> <span class='ocrx_word' id='word_1_246' title='bbox 491 1702 567 1730; x_wconf 85' lang='lat' dir='ltr'><strong>sinus</strong></span> <span class='ocrx_word' id='word_1_247' title='bbox 592 1703 685 1730; x_wconf 86' lang='lat' dir='ltr'><strong>eornui</strong></span> <span class='ocrx_word' id='word_1_248' title='bbox 703 1703 779 1736; x_wconf 80' lang='lat' dir='ltr'><strong>(huic</strong></span> <span class='ocrx_word' id='word_1_249' title='bbox 809 1703 870 1730; x_wconf 90' lang='lat' dir='ltr'><strong>loco</strong></span> <span class='ocrx_word' id='word_1_250' title='bbox 901 1711 950 1730; x_wconf 88' lang='lat' dir='ltr'><strong>no—</strong></span> 
     </span>
    </p>
   </div>
   <div class='ocr_carea' id='block_1_37' title="bbox 166 1747 949 1783">
    <p class='ocr_par' dir='ltr' id='par_1_37' title="bbox 166 1747 949 1783">
     <span class='ocr_line' id='line_1_37' title="bbox 166 1747 949 1783; baseline 0.004 -11"><span class='ocrx_word' id='word_1_251' title='bbox 166 1755 223 1774; x_wconf 89' lang='lat' dir='ltr'><strong>men</strong></span> <span class='ocrx_word' id='word_1_252' title='bbox 251 1751 312 1774; x_wconf 88' lang='lat' dir='ltr'><strong>erat</strong></span> <span class='ocrx_word' id='word_1_253' title='bbox 341 1747 542 1780; x_wconf 75' lang='lat' dir='ltr'><strong>Blacehernce).</strong></span> <span class='ocrx_word' id='word_1_254' title='bbox 560 1747 588 1774; x_wconf 91' lang='lat' dir='ltr'><strong>lu</strong></span> <span class='ocrx_word' id='word_1_255' title='bbox 609 1755 642 1774; x_wconf 91' lang='lat' dir='ltr'><strong>eo</strong></span> <span class='ocrx_word' id='word_1_256' title='bbox 669 1752 816 1775; x_wconf 77' lang='lat' dir='ltr'><strong>exstruunt</strong></span> <span class='ocrx_word' id='word_1_257' title='bbox 841 1749 949 1783; x_wconf 86' lang='lat' dir='ltr'><strong>quidem</strong></span> 
     </span>
    </p>
   </div>
   <div class='ocr_carea' id='block_1_38' title="bbox 165 1793 951 1830">
    <p class='ocr_par' dir='ltr' id='par_1_38' title="bbox 165 1793 951 1830">
     <span class='ocr_line' id='line_1_38' title="bbox 165 1793 951 1830; baseline 0.003 -11"><span class='ocrx_word' id='word_1_258' title='bbox 165 1793 273 1819; x_wconf 91' lang='lat' dir='ltr'><strong>domum</strong></span> <span class='ocrx_word' id='word_1_259' title='bbox 298 1793 457 1820; x_wconf 78' lang='lat' dir='ltr'><strong>oratOriam.</strong></span> <span class='ocrx_word' id='word_1_260' title='bbox 477 1793 544 1820; x_wconf 89' lang='lat' dir='ltr'><strong>Cum</strong></span> <span class='ocrx_word' id='word_1_261' title='bbox 570 1798 660 1820; x_wconf 85' lang='lat' dir='ltr'><strong>autem</strong></span> <span class='ocrx_word' id='word_1_262' title='bbox 686 1794 726 1821; x_wconf 88' lang='lat' dir='ltr'><strong>eis</strong></span> <span class='ocrx_word' id='word_1_263' title='bbox 752 1802 856 1830; x_wconf 74' lang='lat' dir='ltr'><strong>magna:</strong></span> <span class='ocrx_word' id='word_1_264' title='bbox 878 1799 951 1822; x_wconf 85' lang='lat' dir='ltr'><strong>esset</strong></span> 
     </span>
    </p>
   </div>
   <div class='ocr_carea' id='block_1_39' title="bbox 166 1839 952 1876">
    <p class='ocr_par' dir='ltr' id='par_1_39' title="bbox 166 1839 952 1876">
     <span class='ocr_line' id='line_1_39' title="bbox 166 1839 952 1876; baseline 0.003 -10"><span class='ocrx_word' id='word_1_265' title='bbox 166 1847 234 1866; x_wconf 77' lang='lat' dir='ltr'><strong>cura:</strong></span> <span class='ocrx_word' id='word_1_266' title='bbox 252 1844 282 1866; x_wconf 91' lang='lat' dir='ltr'><strong>ut</strong></span> <span class='ocrx_word' id='word_1_267' title='bbox 297 1839 434 1874; x_wconf 71' lang='lat' dir='ltr'><strong>(laterent,</strong></span> <span class='ocrx_word' id='word_1_268' title='bbox 458 1839 531 1867; x_wconf 89' lang='lat' dir='ltr'><strong>Petri</strong></span> <span class='ocrx_word' id='word_1_269' title='bbox 554 1841 739 1874; x_wconf 84' lang='lat' dir='ltr'><strong>apostolurum</strong></span> <span class='ocrx_word' id='word_1_270' title='bbox 773 1841 904 1876; x_wconf 86' lang='lat' dir='ltr'><strong>principis</strong></span> <span class='ocrx_word' id='word_1_271' title='bbox 925 1846 952 1868; x_wconf 88' lang='lat' dir='ltr'><strong>et</strong></span> 
     </span>
    </p>
   </div>
   <div class='ocr_carea' id='block_1_40' title="bbox 166 1885 951 1914">
    <p class='ocr_par' dir='ltr' id='par_1_40' title="bbox 166 1885 951 1914">
     <span class='ocr_line' id='line_1_40' title="bbox 166 1885 951 1914; baseline 0.003 -2"><span class='ocrx_word' id='word_1_272' title='bbox 166 1885 244 1913; x_wconf 69' lang='lat' dir='ltr'><strong>llarci</strong></span> <span class='ocrx_word' id='word_1_273' title='bbox 262 1885 376 1913; x_wconf 91' lang='lat' dir='ltr'><strong>domum</strong></span> <span class='ocrx_word' id='word_1_274' title='bbox 396 1885 550 1913; x_wconf 90' lang='lat' dir='ltr'><strong>nominant.</strong></span> <span class='ocrx_word' id='word_1_275' title='bbox 571 1886 638 1913; x_wconf 89' lang='lat' dir='ltr'><strong>Cum</strong></span> <span class='ocrx_word' id='word_1_276' title='bbox 659 1887 685 1913; x_wconf 91' lang='lat' dir='ltr'><strong>in</strong></span> <span class='ocrx_word' id='word_1_277' title='bbox 703 1893 736 1913; x_wconf 85' lang='lat' dir='ltr'><strong>eo</strong></span> <span class='ocrx_word' id='word_1_278' title='bbox 754 1890 827 1913; x_wconf 84' lang='lat' dir='ltr'><strong>certe</strong></span> <span class='ocrx_word' id='word_1_279' title='bbox 844 1895 951 1914; x_wconf 88' lang='lat' dir='ltr'><strong>sacrum</strong></span> 
     </span>
    </p>
   </div>
   <div class='ocr_carea' id='block_1_41' title="bbox 167 1931 951 1967">
    <p class='ocr_par' dir='ltr' id='par_1_41' title="bbox 167 1931 951 1967">
     <span class='ocr_line' id='line_1_41' title="bbox 167 1931 951 1967; baseline 0.001 -9"><span class='ocrx_word' id='word_1_280' title='bbox 167 1931 238 1958; x_wconf 87' lang='lat' dir='ltr'><strong>illum</strong></span> <span class='ocrx_word' id='word_1_281' title='bbox 255 1932 416 1959; x_wconf 83' lang='lat' dir='ltr'><strong>thesaurum</strong></span> <span class='ocrx_word' id='word_1_282' title='bbox 433 1932 600 1967; x_wconf 86' lang='lat' dir='ltr'><strong>posuissent,</strong></span> <span class='ocrx_word' id='word_1_283' title='bbox 621 1939 704 1959; x_wconf 88' lang='lat' dir='ltr'><strong>omne</strong></span> <span class='ocrx_word' id='word_1_284' title='bbox 719 1931 809 1960; x_wconf 85' lang='lat' dir='ltr'><strong>statim</strong></span> <span class='ocrx_word' id='word_1_285' title='bbox 833 1933 951 1960; x_wconf 91' lang='lat' dir='ltr'><strong>studium</strong></span> 
     </span>
    </p>
   </div>
   <div class='ocr_carea' id='block_1_42' title="bbox 165 1977 951 2014">
    <p class='ocr_par' dir='ltr' id='par_1_42' title="bbox 165 1977 951 2014">
     <span class='ocr_line' id='line_1_42' title="bbox 165 1977 951 2014; baseline 0.003 -10"><span class='ocrx_word' id='word_1_286' title='bbox 165 1977 359 2009; x_wconf 87' lang='lat' dir='ltr'><strong>adhibuerunt,</strong></span> <span class='ocrx_word' id='word_1_287' title='bbox 371 1982 401 2004; x_wconf 92' lang='lat' dir='ltr'><strong>ut</strong></span> <span class='ocrx_word' id='word_1_288' title='bbox 411 1977 438 2004; x_wconf 92' lang='lat' dir='ltr'><strong>in</strong></span> <span class='ocrx_word' id='word_1_289' title='bbox 449 1978 550 2013; x_wconf 89' lang='lat' dir='ltr'><strong>templo</strong></span> <span class='ocrx_word' id='word_1_290' title='bbox 564 1983 637 2006; x_wconf 87' lang='lat' dir='ltr'><strong>esset</strong></span> <span class='ocrx_word' id='word_1_291' title='bbox 649 1983 780 2014; x_wconf 86' lang='lat' dir='ltr'><strong>perpetua</strong></span> <span class='ocrx_word' id='word_1_292' title='bbox 793 1979 951 2014; x_wconf 83' lang='lat' dir='ltr'><strong>hymnodia,</strong></span> 
     </span>
    </p>
   </div>
   <div class='ocr_carea' id='block_1_43' title="bbox 164 2023 951 2058">
    <p class='ocr_par' dir='ltr' id='par_1_43' title="bbox 164 2023 951 2058">
     <span class='ocr_line' id='line_1_43' title="bbox 164 2023 951 2058; baseline 0.003 -9"><span class='ocrx_word' id='word_1_293' title='bbox 164 2027 314 2058; x_wconf 90' lang='lat' dir='ltr'><strong>perpetuus</strong></span> <span class='ocrx_word' id='word_1_294' title='bbox 330 2023 400 2050; x_wconf 85' lang='lat' dir='ltr'><strong>odor</strong></span> <span class='ocrx_word' id='word_1_295' title='bbox 418 2028 581 2056; x_wconf 87' lang='lat' dir='ltr'><strong>aromatum,</strong></span> <span class='ocrx_word' id='word_1_296' title='bbox 608 2028 636 2051; x_wconf 89' lang='lat' dir='ltr'><strong>et</strong></span> <span class='ocrx_word' id='word_1_297' title='bbox 668 2024 795 2052; x_wconf 84' lang='lat' dir='ltr'><strong>assiduus</strong></span> <span class='ocrx_word' id='word_1_298' title='bbox 821 2024 951 2058; x_wconf 85' lang='lat' dir='ltr'><strong>splendor</strong></span> 
     </span>
    </p>
   </div>
   <div class='ocr_carea' id='block_1_44' title="bbox 163 2068 951 2105">
    <p class='ocr_par' dir='ltr' id='par_1_44' title="bbox 163 2068 951 2105">
     <span class='ocr_line' id='line_1_44' title="bbox 163 2068 951 2105; baseline 0.001 -9"><span class='ocrx_word' id='word_1_299' title='bbox 163 2068 308 2097; x_wconf 89' lang='lat' dir='ltr'><strong>luminum.</strong></span> <span class='ocrx_word' id='word_1_300' title='bbox 328 2069 361 2097; x_wconf 88' lang='lat' dir='ltr'><strong>Et</strong></span> <span class='ocrx_word' id='word_1_301' title='bbox 375 2069 414 2097; x_wconf 90' lang='lat' dir='ltr'><strong>sic</strong></span> <span class='ocrx_word' id='word_1_302' title='bbox 432 2070 542 2104; x_wconf 89' lang='lat' dir='ltr'><strong>quidem</strong></span> <span class='ocrx_word' id='word_1_303' title='bbox 565 2069 645 2105; x_wconf 76' lang='lat' dir='ltr'><strong>longo</strong></span> <span class='ocrx_word' id='word_1_304' title='bbox 671 2074 793 2098; x_wconf 79' lang='lat' dir='ltr'><strong>temnere</strong></span> <span class='ocrx_word' id='word_1_305' title='bbox 813 2070 865 2097; x_wconf 91' lang='lat' dir='ltr'><strong>hoc</strong></span> <span class='ocrx_word' id='word_1_306' title='bbox 881 2069 951 2097; x_wconf 83' lang='lat' dir='ltr'><strong>divi-</strong></span> 
     </span>
    </p>
   </div>
   <div class='ocr_carea' id='block_1_45' title="bbox 962 1595 985 1625">
    <p class='ocr_par' dir='ltr' id='par_1_45' title="bbox 962 1595 985 1625">
     <span class='ocr_line' id='line_1_45' title="bbox 962 1595 985 1625; baseline 0 0"><span class='ocrx_word' id='word_1_307' title='bbox 962 1595 985 1625; x_wconf 80' lang='lat' dir='ltr'><strong>C</strong></span> 
     </span>
    </p>
   </div>
   <div class='ocr_carea' id='block_1_46' title="bbox 1029 283 1777 319">
    <p class='ocr_par' dir='ltr' id='par_1_46' title="bbox 1029 283 1777 319">
     <span class='ocr_line' id='line_1_46' title="bbox 1029 283 1777 319; baseline -0.005 -7"><span class='ocrx_word' id='word_1_308' title='bbox 1029 285 1084 312; x_wconf 67' lang='grc' dir='ltr'><strong>ιιι.</strong></span> <span class='ocrx_word' id='word_1_309' title='bbox 1104 284 1240 318; x_wconf 86' lang='lat' dir='ltr'><strong>Quoniam</strong></span> <span class='ocrx_word' id='word_1_310' title='bbox 1263 288 1353 311; x_wconf 88' lang='lat' dir='ltr'><strong>autem</strong></span> <span class='ocrx_word' id='word_1_311' title='bbox 1371 284 1407 317; x_wconf 84' lang='lat' dir='ltr'><strong>ei,</strong></span> <span class='ocrx_word' id='word_1_312' title='bbox 1423 292 1482 319; x_wconf 63' lang='lat' dir='ltr'><strong>qum</strong></span> <span class='ocrx_word' id='word_1_313' title='bbox 1500 292 1548 319; x_wconf 87' lang='lat' dir='ltr'><strong>per</strong></span> <span class='ocrx_word' id='word_1_314' title='bbox 1574 284 1663 318; x_wconf 83' lang='lat' dir='ltr'><strong>ipsum</strong></span> <span class='ocrx_word' id='word_1_315' title='bbox 1690 283 1777 309; x_wconf 54' lang='lat' dir='ltr'><strong>bono.</strong></span> 
     </span>
    </p>
   </div>
   <div class='ocr_carea' id='block_1_47' title="bbox 992 329 1778 366">
    <p class='ocr_par' dir='ltr' id='par_1_47' title="bbox 992 329 1778 366">
     <span class='ocr_line' id='line_1_47' title="bbox 992 329 1778 366; baseline -0.005 -8"><span class='ocrx_word' id='word_1_316' title='bbox 992 331 1112 364; x_wconf 86' lang='lat' dir='ltr'><strong>rabatur,</strong></span> <span class='ocrx_word' id='word_1_317' title='bbox 1140 335 1167 358; x_wconf 84' lang='lat' dir='ltr'><strong>et</strong></span> <span class='ocrx_word' id='word_1_318' title='bbox 1193 331 1272 366; x_wconf 81' lang='lat' dir='ltr'><strong>cujus</strong></span> <span class='ocrx_word' id='word_1_319' title='bbox 1297 335 1356 358; x_wconf 88' lang='lat' dir='ltr'><strong>erat</strong></span> <span class='ocrx_word' id='word_1_320' title='bbox 1375 330 1420 358; x_wconf 88' lang='lat' dir='ltr'><strong>ille</strong></span> <span class='ocrx_word' id='word_1_321' title='bbox 1450 330 1576 362; x_wconf 80' lang='lat' dir='ltr'><strong>amictus,</strong></span> <span class='ocrx_word' id='word_1_322' title='bbox 1603 329 1692 356; x_wconf 84' lang='lat' dir='ltr'><strong>visum</strong></span> <span class='ocrx_word' id='word_1_323' title='bbox 1724 332 1778 360; x_wconf 84' lang='lat' dir='ltr'><strong>est,</strong></span> 
     </span>
    </p>
   </div>
   <div class='ocr_carea' id='block_1_48' title="bbox 994 375 1780 406">
    <p class='ocr_par' dir='ltr' id='par_1_48' title="bbox 994 375 1780 406">
     <span class='ocr_line' id='line_1_48' title="bbox 994 375 1780 406; baseline -0.004 -1"><span class='ocrx_word' id='word_1_324' title='bbox 994 382 1099 406; x_wconf 84' lang='lat' dir='ltr'><strong>tantum</strong></span> <span class='ocrx_word' id='word_1_325' title='bbox 1120 377 1222 404; x_wconf 88' lang='lat' dir='ltr'><strong>bonum</strong></span> <span class='ocrx_word' id='word_1_326' title='bbox 1243 376 1276 404; x_wconf 87' lang='lat' dir='ltr'><strong>ad</strong></span> <span class='ocrx_word' id='word_1_327' title='bbox 1297 377 1371 404; x_wconf 86' lang='lat' dir='ltr'><strong>solos</strong></span> <span class='ocrx_word' id='word_1_328' title='bbox 1390 376 1460 404; x_wconf 79' lang='lat' dir='ltr'><strong>duos</strong></span> <span class='ocrx_word' id='word_1_329' title='bbox 1487 379 1572 404; x_wconf 81' lang='lat' dir='ltr'><strong>testes</strong></span> <span class='ocrx_word' id='word_1_330' title='bbox 1592 382 1646 402; x_wconf 84' lang='lat' dir='ltr'><strong>non</strong></span> <span class='ocrx_word' id='word_1_331' title='bbox 1676 375 1780 402; x_wconf 76' lang='lat' dir='ltr'><strong>debere</strong></span> 
     </span>
    </p>
   </div>
   <div class='ocr_carea' id='block_1_49' title="bbox 993 421 1778 458">
    <p class='ocr_par' dir='ltr' id='par_1_49' title="bbox 993 421 1778 458">
     <span class='ocr_line' id='line_1_49' title="bbox 993 421 1778 458; baseline -0.004 -8"><span class='ocrx_word' id='word_1_332' title='bbox 993 424 1128 456; x_wconf 88' lang='lat' dir='ltr'><strong>contrahi,</strong></span> <span class='ocrx_word' id='word_1_333' title='bbox 1154 427 1182 450; x_wconf 85' lang='lat' dir='ltr'><strong>et.</strong></span> <span class='ocrx_word' id='word_1_334' title='bbox 1214 428 1343 458; x_wconf 84' lang='lat' dir='ltr'><strong>tanquam</strong></span> <span class='ocrx_word' id='word_1_335' title='bbox 1374 422 1512 457; x_wconf 81' lang='lat' dir='ltr'><strong>profundo</strong></span> <span class='ocrx_word' id='word_1_336' title='bbox 1543 421 1636 455; x_wconf 86' lang='lat' dir='ltr'><strong>aliquo</strong></span> <span class='ocrx_word' id='word_1_337' title='bbox 1669 421 1778 455; x_wconf 75' lang='lat' dir='ltr'><strong>contegi</strong></span> 
     </span>
    </p>
   </div>
   <div class='ocr_carea' id='block_1_50' title="bbox 992 467 1780 501">
    <p class='ocr_par' dir='ltr' id='par_1_50' title="bbox 992 467 1780 501">
     <span class='ocr_line' id='line_1_50' title="bbox 992 467 1780 501; baseline -0.006 -5"><span class='ocrx_word' id='word_1_338' title='bbox 992 469 1112 501; x_wconf 52' lang='lat' dir='ltr'><strong>silentio,</strong></span> <span class='ocrx_word' id='word_1_339' title='bbox 1133 473 1160 496; x_wconf 85' lang='lat' dir='ltr'><strong>et</strong></span> <span class='ocrx_word' id='word_1_340' title='bbox 1185 475 1345 496; x_wconf 86' lang='lat' dir='ltr'><strong>communes</strong></span> <span class='ocrx_word' id='word_1_341' title='bbox 1369 467 1478 495; x_wconf 81' lang='lat' dir='ltr'><strong>divitias</strong></span> <span class='ocrx_word' id='word_1_342' title='bbox 1504 473 1565 494; x_wconf 86' lang='lat' dir='ltr'><strong>esse</strong></span> <span class='ocrx_word' id='word_1_343' title='bbox 1593 472 1691 493; x_wconf 80' lang='lat' dir='ltr'><strong>eurum</strong></span> <span class='ocrx_word' id='word_1_344' title='bbox 1719 470 1780 492; x_wconf 82' lang='lat' dir='ltr'><strong>tau-</strong></span> 
     </span>
    </p>
   </div>
   <div class='ocr_carea' id='block_1_51' title="bbox 995 511 1787 550">
    <p class='ocr_par' dir='ltr' id='par_1_51' title="bbox 995 511 1787 550">
     <span class='ocr_line' id='line_1_51' title="bbox 995 511 1787 550; baseline -0.005 -8"><span class='ocrx_word' id='word_1_345' title='bbox 995 520 1051 542; x_wconf 92' lang='lat' dir='ltr'><strong>tum</strong></span> <span class='ocrx_word' id='word_1_346' title='bbox 1083 515 1221 550; x_wconf 86' lang='lat' dir='ltr'><strong>proprias.</strong></span> <span class='ocrx_word' id='word_1_347' title='bbox 1249 519 1277 542; x_wconf 87' lang='lat' dir='ltr'><strong>et</strong></span> <span class='ocrx_word' id='word_1_348' title='bbox 1310 514 1449 542; x_wconf 89' lang='lat' dir='ltr'><strong>communi</strong></span> <span class='ocrx_word' id='word_1_349' title='bbox 1480 513 1561 548; x_wconf 86' lang='lat' dir='ltr'><strong>epulo</strong></span> <span class='ocrx_word' id='word_1_350' title='bbox 1586 519 1634 540; x_wconf 82' lang='lat' dir='ltr'><strong>eos</strong></span> <span class='ocrx_word' id='word_1_351' title='bbox 1650 519 1681 539; x_wconf 75' lang='lat' dir='ltr'><strong>se</strong></span> <span class='ocrx_word' id='word_1_352' title='bbox 1709 511 1787 539; x_wconf 69' lang='lat' dir='ltr'><strong>solos</strong></span> 
     </span>
    </p>
   </div>
   <div class='ocr_carea' id='block_1_52' title="bbox 993 559 1782 596">
    <p class='ocr_par' dir='ltr' id='par_1_52' title="bbox 993 559 1782 596">
     <span class='ocr_line' id='line_1_52' title="bbox 993 559 1782 596; baseline -0.006 -8"><span class='ocrx_word' id='word_1_353' title='bbox 993 561 1104 596; x_wconf 80' lang='lat' dir='ltr'><strong>explere</strong></span> <span class='ocrx_word' id='word_1_354' title='bbox 1120 569 1127 588; x_wconf 72' lang='grc' dir='ltr'><strong>τ</strong></span> <span class='ocrx_word' id='word_1_355' title='bbox 1141 565 1231 588; x_wconf 86' lang='lat' dir='ltr'><strong>movet</strong></span> <span class='ocrx_word' id='word_1_356' title='bbox 1252 561 1326 596; x_wconf 86' lang='lat' dir='ltr'><strong>ipsos</strong></span> <span class='ocrx_word' id='word_1_357' title='bbox 1340 560 1373 588; x_wconf 91' lang='lat' dir='ltr'><strong>ad</strong></span> <span class='ocrx_word' id='word_1_358' title='bbox 1399 560 1426 587; x_wconf 93' lang='lat' dir='ltr'><strong>id</strong></span> <span class='ocrx_word' id='word_1_359' title='bbox 1446 559 1520 594; x_wconf 77' lang='lat' dir='ltr'><strong>quod</strong></span> <span class='ocrx_word' id='word_1_360' title='bbox 1546 561 1698 588; x_wconf 84' lang='lat' dir='ltr'><strong>tacueram.</strong></span> <span class='ocrx_word' id='word_1_361' title='bbox 1717 565 1782 592; x_wconf 90' lang='lat' dir='ltr'><strong>pro-</strong></span> 
     </span>
    </p>
   </div>
   <div class='ocr_carea' id='block_1_53' title="bbox 993 603 1778 637">
    <p class='ocr_par' dir='ltr' id='par_1_53' title="bbox 993 603 1778 637">
     <span class='ocr_line' id='line_1_53' title="bbox 993 603 1778 637; baseline -0.008 -2"><span class='ocrx_word' id='word_1_362' title='bbox 993 607 1134 635; x_wconf 81' lang='lat' dir='ltr'><strong>ferendum</strong></span> <span class='ocrx_word' id='word_1_363' title='bbox 1152 607 1179 634; x_wconf 93' lang='lat' dir='ltr'><strong>in</strong></span> <span class='ocrx_word' id='word_1_364' title='bbox 1195 606 1282 634; x_wconf 88' lang='lat' dir='ltr'><strong>lucem</strong></span> <span class='ocrx_word' id='word_1_365' title='bbox 1299 615 1306 634; x_wconf 90' lang='lat'>:</span> <span class='ocrx_word' id='word_1_366' title='bbox 1321 611 1349 634; x_wconf 90' lang='lat' dir='ltr'><strong>et</strong></span> <span class='ocrx_word' id='word_1_367' title='bbox 1370 606 1542 637; x_wconf 82' lang='lat' dir='ltr'><strong>accedentes,</strong></span> <span class='ocrx_word' id='word_1_368' title='bbox 1561 603 1727 631; x_wconf 85' lang='lat' dir='ltr'><strong>annuntiant</strong></span> <span class='ocrx_word' id='word_1_369' title='bbox 1743 603 1778 630; x_wconf 89' lang='lat' dir='ltr'><strong>iis</strong></span> 
     </span>
    </p>
   </div>
   <div class='ocr_carea' id='block_1_54' title="bbox 993 649 1782 688">
    <p class='ocr_par' dir='ltr' id='par_1_54' title="bbox 993 649 1782 688">
     <span class='ocr_line' id='line_1_54' title="bbox 993 649 1782 688; baseline -0.005 -8"><span class='ocrx_word' id='word_1_370' title='bbox 993 654 1038 688; x_wconf 91' lang='lat' dir='ltr'><strong>qui</strong></span> <span class='ocrx_word' id='word_1_371' title='bbox 1065 658 1130 681; x_wconf 90' lang='lat' dir='ltr'><strong>tunc</strong></span> <span class='ocrx_word' id='word_1_372' title='bbox 1153 658 1241 686; x_wconf 87' lang='lat' dir='ltr'><strong>erant,</strong></span> <span class='ocrx_word' id='word_1_373' title='bbox 1262 652 1485 688; x_wconf 80' lang='lat' dir='ltr'><strong>imperatoribus,</strong></span> <span class='ocrx_word' id='word_1_374' title='bbox 1508 655 1535 678; x_wconf 83' lang='lat' dir='ltr'><strong>et</strong></span> <span class='ocrx_word' id='word_1_375' title='bbox 1553 650 1682 685; x_wconf 88' lang='lat' dir='ltr'><strong>aperiunt</strong></span> <span class='ocrx_word' id='word_1_376' title='bbox 1701 649 1782 684; x_wconf 83' lang='lat' dir='ltr'><strong>quale</strong></span> 
     </span>
    </p>
   </div>
   <div class='ocr_carea' id='block_1_55' title="bbox 993 694 1784 733">
    <p class='ocr_par' dir='ltr' id='par_1_55' title="bbox 993 694 1784 733">
     <span class='ocr_line' id='line_1_55' title="bbox 993 694 1784 733; baseline -0.01 -5"><span class='ocrx_word' id='word_1_377' title='bbox 993 701 1030 728; x_wconf 86' lang='lat' dir='ltr'><strong>sit</strong></span> <span class='ocrx_word' id='word_1_378' title='bbox 1041 700 1214 732; x_wconf 84' lang='lat' dir='ltr'><strong>miraculum,</strong></span> <span class='ocrx_word' id='word_1_379' title='bbox 1225 703 1253 727; x_wconf 85' lang='lat' dir='ltr'><strong>et</strong></span> <span class='ocrx_word' id='word_1_380' title='bbox 1264 699 1406 726; x_wconf 89' lang='lat' dir='ltr'><strong>declarant</strong></span> <span class='ocrx_word' id='word_1_381' title='bbox 1415 696 1646 733; x_wconf 83' lang='lat' dir='ltr'><strong>quemadmodum</strong></span> <span class='ocrx_word' id='word_1_382' title='bbox 1665 695 1700 722; x_wconf 88' lang='lat' dir='ltr'><strong>sit</strong></span> <span class='ocrx_word' id='word_1_383' title='bbox 1716 694 1784 721; x_wconf 85' lang='lat' dir='ltr'><strong>alla--</strong></span> 
     </span>
    </p>
   </div>
   <div class='ocr_carea' id='block_1_56' title="bbox 994 739 1784 778">
    <p class='ocr_par' dir='ltr' id='par_1_56' title="bbox 994 739 1784 778">
     <span class='ocr_line' id='line_1_56' title="bbox 994 739 1784 778; baseline -0.01 -4"><span class='ocrx_word' id='word_1_384' title='bbox 994 750 1061 774; x_wconf 92' lang='lat' dir='ltr'><strong>tum.</strong></span> <span class='ocrx_word' id='word_1_385' title='bbox 1082 747 1136 774; x_wconf 86' lang='lat' dir='ltr'><strong>Eos</strong></span> <span class='ocrx_word' id='word_1_386' title='bbox 1162 750 1264 778; x_wconf 86' lang='lat' dir='ltr'><strong>autem,</strong></span> <span class='ocrx_word' id='word_1_387' title='bbox 1281 753 1344 773; x_wconf 89' lang='lat' dir='ltr'><strong>cum</strong></span> <span class='ocrx_word' id='word_1_388' title='bbox 1359 744 1520 774; x_wconf 84' lang='lat' dir='ltr'><strong>audiissent,</strong></span> <span class='ocrx_word' id='word_1_389' title='bbox 1539 749 1667 777; x_wconf 73' lang='lat' dir='ltr'><strong>magnum</strong></span> <span class='ocrx_word' id='word_1_390' title='bbox 1684 739 1784 768; x_wconf 66' lang='lat' dir='ltr'><strong>invasit</strong></span> 
     </span>
    </p>
   </div>
   <div class='ocr_carea' id='block_1_57' title="bbox 993 786 1773 828">
    <p class='ocr_par' dir='ltr' id='par_1_57' title="bbox 993 786 1773 828">
     <span class='ocr_line' id='line_1_57' title="bbox 993 786 1773 828; baseline -0.01 -8"><span class='ocrx_word' id='word_1_391' title='bbox 993 793 1130 828; x_wconf 74' lang='lat' dir='ltr'><strong>gaudium,</strong></span> <span class='ocrx_word' id='word_1_392' title='bbox 1167 796 1194 820; x_wconf 88' lang='lat' dir='ltr'><strong>et</strong></span> <span class='ocrx_word' id='word_1_393' title='bbox 1219 791 1345 826; x_wconf 88' lang='lat' dir='ltr'><strong>protinus</strong></span> <span class='ocrx_word' id='word_1_394' title='bbox 1369 790 1399 818; x_wconf 89' lang='lat' dir='ltr'><strong>ﬁt</strong></span> <span class='ocrx_word' id='word_1_395' title='bbox 1423 788 1573 824; x_wconf 88' lang='lat' dir='ltr'><strong>publicum,</strong></span> <span class='ocrx_word' id='word_1_396' title='bbox 1599 787 1670 822; x_wconf 89' lang='lat' dir='ltr'><strong>quod</strong></span> <span class='ocrx_word' id='word_1_397' title='bbox 1697 786 1773 814; x_wconf 77' lang='lat' dir='ltr'><strong>[uera</strong></span> 
     </span>
    </p>
   </div>
   <div class='ocr_carea' id='block_1_58' title="bbox 993 835 1785 872">
    <p class='ocr_par' dir='ltr' id='par_1_58' title="bbox 993 835 1785 872">
     <span class='ocr_line' id='line_1_58' title="bbox 993 835 1785 872; baseline -0.013 -4"><span class='ocrx_word' id='word_1_398' title='bbox 993 840 1140 869; x_wconf 89' lang='lat' dir='ltr'><strong>occultum.</strong></span> <span class='ocrx_word' id='word_1_399' title='bbox 1158 837 1191 866; x_wconf 87' lang='lat' dir='ltr'><strong>Et</strong></span> <span class='ocrx_word' id='word_1_400' title='bbox 1204 837 1278 865; x_wconf 86' lang='lat' dir='ltr'><strong>beati</strong></span> <span class='ocrx_word' id='word_1_401' title='bbox 1294 837 1403 872; x_wconf 90' lang='lat' dir='ltr'><strong>quidem</strong></span> <span class='ocrx_word' id='word_1_402' title='bbox 1418 835 1488 863; x_wconf 89' lang='lat' dir='ltr'><strong>inter</strong></span> <span class='ocrx_word' id='word_1_403' title='bbox 1501 841 1596 862; x_wconf 87' lang='lat' dir='ltr'><strong>omnes</strong></span> <span class='ocrx_word' id='word_1_404' title='bbox 1624 836 1785 868; x_wconf 81' lang='lat' dir='ltr'><strong>reputantnr</strong></span> 
     </span>
    </p>
   </div>
   <div class='ocr_carea' id='block_1_59' title="bbox 993 876 1786 917">
    <p class='ocr_par' dir='ltr' id='par_1_59' title="bbox 993 876 1786 917">
     <span class='ocr_line' id='line_1_59' title="bbox 993 876 1786 917; baseline -0.014 -3"><span class='ocrx_word' id='word_1_405' title='bbox 993 885 1106 914; x_wconf 87' lang='lat' dir='ltr'><strong>Galbius</strong></span> <span class='ocrx_word' id='word_1_406' title='bbox 1123 888 1151 911; x_wconf 92' lang='lat' dir='ltr'><strong>et</strong></span> <span class='ocrx_word' id='word_1_407' title='bbox 1175 882 1315 910; x_wconf 87' lang='lat' dir='ltr'><strong>Candidus</strong></span> <span class='ocrx_word' id='word_1_408' title='bbox 1336 886 1449 917; x_wconf 88' lang='lat' dir='ltr'><strong>propter</strong></span> <span class='ocrx_word' id='word_1_409' title='bbox 1464 879 1518 907; x_wconf 85' lang='lat' dir='ltr'><strong>tale</strong></span> <span class='ocrx_word' id='word_1_410' title='bbox 1544 876 1739 909; x_wconf 88' lang='lat' dir='ltr'><strong>ministerium,</strong></span> <span class='ocrx_word' id='word_1_411' title='bbox 1757 880 1786 903; x_wconf 84' lang='lat' dir='ltr'><strong>et</strong></span> 
     </span>
    </p>
   </div>
   <div class='ocr_carea' id='block_1_60' title="bbox 996 923 1786 968">
    <p class='ocr_par' dir='ltr' id='par_1_60' title="bbox 996 923 1786 968">
     <span class='ocr_line' id='line_1_60' title="bbox 996 923 1786 968; baseline -0.011 -9"><span class='ocrx_word' id='word_1_412' title='bbox 996 931 1112 968; x_wconf 87' lang='lat' dir='ltr'><strong>publicis</strong></span> <span class='ocrx_word' id='word_1_413' title='bbox 1129 931 1301 957; x_wconf 87' lang='lat' dir='ltr'><strong>honorantur</strong></span> <span class='ocrx_word' id='word_1_414' title='bbox 1315 928 1477 956; x_wconf 90' lang='lat' dir='ltr'><strong>honoribus.</strong></span> <span class='ocrx_word' id='word_1_415' title='bbox 1495 926 1591 954; x_wconf 84' lang='lat' dir='ltr'><strong>Divina</strong></span> <span class='ocrx_word' id='word_1_416' title='bbox 1606 928 1698 952; x_wconf 88' lang='lat' dir='ltr'><strong>autem</strong></span> <span class='ocrx_word' id='word_1_417' title='bbox 1714 923 1786 951; x_wconf 76' lang='lat' dir='ltr'><strong>tedas</strong></span> 
     </span>
    </p>
   </div>
   <div class='ocr_carea' id='block_1_61' title="bbox 997 968 1785 1008">
    <p class='ocr_par' dir='ltr' id='par_1_61' title="bbox 997 968 1785 1008">
     <span class='ocr_line' id='line_1_61' title="bbox 997 968 1785 1008; baseline -0.014 -4"><span class='ocrx_word' id='word_1_418' title='bbox 997 977 1024 1004; x_wconf 94' lang='lat' dir='ltr'><strong>in</strong></span> <span class='ocrx_word' id='word_1_419' title='bbox 1049 983 1083 1003; x_wconf 90' lang='lat' dir='ltr'><strong>eo</strong></span> <span class='ocrx_word' id='word_1_420' title='bbox 1107 975 1168 1002; x_wconf 91' lang='lat' dir='ltr'><strong>loco</strong></span> <span class='ocrx_word' id='word_1_421' title='bbox 1194 973 1276 1008; x_wconf 78' lang='lat' dir='ltr'><strong>regiis</strong></span> <span class='ocrx_word' id='word_1_422' title='bbox 1297 972 1430 1006; x_wconf 72' lang='lat' dir='ltr'><strong>impensis</strong></span> <span class='ocrx_word' id='word_1_423' title='bbox 1461 971 1582 1005; x_wconf 76' lang='lat' dir='ltr'><strong>Deiparzc</strong></span> <span class='ocrx_word' id='word_1_424' title='bbox 1609 968 1785 996; x_wconf 77' lang='lat' dir='ltr'><strong>aediﬁcatur:</strong></span> 
     </span>
    </p>
   </div>
   <div class='ocr_carea' id='block_1_62' title="bbox 996 1020 1782 1056">
    <p class='ocr_par' dir='ltr' id='par_1_62' title="bbox 996 1020 1782 1056">
     <span class='ocr_line' id='line_1_62' title="bbox 996 1020 1782 1056; baseline -0.011 -7"><span class='ocrx_word' id='word_1_425' title='bbox 996 1027 1023 1049; x_wconf 86' lang='lat' dir='ltr'><strong>et</strong></span> <span class='ocrx_word' id='word_1_426' title='bbox 1044 1028 1124 1056; x_wconf 88' lang='lat' dir='ltr'><strong>capsa</strong></span> <span class='ocrx_word' id='word_1_427' title='bbox 1147 1028 1179 1047; x_wconf 80' lang='lat' dir='ltr'><strong>ex</strong></span> <span class='ocrx_word' id='word_1_428' title='bbox 1203 1023 1314 1055; x_wconf 75' lang='lat' dir='ltr'><strong>argento</strong></span> <span class='ocrx_word' id='word_1_429' title='bbox 1338 1023 1365 1045; x_wconf 79' lang='grc' dir='ltr'><strong>ει</strong></span> <span class='ocrx_word' id='word_1_430' title='bbox 1388 1025 1458 1045; x_wconf 85' lang='lat' dir='ltr'><strong>auro</strong></span> <span class='ocrx_word' id='word_1_431' title='bbox 1473 1020 1641 1048; x_wconf 87' lang='lat' dir='ltr'><strong>constructa,</strong></span> <span class='ocrx_word' id='word_1_432' title='bbox 1674 1021 1782 1043; x_wconf 83' lang='lat' dir='ltr'><strong>sacrum</strong></span> 
     </span>
    </p>
   </div>
   <div class='ocr_carea' id='block_1_63' title="bbox 996 1060 1786 1100">
    <p class='ocr_par' dir='ltr' id='par_1_63' title="bbox 996 1060 1786 1100">
     <span class='ocr_line' id='line_1_63' title="bbox 996 1060 1786 1100; baseline -0.013 -4"><span class='ocrx_word' id='word_1_433' title='bbox 996 1069 1071 1096; x_wconf 84' lang='lat' dir='ltr'><strong>illum</strong></span> <span class='ocrx_word' id='word_1_434' title='bbox 1088 1067 1246 1095; x_wconf 87' lang='lat' dir='ltr'><strong>thesaurum</strong></span> <span class='ocrx_word' id='word_1_435' title='bbox 1267 1065 1368 1100; x_wconf 79' lang='lat' dir='ltr'><strong>excipit</strong></span> <span class='ocrx_word' id='word_1_436' title='bbox 1385 1073 1393 1091; x_wconf 85' lang='lat'><strong>:</strong></span> <span class='ocrx_word' id='word_1_437' title='bbox 1410 1063 1535 1099; x_wconf 84' lang='lat' dir='ltr'><strong>plurimis</strong></span> <span class='ocrx_word' id='word_1_438' title='bbox 1551 1062 1613 1090; x_wconf 86' lang='lat' dir='ltr'><strong>aliis</strong></span> <span class='ocrx_word' id='word_1_439' title='bbox 1628 1060 1786 1088; x_wconf 86' lang='lat' dir='ltr'><strong>muneribus</strong></span> 
     </span>
    </p>
   </div>
   <div class='ocr_carea' id='block_1_64' title="bbox 996 1105 1785 1142">
    <p class='ocr_par' dir='ltr' id='par_1_64' title="bbox 996 1105 1785 1142">
     <span class='ocr_line' id='line_1_64' title="bbox 996 1105 1785 1142; baseline -0.013 0"><span class='ocrx_word' id='word_1_440' title='bbox 996 1120 1024 1142; x_wconf 81' lang='lat' dir='ltr'><strong>et</strong></span> <span class='ocrx_word' id='word_1_441' title='bbox 1049 1113 1128 1141; x_wconf 89' lang='lat' dir='ltr'><strong>donis</strong></span> <span class='ocrx_word' id='word_1_442' title='bbox 1153 1112 1250 1139; x_wconf 91' lang='lat' dir='ltr'><strong>domus</strong></span> <span class='ocrx_word' id='word_1_443' title='bbox 1272 1111 1433 1138; x_wconf 89' lang='lat' dir='ltr'><strong>honoratur.</strong></span> <span class='ocrx_word' id='word_1_444' title='bbox 1459 1109 1515 1136; x_wconf 89' lang='lat' dir='ltr'><strong>Leo</strong></span> <span class='ocrx_word' id='word_1_445' title='bbox 1541 1115 1606 1135; x_wconf 90' lang='lat' dir='ltr'><strong>vero</strong></span> <span class='ocrx_word' id='word_1_446' title='bbox 1633 1111 1660 1134; x_wconf 91' lang='lat' dir='ltr'><strong>et</strong></span> <span class='ocrx_word' id='word_1_447' title='bbox 1687 1105 1785 1133; x_wconf 67' lang='lat' dir='ltr'><strong>\‘erina</strong></span> 
     </span>
    </p>
   </div>
   <div class='ocr_carea' id='block_1_65' title="bbox 998 1149 1786 1195">
    <p class='ocr_par' dir='ltr' id='par_1_65' title="bbox 998 1149 1786 1195">
     <span class='ocr_line' id='line_1_65' title="bbox 998 1149 1786 1195; baseline -0.013 -9"><span class='ocrx_word' id='word_1_448' title='bbox 998 1160 1035 1195; x_wconf 87' lang='lat' dir='ltr'><strong>(ii</strong></span> <span class='ocrx_word' id='word_1_449' title='bbox 1053 1158 1125 1186; x_wconf 88' lang='lat' dir='ltr'><strong>enim</strong></span> <span class='ocrx_word' id='word_1_450' title='bbox 1146 1163 1210 1185; x_wconf 91' lang='lat' dir='ltr'><strong>tunc</strong></span> <span class='ocrx_word' id='word_1_451' title='bbox 1235 1155 1415 1191; x_wconf 81' lang='lat' dir='ltr'><strong>imperabant;</strong></span> <span class='ocrx_word' id='word_1_452' title='bbox 1444 1161 1560 1188; x_wconf 89' lang='lat' dir='ltr'><strong>quorum</strong></span> <span class='ocrx_word' id='word_1_453' title='bbox 1585 1156 1709 1187; x_wconf 87' lang='lat' dir='ltr'><strong>tempore.</strong></span> <span class='ocrx_word' id='word_1_454' title='bbox 1734 1149 1786 1176; x_wconf 87' lang='lat' dir='ltr'><strong>hoc</strong></span> 
     </span>
    </p>
   </div>
   <div class='ocr_carea' id='block_1_66' title="bbox 996 1196 1786 1242">
    <p class='ocr_par' dir='ltr' id='par_1_66' title="bbox 996 1196 1786 1242">
     <span class='ocr_line' id='line_1_66' title="bbox 996 1196 1786 1242; baseline -0.015 -8"><span class='ocrx_word' id='word_1_455' title='bbox 996 1213 1105 1242; x_wconf 89' lang='lat' dir='ltr'><strong>quoque</strong></span> <span class='ocrx_word' id='word_1_456' title='bbox 1124 1210 1252 1238; x_wconf 78' lang='lat' dir='ltr'><strong>magnum</strong></span> <span class='ocrx_word' id='word_1_457' title='bbox 1265 1208 1293 1229; x_wconf 91' lang='lat' dir='ltr'><strong>et</strong></span> <span class='ocrx_word' id='word_1_458' title='bbox 1308 1201 1445 1228; x_wconf 87' lang='lat' dir='ltr'><strong>revelatur</strong></span> <span class='ocrx_word' id='word_1_459' title='bbox 1459 1198 1629 1234; x_wconf 76' lang='lat' dir='ltr'><strong>mysterium.</strong></span> <span class='ocrx_word' id='word_1_460' title='bbox 1643 1202 1670 1224; x_wconf 90' lang='lat' dir='ltr'><strong>et</strong></span> <span class='ocrx_word' id='word_1_461' title='bbox 1683 1196 1716 1223; x_wconf 87' lang='lat' dir='ltr'><strong>ad</strong></span> <span class='ocrx_word' id='word_1_462' title='bbox 1742 1203 1786 1222; x_wconf 82' lang='lat' dir='ltr'><strong>re-</strong></span> 
     </span>
    </p>
   </div>
   <div class='ocr_carea' id='block_1_67' title="bbox 997 1242 1787 1288">
    <p class='ocr_par' dir='ltr' id='par_1_67' title="bbox 997 1242 1787 1288">
     <span class='ocr_line' id='line_1_67' title="bbox 997 1242 1787 1288; baseline -0.015 -9"><span class='ocrx_word' id='word_1_463' title='bbox 997 1252 1067 1288; x_wconf 81' lang='lat' dir='ltr'><strong>giam</strong></span> <span class='ocrx_word' id='word_1_464' title='bbox 1094 1250 1188 1277; x_wconf 86' lang='lat' dir='ltr'><strong>urbem</strong></span> <span class='ocrx_word' id='word_1_465' title='bbox 1202 1247 1378 1282; x_wconf 75' lang='lat' dir='ltr'><strong>exportatur)</strong></span> <span class='ocrx_word' id='word_1_466' title='bbox 1391 1253 1452 1273; x_wconf 92' lang='lat' dir='ltr'><strong>cum</strong></span> <span class='ocrx_word' id='word_1_467' title='bbox 1468 1245 1580 1279; x_wconf 87' lang='lat' dir='ltr'><strong>pulchre</strong></span> <span class='ocrx_word' id='word_1_468' title='bbox 1593 1248 1620 1270; x_wconf 89' lang='lat' dir='ltr'><strong>et</strong></span> <span class='ocrx_word' id='word_1_469' title='bbox 1632 1242 1678 1278; x_wconf 87' lang='lat' dir='ltr'><strong>pie</strong></span> <span class='ocrx_word' id='word_1_470' title='bbox 1699 1243 1787 1276; x_wconf 90' lang='lat' dir='ltr'><strong>impe-</strong></span> 
     </span>
    </p>
   </div>
   <div class='ocr_carea' id='block_1_68' title="bbox 997 1289 1786 1329">
    <p class='ocr_par' dir='ltr' id='par_1_68' title="bbox 997 1289 1786 1329">
     <span class='ocr_line' id='line_1_68' title="bbox 997 1289 1786 1329; baseline -0.014 -4"><span class='ocrx_word' id='word_1_471' title='bbox 997 1295 1265 1329; x_wconf 84' lang='lat' dir='ltr'><strong>rassent,etGalbius</strong></span> <span class='ocrx_word' id='word_1_472' title='bbox 1278 1299 1305 1321; x_wconf 93' lang='lat' dir='ltr'><strong>et</strong></span> <span class='ocrx_word' id='word_1_473' title='bbox 1315 1291 1518 1326; x_wconf 32' lang='lat' dir='ltr'><strong>Candidusﬁqui</strong></span> <span class='ocrx_word' id='word_1_474' title='bbox 1537 1291 1588 1317; x_wconf 91' lang='lat' dir='ltr'><strong>hoc</strong></span> <span class='ocrx_word' id='word_1_475' title='bbox 1607 1289 1786 1316; x_wconf 74' lang='lat' dir='ltr'><strong>ministerium</strong></span> 
     </span>
    </p>
   </div>
   <div class='ocr_carea' id='block_1_69' title="bbox 998 1332 1787 1378">
    <p class='ocr_par' dir='ltr' id='par_1_69' title="bbox 998 1332 1787 1378">
     <span class='ocr_line' id='line_1_69' title="bbox 998 1332 1787 1378; baseline -0.015 -8"><span class='ocrx_word' id='word_1_476' title='bbox 998 1342 1184 1378; x_wconf 88' lang='lat' dir='ltr'><strong>pulcherrime</strong></span> <span class='ocrx_word' id='word_1_477' title='bbox 1209 1340 1349 1371; x_wconf 86' lang='lat' dir='ltr'><strong>obierunt,</strong></span> <span class='ocrx_word' id='word_1_478' title='bbox 1387 1337 1590 1364; x_wconf 80' lang='lat' dir='ltr'><strong>transferuntur</strong></span> <span class='ocrx_word' id='word_1_479' title='bbox 1635 1338 1729 1369; x_wconf 91' lang='lat' dir='ltr'><strong>postea</strong></span> <span class='ocrx_word' id='word_1_480' title='bbox 1754 1332 1787 1359; x_wconf 87' lang='lat' dir='ltr'><strong>ad</strong></span> 
     </span>
    </p>
   </div>
   <div class='ocr_carea' id='block_1_70' title="bbox 998 1381 1658 1416">
    <p class='ocr_par' dir='ltr' id='par_1_70' title="bbox 998 1381 1658 1416">
     <span class='ocr_line' id='line_1_70' title="bbox 998 1381 1658 1416; baseline -0.015 0"><span class='ocrx_word' id='word_1_481' title='bbox 998 1388 1130 1416; x_wconf 88' lang='lat' dir='ltr'><strong>senectuti</strong></span> <span class='ocrx_word' id='word_1_482' title='bbox 1146 1394 1201 1413; x_wconf 91' lang='lat' dir='ltr'><strong>non</strong></span> <span class='ocrx_word' id='word_1_483' title='bbox 1216 1385 1361 1413; x_wconf 76' lang='lat' dir='ltr'><strong>obnoxiam</strong></span> <span class='ocrx_word' id='word_1_484' title='bbox 1382 1384 1444 1410; x_wconf 71' lang='lat' dir='ltr'><strong>vita:</strong></span> <span class='ocrx_word' id='word_1_485' title='bbox 1460 1381 1658 1410; x_wconf 89' lang='lat' dir='ltr'><strong>conditionem.</strong></span> 
     </span>
    </p>
   </div>
   <div class='ocr_carea' id='block_1_71' title="bbox 1035 1425 1786 1466">
    <p class='ocr_par' dir='ltr' id='par_1_71' title="bbox 1035 1425 1786 1466">
     <span class='ocr_line' id='line_1_71' title="bbox 1035 1425 1786 1466; baseline -0.015 -5"><span class='ocrx_word' id='word_1_486' title='bbox 1035 1434 1102 1462; x_wconf 86' lang='lat' dir='ltr'><strong>Llll.</strong></span> <span class='ocrx_word' id='word_1_487' title='bbox 1124 1433 1192 1460; x_wconf 79' lang='lat' dir='ltr'><strong>Cum</strong></span> <span class='ocrx_word' id='word_1_488' title='bbox 1211 1440 1276 1466; x_wconf 79' lang='lat' dir='ltr'><strong>ergo</strong></span> <span class='ocrx_word' id='word_1_489' title='bbox 1292 1431 1348 1458; x_wconf 60' lang='lat' dir='ltr'><strong>haec</strong></span> <span class='ocrx_word' id='word_1_490' title='bbox 1365 1437 1442 1457; x_wconf 85' lang='lat' dir='ltr'><strong>sacra</strong></span> <span class='ocrx_word' id='word_1_491' title='bbox 1459 1437 1522 1456; x_wconf 86' lang='lat' dir='ltr'><strong>arca</strong></span> <span class='ocrx_word' id='word_1_492' title='bbox 1542 1427 1620 1454; x_wconf 86' lang='lat' dir='ltr'><strong>nobis</strong></span> <span class='ocrx_word' id='word_1_493' title='bbox 1635 1425 1786 1456; x_wconf 89' lang='lat' dir='ltr'><strong>contineat,</strong></span> 
     </span>
    </p>
   </div>
   <div class='ocr_carea' id='block_1_72' title="bbox 999 1470 1787 1514">
    <p class='ocr_par' dir='ltr' id='par_1_72' title="bbox 999 1470 1787 1514">
     <span class='ocr_line' id='line_1_72' title="bbox 999 1470 1787 1514; baseline -0.011 -8"><span class='ocrx_word' id='word_1_494' title='bbox 999 1487 1052 1506; x_wconf 88' lang='lat' dir='ltr'><strong>non</strong></span> <span class='ocrx_word' id='word_1_495' title='bbox 1079 1478 1210 1514; x_wconf 88' lang='lat' dir='ltr'><strong>quasdam</strong></span> <span class='ocrx_word' id='word_1_496' title='bbox 1232 1477 1348 1508; x_wconf 84' lang='lat' dir='ltr'><strong>tabulas,</strong></span> <span class='ocrx_word' id='word_1_497' title='bbox 1367 1483 1450 1503; x_wconf 88' lang='lat' dir='ltr'><strong>manu</strong></span> <span class='ocrx_word' id='word_1_498' title='bbox 1466 1474 1582 1502; x_wconf 79' lang='lat' dir='ltr'><strong>Mosaica</strong></span> <span class='ocrx_word' id='word_1_499' title='bbox 1606 1473 1712 1508; x_wconf 88' lang='lat' dir='ltr'><strong>politas,</strong></span> <span class='ocrx_word' id='word_1_500' title='bbox 1740 1470 1787 1498; x_wconf 88' lang='lat' dir='ltr'><strong>sed</strong></span> 
     </span>
    </p>
   </div>
   <div class='ocr_carea' id='block_1_73' title="bbox 1000 1517 1786 1558">
    <p class='ocr_par' dir='ltr' id='par_1_73' title="bbox 1000 1517 1786 1558">
     <span class='ocr_line' id='line_1_73' title="bbox 1000 1517 1786 1558; baseline -0.011 -7"><span class='ocrx_word' id='word_1_501' title='bbox 1000 1529 1102 1551; x_wconf 86' lang='lat' dir='ltr'><strong>vestem</strong></span> <span class='ocrx_word' id='word_1_502' title='bbox 1129 1524 1210 1558; x_wconf 82' lang='lat' dir='ltr'><strong>plane</strong></span> <span class='ocrx_word' id='word_1_503' title='bbox 1237 1522 1368 1553; x_wconf 86' lang='lat' dir='ltr'><strong>divinam,</strong></span> <span class='ocrx_word' id='word_1_504' title='bbox 1399 1526 1427 1548; x_wconf 91' lang='lat' dir='ltr'><strong>et</strong></span> <span class='ocrx_word' id='word_1_505' title='bbox 1457 1527 1563 1548; x_wconf 85' lang='lat' dir='ltr'><strong>summe</strong></span> <span class='ocrx_word' id='word_1_506' title='bbox 1592 1517 1786 1549; x_wconf 84' lang='lat' dir='ltr'><strong>venerandam.</strong></span> 
     </span>
    </p>
   </div>
   <div class='ocr_carea' id='block_1_74' title="bbox 1000 1561 1788 1603">
    <p class='ocr_par' dir='ltr' id='par_1_74' title="bbox 1000 1561 1788 1603">
     <span class='ocr_line' id='line_1_74' title="bbox 1000 1561 1788 1603; baseline -0.01 -8"><span class='ocrx_word' id='word_1_507' title='bbox 1000 1576 1060 1603; x_wconf 63' lang='lat' dir='ltr'><strong>quas</strong></span> <span class='ocrx_word' id='word_1_508' title='bbox 1080 1575 1135 1595; x_wconf 91' lang='lat' dir='ltr'><strong>non</strong></span> <span class='ocrx_word' id='word_1_509' title='bbox 1168 1567 1258 1594; x_wconf 74' lang='lat' dir='ltr'><strong>solum</strong></span> <span class='ocrx_word' id='word_1_510' title='bbox 1288 1567 1481 1593; x_wconf 85' lang='lat' dir='ltr'><strong>intemeratum</strong></span> <span class='ocrx_word' id='word_1_511' title='bbox 1510 1568 1537 1592; x_wconf 91' lang='lat' dir='ltr'><strong>et</strong></span> <span class='ocrx_word' id='word_1_512' title='bbox 1564 1565 1597 1591; x_wconf 89' lang='lat' dir='ltr'><strong>ab</strong></span> <span class='ocrx_word' id='word_1_513' title='bbox 1623 1562 1698 1590; x_wconf 91' lang='lat' dir='ltr'><strong>omni</strong></span> <span class='ocrx_word' id='word_1_514' title='bbox 1728 1561 1788 1588; x_wconf 86' lang='lat' dir='ltr'><strong>labe</strong></span> 
     </span>
    </p>
   </div>
   <div class='ocr_carea' id='block_1_75' title="bbox 1001 1607 1788 1646">
    <p class='ocr_par' dir='ltr' id='par_1_75' title="bbox 1001 1607 1788 1646">
     <span class='ocr_line' id='line_1_75' title="bbox 1001 1607 1788 1646; baseline -0.01 -6"><span class='ocrx_word' id='word_1_515' title='bbox 1001 1614 1123 1641; x_wconf 88' lang='lat' dir='ltr'><strong>alienum</strong></span> <span class='ocrx_word' id='word_1_516' title='bbox 1150 1619 1250 1646; x_wconf 86' lang='lat' dir='ltr'><strong>corpus</strong></span> <span class='ocrx_word' id='word_1_517' title='bbox 1277 1612 1356 1642; x_wconf 82' lang='lat' dir='ltr'><strong>texit,</strong></span> <span class='ocrx_word' id='word_1_518' title='bbox 1386 1611 1433 1638; x_wconf 88' lang='lat' dir='ltr'><strong>sed</strong></span> <span class='ocrx_word' id='word_1_519' title='bbox 1461 1610 1487 1636; x_wconf 91' lang='lat' dir='ltr'><strong>in</strong></span> <span class='ocrx_word' id='word_1_520' title='bbox 1515 1617 1567 1644; x_wconf 88' lang='lat' dir='ltr'><strong>qua</strong></span> <span class='ocrx_word' id='word_1_521' title='bbox 1587 1610 1634 1644; x_wconf 86' lang='lat' dir='ltr'><strong>(ut</strong></span> <span class='ocrx_word' id='word_1_522' title='bbox 1661 1607 1788 1634; x_wconf 80' lang='lat' dir='ltr'><strong>audacter</strong></span> 
     </span>
    </p>
   </div>
   <div class='ocr_carea' id='block_1_76' title="bbox 1001 1653 1788 1694">
    <p class='ocr_par' dir='ltr' id='par_1_76' title="bbox 1001 1653 1788 1694">
     <span class='ocr_line' id='line_1_76' title="bbox 1001 1653 1788 1694; baseline -0.01 -7"><span class='ocrx_word' id='word_1_523' title='bbox 1001 1659 1108 1694; x_wconf 86' lang='lat' dir='ltr'><strong>dicam)</strong></span> <span class='ocrx_word' id='word_1_524' title='bbox 1129 1667 1192 1686; x_wconf 88' lang='lat' dir='ltr'><strong>cum</strong></span> <span class='ocrx_word' id='word_1_525' title='bbox 1213 1663 1286 1685; x_wconf 82' lang='lat' dir='ltr'><strong>esset</strong></span> <span class='ocrx_word' id='word_1_526' title='bbox 1303 1657 1405 1690; x_wconf 76' lang='lat' dir='ltr'><strong>infans,</strong></span> <span class='ocrx_word' id='word_1_527' title='bbox 1423 1657 1494 1683; x_wconf 85' lang='lat' dir='ltr'><strong>Deus</strong></span> <span class='ocrx_word' id='word_1_528' title='bbox 1512 1655 1630 1682; x_wconf 84' lang='lat' dir='ltr'><strong>Verbum</strong></span> <span class='ocrx_word' id='word_1_529' title='bbox 1648 1654 1697 1681; x_wconf 78' lang='lat' dir='ltr'><strong>fuit</strong></span> <span class='ocrx_word' id='word_1_530' title='bbox 1712 1653 1788 1680; x_wconf 84' lang='lat' dir='ltr'><strong>invo-</strong></span> 
     </span>
    </p>
   </div>
   <div class='ocr_carea' id='block_1_77' title="bbox 1002 1698 1789 1735">
    <p class='ocr_par' dir='ltr' id='par_1_77' title="bbox 1002 1698 1789 1735">
     <span class='ocr_line' id='line_1_77' title="bbox 1002 1698 1789 1735; baseline -0.013 -2"><span class='ocrx_word' id='word_1_531' title='bbox 1002 1707 1076 1733; x_wconf 87' lang='lat' dir='ltr'><strong>lutus</strong></span> <span class='ocrx_word' id='word_1_532' title='bbox 1096 1709 1125 1732; x_wconf 90' lang='lat' dir='ltr'><strong>et</strong></span> <span class='ocrx_word' id='word_1_533' title='bbox 1144 1709 1241 1731; x_wconf 82' lang='lat' dir='ltr'><strong>auctus</strong></span> <span class='ocrx_word' id='word_1_534' title='bbox 1257 1712 1263 1730; x_wconf 94' lang='lat'>:</span> <span class='ocrx_word' id='word_1_535' title='bbox 1279 1703 1348 1730; x_wconf 81' lang='lat' dir='ltr'><strong>adeo</strong></span> <span class='ocrx_word' id='word_1_536' title='bbox 1375 1705 1404 1729; x_wconf 90' lang='lat' dir='ltr'><strong>ut</strong></span> <span class='ocrx_word' id='word_1_537' title='bbox 1426 1709 1459 1728; x_wconf 85' lang='lat' dir='ltr'><strong>ea</strong></span> <span class='ocrx_word' id='word_1_538' title='bbox 1486 1708 1557 1735; x_wconf 66' lang='lat' dir='ltr'><strong>saepe</strong></span> <span class='ocrx_word' id='word_1_539' title='bbox 1583 1705 1729 1733; x_wconf 86' lang='lat' dir='ltr'><strong>conspersa</strong></span> <span class='ocrx_word' id='word_1_540' title='bbox 1754 1698 1789 1724; x_wconf 88' lang='lat' dir='ltr'><strong>sit</strong></span> 
     </span>
    </p>
   </div>
   <div class='ocr_carea' id='block_1_78' title="bbox 1002 1742 1789 1788">
    <p class='ocr_par' dir='ltr' id='par_1_78' title="bbox 1002 1742 1789 1788">
     <span class='ocr_line' id='line_1_78' title="bbox 1002 1742 1789 1788; baseline -0.01 -11"><span class='ocrx_word' id='word_1_541' title='bbox 1002 1752 1084 1788; x_wconf 57' lang='grc' dir='ltr'><strong>εαιίε</strong></span> <span class='ocrx_word' id='word_1_542' title='bbox 1103 1750 1183 1778; x_wconf 85' lang='lat' dir='ltr'><strong>lactis</strong></span> <span class='ocrx_word' id='word_1_543' title='bbox 1206 1749 1380 1780; x_wconf 84' lang='lat' dir='ltr'><strong>venerabilis,</strong></span> <span class='ocrx_word' id='word_1_544' title='bbox 1404 1755 1458 1782; x_wconf 93' lang='lat' dir='ltr'><strong>quo</strong></span> <span class='ocrx_word' id='word_1_545' title='bbox 1478 1747 1598 1774; x_wconf 89' lang='lat' dir='ltr'><strong>nutritus</strong></span> <span class='ocrx_word' id='word_1_546' title='bbox 1624 1745 1674 1772; x_wconf 82' lang='lat' dir='ltr'><strong>luit</strong></span> <span class='ocrx_word' id='word_1_547' title='bbox 1705 1744 1728 1770; x_wconf 87' lang='lat' dir='ltr'><strong>is</strong></span> <span class='ocrx_word' id='word_1_548' title='bbox 1744 1742 1789 1777; x_wconf 89' lang='lat' dir='ltr'><strong>qui</strong></span> 
     </span>
    </p>
   </div>
   <div class='ocr_carea' id='block_1_79' title="bbox 1003 1790 1788 1826">
    <p class='ocr_par' dir='ltr' id='par_1_79' title="bbox 1003 1790 1788 1826">
     <span class='ocr_line' id='line_1_79' title="bbox 1003 1790 1788 1826; baseline -0.011 -1"><span class='ocrx_word' id='word_1_549' title='bbox 1003 1802 1044 1825; x_wconf 88' lang='lat' dir='ltr'><strong>est</strong></span> <span class='ocrx_word' id='word_1_550' title='bbox 1064 1799 1187 1825; x_wconf 88' lang='lat' dir='ltr'><strong>omnium</strong></span> <span class='ocrx_word' id='word_1_551' title='bbox 1210 1796 1371 1823; x_wconf 82' lang='lat' dir='ltr'><strong>alimentum</strong></span> <span class='ocrx_word' id='word_1_552' title='bbox 1395 1799 1423 1822; x_wconf 92' lang='lat' dir='ltr'><strong>et</strong></span> <span class='ocrx_word' id='word_1_553' title='bbox 1448 1794 1519 1826; x_wconf 83' lang='lat' dir='ltr'><strong>vita;</strong></span> <span class='ocrx_word' id='word_1_554' title='bbox 1540 1792 1573 1820; x_wconf 84' lang='lat' dir='ltr'><strong>ad</strong></span> <span class='ocrx_word' id='word_1_555' title='bbox 1595 1800 1654 1819; x_wconf 86' lang='lat' dir='ltr'><strong>eam</strong></span> <span class='ocrx_word' id='word_1_556' title='bbox 1678 1790 1788 1826; x_wconf 85' lang='lat' dir='ltr'><strong>quidem</strong></span> 
     </span>
    </p>
   </div>
   <div class='ocr_carea' id='block_1_80' title="bbox 1001 1837 1788 1872">
    <p class='ocr_par' dir='ltr' id='par_1_80' title="bbox 1001 1837 1788 1872">
     <span class='ocr_line' id='line_1_80' title="bbox 1001 1837 1788 1872; baseline -0.013 -1"><span class='ocrx_word' id='word_1_557' title='bbox 1001 1851 1066 1871; x_wconf 82' lang='lat' dir='ltr'><strong>vere</strong></span> <span class='ocrx_word' id='word_1_558' title='bbox 1083 1842 1246 1872; x_wconf 77' lang='lat' dir='ltr'><strong>laudandam</strong></span> <span class='ocrx_word' id='word_1_559' title='bbox 1269 1841 1345 1868; x_wconf 89' lang='lat' dir='ltr'><strong>nulla</strong></span> <span class='ocrx_word' id='word_1_560' title='bbox 1373 1840 1474 1868; x_wconf 78' lang='lat' dir='ltr'><strong>sutl&#39;tcit</strong></span> <span class='ocrx_word' id='word_1_561' title='bbox 1496 1839 1594 1867; x_wconf 89' lang='lat' dir='ltr'><strong>oratio.</strong></span> <span class='ocrx_word' id='word_1_562' title='bbox 1612 1837 1675 1865; x_wconf 86' lang='lat' dir='ltr'><strong>Sola</strong></span> <span class='ocrx_word' id='word_1_563' title='bbox 1697 1840 1788 1863; x_wconf 82' lang='lat' dir='ltr'><strong>autent</strong></span> 
     </span>
    </p>
   </div>
   <div class='ocr_carea' id='block_1_81' title="bbox 1002 1879 1788 1924">
    <p class='ocr_par' dir='ltr' id='par_1_81' title="bbox 1002 1879 1788 1924">
     <span class='ocr_line' id='line_1_81' title="bbox 1002 1879 1788 1924; baseline -0.011 -9"><span class='ocrx_word' id='word_1_564' title='bbox 1002 1888 1149 1924; x_wconf 76' lang='lat' dir='ltr'><strong>gratiarum</strong></span> <span class='ocrx_word' id='word_1_565' title='bbox 1176 1887 1285 1914; x_wconf 83' lang='lat' dir='ltr'><strong>actione</strong></span> <span class='ocrx_word' id='word_1_566' title='bbox 1315 1894 1361 1913; x_wconf 79' lang='lat' dir='ltr'><strong>res</strong></span> <span class='ocrx_word' id='word_1_567' title='bbox 1385 1890 1426 1913; x_wconf 85' lang='lat' dir='ltr'><strong>est</strong></span> <span class='ocrx_word' id='word_1_568' title='bbox 1454 1883 1658 1920; x_wconf 81' lang='lat' dir='ltr'><strong>prosequenda,</strong></span> <span class='ocrx_word' id='word_1_569' title='bbox 1683 1886 1710 1909; x_wconf 89' lang='lat' dir='ltr'><strong>et</strong></span> <span class='ocrx_word' id='word_1_570' title='bbox 1738 1879 1788 1914; x_wconf 79' lang='lat' dir='ltr'><strong>ipsi</strong></span> 
     </span>
    </p>
   </div>
   <div class='ocr_carea' id='block_1_82' title="bbox 1001 1927 1788 1969">
    <p class='ocr_par' dir='ltr' id='par_1_82' title="bbox 1001 1927 1788 1969">
     <span class='ocr_line' id='line_1_82' title="bbox 1001 1927 1788 1969; baseline -0.01 -9"><span class='ocrx_word' id='word_1_571' title='bbox 1001 1934 1124 1969; x_wconf 76' lang='lat' dir='ltr'><strong>Deiparte</strong></span> <span class='ocrx_word' id='word_1_572' title='bbox 1148 1937 1213 1959; x_wconf 87' lang='lat' dir='ltr'><strong>sunt</strong></span> <span class='ocrx_word' id='word_1_573' title='bbox 1229 1932 1340 1967; x_wconf 66' lang='lat' dir='ltr'><strong>agendae</strong></span> <span class='ocrx_word' id='word_1_574' title='bbox 1368 1930 1471 1966; x_wconf 72' lang='lat' dir='ltr'><strong>gratiae,</strong></span> <span class='ocrx_word' id='word_1_575' title='bbox 1490 1934 1518 1957; x_wconf 85' lang='lat' dir='ltr'><strong>et</strong></span> <span class='ocrx_word' id='word_1_576' title='bbox 1540 1929 1600 1964; x_wconf 80' lang='lat' dir='ltr'><strong>ejus</strong></span> <span class='ocrx_word' id='word_1_577' title='bbox 1627 1927 1696 1954; x_wconf 83' lang='lat' dir='ltr'><strong>Filio</strong></span> <span class='ocrx_word' id='word_1_578' title='bbox 1713 1934 1788 1953; x_wconf 90' lang='lat' dir='ltr'><strong>eom-</strong></span> 
     </span>
    </p>
   </div>
   <div class='ocr_carea' id='block_1_83' title="bbox 1002 1973 1788 2012">
    <p class='ocr_par' dir='ltr' id='par_1_83' title="bbox 1002 1973 1788 2012">
     <span class='ocr_line' id='line_1_83' title="bbox 1002 1973 1788 2012; baseline -0.011 -5"><span class='ocrx_word' id='word_1_579' title='bbox 1002 1979 1078 2008; x_wconf 90' lang='lat' dir='ltr'><strong>muni</strong></span> <span class='ocrx_word' id='word_1_580' title='bbox 1102 1979 1236 2006; x_wconf 87' lang='lat' dir='ltr'><strong>Salvatori</strong></span> <span class='ocrx_word' id='word_1_581' title='bbox 1262 1983 1290 2005; x_wconf 88' lang='lat' dir='ltr'><strong>et</strong></span> <span class='ocrx_word' id='word_1_582' title='bbox 1316 1977 1393 2012; x_wconf 71' lang='lat' dir='ltr'><strong>Regi,</strong></span> <span class='ocrx_word' id='word_1_583' title='bbox 1421 1976 1467 2011; x_wconf 90' lang='lat' dir='ltr'><strong>qui</strong></span> <span class='ocrx_word' id='word_1_584' title='bbox 1491 1975 1586 2003; x_wconf 85' lang='lat' dir='ltr'><strong>omnia</strong></span> <span class='ocrx_word' id='word_1_585' title='bbox 1609 1973 1642 2001; x_wconf 89' lang='lat' dir='ltr'><strong>ad</strong></span> <span class='ocrx_word' id='word_1_586' title='bbox 1669 1977 1788 1999; x_wconf 83' lang='lat' dir='ltr'><strong>nostram</strong></span> 
     </span>
    </p>
   </div>
   <div class='ocr_carea' id='block_1_84' title="bbox 1004 2019 1791 2058">
    <p class='ocr_par' dir='ltr' id='par_1_84' title="bbox 1004 2019 1791 2058">
     <span class='ocr_line' id='line_1_84' title="bbox 1004 2019 1791 2058; baseline -0.011 -6"><span class='ocrx_word' id='word_1_587' title='bbox 1004 2025 1149 2053; x_wconf 86' lang='lat' dir='ltr'><strong>utilitatem</strong></span> <span class='ocrx_word' id='word_1_588' title='bbox 1164 2028 1192 2051; x_wconf 88' lang='lat' dir='ltr'><strong>et</strong></span> <span class='ocrx_word' id='word_1_589' title='bbox 1209 2023 1323 2051; x_wconf 87' lang='lat' dir='ltr'><strong>salutem</strong></span> <span class='ocrx_word' id='word_1_590' title='bbox 1338 2022 1492 2058; x_wconf 88' lang='lat' dir='ltr'><strong>dispensat.</strong></span> <span class='ocrx_word' id='word_1_591' title='bbox 1510 2020 1540 2048; x_wconf 85' lang='lat' dir='ltr'><strong>Ei</strong></span> <span class='ocrx_word' id='word_1_592' title='bbox 1555 2019 1638 2056; x_wconf 71' lang='lat' dir='ltr'><strong>gloria</strong></span> <span class='ocrx_word' id='word_1_593' title='bbox 1655 2022 1683 2046; x_wconf 86' lang='lat' dir='ltr'><strong>et</strong></span> <span class='ocrx_word' id='word_1_594' title='bbox 1696 2021 1791 2052; x_wconf 81' lang='lat' dir='ltr'><strong>poten-</strong></span> 
     </span>
    </p>
   </div>
   <div class='ocr_carea' id='block_1_85' title="bbox 1007 2064 1787 2105">
    <p class='ocr_par' dir='ltr' id='par_1_85' title="bbox 1007 2064 1787 2105">
     <span class='ocr_line' id='line_1_85' title="bbox 1007 2064 1787 2105; baseline -0.013 -7"><span class='ocrx_word' id='word_1_595' title='bbox 1007 2071 1042 2098; x_wconf 83' lang='lat' dir='ltr'><strong>tia</strong></span> <span class='ocrx_word' id='word_1_596' title='bbox 1056 2078 1129 2098; x_wconf 91' lang='lat' dir='ltr'><strong>nunc</strong></span> <span class='ocrx_word' id='word_1_597' title='bbox 1142 2074 1169 2097; x_wconf 89' lang='lat' dir='ltr'><strong>et</strong></span> <span class='ocrx_word' id='word_1_598' title='bbox 1181 2077 1298 2105; x_wconf 85' lang='lat' dir='ltr'><strong>semper,</strong></span> <span class='ocrx_word' id='word_1_599' title='bbox 1313 2073 1340 2096; x_wconf 89' lang='lat' dir='ltr'><strong>et</strong></span> <span class='ocrx_word' id='word_1_600' title='bbox 1354 2068 1381 2095; x_wconf 84' lang='lat' dir='ltr'><strong>in</strong></span> <span class='ocrx_word' id='word_1_601' title='bbox 1393 2067 1491 2095; x_wconf 71' lang='lat' dir='ltr'><strong>saecula</strong></span> <span class='ocrx_word' id='word_1_602' title='bbox 1507 2066 1677 2094; x_wconf 66' lang='lat' dir='ltr'><strong>saeculorum.</strong></span> <span class='ocrx_word' id='word_1_603' title='bbox 1691 2064 1787 2090; x_wconf 78' lang='lat' dir='ltr'><strong>Amen.</strong></span> 
     </span>
    </p>
   </div>
   <div class='ocr_carea' id='block_1_86' title="bbox 171 2202 1791 2228">
    <p class='ocr_par' dir='ltr' id='par_1_86' title="bbox 171 2202 1791 2228">
     <span class='ocr_line' id='line_1_86' title="bbox 171 2202 1791 2228; baseline -0.003 -2"><span class='ocrx_word' id='word_1_604' title='bbox 171 2202 1791 2228; x_wconf 44' lang='grc' dir='ltr'><strong>Μ</strong></span> 
     </span>
    </p>
   </div>
   <div class='ocr_carea' id='block_1_87' title="bbox 762 2280 1237 2357">
    <p class='ocr_par' dir='ltr' id='par_1_87' title="bbox 762 2280 1237 2357">
     <span class='ocr_line' id='line_1_87' title="bbox 762 2280 1237 2357; baseline 0.002 -2"><span class='ocrx_word' id='word_1_605' title='bbox 762 2299 1203 2357; x_wconf 83' lang='lat' dir='ltr'><strong>MARTYRIUM</strong></span> <span class='ocrx_word' id='word_1_606' title='bbox 1235 2280 1237 2282; x_wconf 77' lang='grc'><em>’</em></span> 
     </span>
    </p>
   </div>
   <div class='ocr_carea' id='block_1_88' title="bbox 344 2421 1602 2503">
    <p class='ocr_par' dir='ltr' id='par_1_88' title="bbox 344 2421 1602 2503">
     <span class='ocr_line' id='line_1_88' title="bbox 344 2421 1602 2503; baseline -0.004 0"><span class='ocrx_word' id='word_1_607' title='bbox 344 2425 423 2503; x_wconf 89' lang='lat' dir='ltr'><strong>S.</strong></span> <span class='ocrx_word' id='word_1_608' title='bbox 497 2422 998 2503; x_wconf 80' lang='lat' dir='ltr'><strong>MARTYRIS</strong></span> <span class='ocrx_word' id='word_1_609' title='bbox 1074 2421 1602 2502; x_wconf 88' lang='lat' dir='ltr'><strong>MAMANTIS.</strong></span> 
     </span>
    </p>
   </div>
   <div class='ocr_carea' id='block_1_89' title="bbox 410 2557 1554 2593">
    <p class='ocr_par' dir='ltr' id='par_1_89' title="bbox 410 2557 1554 2593">
     <span class='ocr_line' id='line_1_89' title="bbox 410 2557 1554 2593; baseline -0.004 -7"><span class='ocrx_word' id='word_1_610' title='bbox 410 2560 510 2590; x_wconf 80' lang='lat' dir='ltr'><strong>(Latine</strong></span> <span class='ocrx_word' id='word_1_611' title='bbox 522 2561 587 2593; x_wconf 81' lang='lat' dir='ltr'><strong>apud</strong></span> <span class='ocrx_word' id='word_1_612' title='bbox 600 2561 700 2587; x_wconf 89' lang='lat' dir='ltr'><strong>Surlum</strong></span> <span class='ocrx_word' id='word_1_613' title='bbox 717 2564 746 2587; x_wconf 83' lang='lat' dir='ltr'><strong>ad</strong></span> <span class='ocrx_word' id='word_1_614' title='bbox 762 2563 828 2588; x_wconf 89' lang='lat' dir='ltr'><strong>diem</strong></span> <span class='ocrx_word' id='word_1_615' title='bbox 841 2563 867 2587; x_wconf 81' lang='grc' dir='ltr'><strong><em>Π</em></strong></span> <span class='ocrx_word' id='word_1_616' title='bbox 884 2562 997 2592; x_wconf 74' lang='lat' dir='ltr'><strong>Augusti.</strong></span> <span class='ocrx_word' id='word_1_617' title='bbox 1013 2574 1043 2578; x_wconf 94' lang='lat'><strong>—</strong></span> <span class='ocrx_word' id='word_1_618' title='bbox 1059 2560 1142 2584; x_wconf 68' lang='lat' dir='ltr'><strong>Graeca</strong></span> <span class='ocrx_word' id='word_1_619' title='bbox 1156 2566 1202 2584; x_wconf 90' lang='lat' dir='ltr'><strong>non</strong></span> <span class='ocrx_word' id='word_1_620' title='bbox 1220 2562 1353 2583; x_wconf 87' lang='lat' dir='ltr'><strong>occurrunt</strong></span> <span class='ocrx_word' id='word_1_621' title='bbox 1370 2557 1392 2582; x_wconf 90' lang='lat' dir='ltr'><strong>in</strong></span> <span class='ocrx_word' id='word_1_622' title='bbox 1404 2564 1454 2581; x_wconf 77' lang='lat' dir='ltr'><strong>mss</strong></span> <span class='ocrx_word' id='word_1_623' title='bbox 1479 2558 1554 2582; x_wconf 80' lang='lat' dir='ltr'><strong>Paris.</strong></span> 
     </span>
    </p>
   </div>
   <div class='ocr_carea' id='block_1_90' title="bbox 200 2721 1795 2764">
    <p class='ocr_par' dir='ltr' id='par_1_90' title="bbox 200 2721 1795 2764">
     <span class='ocr_line' id='line_1_90' title="bbox 200 2721 1795 2764; baseline -0.004 -10"><span class='ocrx_word' id='word_1_624' title='bbox 200 2727 222 2755; x_wconf 88' lang='grc' dir='ltr'>ι.</span> <span class='ocrx_word' id='word_1_625' title='bbox 237 2727 350 2761; x_wconf 76' lang='lat' dir='ltr'><strong>Marnas,</strong></span> <span class='ocrx_word' id='word_1_626' title='bbox 360 2735 475 2762; x_wconf 82' lang='lat' dir='ltr'><strong>magnus</strong></span> <span class='ocrx_word' id='word_1_627' title='bbox 488 2732 514 2756; x_wconf 92' lang='lat' dir='ltr'><strong>et</strong></span> <span class='ocrx_word' id='word_1_628' title='bbox 532 2727 648 2764; x_wconf 72' lang='lat' dir='ltr'><strong>insignis</strong></span> <span class='ocrx_word' id='word_1_629' title='bbox 663 2732 764 2764; x_wconf 82' lang='lat' dir='ltr'><strong>martyr</strong></span> <span class='ocrx_word' id='word_1_630' title='bbox 774 2728 885 2759; x_wconf 83' lang='lat' dir='ltr'><strong>Christi.</strong></span> <span class='ocrx_word' id='word_1_631' title='bbox 907 2736 955 2763; x_wconf 86' lang='lat' dir='ltr'><strong>pa-</strong></span> <span class='ocrx_word' id='word_1_632' title='bbox 970 2728 992 2756; x_wconf 91' lang='lat' dir='ltr'><strong>D</strong></span> <span class='ocrx_word' id='word_1_633' title='bbox 1007 2728 1059 2755; x_wconf 89' lang='lat' dir='ltr'><strong>orti</strong></span> <span class='ocrx_word' id='word_1_634' title='bbox 1073 2731 1165 2755; x_wconf 79' lang='lat' dir='ltr'><strong>essent</strong></span> <span class='ocrx_word' id='word_1_635' title='bbox 1185 2734 1217 2754; x_wconf 80' lang='lat' dir='ltr'><strong>ex</strong></span> <span class='ocrx_word' id='word_1_636' title='bbox 1257 2726 1388 2761; x_wconf 82' lang='lat' dir='ltr'><strong>patriciis,</strong></span> <span class='ocrx_word' id='word_1_637' title='bbox 1399 2731 1426 2754; x_wconf 90' lang='lat' dir='ltr'><strong>et</strong></span> <span class='ocrx_word' id='word_1_638' title='bbox 1441 2725 1487 2760; x_wconf 91' lang='lat' dir='ltr'><strong>qui</strong></span> <span class='ocrx_word' id='word_1_639' title='bbox 1505 2731 1558 2751; x_wconf 81' lang='lat' dir='ltr'><strong>non</strong></span> <span class='ocrx_word' id='word_1_640' title='bbox 1576 2722 1662 2750; x_wconf 88' lang='lat' dir='ltr'><strong>solum</strong></span> <span class='ocrx_word' id='word_1_641' title='bbox 1681 2722 1707 2748; x_wconf 92' lang='lat' dir='ltr'><strong>in</strong></span> <span class='ocrx_word' id='word_1_642' title='bbox 1724 2721 1795 2753; x_wconf 83' lang='lat' dir='ltr'><strong>ﬁliis,</strong></span> 
     </span>
    </p>
   </div>
   <div class='ocr_carea' id='block_1_91' title="bbox 167 2773 952 2810">
    <p class='ocr_par' dir='ltr' id='par_1_91' title="bbox 167 2773 952 2810">
     <span class='ocr_line' id='line_1_91' title="bbox 167 2773 952 2810; baseline 0.001 -11"><span class='ocrx_word' id='word_1_643' title='bbox 167 2774 246 2800; x_wconf 80' lang='lat' dir='ltr'><strong>triam</strong></span> <span class='ocrx_word' id='word_1_644' title='bbox 267 2774 378 2809; x_wconf 81' lang='lat' dir='ltr'><strong>quidem</strong></span> <span class='ocrx_word' id='word_1_645' title='bbox 397 2773 493 2802; x_wconf 81' lang='lat' dir='ltr'><strong>habuit</strong></span> <span class='ocrx_word' id='word_1_646' title='bbox 519 2774 731 2810; x_wconf 74' lang='lat' dir='ltr'><strong>Paphlagoniam</strong></span> <span class='ocrx_word' id='word_1_647' title='bbox 759 2777 840 2802; x_wconf 86' lang='lat' dir='ltr'><strong>:erat</strong></span> <span class='ocrx_word' id='word_1_648' title='bbox 861 2778 952 2800; x_wconf 82' lang='lat' dir='ltr'><strong>autem</strong></span> 
     </span>
    </p>
   </div>
   <div class='ocr_carea' id='block_1_92' title="bbox 167 2818 953 2855">
    <p class='ocr_par' dir='ltr' id='par_1_92' title="bbox 167 2818 953 2855">
     <span class='ocr_line' id='line_1_92' title="bbox 167 2818 953 2855; baseline 0.001 -11"><span class='ocrx_word' id='word_1_649' title='bbox 167 2818 254 2846; x_wconf 80' lang='lat' dir='ltr'><strong>clarus</strong></span> <span class='ocrx_word' id='word_1_650' title='bbox 280 2825 308 2847; x_wconf 88' lang='lat' dir='ltr'><strong>et</strong></span> <span class='ocrx_word' id='word_1_651' title='bbox 341 2819 442 2854; x_wconf 88' lang='lat' dir='ltr'><strong>pietate</strong></span> <span class='ocrx_word' id='word_1_652' title='bbox 460 2824 487 2848; x_wconf 86' lang='lat' dir='ltr'><strong>et</strong></span> <span class='ocrx_word' id='word_1_653' title='bbox 514 2827 623 2855; x_wconf 74' lang='lat' dir='ltr'><strong>genere.</strong></span> <span class='ocrx_word' id='word_1_654' title='bbox 635 2819 703 2848; x_wconf 80' lang='lat' dir='ltr'><strong>Nam</strong></span> <span class='ocrx_word' id='word_1_655' title='bbox 723 2824 781 2848; x_wconf 84' lang='lat' dir='ltr'><strong>erat</strong></span> <span class='ocrx_word' id='word_1_656' title='bbox 804 2819 828 2847; x_wconf 89' lang='lat' dir='ltr'><strong>ei</strong></span> <span class='ocrx_word' id='word_1_657' title='bbox 844 2819 953 2854; x_wconf 85' lang='lat' dir='ltr'><strong>quidem</strong></span> 
     </span>
    </p>
   </div>
   <div class='ocr_carea' id='block_1_93' title="bbox 170 2865 953 2901">
    <p class='ocr_par' dir='ltr' id='par_1_93' title="bbox 170 2865 953 2901">
     <span class='ocr_line' id='line_1_93' title="bbox 170 2865 953 2901; baseline 0.001 -11"><span class='ocrx_word' id='word_1_658' title='bbox 170 2868 245 2896; x_wconf 84' lang='lat' dir='ltr'><strong>pater</strong></span> <span class='ocrx_word' id='word_1_659' title='bbox 259 2865 427 2897; x_wconf 85' lang='lat' dir='ltr'><strong>Theodotus,</strong></span> <span class='ocrx_word' id='word_1_660' title='bbox 439 2870 525 2893; x_wconf 86' lang='lat' dir='ltr'><strong>mater</strong></span> <span class='ocrx_word' id='word_1_661' title='bbox 538 2874 600 2894; x_wconf 88' lang='lat' dir='ltr'><strong>vero</strong></span> <span class='ocrx_word' id='word_1_662' title='bbox 619 2865 736 2898; x_wconf 76' lang='lat' dir='ltr'><strong>Rulﬁna,</strong></span> <span class='ocrx_word' id='word_1_663' title='bbox 747 2866 877 2901; x_wconf 77' lang='lat' dir='ltr'><strong>religione</strong></span> <span class='ocrx_word' id='word_1_664' title='bbox 893 2865 953 2900; x_wconf 88' lang='lat' dir='ltr'><strong>qui-</strong></span> 
     </span>
    </p>
   </div>
   <div class='ocr_carea' id='block_1_94' title="bbox 173 2907 952 2947">
    <p class='ocr_par' dir='ltr' id='par_1_94' title="bbox 173 2907 952 2947">
     <span class='ocr_line' id='line_1_94' title="bbox 173 2907 952 2947; baseline 0.005 -13"><span class='ocrx_word' id='word_1_665' title='bbox 173 2907 232 2936; x_wconf 83' lang='lat' dir='ltr'><strong>dem</strong></span> <span class='ocrx_word' id='word_1_666' title='bbox 261 2911 337 2940; x_wconf 79' lang='lat' dir='ltr'><strong>ambo</strong></span> <span class='ocrx_word' id='word_1_667' title='bbox 368 2911 471 2945; x_wconf 85' lang='lat' dir='ltr'><strong>ﬁdeles,</strong></span> <span class='ocrx_word' id='word_1_668' title='bbox 491 2919 589 2947; x_wconf 76' lang='lat' dir='ltr'><strong>genere</strong></span> <span class='ocrx_word' id='word_1_669' title='bbox 605 2917 694 2940; x_wconf 84' lang='lat' dir='ltr'><strong>autem</strong></span> <span class='ocrx_word' id='word_1_670' title='bbox 716 2913 845 2947; x_wconf 71' lang='lat' dir='ltr'><strong>insignes,</strong></span> <span class='ocrx_word' id='word_1_671' title='bbox 858 2916 886 2938; x_wconf 89' lang='lat' dir='ltr'><strong>ut</strong></span> <span class='ocrx_word' id='word_1_672' title='bbox 907 2912 952 2946; x_wconf 89' lang='lat' dir='ltr'><strong>qui</strong></span> 
     </span>
    </p>
   </div>
   <div class='ocr_carea' id='block_1_95' title="bbox 1007 2767 1794 2806">
    <p class='ocr_par' dir='ltr' id='par_1_95' title="bbox 1007 2767 1794 2806">
     <span class='ocr_line' id='line_1_95' title="bbox 1007 2767 1794 2806; baseline -0.01 -6"><span class='ocrx_word' id='word_1_673' title='bbox 1007 2773 1055 2801; x_wconf 88' lang='lat' dir='ltr'><strong>sed</strong></span> <span class='ocrx_word' id='word_1_674' title='bbox 1071 2772 1154 2800; x_wconf 84' lang='lat' dir='ltr'><strong>etiam</strong></span> <span class='ocrx_word' id='word_1_675' title='bbox 1174 2772 1201 2798; x_wconf 91' lang='lat' dir='ltr'><strong>in</strong></span> <span class='ocrx_word' id='word_1_676' title='bbox 1215 2771 1343 2799; x_wconf 88' lang='lat' dir='ltr'><strong>omnibus</strong></span> <span class='ocrx_word' id='word_1_677' title='bbox 1353 2771 1398 2806; x_wconf 87' lang='lat' dir='ltr'><strong>qui</strong></span> <span class='ocrx_word' id='word_1_678' title='bbox 1414 2773 1494 2798; x_wconf 87' lang='lat' dir='ltr'><strong>erant</strong></span> <span class='ocrx_word' id='word_1_679' title='bbox 1505 2769 1545 2796; x_wconf 87' lang='lat' dir='ltr'><strong>sui</strong></span> <span class='ocrx_word' id='word_1_680' title='bbox 1560 2767 1677 2803; x_wconf 77' lang='lat' dir='ltr'><strong>generis,</strong></span> <span class='ocrx_word' id='word_1_681' title='bbox 1687 2774 1794 2794; x_wconf 86' lang='lat' dir='ltr'><strong>conser-</strong></span> 
     </span>
    </p>
   </div>
   <div class='ocr_carea' id='block_1_96' title="bbox 1009 2814 1794 2848">
    <p class='ocr_par' dir='ltr' id='par_1_96' title="bbox 1009 2814 1794 2848">
     <span class='ocr_line' id='line_1_96' title="bbox 1009 2814 1794 2848; baseline -0.009 -2"><span class='ocrx_word' id='word_1_682' title='bbox 1009 2823 1106 2846; x_wconf 83' lang='lat' dir='ltr'><strong>varent</strong></span> <span class='ocrx_word' id='word_1_683' title='bbox 1139 2816 1366 2848; x_wconf 60' lang='lat' dir='ltr'><strong>nobilitatemdli.</strong></span> <span class='ocrx_word' id='word_1_684' title='bbox 1376 2824 1438 2844; x_wconf 87' lang='lat' dir='ltr'><strong>cum</strong></span> <span class='ocrx_word' id='word_1_685' title='bbox 1453 2819 1526 2842; x_wconf 83' lang='lat' dir='ltr'><strong>esset</strong></span> <span class='ocrx_word' id='word_1_686' title='bbox 1540 2814 1685 2841; x_wconf 84' lang='lat' dir='ltr'><strong>vehemens</strong></span> <span class='ocrx_word' id='word_1_687' title='bbox 1700 2819 1794 2840; x_wconf 86' lang='lat' dir='ltr'><strong>eorum</strong></span> 
     </span>
    </p>
   </div>
   <div class='ocr_carea' id='block_1_97' title="bbox 1007 2859 1795 2897">
    <p class='ocr_par' dir='ltr' id='par_1_97' title="bbox 1007 2859 1795 2897">
     <span class='ocr_line' id='line_1_97' title="bbox 1007 2859 1795 2897; baseline -0.01 -5"><span class='ocrx_word' id='word_1_688' title='bbox 1007 2872 1084 2892; x_wconf 88' lang='lat' dir='ltr'><strong>amor</strong></span> <span class='ocrx_word' id='word_1_689' title='bbox 1100 2864 1126 2891; x_wconf 93' lang='lat' dir='ltr'><strong>in</strong></span> <span class='ocrx_word' id='word_1_690' title='bbox 1139 2863 1287 2896; x_wconf 83' lang='lat' dir='ltr'><strong>Christum,</strong></span> <span class='ocrx_word' id='word_1_691' title='bbox 1298 2867 1326 2891; x_wconf 88' lang='lat' dir='ltr'><strong>et.</strong></span> <span class='ocrx_word' id='word_1_692' title='bbox 1340 2871 1390 2890; x_wconf 86' lang='lat' dir='ltr'><strong>nec</strong></span> <span class='ocrx_word' id='word_1_693' title='bbox 1406 2865 1517 2897; x_wconf 87' lang='lat' dir='ltr'><strong>possent</strong></span> <span class='ocrx_word' id='word_1_694' title='bbox 1531 2860 1640 2896; x_wconf 89' lang='lat' dir='ltr'><strong>quidem</strong></span> <span class='ocrx_word' id='word_1_695' title='bbox 1658 2859 1795 2886; x_wconf 86' lang='lat' dir='ltr'><strong>internum</strong></span> 
     </span>
    </p>
   </div>
   <div class='ocr_carea' id='block_1_98' title="bbox 1007 2906 1795 2942">
    <p class='ocr_par' dir='ltr' id='par_1_98' title="bbox 1007 2906 1795 2942">
     <span class='ocr_line' id='line_1_98' title="bbox 1007 2906 1795 2942; baseline -0.013 -2"><span class='ocrx_word' id='word_1_696' title='bbox 1007 2912 1146 2940; x_wconf 87' lang='lat' dir='ltr'><strong>continere</strong></span> <span class='ocrx_word' id='word_1_697' title='bbox 1161 2910 1325 2940; x_wconf 88' lang='lat' dir='ltr'><strong>desiderium</strong></span> <span class='ocrx_word' id='word_1_698' title='bbox 1345 2909 1414 2938; x_wconf 84' lang='lat' dir='ltr'><strong>:sed</strong></span> <span class='ocrx_word' id='word_1_699' title='bbox 1442 2913 1467 2937; x_wconf 88' lang='lat' dir='ltr'><strong>ct</strong></span> <span class='ocrx_word' id='word_1_700' title='bbox 1497 2908 1580 2936; x_wconf 87' lang='lat' dir='ltr'><strong>libere</strong></span> <span class='ocrx_word' id='word_1_701' title='bbox 1602 2906 1795 2942; x_wconf 79' lang='lat' dir='ltr'><strong>proﬁterentur</strong></span> 
     </span>
    </p>
   </div>
  </div>
