2034 3152
210 203 262 235 567

831 200 976 230 MENSIS
995 198 1207 231 AUGITSTUS.

1776 198 1829 228 56$

211 259 348 295 pietatem,
363 261 391 286 et
416 257 514 286 multos
528 257 562 286 ad
588 265 647 285 eam
656 256 817 288 excitarent,
836 261 999 283 accusantur
1013 257 1037 284 Δ
1052 256 1169 289 Ruﬁlna,
1182 259 1221 288 et,
1237 255 1292 283 voti
1310 255 1381 284 facta
1409 263 1531 291 compos,
1554 254 1668 291 perinde
1687 262 1718 282 ac
1739 262 1836 289 preces

213 305 284 338 apud
309 304 502 337 Alexandrum,
520 304 570 338 qu'r
591 307 654 331 tunc
666 307 725 331 erat
744 307 846 338 legatus
880 301 996 329 civitatis

212 350 337 386 Gangrae,
347 355 373 378 et
387 350 435 378 cui
452 349 606 377 mandatum
632 348 760 376 fueratab
776 348 951 382 imperatore,
967 352 996 374 ut

211 397 322 424 deorum
338 397 447 432 quidem
461 396 562 422 cultum
578 395 650 422 omni
667 395 757 422 studio
773 398 884 428 augeret
901 398 928 420 et
952 402 999 420 cx~

212 443 320 470 tolleret
337 451 344 468 :
362 442 407 476 qui
423 442 611 469 invenirentttr
628 440 910 473 autem,Christianos
925 440 997 466 mul-

213 489 248 515 tis
264 487 411 522 Suhjiceret
439 487 670 522 suppliciis.Quod
688 487 709 512 si
727 486 755 512 in
771 493 819 513 sua
836 492 994 520 persevera-

212 538 273 562 rent
301 533 439 568 religione,
456 533 536 560 etiam
555 533 636 559 morti
657 531 785 558 traderet.

249 603 279 629 ll.
300 602 451 630 Alexander
468 610 532 637 ergo
550 602 670 629 divinum
689 601 873 634 Theodotum.
897 601 999 636 produ-

213 654 288 675 ctum
303 654 365 676 ante
387 657 466 676 suum
493 649 738 683 tribunal,c0gebat
750 648 903 676 sacrificare
916 648 996 675 simu-

212 694 302 721 lacris.
317 694 370 721 Sed
388 694 432 721 ille
455 702 489 721 ne
502 702 597 721 aurem
614 694 723 728 quidem
738 694 875 729 praebebat
893 694 924 722 iis
940 702 1001 729 qua:

213 740 385 769 dicebantur.
395 740 510 775 Legatus
525 745 628 774 autem,
643 748 704 768 cum
723 745 795 768 esset
811 746 922 775 paratus
937 750 1000 768 eum

212 787 319 821 punire,
341 787 537 822 prohibebatur
568 794 583 814 a
607 787 737 822 dignitate
761 792 918 822 parentum.
940 787 1001 815 Non

212 833 284 859 enim
303 833 327 860 ei
342 833 549 868 permittebatur
561 834 723 861 contumelia
734 833 840 862 allicere
852 834 923 862 ﬁlios
951 842 1000 868 pa-

213 879 362 912 triciorum,
377 879 429 906 nisi
455 879 601 914 imperator
613 880 790 914 permitteret.
800 879 868 906 Eum
912 879 1002 914 itaque

214 925 296 952 mittit
312 925 340 952 in
366 926 542 961 Cappadociae
558 927 707 954 Caesaream
720 926 751 953 ad
768 925 899 953 Faustum
930 933 1001 960 prm-
1015 925 1041 951 ll-

213 971 310 1000 sitlem.
325 971 369 999 ille
378 973 533 1007 autem,qui
547 980 601 1007 quo
616 976 676 1000 erat
692 972 718 998 in
735 972 875 1006 impietate
900 971 1001 998 arden-

215 1017 277 1048 tior,
296 1024 328 1044 eo
355 1021 414 1044 erat
440 1018 545 1049 saevior,
568 1026 630 1045 cum
654 1018 806 1052 accepisset
817 1017 1000 1050 Theodotum,

213 1070 275 1089 ettm
291 1063 381 1090 statim
395 1063 513 1098 conjecit
541 1064 567 1091 in
579 1071 723 1091 carcerem.
739 1063 804 1098 Ejus
821 1071 885 1091 vero
904 1063 1002 1098 conjux

214 1108 265 1134 etsi
303 1113 374 1135 esset
400 1109 509 1144 gravida
526 1129 534 1142 ,
559 1110 685 1136 maritum
717 1114 806 1138 tamen
834 1115 875 1137 est
899 1114 1001 1142 secuta,

214 1158 241 1181 et
257 1161 318 1181 cum
342 1154 482 1182 Theodoto
497 1155 664 1190 ingrediente
687 1163 837 1189 carcerem,
863 1165 916 1184 una
931 1165 999 1192 quo-

214 1208 267 1235 que
287 1205 329 1228 est
352 1201 600 1237 ingressalnterim
615 1206 707 1229 autem
733 1201 798 1229 dum
813 1202 893 1229 simul
921 1203 1003 1238 dege-

215 1251 287 1278 rent,
310 1246 467 1275 Theodotus
483 1252 510 1275 et
535 1248 625 1276 sciens
638 1249 729 1276 carnis
741 1248 965 1282 imbecillitatem,
976 1253 1004 1276 et

215 1300 270 1319 non
304 1292 430 1327 ignorans
450 1294 557 1329 tyranni
585 1293 729 1324 saevitiam.
754 1293 848 1320 statuit
861 1294 893 1321 ad
917 1294 1002 1321 Deum

215 1338 361 1374 confugere
377 1347 476 1374 :quem
492 1339 700 1374 precabatur,ut
711 1339 768 1375 ipse
779 1341 869 1374 potius
884 1348 1004 1367 morere-

217 1389 260 1410 tur
284 1391 345 1410 cum
377 1392 477 1417 uxore,
501 1392 581 1419 quam
612 1385 713 1420 aliquid
741 1385 875 1412 accideret
909 1393 1003 1412 eorutn

216 1433 310 1457 mente
353 1429 505 1466 indignum,
546 1430 610 1457 dum
641 1438 694 1457 non
729 1435 841 1465 possent
868 1431 1004 1458 sustinere

216 1477 416 1504 vehementiam
444 1477 652 1512 suppliciorum.
674 1477 757 1504 Deum
776 1477 866 1512 itaque
882 1477 1003 1512 rogabat.

215 1521 332 1549 dicens:
356 1522 469 1549 Domine
498 1522 570 1548 υνυς
598 1522 740 1553 virtutum,
765 1522 856 1549 dilecti
882 1521 942 1549 Filii
967 1522 1004 1548 tui

216 1565 306 1599 Pater,
336 1567 383 1594 tibi
413 1567 555 1598 benedico.
585 1572 612 1594 et
625 1572 650 1594 te
677 1567 806 1601 gloriﬁco.
833 1568 906 1602 quod
921 1568 962 1594 vel
979 1568 1005 1594 in

216 1621 325 1641 carcere
340 1613 461 1641 habitare
474 1619 584 1649 propter
600 1621 699 1641 nomen
723 1618 797 1641 tuum
824 1622 883 1641 sum
907 1614 1007 1641 condeo

217 1664 335 1687 mnatus.
345 1659 396 1687 Sed
408 1664 433 1686 te
442 1667 517 1695 rogo,
531 1659 654 1691 Domine,
673 1660 781 1695 suscipe
790 1659 908 1687 animam
918 1668 1005 1688 meam

217 1705 244 1731 in
270 1704 312 1732 his
344 1704 532 1737 vinculis,qui
557 1712 644 1731 meam
674 1705 745 1732 nosti
771 1705 982 1733 imbecillitatem
999 1725 1006 1737 ,

217 1758 252 1779 ne
273 1750 418 1785 aliquando
439 1750 470 1776 in
488 1758 530 1777 tne
555 1750 686 1786 glorietur
708 1751 847 1778 inimicus.
870 1750 933 1778 llaec
943 1759 1008 1786 ergo

218 1799 242 1826 is
268 1802 313 1826 est
333 1802 471 1833 precatus.
493 1797 544 1831 Qui
565 1805 630 1825 vero
648 1797 725 1825 tinxit
746 1797 905 1833 singulatim
925 1797 1007 1825 corda

218 1848 320 1876 nostra,
337 1842 385 1878 qni
408 1843 535 1878 intelligit
564 1843 657 1870 omnia
689 1850 771 1878 opera
791 1847 894 1875 nostra,
915 1847 1008 1870 mente

218 1893 282 1917 ante
297 1897 380 1925 opera
391 1893 527 1924 suscepta,
537 1894 598 1924 post
608 1890 688 1916 linem
706 1888 844 1920 orationis,
854 1888 878 1915 ei
891 1893 1006 1916 mortem

218 1935 297 1964 aliert
305 1935 442 1971 evestigio.
450 1935 537 1970 Atque
546 1936 585 1963 sic
592 1935 701 1971 quidem
713 1936 830 1964 excessit
838 1935 1007 1970 Theodotus,

219 1988 334 2016 corpore
348 1985 457 2008 mortuo
472 1980 567 2008 relicto
584 1981 611 2008 in
629 1980 763 2008 custodia.

253 2048 297 2076 Ill.
330 2048 434 2084 Conjux
463 2053 552 2076 autem
578 2048 637 2083 ejus
679 2048 803 2080 Rullina,
822 2056 876 2076 non
916 2047 1007 2075 ferens

221 2095 397 2123 aﬂlictionem
413 2095 541 2126 carceris,
552 2103 614 2122 curn
627 2095 684 2130 ipsa
696 2102 805 2129 quoque
816 2094 1008 2129 intempestive

220 2140 372 2176 peperisset
391 2140 488 2170 lilium,
507 2145 600 2175 utpote
624 2140 697 2175 quod
721 2148 816 2175 magna
837 2140 880 2166 illa
898 2139 1008 2167 alllictio

220 2185 368 2218 olfecisset,
378 2190 407 2213 ut
418 2191 527 2221 pareret
543 2189 641 2220 praeter
651 2189 787 2218 naturam,
808 2185 1009 2212 distrahebatur

221 2232 313 2259 multis
329 2240 362 2259 ac
377 2232 460 2260 variis
475 2232 557 2259 anitni
571 2232 833 2267 perturbationibus.
859 2232 923 2258 Eam
945 2239 1006 2267 gra-

220 2278 289 2305 viter
318 2277 434 2313 angebat
455 2285 528 2304 mors
551 2277 653 2310 mariti,
667 2278 825 2311 premebant
844 2278 1009 2312 gravissimae

220 2325 255 2351 de
279 2324 383 2352 infante
426 2323 636 2355 sollicitudines,
655 2329 683 2351 et
712 2323 835 2358 praesidis
863 2323 1009 2350 crudelitas

222 2370 357 2398 efﬁciebat
370 2374 400 2397 ut
423 2375 545 2397 extrema
564 2370 672 2398 timeret
682 2374 709 2397 et
722 2370 962 2402 contremisceret;
982 2374 1010 2396 et

221 2421 313 2443 tamen
342 2424 358 2443 a
376 2415 451 2442 nullo
467 2416 565 2443 horum
589 2416 759 2447 vincebatur,
771 2415 817 2443 sed
835 2415 889 2442 Deo
901 2414 1009 2449 quidem

221 2463 355 2490 infantem
396 2464 572 2490 commendat
598 2468 625 2490 et
654 2464 780 2494 dedicat;
829 2463 886 2496 ipsa
918 2467 1010 2490 autem

222 2510 346 2538 assidens
359 2510 449 2538 mariti
466 2511 599 2545 reliquiis,
611 2515 638 2537 et
653 2511 750 2545 partim
765 2511 874 2544 quidem
899 2510 1010 2536 misera—

223 2557 313 2584 biliter
330 2555 432 2583 deflens
448 2556 632 2588 solitudinem,
648 2556 747 2591 partim
766 2559 858 2582 autent
879 2562 933 2581 non
950 2561 1012 2581 sus-

222 2603 314 2630 tinens
328 2602 435 2638 conjugi
451 2602 574 2630 relictam
589 2609 651 2630 esse
669 2602 858 2636 superstitem,
873 2601 901 2628 in
924 2600 1011 2635 lacry~

224 2650 277 2677 mis
315 2653 342 2677 et
365 2649 491 2684 suspiriis
517 2648 575 2676 brec
601 2648 709 2676 dicebat
733 2647 809 2674 Deo:
831 2646 882 2678 Qui
909 2645 1011 2673 tinxisti

224 2697 373 2728 hominem,
386 2701 412 2723 et
443 2703 476 2723 ex
492 2696 552 2730 ejus
574 2695 657 2722 latere
685 2695 769 2722 Evam
804 2701 834 2720 es
851 2692 1010 2723 fabricatus,

225 2744 344 2771 concede
369 2747 397 2771 ut
414 2750 463 2778 ego
483 2749 591 2777 quoque
612 2741 706 2768 eadem
728 2741 770 2767 via
795 2738 934 2773 ingrediar
958 2744 1011 2771 qua

226 2789 339 2816 maritus
351 2793 379 2816 et
398 2789 510 2816 liberata
523 2788 558 2815 ab
581 2788 624 2814 bis
647 2788 728 2813 rebus
748 2785 858 2812 caducis
874 2788 901 2810 et
920 2783 1012 2815 fluxis,

227 2840 364 2863 transeam
385 2836 417 2863 ad
436 2844 467 2864 ea
485 2843 545 2870 qua:
569 2838 634 2861 sunt
657 2833 729 2867 apud
752 2836 778 2858 te
795 2831 967 2857 tabernacula
985 2835 1012 2857 ct

229 2882 395 2914 mansiones,
436 2889 496 2916 quae
537 2885 600 2908 sunt
637 2884 746 2907 aeterna:
791 2882 818 2905 et
877 2878 903 2904 in
946 2885 1012 2912 qms

230 2936 283 2955 non
321 2928 393 2955 cadit
427 2928 561 2955 interitus.
592 2927 654 2954 Haec
699 2926 781 2954 Deum
819 2929 927 2960 precata
970 2931 1013 2954 est

1049 310 1230 337 consequens,
1245 301 1301 337 ipsa
1314 309 1423 337 quoque
1440 301 1549 329 decedit

1084 348 1129 375 iV.
1149 348 1185 375 Ea
1201 355 1266 383 ergo
1287 347 1402 374 beatum
1427 347 1493 374 illud
1520 347 1551 374 ad
1568 346 1652 374 Deum
1669 345 1722 373 Iter
1743 346 1836 380 ingrc-

1049 395 1153 428 diente,
1170 394 1243 421 solus
1263 393 1353 421 infans
1371 393 1477 428 jacebal
1497 393 1575 420 vivus
1597 393 1668 420 inter
1686 397 1833 427 parentum

1050 441 1189 475 reliquias.
1209 440 1338 467 Protinus
1355 445 1446 466 autem
1468 440 1592 474 qnmdam
1609 438 1699 465 divina
1723 437 1791 464 visio
1807 437 1834 463 in

1050 487 1143 514 habitu
1160 486 1283 522 etﬁgura
1301 485 1492 517 adolescentis,
1516 489 1629 520 apparet
1651 484 1758 510 cuidam
1776 491 1838 509 mu-

1049 533 1109 560 lieri
1128 533 1206 560 clara:
1222 537 1248 559 et
1263 540 1362 567 genere
1378 536 1405 559 et
1422 531 1528 567 opibus,
1541 538 1629 565 neque
1644 529 1734 556 minus
1749 529 1836 564 picta-

1053 585 1077 606 te
1100 586 1131 606 ac
1156 578 1297 613 religione,
1324 570 1472 606 vocabatur
1496 582 1585 604 autem
1608 576 1713 603 Ammia
1740 579 1790 602 :et
1811 574 1836 601 ei

1049 626 1137 660 jubet,
1148 629 1177 652 ut
1192 630 1266 660 petat
1277 625 1385 660 quidem
1399 632 1414 651 a
1429 624 1542 659 przeside
1556 630 1669 657 corpora
1680 625 1837 648 sanctorum

1051 671 1098 706 qui
1114 671 1284 698 dormierunt
1299 670 1326 697 in
1341 677 1451 697 carcere
1473 678 1480 696 :
1497 669 1571 696 tollat
1588 673 1678 695 autem
1704 666 1837 694 infantem

1052 724 1171 751 quoque,
1194 716 1240 750 qui
1261 716 1332 750 jacet
1354 715 1425 742 inter
1449 722 1506 747 eos,
1522 718 1550 741 et
1564 721 1627 740 eum
1651 711 1703 739 sibi
1726 711 1840 745 adoptet

1052 762 1080 789 in
1106 762 1191 789 ﬁlium
1204 781 1211 793 ,
1223 766 1250 789 et
1267 769 1391 796 magnam
1406 761 1466 795 ejus
1484 767 1578 788 curam
1600 763 1685 794 gerat.
1707 757 1753 784 Illa
1771 765 1839 784 vero

1053 808 1173 842 (carebat
1188 808 1260 835 enim
1278 807 1381 839 liberis,
1395 811 1422 834 et
1438 809 1497 833 erat
1510 804 1675 839 vidua)sicut
1686 803 1709 830 ei
1726 802 1841 829 manda—

1052 853 1092 880 vit
1115 853 1265 885 somnium,
1286 852 1319 879 ad
1342 851 1485 886 praesidem
1504 851 1558 879 cito
1581 850 1725 879 accedens,
1744 847 1843 875 habuit

1053 907 1116 926 eum
1139 899 1218 926 facile
1238 903 1405 926 annuentem
1430 898 1490 933 ejus
1512 896 1649 932 peliIiOni.
1682 895 1750 923 Nam
1773 901 1838 920 eum

1053 952 1161 980 quoque
1176 952 1278 971 morem
1295 949 1432 979 gerentem
1450 943 1538 970 effecit
1553 943 1643 970 divina
1661 940 1757 977 gratia.
1778 939 1842 966 Sta-

1055 992 1102 1018 tim
1138 991 1211 1018 enim
1236 990 1363 1021 reddidit,
1391 998 1451 1024 quae
1477 989 1591 1016 Ammia:
1621 989 1696 1023 jussa
1719 987 1839 1014 fuerant.

1053 1037 1235 1070 Quamobrem
1267 1044 1329 1063 eum
1359 1041 1385 1063 ct
1399 1040 1555 1062 sanctorum
1580 1041 1692 1069 corpora
1705 1039 1732 1060 et
1747 1032 1839 1059 infan-

1054 1089 1109 1111 tem
1133 1087 1317 1118 exportasset.
1341 1082 1385 1109 illa
1409 1081 1519 1115 quidem
1543 1080 1686 1115 splendide
1711 1079 1790 1106 simul
1808 1083 1836 1105 et

1053 1130 1195 1165 magniﬁce
1214 1130 1240 1156 in
1254 1136 1303 1156 suo
1314 1128 1393 1155 horto
1406 1127 1502 1162 sepelit
1515 1137 1522 1155 :
1539 1126 1668 1153 infantem
1685 1129 1775 1152 autem
1786 1124 1848 1151 sibi

1054 1176 1151 1203 educat
1173 1175 1199 1202 in
1223 1175 1318 1206 ﬁlium,
1340 1179 1368 1201 et
1392 1181 1445 1200 non
1461 1179 1550 1204 secus,
1563 1176 1645 1206 atque
1657 1171 1678 1198 si
1701 1171 1759 1204 ipsa
1774 1177 1840 1196 eum

1053 1221 1207 1257 peperisset
1228 1228 1290 1247 eum
1314 1219 1402 1246 alebat
1440 1223 1467 1246 et
1492 1216 1644 1247 erudiebat.
1669 1220 1749 1250 atque
1771 1215 1844 1241 adeo

1054 1269 1197 1302 majorem,
1210 1274 1291 1301 quam
1301 1266 1322 1293 si
1338 1265 1433 1293 fuisset
1447 1269 1533 1291 mater
1541 1263 1709 1298 ejus,curam
1719 1261 1842 1297 gerebat.

1091 1312 1123 1340 V.
1139 1312 1266 1339 Peractns
1279 1315 1369 1338 autem
1381 1310 1436 1345 jam
1454 1313 1512 1336 erat
1525 1316 1623 1338 annus,
1636 1315 1667 1334 ex
1684 1315 1738 1341 quo
1753 1307 1845 1333 fuerat

1054 1360 1199 1394 adoptatus
1215 1366 1221 1386 :
1241 1362 1268 1385 et
1281 1365 1335 1393 qtto
1357 1356 1441 1390 magis
1455 1363 1523 1390 puer
1538 1354 1689 1385 crescebat.
1707 1361 1739 1380 eo
1755 1351 1848 1387 magis

1055 1406 1221 1442 procedente
1251 1409 1383 1438 tempore,
1405 1401 1487 1429 simul
1513 1408 1621 1436 quoque
1649 1399 1788 1427 crescebat
1813 1399 1844 1424 in

1056 1461 1119 1481 eum
1141 1460 1216 1480 amor
1230 1451 1355 1479 Ammiae.
1381 1449 1448 1476 Dum
1467 1448 1539 1475 enim
1566 1447 1687 1479 videbat,
1710 1452 1845 1480 tanquam

1056 1498 1174 1525 fructum
1198 1496 1239 1524 sui
1265 1495 1345 1526 uteri,
1358 1498 1385 1522 et
1408 1493 1579 1520 existimabat
1595 1500 1624 1519 se
1645 1500 1707 1519 eum
1731 1490 1845 1518 habitu-

1058 1553 1129 1575 rum.
1143 1544 1188 1579 qui
1209 1543 1294 1578 ipsam
1315 1542 1429 1577 pulchre
1452 1540 1479 1567 in
1501 1544 1643 1568 senectute
1659 1538 1757 1565 aleret.
1777 1535 1840 1563 lam

1020 1591 1042 1620 C
1060 1590 1211 1617 secundum
1230 1596 1332 1615 annum
1357 1586 1448 1614 infans
1465 1585 1625 1621 attingebat,
1646 1588 1673 1611 et
1685 1583 1776 1619 lingua
1802 1586 1847 1608 te-

1060 1645 1124 1665 nera
1140 1636 1274 1664 Ammiam
1293 1639 1371 1662 vocat
1389 1640 1546 1661 mammam.
1563 1631 1621 1658 lioc
1636 1635 1727 1658 autem
1751 1629 1853 1664 lingua

1059 1684 1243 1711 Romanorum
1268 1680 1401 1717 signiﬁcat
1422 1683 1542 1706 matrem.
1570 1677 1664 1711 Itaque
1691 1675 1779 1710 prima
1799 1675 1847 1701 in—

1059 1731 1151 1762 factis,
1168 1727 1302 1757 balbutics
1334 1726 1472 1761 proprium
1507 1730 1607 1751 nomen
1639 1721 1664 1749 ei
1689 1719 1794 1752 tribuit,
1817 1722 1848 1746 et

1058 1776 1161 1804 Mauras
1176 1774 1324 1802 vocabatur
1338 1772 1371 1799 ab
1388 1770 1526 1801 omnibus,
1546 1773 1573 1796 et
1596 1768 1630 1795 de
1643 1771 1742 1795 ca‘tero
1760 1772 1847 1800 agno-

1058 1823 1193 1851 scebatur.
1212 1819 1280 1848 Cum
1299 1818 1395 1846 fuisset
1409 1821 1499 1844 autem
1516 1815 1636 1850 quinque
1649 1819 1737 1840 annos
1750 1816 1846 1841 natus,

1059 1877 1120 1897 eum
1135 1865 1309 1896 commendat
1333 1863 1439 1892 Ammia
1458 1861 1594 1896 magistris
1611 1859 1777 1886 litterarum.
1793 1856 1846 1884 ill:

1059 1922 1123 1943 vero
1146 1912 1304 1940 movebatur
1328 1916 1423 1937 earum
1444 1905 1598 1935 vehementi
1628 1912 1733 1936 amore,
1755 1908 1782 1932 et
1812 1905 1847 1931 it.

1059 1961 1182 1990 doctrina
1204 1966 1235 1987 ac
1260 1955 1411 1991 disciplinis
1425 1959 1484 1982 erat
1508 1953 1586 1988 longe
1611 1951 1668 1979 suis
1693 1949 1848 1985 aequalibus

1059 2005 1206 2041 superior;
1248 2007 1360 2038 eratque
1384 2001 1444 2036 ejus
1467 1999 1574 2027 animus
1590 2001 1662 2025 totus
1679 1998 1857 2027 intentus,ct.

1060 2053 1139 2088 plane
1155 2051 1260 2079 deﬁxus
1274 2049 1300 2076 in
1318 2047 1481 2075 eruditione.

1096 2098 1143 2126 Vl.
1174 2097 1358 2125 Romanorum
1390 2098 1482 2121 autem
1509 2095 1617 2126 sceptra
1643 2093 1708 2116 tunc
1734 2087 1849 2115 tenebat

1060 2145 1208 2178 imperator
1228 2140 1400 2172 Aurelianus,
1412 2139 1457 2174 qui
1472 2138 1584 2173 cogebat
1597 2143 1691 2164 omnes
1707 2133 1850 2162 sacrifica-

1061 2198 1091 2217 re
1114 2188 1296 2219 daemonibus.
1320 2194 1375 2214 non
1392 2186 1479 2213 solum
1507 2184 1580 2211 viros
1593 2186 1621 2210 et
1643 2181 1781 2211 mulieres.
1797 2179 1852 2207 sed

1061 2236 1142 2264 etiam
1168 2241 1278 2270 pueros.
1296 2233 1411 2260 Maxime
1429 2236 1519 2258 autem
1534 2229 1560 2257 ei
1577 2236 1649 2256 curas.
1665 2231 1742 2255 erant
1755 2226 1848 2261 pueri.

1061 2282 1240 2311 Existimabat
1266 2279 1338 2308 enim
1355 2286 1384 2306 se
1409 2278 1487 2305 facile
1514 2283 1562 2304 ens
1583 2281 1644 2302 esse
1667 2274 1849 2301 inducturum

1061 2333 1173 2366 propter
1190 2327 1276 2354 tntatis
1299 2325 1482 2353 teneritatem.
1505 2321 1558 2349 Sed
1582 2320 1627 2348 alii
1642 2319 1750 2354 quidem
1767 2318 1850 2353 pueri

1061 2364 1156 2403 revera
1175 2373 1307 2400 cedebant
1323 2369 1458 2398 voluntati
1478 2366 1650 2402 imperatoris
1669 2374 1676 2393 :
1692 2364 1738 2399 qui
1755 2367 1850 2390 autem

1061 2430 1123 2450 cum
1148 2421 1282 2447 Mamante
1309 2417 1478 2445 ventitabant
1495 2414 1529 2441 ad
1553 2413 1646 2440 ludum
1669 2410 1849 2441 litterarium.

1062 2467 1241 2494 imitabantur
1256 2464 1308 2500 ipsi
1329 2470 1436 2498 quoque
1455 2468 1550 2488 canam
1570 2458 1647 2494 pueri
1663 2455 1851 2492 prudentiam,

1061 2519 1090 2542 et
1115 2521 1167 2540 nec
1191 2512 1275 2540 verba
1309 2510 1419 2545 quidem
1445 2507 1540 2535 audire
1567 2512 1678 2533 necesse
1695 2501 1847 2530 habebant.

1062 2558 1189 2592 Quotidie
1214 2557 1287 2584 enim
1323 2556 1489 2583 docebantur
1517 2552 1632 2579 honesto
1658 2549 1703 2576 illo
1735 2545 1848 2582 pulchri

1063 2600 1397 2636 Mamantislspectaculo
1431 2603 1459 2625 et
1481 2595 1604 2631 exemplo
1633 2594 1720 2622 solum
1751 2598 1851 2619 verum

1063 2655 1211 2684 agnoscere
1231 2635 1317 2674 Deum
1338 2644 1458 2672 universi
1481 2642 1617 2677 opiﬁcem,
1631 2644 1658 2666 et
1672 2639 1696 2665 ei
1712 2635 1851 2664 rationale

1063 2681 1214 2720 animorum
1242 2691 1340 2719 olIerre
1355 2688 1518 2717 sacriﬁcium
1540 2695 1547 2713 :
1563 2693 1611 2713 eos
1635 2688 1737 2714 autem,
1751 2682 1798 2716 qui
1815 2681 1852 2708 ab

1064 2738 1155 2773 impiis
1172 2741 1199 2764 et
1223 2738 1351 2763 coluntur
1367 2740 1394 2762 et
1416 2734 1567 2761 adorantur
1580 2731 1630 2761 dii,
1641 2736 1726 2764 nugas
1751 2726 1851 2754 existi~

1065 2792 1151 2817 mare,
1164 2788 1190 2811 et
1212 2783 1308 2818 plenos
1325 2781 1424 2816 probro
1441 2785 1468 2806 et
1487 2779 1629 2806 dedecore.
1649 2775 1741 2801 Fausti
1755 2777 1851 2799 autem

1063 2831 1194 2858 Ceesareze
1222 2828 1356 2864 prasidis.
1381 2832 1522 2853 successor
1534 2828 1642 2851 creatus
1666 2819 1850 2847 Democritus.

1065 2879 1106 2905 vir
1123 2877 1199 2904 valde
1225 2875 1332 2910 spirans
1356 2872 1536 2906 impietatem,
1561 2873 1589 2895 et
1605 2873 1737 2894 accensus
1764 2865 1852 2891 vehe-

1065 2923 1146 2952 menti
1174 2922 1233 2958 ejus
1261 2919 1441 2950 aemulatione,
1463 2925 1524 2946 cum
1568 2915 1685 2950 primum
1724 2911 1855 2938 ascrndik
