2034 3152
155 201 203 232 569

154 256 314 290 Caesaream,
349 257 452 284 bonum

153 301 284 335 deferunt,
298 303 374 337 quod
391 311 447 330 non
469 303 561 330 solum
575 304 633 338 ipse
659 303 726 330 deos
752 311 806 330 non
823 303 936 333 coleret,

153 349 196 376 sed
211 356 275 375 suos
291 356 401 384 quoque
415 350 533 384 aequales
551 354 578 376 et
593 349 798 384 condiscipulos
812 349 845 376 ad
858 356 934 375 erro-

153 403 206 422 rem
241 403 320 422 suum
347 403 444 423 omnes
469 396 620 423 induceret.
646 395 750 423 Mamas
767 400 858 422 autem
882 395 937 427 jam

152 441 274 476 quintmn
300 442 438 469 decimum
465 442 559 477 agebat
584 450 686 469 annum
714 441 822 473 aetatis;
838 446 865 468 et
890 442 937 468 bo-

154 496 226 517 uesta
243 495 367 517 matrona
386 491 449 525 (hoc
464 491 536 517 enim
559 495 617 518 erat
639 489 754 517 Ammiae
774 490 937 524 epithetum)

155 542 235 563 morte
248 536 381 570 privatus,
398 537 426 564 lit
449 544 591 564 successor
605 541 632 564 et
647 537 734 564 h:eres
747 536 806 571 ejus
824 536 939 563 faculta-

155 587 217 608 tum.

184 627 237 654 VII.
261 627 442 655 Democritus
466 636 542 664 ergo,
570 636 631 656 eum
663 628 724 656 hzec
748 629 871 656 audisset
902 629 936 656 de

156 671 299 703 “amante,
325 671 377 699 fuit
405 673 530 707 protinus
551 673 683 700 t-lIeratus
701 673 727 700 in
754 681 880 708 puerum.
906 672 938 700 Et

153 726 210 745 cum
238 717 377 746 effecisset
413 723 442 745 ut
466 719 500 745 ad
530 726 609 746 suum
635 718 752 745 tribunal
783 718 936 750 sisteretur,

153 763 270 798 primum
291 763 401 798 quidem
428 764 576 798 interrogat
602 771 636 790 an
659 769 731 791 esset
744 764 936 791 Christianus:

151 809 258 841 deinde,
273 817 308 836 au
326 810 371 837 ille
386 816 470 842 esset,
484 811 529 845 qui
546 818 635 846 neque
650 811 706 846 ipse
725 810 777 838 diis
789 810 936 843 sacriﬁcat,

151 861 177 882 et
201 857 346 892 persuadet
370 857 572 891 condiscipulis,
592 865 627 884 ne
642 861 755 892 pareant
770 857 939 892 imperatori.

152 903 196 929 ille
214 906 318 935 autem,
335 903 476 937 majorem,
489 911 569 938 quam
585 908 651 931 tetas
664 904 826 938 patiebatur,
838 911 894 939 prae
906 911 935 931 se

152 947 240 976 ferens
254 949 339 976 animi
364 950 556 981 constantiam.
580 955 607 977 et
632 950 702 977 nihil
730 950 910 977 conturbatus
925 970 932 981 .

151 989 340 1026 Ego,.inquit,
364 996 482 1018 vestram
506 991 584 1018 valde
607 992 762 1019 condemno
795 992 934 1024 canitiem»

152 1037 220 1070 quod
237 1041 313 1064 tanta
329 1038 486 1065 circumfusi
504 1038 564 1065 sitis
580 1039 685 1065 erroris
699 1038 824 1074 caligine,
841 1043 870 1066 ut
884 1046 935 1066 nec

151 1083 259 1117 possitis
279 1084 389 1118 quidem
415 1084 555 1119 adspicere
566 1085 599 1112 ad
625 1085 713 1112 radios
730 1086 862 1118 veritatis,
875 1087 935 1119 sed,

151 1136 214 1156 vero
228 1134 256 1157 et
284 1131 347 1157 vivo
367 1130 422 1157 Deo
444 1131 551 1164 relicto,
577 1132 731 1158 accessistis
748 1133 781 1159 ad
799 1132 936 1159 daemones

150 1175 283 1203 inanimes
302 1181 331 1203 et
344 1177 452 1204 surdos.
480 1176 548 1204 Nam
563 1185 612 1210 ego
628 1178 737 1213 quidem
753 1186 768 1205 a
784 1185 844 1205 meo
858 1177 937 1205 Chri—

150 1228 191 1250 sto
205 1231 354 1258 ,nunquam
380 1224 554 1256 recedam,et
578 1231 756 1259 quoscunque
782 1229 877 1259 potero
902 1225 936 1252 ad

149 1276 210 1296 eum
236 1268 385 1297 adducam.
413 1269 569 1298 Admiratus
595 1275 637 1297 est
667 1270 836 1298 Democritus
861 1270 936 1305 pueri

151 1315 256 1343 dicendi
280 1315 435 1343 libertatem
464 1321 491 1343 et
502 1316 592 1343 statim
620 1316 653 1343 ab
682 1316 761 1343 initio
785 1316 936 1350 desperans

151 1367 177 1387 se
192 1368 271 1395 posse
294 1368 357 1387 eum
381 1361 522 1393 inducere,
544 1360 624 1387 simul
639 1365 666 1387 et
682 1360 800 1388 minatus
813 1365 854 1388 est
869 1361 937 1387 ado-

151 1406 257 1433 Iescenti
272 1410 300 1433 et
313 1406 346 1433 iis
363 1406 408 1441 qui
423 1413 484 1433 eum
506 1405 728 1437 circumstabant,
742 1405 823 1440 jussit
836 1406 937 1432 ducere

151 1460 262 1487 puerum
289 1452 323 1479 ad
350 1460 425 1479 aram
456 1452 608 1486 Serapidis.
642 1457 670 1478 ut
689 1452 730 1478 vel
763 1451 865 1479 invitus
886 1452 937 1479 deo

149 1500 324 1527 sacriﬁcaret.
345 1500 391 1527 Ille
421 1505 511 1527 autem
531 1499 605 1527 nihil
625 1507 640 1526 a
669 1499 751 1527 minis
783 1499 938 1527 effeminate

149 1545 262 1573 aﬂectus
286 1550 314 1572 et
342 1545 524 1577 illiberal.ter,
543 1546 578 1572 At
609 1537 663 1572 non
677 1545 750 1572 licet.
774 1543 872 1578 inquit,
889 1544 936 1572 tibi

705 203 941 233 MARTYRIUM
960 203 991 234 S.
1015 203 1225 236 MAMANTIS.

501 257 665 285 Mamautem
707 258 740 284 ad
760 265 822 284 eum
844 256 934 284 statim
954 257 975 286 A
991 257 1012 284 si
1028 262 1055 285 et
1072 258 1147 285 nullo
1175 263 1256 285 sensu
1272 258 1388 294 prmditi,
1403 259 1479 293 quod
1488 267 1519 286 ea
1536 259 1626 287 colere
1638 264 1665 286 et
1686 259 1711 286 in
1725 259 1760 286 lto

1725 205 1776 236 5ῗο

991 311 1058 331 nore
1079 305 1182 331 habere
1196 305 1308 331 omnino
1329 305 1481 332 sustinetis.
1513 304 1611 332 Desine
1644 312 1707 339 ergo
1726 305 1761 331 mi

992 357 1043 376 nas
1057 350 1195 377 intentare
1222 350 1366 382 terribiles,
1381 355 1410 377 ut
1424 350 1471 377 tibi
1492 350 1629 382 videntur,
1644 355 1671 377 et
1691 351 1776 377 maxi—

989 403 1031 422 ma
1048 395 1181 430 polliceri.
1196 395 1260 422 Nam
1279 396 1393 431 puniens
1406 395 1528 428 quidem,
1542 395 1710 426 benefacies;
1729 396 1775 422 be—

989 441 1128 468 nefacions
1141 447 1230 468 autem
1243 442 1342 468 damno
1356 441 1456 468 allicies
1474 441 1599 467 maximo.
1615 440 1666 466 Pro
1693 441 1773 468 Chri-

989 487 1113 514 stoenim
1130 487 1212 518 mori.
1241 492 1283 514 est
1299 487 1364 514 mihi
1393 487 1489 521 quovis
1517 487 1623 513 honore
1638 491 1665 513 et
1698 488 1776 514 lucro

990 532 1170 565 praestantius.
1190 533 1238 560 His
1255 533 1431 560 vehementer
1463 532 1583 559 irritatus
1614 531 1776 560 Aurelianus

987 577 1063 612 jubet
1080 585 1180 612 corpus
1197 578 1274 612 pueri
1303 578 1369 605 caedi
1388 577 1488 612 ﬂagris.
1504 578 1591 611 Atque
1610 577 1776 605 adolescenti

989 625 1099 658 quidem
1117 625 1260 658 prudentia
1276 632 1345 652 cano
1362 625 1518 651 medebatur
1537 628 1660 650 tenerum
1678 629 1705 650 et
1720 632 1777 650 mo-

989 670 1024 697 do
1038 669 1137 696 ﬂoreus
1162 678 1281 704 corpus;
1315 671 1360 697 ille
1384 678 1448 697 vero
1475 670 1587 705 perinde
1610 670 1778 697 adiciebatur

988 721 1068 750 atque
1085 716 1107 742 si
1125 717 1320 749 quatereturiu
1334 717 1450 744 somnis.

1024 771 1070 798 1X.
1097 771 1164 799 Cum
1181 776 1272 799 autem
1289 772 1436 806 imperator
1462 779 1495 799 eo
1512 774 1570 807 ipso
1583 776 1713 806 tempore,
1725 780 1779 805 quo

989 818 1165 852 torquebatur
1195 826 1275 853 puer.
1302 818 1327 845 ei
1358 819 1527 850 adularetur,
1554 823 1578 845 et
1615 825 1676 844 eum
1704 818 1778 843 ttltttti

990 865 1094 891 ratione
1109 870 1253 892 conaretur
1277 865 1412 897 emollire,
1431 865 1539 892 dicebat
1551 865 1624 891 enim
1647 874 1654 892 :
1672 864 1717 891 Dic
1735 863 1778 889 vcl

953 927 972 953 Β
988 911 1053 938 solis
1063 911 1143 938 labris
1153 917 1178 939 te
1189 912 1404 939 sacrificaturum
1417 921 1424 939 τ
1437 917 1463 939 et
1473 912 1562 938 statim
1579 911 1736 937 liberalioris
1746 910 1778 936 ab

987 958 1060 984 omni
1073 958 1206 993 supplicio
1216 966 1222 985 :
1232 957 1289 984 Non
1299 965 1358 993 ego,
1368 958 1456 992 inquit
1467 958 1580 989 Mantus,
1592 965 1607 982 o
1620 957 1777 991 imperator,

988 1004 1075 1031 solum
1089 1003 1155 1031 ntibi
1170 1012 1263 1031 verum
1279 1004 1363 1031 Deum
1376 1010 1402 1032 ct
1412 1004 1512 1039 llcgem
1528 1003 1678 1036 Christum,
1690 1010 1779 1037 neque

987 1051 1069 1078 labris
1086 1051 1149 1078 'nec
1167 1050 1249 1078 corde
1266 1050 1431 1086 negaverim,
1454 1050 1535 1076 etiam
1559 1049 1579 1076 si
1600 1049 1780 1084 pra-sentibus

987 1097 1068 1132 longe
1093 1097 1217 1132 graviora
1236 1096 1441 1132 excogitaveris.
1463 1096 1533 1128 Quin
1561 1095 1641 1121 etiam
1669 1102 1780 1128 magnas

988 1143 1036 1170 tibi
1054 1143 1140 1170 habeo
1158 1143 1267 1178 gratias,
1280 1143 1351 1177 quod
1379 1150 1421 1169 me
1441 1150 1489 1177 per
1508 1142 1566 1168 haec
1596 1145 1728 1168 tormenta
1754 1141 1778 1168 ei

988 1197 1069 1224 quem
1089 1189 1216 1215 desidero
1234 1188 1385 1221 concilies;
1399 1193 1427 1215 et
1440 1191 1503 1221 opto
1517 1187 1615 1218 solutn,
1631 1194 1664 1213 ne
1683 1194 1780 1214 manus

988 1233 1170 1269 dcfatigentur
1191 1233 1350 1264 tortoribus,
1373 1241 1433 1267 qu'c.
1458 1233 1526 1267 jam,
1549 1237 1577 1259 ut
1606 1231 1692 1263 vides,
1713 1232 1777 1258 mihi

988 1288 1083 1315 magna
1096 1280 1167 1307 bona
1181 1285 1336 1314 procurant:
1352 1279 1399 1306 sed
1417 1279 1536 1306 robusta:
1562 1278 1651 1313 potius
1660 1278 1778 1305 reddan-

989 1331 1033 1353 tur
1046 1331 1073 1353 et
1092 1326 1227 1353 valentes.
1250 1325 1414 1352 Aurelianus
1443 1329 1532 1351 autem
1549 1330 1692 1359 postquam
1713 1323 1780 1350 vidit

988 1379 1049 1399 eum
1062 1376 1114 1398 tam
1136 1379 1231 1406 parum
1245 1379 1342 1398 curare
1362 1371 1488 1402 verbera,
1503 1371 1580 1405 jubet
1597 1369 1621 1397 ei
1647 1369 1777 1397 nudatum

988 1425 1089 1453 corpus
1102 1423 1187 1445 totum
1202 1418 1298 1445 torreri
1309 1417 1430 1444 lucernis
1440 1417 1509 1453 ignis
1525 1425 1532 1443 :
1560 1421 1589 1443 ut
1606 1423 1668 1443 cum
1683 1423 1780 1442 carnes

989 1464 1119 1500 paulatim
1150 1464 1349 1498 eliquarcntur,
1370 1467 1397 1489 et
1423 1462 1526 1489 diutius
1565 1469 1722 1488 versaretur
1751 1461 1779 1487 in

989 1513 1137 1541 tormento,
1167 1513 1194 1537 et
1212 1509 1326 1544 (dolores
1342 1508 1456 1535 sentiret
1484 1507 1636 1542 graviores.
1664 1505 1697 1533 Et
1727 1505 1780 1532 hoc

988 1555 1261 1590 quidemideductum
1281 1559 1322 1581 est
1337 1553 1369 1580 ad
1385 1553 1524 1584 effectum,
1537 1557 1565 1579 et
1585 1552 1703 1579 admone
1716 1558 1781 1578 sunt

151 1599 192 1618 ωε
220 1591 327 1626 Puni”.
349 1591 395 1626 ί1υί
421 1599 480 1619 sum
505 1591 637 1618 θάυεδῑιη
659 1598 673 1617 ³
710 1595 797 1617 "mre
820 1590 971 1623 maximae
988 1600 1105 1627 lucemte
1118 1599 1223 1634 corpori
1241 1599 1376 1634 martyris.
1387 1598 1439 1625 Sed
1467 1603 1495 1626 et
1508 1598 1578 1634 ignis
1603 1598 1780 1624 reverebatur

155 1642 180 1665 et
194 1638 344 1666 clarissima
354 1659 361 1672 ,
375 1643 402 1666 et
415 1639 578 1665 luculentam
593 1637 626 1665 ab
642 1645 673 1665 ea
685 1637 777 1673 accepi
792 1637 937 1665 haeredita-

153 1690 215 1717 tem,
233 1689 261 1712 et
275 1685 408 1712 maximas
419 1684 536 1715 divitias,
551 1684 681 1719 adjiciens
695 1692 795 1711 nomen
810 1685 934 1712 Aminiam

152 1730 215 1757 Cum
231 1731 288 1758 haec
304 1736 395 1758 autem
408 1731 541 1758 audiisset
564 1730 734 1757 Democritus
756 1734 784 1757 et
795 1730 828 1758 ab
843 1731 877 1758 iis
889 1731 936 1765 qui

152 1778 376 1810 circumstabant,
409 1778 443 1805 de
473 1777 552 1805 beata
584 1781 710 1804 matrona
741 1781 768 1804 et
801 1776 936 1805 Mamaute

153 1829 272 1851 accurate
300 1824 392 1851 omnia
413 1823 563 1854 didicisset.
583 1828 611 1850 et
635 1823 809 1859 cognovisset
836 1831 866 1852 se
880 1832 935 1852 non

154 1877 228 1904 posse
242 1877 304 1897 eutn
330 1869 437 1904 punire,
459 1869 556 1897 ferreis
568 1869 691 1897 vinctum
718 1869 836 1897 vinculis
853 1870 936 1905 (figas

154 1923 210 1943 eum
228 1916 310 1944 mittit
333 1916 367 1944 ad
390 1916 595 1951 imperatorem,
616 1916 706 1943 omnia
728 1921 758 1944 ut
779 1923 808 1944 se
833 1917 936 1945 habent

153 1962 302 1998 s'gnillcans
321 1962 418 1990 litteris
433 1962 598 1997 imperatori.

186 2008 317 2044 Vlll.,llle
342 2013 432 2036 autem
454 2016 515 2036 cum
541 2009 643 2036 litteras
666 2008 826 2043 accepisset,
847 2013 874 2035 et
889 2015 934 2036 eas

151 2056 315 2091 perlegisset,
346 2063 458 2090 pueruzn
493 2056 569 2083 varie
607 2055 762 2090 aggreditur
785 2064 792 2082 :
813 2060 841 2082 et
871 2062 933 2082 cum

149 2108 207 2128 eum
223 2102 251 2128 in
265 2108 350 2129 suum-
362 2105 537 2136 conspectum
554 2101 721 2134 adduxisset,
738 2109 810 2128 nunc
825 2101 933 2137 quidem

148 2147 303 2175 minabatur
314 2153 343 2175 et
368 2155 496 2183 magnum
513 2152 647 2174 terrorem
676 2148 847 2182 intendebat,
859 2158 933 2178 nunc

146 2198 234 2220 autem
258 2192 401 2228 promissis
428 2192 570 2223 invitabat,
586 2192 654 2220 etei
679 2195 849 2229 proponebat
871 2203 933 2222 mu-

987 1646 1116 1674 atbletam
1129 1665 1136 1678 ,
1152 1650 1180 1672 et
1193 1645 1219 1671 in
1230 1644 1331 1671 milites
1345 1643 1466 1678 spirabat
1476 1643 1677 1670 vehementius.
1691 1643 1780 1677 Atque

987 1697 1088 1727 martyr
1099 1692 1208 1727 quidem
1222 1691 1281 1718 sine
1293 1690 1386 1717 dolore
1402 1690 1564 1717 admittebat
1581 1689 1706 1716 lucernas
1716 1688 1781 1721 ;il|:e

986 1743 1078 1766 autem
1113 1738 1199 1773 magis
1217 1737 1333 1764 urebant
1360 1736 1481 1763 animum
1497 1735 1694 1770 persecutoris.
1713 1734 1780 1762 Nam

986 1792 1048 1812 cum
1062 1791 1097 1811 ne
1117 1783 1260 1811 minimum
1285 1782 1395 1817 quidem
1406 1789 1505 1817 corpus
1521 1781 1649 1816 martyris
1662 1780 1780 1815 attinge-

986 1834 1047 1857 rent
1067 1837 1099 1857 eo
1127 1829 1165 1856 illi
1187 1829 1318 1864 majorem
1333 1828 1467 1855 ﬂammam
1483 1827 1637 1855 excitabant
1657 1826 1778 1854 insaniae.

989 1875 1092 1903 Deinde
1107 1875 1185 1911 jubet
1211 1881 1358 1909 martyrem
1377 1873 1514 1901 verberari
1543 1873 1690 1907 lapidibus.
1729 1871 1776 1899 llle

986 1925 1076 1948 autem
1097 1920 1210 1955 perinde
1233 1924 1292 1947 erat
1306 1919 1432 1952 affectus,
1454 1923 1534 1953 atque
1545 1919 1567 1945 si
1590 1923 1781 1954 aspergeretur

986 1967 1065 1999 rosis,
1081 1971 1109 1993 et
1119 1973 1167 2001 spe
1176 1966 1258 1993 futuri
1269 1965 1420 1993 laetabatur.

1024 2012 1056 2039 Χ.
1069 2013 1144 2040 Cum
1158 2013 1249 2046 itaque
1266 2011 1343 2039 valde
1358 2011 1441 2038 animi
1456 2011 1555 2038 dubius
1568 2015 1640 2038 esset
1655 2009 1728 2037 omni
1746 2018 1780 2036 ex

985 2066 1063 2097 parte
1079 2060 1250 2092 Aurelianus,
1261 2064 1288 2086 et
1304 2059 1407 2086 nullum
1438 2058 1564 2093 supplicii
1590 2065 1676 2093 genus
1690 2062 1778 2092 posset

984 2109 1151 2143 excogitare,
1175 2107 1247 2142 quod
1273 2114 1320 2133 cor
1342 2105 1487 2132 Mamantis
1512 2105 1669 2138 attingeret,
1703 2103 1779 2138 jubet

985 2155 1092 2190 globum
1102 2154 1258 2189 plumbeum
1268 2153 1327 2188 ejus
1339 2152 1409 2179 collo
1420 2151 1532 2187 alligari,
1543 2155 1570 2179 et
1578 2151 1617 2178 sic
1627 2151 1653 2179 in
1663 2151 1780 2178 medium

985 2207 1062 2226 mare
1077 2199 1189 2226 ductutn
1205 2202 1365 2232 martyrem,
1384 2196 1480 2231 projici
1496 2196 1521 2222 in
1547 2195 1722 2230 profundum.
1749 2194 1780 2222 Εἰ

145 2247 209 2267 uera
223 2243 251 2266 et
273 2239 404 2270 honores,
420 2243 446 2265 et
461 2239 589 2266 diccbat:
617 2239 644 2265 Si
659 2240 691 2266 ad
709 2248 836 2275 magnum
852 2249 931 2269 accc-
951 2258 971 2285 ο
983 2245 1075 2280 jussus
1091 2244 1200 2279 quidem
1223 2243 1355 2270 deductus
1371 2247 1412 2269 est
1425 2241 1458 2268 ad
1481 2241 1607 2268 ell'cctutn
1639 2249 1646 2274 ;
1676 2241 1722 2268 sud
1747 2247 1782 2267 ne

148 2286 217 2313 deos
237 2285 410 2319 Serapidem,
423 2284 446 2311 ei
462 2285 667 2317 saerilicaveris,
682 2293 699 2312 ο
712 2285 827 2320 pulcher
853 2294 932 2321 puer,

142 2329 197 2356 eris
212 2329 356 2356 nobiscum
371 2329 397 2356 in
414 2329 512 2363 palatio
537 2337 544 2355 :
560 2333 586 2355 et
600 2329 715 2363 primum
731 2330 839 2364 quidem
854 2331 935 2358 aleris

141 2376 279 2411 regaliter,
297 2375 396 2402 deinde
413 2381 440 2402 Ie
455 2375 533 2402 tnulti
550 2375 722 2403 mirabuntur
736 2381 763 2403 et
775 2377 933 2409 laudabunt,

140 2422 293 2457 beatusque
317 2422 373 2449 eris
393 2422 426 2448 de
445 2427 552 2453 caetero,
569 2427 597 2449 et
633 2421 675 2448 cui
701 2421 786 2457 possit
806 2423 934 2450 invideri.

141 2469 201 2496 lloc
216 2474 310 2496 autem
334 2468 449 2495 faciebat
472 2468 645 2500 Aurelianus,
658 2472 685 2495 et
705 2468 762 2495 itch
775 2468 830 2495 duo
841 2468 933 2501 simul,

141 2522 242 2549 nempe
259 2518 288 2541 et
313 2514 402 2541 minas
428 2514 604 2548 proferebat,
621 2518 649 2541 et
668 2514 812 2549 promissa,
834 2519 865 2542 ut
892 2515 937 2543 vel

141 2562 223 2589 minis
235 2569 298 2589 eum
310 2565 437 2593 terreret,
456 2564 483 2587 et
493 2564 645 2588 extremum
665 2561 689 2588 ei
701 2566 801 2588 metum
814 2561 933 2596 alferret,

141 2613 191 2635 aut
203 2607 345 2643 promissis
363 2607 423 2641 ejus
442 2607 554 2634 solidam
576 2607 717 2643 frangeret
737 2609 933 2640 constantiam.

142 2655 210 2681 etin
225 2662 332 2682 summa
347 2661 410 2682 eum
441 2653 569 2685 molliret,
588 2654 700 2688 ejusque
735 2655 828 2682 oculos
861 2664 934 2691 prte-

145 2702 298 2738 stringeret,
317 2705 344 2728 et
368 2701 514 2728 adduceret
542 2701 574 2727 ad
599 2701 776 2735 impietatem.
803 2702 865 2729 llaec
887 2711 934 2730 att-

150 2752 202 2773 tem
218 2748 302 2783 magis
317 2747 452 2775 acuebant
485 2747 574 2774 alacre
589 2751 615 2774 et
630 2754 785 2783 promptum
813 2750 933 2777 studium

150 2793 326 2821 adolescentis
341 2802 348 2823 ;
368 2799 404 2826 et,
423 2793 511 2826 Absit,
528 2794 677 2828 respondit,
692 2802 708 2822 ο
725 2795 880 2829 imperator,
907 2802 935 2824 ut

153 2838 200 2865 ltas
213 2847 268 2874 qna:
282 2847 297 2867 a
313 2839 389 2867 vobis
410 2840 587 2872 honorantur,
599 2843 702 2868 statuas
726 2841 752 2868 in
774 2841 877 2870 honore
889 2842 935 2870 ha-

155 2884 236 2917 beam,
250 2890 297 2913 aut
310 2894 403 2913 earum
417 2886 499 2913 ullam
525 2886 622 2914 ducatu
647 2887 781 2915 rationem
798 2896 858 2923 qua:
872 2894 935 2916 sunt

157 2931 235 2970 surda
246 2938 272 2960 et
285 2933 421 2967 inanitate,
435 2937 461 2960 et
475 2940 535 2969 qua
551 2938 676 2970 arguunt,
692 2942 771 2971 quant
781 2935 846 2963 'sitis
862 2943 935 2963 cras-

987 2296 1052 2318 tunc
1068 2291 1189 2325 quidem,
1206 2298 1221 2316 o
1237 2289 1335 2319 Mama,
1350 2288 1420 2315 Deus
1432 2288 1471 2314 tui
1489 2292 1531 2313 est
1542 2287 1652 2317 oblitus,
1677 2286 1780 2321 angelis

986 2338 1060 2364 enim
1077 2337 1134 2363 suis
1151 2336 1261 2362 mandat
1273 2336 1305 2362 tle
1318 2340 1354 2366 tr,
1375 2339 1404 2360 ut
1420 2338 1445 2359 te
1463 2332 1627 2359 custodiant.
1641 2332 1673 2358 Et
1688 2331 1779 2358 statim

987 2383 1098 2418 angelus
1109 2382 1195 2409 forma
1207 2382 1325 2408 huntana
1340 2382 1366 2407 in
1390 2380 1483 2408 orbem
1495 2378 1671 2410 circumiens,
1692 2382 1780 2404 terro-

987 2437 1043 2456 rem
1074 2428 1184 2463 quidem
1212 2427 1292 2454 affert
1310 2428 1342 2454 iis
1361 2428 1406 2462 qui
1435 2429 1521 2463 ipsum
1535 2425 1681 2456 ducebant,
1694 2429 1720 2451 et
1734 2432 1781 2451 eos

986 2475 1069 2503 vertit
1083 2475 1109 2502 in
1126 2475 1232 2510 fugam;
1249 2475 1325 2508 jubet
1350 2480 1441 2502 autem
1459 2479 1606 2510 martyrem
1629 2473 1724 2500 venire
1751 2473 1777 2499 iit
1805 2509 1811 2512 ⁴

987 2526 1119 2554 montem,
1140 2521 1240 2556 quiest
1268 2521 1411 2554 Caesari-re,
1442 2524 1470 2547 et
1499 2520 1552 2547 illic
1579 2519 1687 2555 degere.
1712 2518 1779 2545 Cutn

986 2568 1160 2602 fuissetcrgo
1186 2567 1212 2594 in
1248 2572 1348 2598 mente,
1364 2573 1392 2594 et
1408 2571 1480 2594 totos
1513 2566 1692 2601 quadraginta
1721 2564 1781 2591 dies

986 2614 1131 2641 mansisset
1153 2613 1275 2648 jejunus,
1293 2613 1322 2640 lit
1343 2613 1387 2640 hic
1405 2613 1476 2640 alius
1490 2612 1588 2639 Moses.
1601 2611 1630 2638 Ei
1642 2612 1668 2638 in
1684 2617 1781 2636 manus

986 2667 1088 2687 novum
1117 2659 1237 2686 traditur
1252 2664 1458 2690 testamentum,
1471 2658 1542 2692 quod
1556 2665 1611 2684 non
1638 2662 1701 2683 tunc
1718 2656 1781 2689 qui-

985 2704 1046 2731 dem
1059 2704 1176 2738 primum
1205 2711 1264 2731 esse
1286 2708 1418 2738 coeperat,
1432 2703 1479 2730 sed
1493 2703 1549 2737 jam
1574 2701 1664 2728 fuerat
1685 2700 1777 2726 datum

986 2754 1031 2785 pat
1047 2749 1121 2779 ibus.
1143 2750 1176 2777 Et
1195 2750 1267 2784 quod
1300 2755 1363 2776 tunc
1388 2750 1482 2776 deerat
1516 2747 1594 2778 Mosi,
1625 2747 1676 2774 hoc
1706 2755 1778 2773 nunc

986 2797 1150 2832 adimpletur
1163 2797 1188 2823 in
1203 2801 1330 2831 martyre.
1357 2795 1426 2822 Nam
1451 2795 1539 2822 Moses
1550 2794 1659 2828 quidem
1674 2793 1777 2820 solum-

987 2843 1066 2869 modo
1094 2841 1189 2869 ecaalo
1217 2841 1317 2876 accipit
1344 2840 1465 2872 tabulas:
1484 2839 1518 2868 ad
1535 2839 1609 2866 hunc
1634 2843 1724 2870 autem
1749 2842 1779 2864 et

987 2896 1049 2920 vox,
1062 2892 1089 2914 et
1100 2888 1172 2923 virga
1189 2889 1222 2915 ab
1238 2888 1292 2914 alto
1308 2887 1458 2914 descendit.
1485 2886 1553 2914 Cum
1567 2890 1658 2913 autem
1673 2885 1777 2920 Virgil»

987 2933 1146 2969 act-cpisset,
1158 2939 1184 2961 et
1207 2937 1236 2961 ut
1253 2941 1303 2961 vox
1320 2931 1499 2968 signiﬁcabat,
1519 2939 1552 2961 ea
1569 2935 1668 2961 terram
1685 2930 1775 2959 disse‘
