2034 3152
249 173 298 206 5'71

875 175 1018 206 MENSIS
1037 175 1252 207 AUGUSTUS.

1822 173 1879 205 57:2

242 229 355 260 cuisset,
369 228 504 261 quomodo
517 228 593 263 prius
611 237 684 257 mare
696 230 794 263 Moses,
809 230 908 266 accipit
934 231 1024 258 Evan-
1038 233 1063 263 Α
1075 238 1158 258 causa
1190 237 1234 256 me
1256 228 1415 257 accersisti?
1444 228 1522 261 Quod
1532 235 1582 256 nec
1604 235 1714 263 possum
1757 229 1878 263 quidem.

242 273 340 308 gelium
359 273 461 300 editum
477 280 492 300 c
510 277 587 300 terrae
600 274 758 302 visceribus.

277 318 323 346 XI.
344 317 413 351 Quid
430 325 499 351 opus
522 323 564 345 est
589 326 620 346 ea
635 319 737 352 dicere,
762 328 823 355 qua).
852 326 917 349 sunt
939 326 1031 356 postea

242 363 408 391 consecuta?
422 362 479 389 Non
493 363 609 397 amplius
637 365 715 392 nobis
738 371 839 401 martyr
862 367 959 398 Moses,
984 367 1031 394 sed

241 409 347 436 titalins
357 409 454 435 Paulus
463 409 613 443 praedicans
622 410 811 445 Evangeliutn.
819 411 886 439 Cum
896 412 1031 446 quoddam

242 459 335 481 autem
363 455 493 489 templum
515 456 723 488 construxisset,
748 456 774 482 in
793 464 846 490 quo
864 463 943 483 orare
967 464 1032 482 con-

197 503 199 505 ’
242 504 380 528 sueverat.
408 501 538 534 quoniam
551 502 693 535 oportebat
713 508 786 532 eum.
811 501 881 528 sicut
912 500 1031 534 Paulus‘,

242 546 346 580 operari
362 546 496 578 manibus,
513 546 603 573 divina
633 547 732 573 virtute
744 547 777 573 atl
796 555 824 574 se
852 547 926 574 ducit
938 554 1033 574 omnes

242 593 384 621 ferastet
425 594 466 620 lac
493 594 616 629 mulgens
650 593 821 626 feminarum,
856 601 1032 628 quaecumque

243 641 269 668 id
285 641 389 668 Srilicet
407 643 528 675 pratbent
546 643 721 676 poculentum
738 642 908 672 hominibus,
933 641 1033 668 eﬂicie-

241 687 288 714 bat
304 695 412 715 caseum
428 696 434 720 ;
452 693 479 715 et
492 688 550 722 ejus
561 688 671 723 quidem
686 696 780 723 parum
794 688 846 715 sibi
862 688 1033 722 relinquebat

241 738 269 760 et
295 734 443 768 reponebat
461 743 468 761 :
484 735 619 769 reliquum
646 739 736 762 autem
753 735 922 762 descendens
944 734 1034 761 Caesa-

241 785 328 810 ream,
349 779 529 807 distribuebat
544 780 700 815 egentibus.
721 781 854 813 Quoniam
869 785 960 807 autem
974 787 1035 807 ma-

241 831 311 858 gnus
322 823 424 850 Marnas
441 824 510 851 fama
530 830 557 852 et
584 833 710 853 sermone
735 826 884 853 multorum
909 825 1033 853 celebra-

240 868 331 901 batur,
348 870 501 897 Alexander
529 871 640 905 quidem
661 873 739 902 alius.
757 879 811 899 non
825 873 848 899 is
864 879 944 906 quem
959 872 1033 906 prius

220 913 368 950 Ldiximus,
399 919 463 942 tunc
491 922 600 943 creatus
632 925 732 951 praeses
769 917 959 952 Cappadociae,
996 917 1036 944 vir

221 955 228 997 ᾖ(
241 959 370 992 crudelis,
385 960 406 986 si
424 961 494 988 ullus
506 961 585 994 alius,
599 967 626 989 et
642 964 812 989 contendens
840 964 866 989 in
894 962 1036 997 impietate

241 1011 258 1031 ιι
275 1005 385 1032 nemine
398 1007 532 1040 superari,
549 1015 611 1034 cum
628 1008 662 1035 de
679 1015 712 1035 eo
742 1007 1035 1042 omniatintellexisset,

241 1048 325 1089 tnittit
337 1051 466 1085 quosdam
481 1053 586 1089 equites
597 1054 630 1080 ad
640 1062 703 1081 eum
720 1053 906 1089 querendum.
924 1058 952 1079 ut
967 1061 1032 1081 cum

241 1088 422 1128 invenissent,
436 1097 469 1124 ad
487 1088 549 1124 eum
567 1088 756 1135 adducerent.
779 1099 847 1126 Cum
865 1098 973 1124 illorum
986 1098 1038 1125 ita-

240 1148 294 1175 que
311 1141 455 1169 adventum
472 1144 654 1177 prmscivisset
669 1150 783 1181 martyr,
806 1147 836 1173 lit
851 1146 891 1173 eis
916 1145 1035 1173 obviam.

240 1185 279 1213 Illi
297 1191 387 1214 autem
424 1194 565 1224 postquam
596 1191 676 1218 simul
712 1193 919 1225 convenissent,
948 1197 1038 1226 neque

244 1233 347 1260 scirent
363 1233 436 1261 hunc
471 1243 532 1262 esse
558 1236 642 1268 illum,
669 1238 801 1272 rogabant
818 1246 892 1270 eum,
914 1240 1036 1268 ubinam,

243 1281 272 1304 ct
286 1278 314 1304 in
331 1287 386 1313 quo
403 1279 462 1307 loco
477 1286 550 1307 esset
567 1281 680 1309 Manius.
693 1283 737 1309 llle
750 1291 812 1309 vero
828 1291 835 1310 :
850 1284 903 1310 Vos
915 1284 1036 1318 quidem,

242 1324 341 1360 inquit,
359 1334 375 1353 ο
392 1328 484 1360 amici,
503 1334 610 1363 oportet
625 1338 696 1357 nunc
713 1338 744 1357 ex
760 1339 838 1365 equis
857 1331 1037 1363 descendere,

244 1374 274 1397 ut
286 1378 381 1398 eamus
392 1372 425 1399 ad
438 1381 544 1400 cumam
564 1383 570 1407 ;
590 1380 684 1409 postea
700 1381 789 1403 autem
806 1377 946 1403 ostendam
963 1376 1038 1404 vobis

243 1416 418 1446 Mamantem.
437 1418 468 1445 lli
485 1427 549 1455 ergo
560 1421 594 1448 ab
611 1429 644 1448 eo
661 1421 780 1456 hospitio
796 1422 912 1456 accepti,
927 1429 1037 1448 caseum

245 1467 274 1489 et
289 1471 387 1498 panem
402 1465 519 1492 libenter
537 1466 717 1494 comederunt
735 1476 742 1500 ;
760 1467 802 1494 his
823 1468 895 1494 enim
913 1468 1038 1503 egregius

243 1515 291 1535 eos
305 1510 409 1543 accepit
425 1510 536 1542 Mauras,
553 1511 680 1538 dominus
696 1511 824 1539 convivii.

279 1554 336 1581 ΧΗ.
355 1554 466 1582 Interim
487 1561 577 1583 autem
607 1557 639 1583 ad
665 1562 810 1592 martyrem
834 1557 983 1591 accedunt,
1010 1565 1040 1586 ut

245 1606 458 1641 consueverant,
489 1601 597 1629 fcminzn
616 1603 778 1635 animantes,
810 1608 839 1629 ut
868 1611 1040 1638 unaqumque

245 1653 294 1673 suo
305 1646 374 1673 laete
392 1647 570 1681 mulgeretur.
590 1648 665 1680 Quod
686 1656 747 1674 cum
761 1649 891 1675 vidissent
920 1651 1038 1683 equites,

245 1697 292 1717 eos
305 1691 403 1717 invasit
417 1697 509 1726 stupor
531 1692 660 1724 cttimor,
681 1697 707 1720 et
735 1701 813 1719 omna
836 1694 946 1727 relicta,
975 1702 1042 1722 con-

245 1735 354 1772 fugiunt
367 1737 399 1763 ad
429 1743 585 1773 martyrem.
626 1739 672 1765 lllc
698 1747 763 1765 vero
788 1748 849 1766 eum
873 1745 974 1767 metum
999 1741 1039 1768 eis

246 1782 402 1814 ademisset,
435 1787 462 1810 et
487 1792 534 1810 eos
567 1784 639 1811 bono
682 1790 709 1812 et
739 1785 832 1812 ﬁdenti
860 1787 951 1814 animo
980 1795 1041 1815 esse.

244 1828 391 1863 jussisset,
424 1828 522 1856 deinde
562 1830 644 1857 vellet
673 1831 755 1858 etiam
781 1839 874 1859 eorum
896 1833 1001 1860 animos
1024 1842 1039 1861 a

246 1882 312 1901 cura
328 1874 456 1906 liberare,
472 1874 540 1902 dixit
557 1883 586 1903 se
601 1876 711 1912 quidem
729 1884 791 1904 vere
820 1885 881 1905 eum
893 1886 964 1911 esse,
994 1881 1041 1914 qui

247 1921 432 1956 quarebatur,
452 1920 629 1955 Mamautem,
651 1930 686 1950 ne
715 1923 834 1958 amplius
852 1931 914 1951 eum
937 1932 1042 1959 quaere-

248 1972 318 1994 rent.
335 1968 389 1996 Eos
403 1976 468 2004 ergo
482 1969 605 2001 dimittit,
624 1969 762 2004 pollicitus
792 1970 912 2005 seipsum
932 1979 1041 2006 quoque

247 2021 309 2041 mox
325 2018 482 2041 venturum.
497 2014 600 2042 Deinde
615 2023 676 2042 cum
690 2015 795 2051 equites
809 2017 933 2050 protinus
952 2025 1042 2045 reces-

247 2059 349 2086 sissent
365 2060 421 2094 (tali
442 2060 515 2087 enim
535 2061 594 2087 viro
603 2061 762 2094 credebant,
775 2069 865 2096 neque
878 2063 904 2088 in
920 2069 954 2089 eo
967 2068 1042 2096 pote-

249 2109 310 2132 rant
321 2106 404 2132 ullum
420 2106 552 2140 suspicari
571 2107 755 2141 mendacium)
773 2115 834 2133 cum
859 2116 941 2134 unum
954 2116 986 2135 ex
1009 2109 1042 2136 iis

248 2151 294 2186 qui
314 2156 393 2178 erant
414 2151 441 2178 in
457 2156 560 2184 monte,
584 2152 718 2183 leonibus,
750 2157 852 2188 martyr
867 2159 933 2180 nutu
956 2154 989 2181 ad
1011 2162 1041 2182 se

248 2202 382 2230 vocasset,
409 2197 486 2233 jubet
514 2205 587 2230 eum,
619 2203 763 2232 postquam
793 2198 852 2233 ipse
893 2199 1039 2234 ingressus

249 2241 332 2269 fuerit
347 2242 477 2272 stadium,
490 2242 592 2269 cursim
621 2251 736 2277 pergere
769 2242 802 2269 ad
817 2242 926 2271 Graecos
953 2248 980 2271 et
995 2243 1043 2271 Ju-

249 2288 333 2321 daaos,
348 2288 394 2322 qui
408 2288 498 2324 lingua
515 2288 646 2315 maledica
661 2289 763 2316 nomini
790 2288 924 2324 Unigeniti
955 2290 1047 2318 detrao

251 2335 332 2367 hunt,
364 2339 392 2362 et
415 2334 442 2361 id
471 2335 624 2362 maledictis
652 2335 802 2368 incessunt,
828 2340 856 2362 ct
879 2336 918 2363 cis
948 2336 1046 2364 afferre

249 2380 400 2407 interitum.
419 2379 481 2407 "336
497 2388 558 2407 cum
573 2381 702 2415 jussisset
719 2380 796 2412 ferre,
811 2389 825 2408 e
836 2386 929 2408 monte
955 2383 1042 2416 proﬁ-

249 2426 361 2452 ciscitur
378 2430 426 2452 :et
445 2425 550 2452 accedit
576 2426 610 2452 ad
637 2425 752 2460 equites,
780 2426 826 2460 qui
860 2434 922 2453 cum
945 2435 1044 2462 exspe-

250 2471 361 2498 ctabant
382 2470 416 2497 ad
445 2475 549 2505 portam
565 2470 693 2498 civitatis.
724 2471 790 2498 Cum
815 2471 832 2498 ii
865 2472 954 2506 itaque
981 2480 1043 2500 eum

250 2516 588 2551 assumpsissent,ducunt
601 2516 634 2542 ad
667 2516 862 2543 Alexandrum.
882 2517 929 2543 llle
953 2520 1044 2543 autem

250 2563 377 2599 protinus
412 2571 419 2589 :
451 2562 528 2590 Tune
553 2571 593 2595 es,
624 2562 721 2598 inquit,
757 2563 801 2590 ille
830 2564 877 2598 qui
904 2571 933 2590 es
959 2563 1046 2599 magia

251 2609 386 2645 insignis?
416 2608 518 2644 Martyr
545 2614 635 2637 autem
658 2609 757 2636 Marnas
783 2610 932 2643 prudenter
958 2610 1045 2636 dicit:

251 2656 307 2692 Ego
317 2664 376 2683 sum
393 2655 495 2683 Christi
512 2663 618 2689 servus,
638 2655 685 2691 qui
712 2656 752 2683 eis
772 2656 879 2691 quidem
909 2655 954 2689 qui
982 2662 1043 2681 cre-

250 2702 319 2729 dunt
343 2701 370 2729 in
405 2702 505 2737 ipsum,
521 2706 548 2730 et
573 2702 678 2729 faciunt
706 2702 765 2736 ejus
799 2702 978 2732 voluntatem,
995 2700 1042 2727 dat

251 2748 387 2782 salutem;
402 2756 495 2784 magos
518 2752 608 2775 autem
625 2748 857 2778 etincantatores.
885 2752 913 2773 ct
924 2746 975 2773 eos
990 2746 1038 2780 qui

253 2793 369 2820 adorant
389 2793 471 2826 idola,
485 2793 540 2829 igni
557 2793 640 2820 tradit
656 2795 772 2820 aeterno.
789 2791 842 2819 Sed
870 2800 986 2827 quanam
1007 2793 1040 2821 de

308 2883 316 2898 '
333 2882 342 2909 l
356 2882 418 2911 Cor.
432 2891 468 2915 tv,
483 2882 526 2909 1‘2.

1084 276 1172 311 inquit
1185 284 1297 311 praeses,
1313 275 1475 310 perspicere,
1509 275 1671 308 quibusnam
1699 280 1780 302 utens
1803 282 1877 309 pra:-

1084 321 1170 356 stigiis
1181 325 1208 348 et
1227 320 1468 351 incantationibus,
1484 319 1589 346 viribus
1600 319 1818 354 inexpugnabilia
1842 323 1872 346 et

1085 367 1140 394 fera
1151 366 1278 393 animalia
1291 366 1407 397 inducis,
1424 369 1454 392 ut
1464 373 1526 392 cum
1542 366 1581 393 eis
1595 366 1687 400 degas.
1698 370 1725 392 et
1739 365 1811 398 apud
1823 371 1873 392 eas

1082 412 1225 439 verseris:
1248 412 1365 445 imperes
1393 417 1483 439 autem
1509 412 1718 446 propemodum,
1744 416 1877 445 tanquam

1083 459 1189 485 ratione
1215 458 1345 493 prteditis.
1371 458 1553 492 Responllens
1564 462 1655 484 autem
1682 456 1876 490 martyrzoui

1083 504 1178 538 servit,
1196 504 1293 538 inquit,
1310 504 1365 531 Deo
1383 511 1454 536 meo,
1471 503 1516 538 qui
1529 503 1602 530 solus
1622 503 1699 535 vivit,
1715 508 1742 530 et
1766 506 1807 529 est
1830 509 1882 529 ve-

1083 556 1141 581 rus,
1156 556 1191 575 ne
1204 549 1246 575 vel
1257 556 1350 582 parum
1368 548 1477 582 quidem
1495 547 1659 574 sustinuerit
1672 546 1772 572 versari
1790 549 1817 573 et
1830 545 1876 571 vi-

1083 601 1137 623 tam
1150 602 1308 629 agere—cum
1324 594 1474 622 idololatris
1491 597 1519 620 et
1533 593 1673 620 maleﬁcis.
1690 592 1876 625 Quamobrem

1083 649 1133 677 ego
1146 641 1212 668 mihi
1224 640 1294 668 duco
1309 638 1368 667 esse
1383 639 1568 675 pmstantius,
1583 639 1687 665 versari
1704 638 1784 664 simul
1812 644 1878 663 cum

1083 687 1158 720 feris,
1172 695 1252 722 quam
1272 686 1412 714 vobiscum
1443 685 1577 712 habitare.
1603 683 1670 710 Nam
1690 683 1740 710 illa
1765 681 1880 716 quidem

1083 741 1138 760 non
1153 733 1254 760 nostris
1269 732 1447 762 inducuntur,
1474 735 1505 757 ut
1525 733 1616 765 putas,
1631 727 1875 759 incantationibus,

1084 784 1111 806 et
1125 779 1185 806 ideo
1196 779 1261 806 mihi
1276 778 1428 805 redduntur
1438 778 1544 804 cicures
1557 779 1586 803 et.
1602 775 1768 806 domestica},
1784 781 1877 807 neque

1083 825 1156 853 enim
1168 825 1225 852 scio
1247 825 1310 859 quid
1325 824 1377 852 sibi
1394 823 1458 851 velit
1470 823 1511 850 vel
1524 823 1612 849 solum
1631 829 1730 848 nomen
1750 821 1880 847 incanta-

1086 871 1168 897 tionis
1185 879 1192 902 ;
1210 871 1258 898 sed
1273 875 1300 897 et
1321 869 1344 897 si
1358 869 1413 896 sint
1427 868 1581 903 prudentia
1601 871 1728 901 expertes
1742 869 1771 892 et
1792 865 1879 891 ratio—

1089 917 1142 949 nis,
1155 916 1245 944 seiunt
1260 921 1350 944 tamen
1367 916 1432 950 ipsre
1445 922 1552 949 quoque
1574 921 1665 941 meum
1690 910 1807 938 revereri
1823 911 1882 936 Do-

1088 964 1204 994 minum,
1231 962 1299 989 etin
1321 961 1425 989 honore
1453 961 1553 988 habere
1583 960 1642 995 ejus
1671 958 1799 986 famulos.
1820 957 1878 984 Vos

1089 1016 1154 1036 vero
1166 1009 1233 1036 estis
1246 1008 1337 1042 longe,
1354 1015 1436 1042 quam
1447 1008 1523 1042 ipsae,
1535 1006 1625 1033 minus
1637 1004 1781 1040 participes
1794 1003 1885 1030 ratio-

1088 1054 1142 1086 nis,
1157 1054 1228 1088 quod
1244 1061 1307 1081 cum
1333 1054 1392 1080 illas
1417 1053 1539 1080 habeatis
1563 1051 1700 1086 exemplar
1726 1050 1883 1077 honorandi

1087 1100 1208 1132 Domini,
1225 1107 1260 1127 ne
1276 1100 1317 1127 sic
1328 1099 1440 1134 quidem
1457 1098 1617 1132 intelligitis.

1125 1146 1194 1173 Xlll.
1212 1146 1314 1173 Praeses
1328 1150 1418 1172 autem
1436 1152 1498 1172 eum
1515 1143 1646 1171 adversus
1661 1143 1719 1170 haec
1733 1149 1768 1169 ne
1785 1145 1882 1175 posset

1088 1193 1198 1227 quidem
1212 1191 1411 1222 contradicere,
1427 1190 1577 1217 conabatur
1594 1193 1687 1223 aperte
1705 1187 1758 1214 vim
1774 1187 1886 1215 aﬁ'erre.

1088 1238 1144 1265 Cur
1157 1242 1248 1264 autem
1269 1245 1313 1268 eo,
1329 1236 1428 1267 aiebat,
1451 1233 1604 1270 processisti
1617 1233 1739 1260 stultitiae
1758 1236 1785 1259 et
1797 1231 1886 1258 auda-

1088 1284 1149 1315 cia,
1176 1288 1205 1310 ut
1233 1283 1358 1317 iusurgas
1384 1281 1494 1316 quidem
1524 1280 1656 1307 adversus
1684 1278 1885 1313 imperatorum

1089 1329 1306 1359 constitutiones,
1321 1327 1493 1362 impudenter
1510 1331 1601 1353 autem
1625 1333 1675 1352 nos
1699 1332 1807 1358 quoque
1824 1323 1886 1350 atii-

1089 1376 1146 1402 eias
1167 1374 1356 1401 contumeliis?
1371 1373 1422 1400 Sed
1446 1376 1580 1399 tormenta
1594 1375 1620 1398 te
1637 1370 1679 1397 vel
1694 1370 1807 1397 invitum
1825 1377 1888 1396 orn-

1089 1421 1154 1448 nino
1180 1428 1213 1448 ea
1233 1428 1294 1455 qua:
1318 1423 1438 1454 oportet,
1469 1417 1622 1445 docuerint.
1644 1417 1677 1443 Et
1694 1416 1783 1443 statim
1802 1415 1885 1449 jubet

1089 1474 1152 1494 cum
1175 1473 1338 1500 suspensum
1362 1464 1440 1491 valde
1462 1463 1540 1490 caedi.
1556 1463 1603 1489 llle
1619 1466 1722 1494 autem,
1738 1461 1799 1488 etsi
1812 1461 1885 1488 adeo

1089 1513 1185 1540 acerbe
1204 1513 1381 1542 laceraretur,
1398 1509 1514 1544 perinde
1534 1513 1594 1536 erat
1610 1509 1735 1539 alIectus,
1759 1513 1840 1541 atque
1863 1507 1888 1533 si

1054 1575 1076 1604 ο
1092 1558 1195 1585 nullum
1210 1557 1330 1584 dolorem
1355 1556 1468 1583 sentiret
1493 1555 1610 1590 penitus.
1631 1554 1724 1588 Neque
1739 1554 1811 1580 enim
1831 1558 1890 1580 tor-

1093 1608 1165 1631 tores
1186 1604 1291 1638 aspexit
1309 1602 1474 1632 effeminate,
1490 1609 1541 1628 nec
1553 1608 1581 1628 se
1597 1601 1705 1627 mollem
1728 1599 1843 1634 praebuit
1860 1599 1889 1626 in

1092 1654 1237 1681 tormento,
1253 1656 1308 1676 non
1324 1647 1426 1675 humile
1440 1652 1467 1674 et
1484 1646 1613 1674 illiberale
1634 1646 1735 1680 aliquid
1750 1650 1792 1672 est
1806 1645 1889 1672 iocu—

1093 1698 1136 1721 tus
1152 1703 1159 1720 :
1176 1693 1223 1720 sed
1245 1696 1318 1719 recta
1337 1692 1364 1718 in
1381 1691 1480 1718 uelum
1502 1698 1566 1717 suos
1583 1690 1714 1716 deﬁxerat
1738 1689 1835 1716 oculos
1860 1696 1891 1716 et

1092 1739 1302 1767 consolationem
1317 1737 1515 1771 cxspectabata
1528 1736 1643 1771 superis.
1656 1735 1723 1763 Cum
1739 1743 1803 1763 vero
1818 1743 1892 1770 pne—

1092 1794 1136 1813 ses
1162 1785 1358 1820 suppliciorum
1381 1789 1408 1812 et
1437 1784 1561 1811 dolorum
1592 1784 1768 1811 acerbitatem
1794 1784 1890 1811 inten-

1092 1832 1178 1864 deret,
1195 1836 1222 1858 et
1243 1831 1358 1858 instaret
1380 1834 1409 1857 ut
1444 1835 1546 1864 martyr
1564 1830 1712 1857 laniaretur
1737 1829 1890 1857 vehemen-

1092 1879 1155 1910 tius,
1173 1886 1224 1905 vox
1243 1878 1366 1913 quadam
1381 1877 1485 1907 divina,
1499 1885 1557 1912 qum
1571 1877 1677 1904 exstitit
1692 1884 1708 1904 e
1723 1876 1843 1911 superis,
1861 1876 1889 1903 ei

1091 1924 1200 1960 quidem
1225 1924 1298 1951 levat
1322 1931 1447 1958 magnam
1474 1927 1578 1957 partem
1596 1922 1720 1950 doloris:
1741 1923 1890 1950 conﬁrmat

1091 1975 1183 1998 autem
1200 1975 1228 1997 et
1248 1969 1405 1997 corroborat
1419 1969 1457 2000 id.
1483 1968 1554 2003 quod
1571 1968 1723 2002 laborabat,
1743 1973 1771 1996 et
1794 1969 1891 2006 reddit

1092 2025 1155 2044 cum
1180 2016 1324 2051 quibusvis
1349 2015 1494 2043 tormentis
1520 2015 1703 2049 superiorem.
1730 2015 1797 2042 Eam
1824 2022 1890 2044 eum

1093 2063 1173 2090 multi
1189 2062 1328 2090 audissent
1346 2069 1380 2089 ex
1395 2061 1532 2093 ﬁdelibus,
1553 2060 1688 2088 ﬁrmiores
1710 2065 1738 2087 et
1757 2065 1891 2088 constan-

1092 2110 1173 2137 tiores
1192 2112 1339 2136 evaserunt
1355 2107 1382 2134 in
1398 2108 1509 2142 pietate.
1529 2106 1682 2134 Alexander
1698 2111 1790 2134 autem
1803 2112 1886 2141 post-

1091 2161 1171 2189 quam
1193 2153 1257 2180 vidit
1273 2159 1435 2187 generosum
1448 2151 1612 2178 Mamantem
1633 2151 1710 2178 nihili
1722 2151 1813 2178 facere
1835 2151 1892 2178 fer-

1092 2206 1152 2226 reas
1168 2198 1227 2225 illas
1251 2197 1376 2232 ungulas,
1397 2196 1497 2231 quibus
1513 2196 1677 2227 laniabatur,
1700 2196 1784 2223 corde
1803 2196 1892 2230 magis

1058 2253 1080 2280 ι)
1095 2246 1263 2272 lacerabatur
1277 2243 1312 2270 ab
1329 2243 1453 2276 insania;
1468 2247 1495 2270 et
1513 2243 1602 2277 ipsum
1617 2242 1728 2277 quidem
1751 2242 1828 2270 illinc
1841 2242 1891 2269 de-

1100 2290 1196 2318 ducit:
1210 2289 1335 2317 accendit
1360 2293 1451 2315 autem
1478 2287 1615 2315 fornacem
1639 2287 1720 2322 ignis.
1737 2291 1767 2315 ut
1785 2287 1891 2315 athleta

1099 2336 1127 2363 in
1145 2344 1205 2364 eam
1220 2335 1368 2371 iaceretur.
1391 2335 1480 2368 Atque
1491 2334 1546 2369 jam
1562 2334 1672 2368 quidem
1688 2333 1893 2361 accendedatur

1098 2383 1195 2410 fornax
1209 2382 1279 2418 ignis
1296 2390 1303 2408 :
1320 2389 1420 2416 prteses
1435 2388 1511 2413 vero,
1525 2381 1656 2415 quoniam
1684 2384 1750 2407 tunc
1769 2385 1830 2407 erat
1842 2388 1892 2407 oc-

1097 2434 1212 2465 cupatus
1227 2429 1254 2455 in
1269 2428 1339 2462 aliis,
1358 2428 1440 2455 satius
1455 2435 1515 2455 esse
1531 2427 1636 2462 putavit
1652 2434 1800 2462 parumper
1817 2434 1892 2453 mar-

1097 2479 1182 2509 tyrem
1200 2473 1305 2500 tradere
1320 2473 1346 2499 in
1367 2473 1528 2499 custodiam.
1549 2471 1671 2505 Quadam
1686 2472 1758 2499 enim
1774 2478 1823 2505 spe
1838 2471 1891 2498 du-

1098 2520 1221 2552 cebatur,
1249 2519 1320 2554 quod
1342 2519 1364 2545 si
1382 2519 1408 2546 ei
1431 2523 1537 2553 tempus
1562 2518 1684 2551 daretur,
1711 2522 1743 2545 ut
1767 2517 1842 2552 apud
1862 2526 1892 2544 se

1098 2570 1182 2597 esset,
1209 2569 1237 2592 et
1251 2564 1436 2592 consideraret
1449 2564 1615 2596 accuratius,
1634 2563 1691 2591 [ore
1707 2569 1737 2590 ut
1758 2567 1787 2590 et
1804 2569 1892 2598 expe-

1099 2609 1196 2637 rientia
1209 2609 1354 2641 malorum,
1368 2616 1428 2644 quae
1440 2612 1645 2643 praecesserant,
1657 2613 1686 2635 et
1699 2612 1772 2635 metu
1789 2607 1892 2635 futura:

1100 2656 1227 2688 fornacis,
1248 2655 1389 2682 accederet
1404 2655 1510 2682 mollior
1527 2655 1561 2683 ad
1578 2655 1714 2682 secundas
1733 2654 1892 2689 interroga-

1095 2702 1193 2733 tiones.
1210 2705 1238 2728 et
1252 2708 1307 2728 non
1329 2709 1423 2735 parum
1439 2701 1558 2736 priorem
1583 2709 1661 2729 suam
1681 2704 1802 2728 mutaret
1826 2707 1892 2727 sen-

1095 2746 1217 2774 tentiam.
1233 2746 1321 2780 Atquc
1337 2746 1380 2773 ille
1395 2746 1502 2780 quidem
1517 2746 1558 2773 vir
1569 2753 1719 2782 generosus
1734 2745 1889 2780 conjicitur

1095 2793 1122 2819 in
1145 2799 1281 2820 carcerem
1304 2791 1361 2818 :ad
1386 2792 1563 2828 quadraginta
1583 2797 1674 2819 autent
1699 2790 1890 2824 Christianos,
