2034 3152
128 197 178 228 573

677 201 704 230 Μ
710 201 850 230 All'l‘YllI
857 201 913 231 UM
934 201 966 232 S.
987 203 1198 234 MAMAN'I‘IS.

1702 202 1755 234 5'14

128 254 170 290 qui
187 253 213 280 iu
237 259 271 279 eo
293 253 369 288 prius
387 253 589 288 detinebantur,
606 255 642 283 ibi
671 256 797 285 inventos
816 258 913 285 liberat
924 257 952 288 Δ
964 262 1122 286 reverenter
1130 259 1269 286 adorabat.
1285 264 1313 287 et
1325 259 1358 287 ad
1373 259 1432 294 ejus
1446 259 1529 294 pedes
1549 259 1754 294 procumbebat-

129 307 143 326 a
156 298 272 325 vinealis
288 308 294 325 :
312 303 339 326 et
353 306 416 326 cum
439 300 557 328 carceris
579 302 668 329 claves
683 306 711 329 et
728 308 819 330 vectes
843 303 917 331 labe-

130 344 267 376 factaSset,
282 344 340 371 sola
360 346 528 379 precatione,
551 352 579 374 et
595 352 664 375 totas
679 353 771 383 portas
792 350 917 384 aperuiso

130 394 180 419 sel,
206 387 247 414 eis
270 388 380 421 quidem
404 390 539 421 concedit.
562 396 592 418 ut
618 391 678 418 sine
695 392 786 419 labore
808 399 915 426 exeant,

130 433 293 466 relinquitur
308 439 399 461 autent
416 434 460 461 ille
473 435 548 462 solus
566 437 592 462 in
610 437 741 469 custodia.
763 438 790 464 in
802 445 854 473 qua
868 446 917 465 an-

130 480 334 515 gelilpraesentia
345 483 512 511 excitabatur
522 490 549 511 et
559 484 771 513 conﬁrmabatur
779 486 813 513 ad
824 485 882 514 tutu
888 494 916 514 ra

129 527 288 553 certamina.

163 570 235 598 XIV.
258 571 366 600 Interea
381 581 445 609 ergo
458 575 514 609 jam
536 583 649 604 accensa
666 583 724 606 erat
746 579 842 607 fornax
861 588 869 608 :
889 584 917 608 et

128 624 237 651 pra-ses,
258 618 372 652 abiectis
392 620 452 647 aliis
465 622 547 653 euris,
563 630 657 650 rursus
675 625 917 661 producitmarty-

129 667 182 686 rem
197 661 231 687 ad
250 661 377 694 tribunal,
392 669 419 691 et
434 665 498 692 dicit
514 675 521 692 :
538 666 623 694 Tanta
642 670 754 697 omnino
772 676 864 698 nostra
888 672 915 699 in

129 705 206 732 rebus
227 707 347 735 maxime
373 712 532 738 necessariis
555 715 708 748 occupatio,
729 719 756 743 et
787 716 915 745 diuturna

129 750 155 776 iu
172 751 228 778 illis
246 760 331 785 mora,
350 756 525 788 praebuerunt
539 762 646 794 tempus
670 761 782 788 ineundi
805 763 913 790 consilii

128 795 196 828 quod
213 800 288 823 esset
312 797 359 824 tibi
378 799 454 827 utile.
482 801 530 827 Sin
556 802 658 834 minus,
676 808 704 830 tu
729 804 811 837 vides,
833 814 914 840 quatit

129 840 161 867 sit
182 841 236 867 alta
253 842 350 870 fornax
365 853 372 870 :
386 845 454 872 nihil
471 851 559 874 tamen
573 849 673 881 dicam,
688 850 775 877 donec
793 852 914 879 inconsi-

128 886 217 913 derata
236 887 294 915 hac
312 892 356 916 tua
371 893 522 919 constantia
546 893 677 925 ell‘ecetit,
698 900 726 922 ut
749 898 774 922 te
800 898 914 924 multum

128 931 261 966 deploras.
287 935 333 962 Ille
347 941 438 963 autem
456 937 497 964 vir
508 940 631 974 egregius
645 950 651 967 ς
665 941 724 968 Jatn
741 942 800 974 tibi,
816 951 832 969 o
845 950 914 977 prm—
932 933 951 960 Β

128 984 179 1008 ses,
196 979 275 1012 prius
286 987 375 1008 meam
393 983 486 1016 aperui
506 985 687 1018 sententiam;
700 994 749 1013 cur
769 988 801 1014 de
821 987 914 1016 iisdem

128 1023 205 1051 rebus
220 1024 267 1051 tibi
287 1033 381 1053 rursus
395 1028 507 1056 exhibes
522 1031 677 1065 negotium?
687 1033 754 1060 Cum
768 1033 913 1068 inceperis,

129 1068 207 1097 ﬁnem
226 1071 354 1106 impone;
377 1081 410 1100 ne
431 1074 542 1102 diﬁeras
557 1084 587 1104 ea
611 1085 671 1112 qua:
694 1079 760 1106 mihi
776 1087 806 1106 es
829 1081 914 1107 mina-

129 1119 179 1142 tus.
199 1116 305 1144 Praestas
335 1124 424 1146 autem
450 1127 512 1148 eum
529 1122 653 1156 protinus
680 1123 802 1152 immittit
816 1125 842 1152 in
860 1126 916 1153 I'or-

127 1166 229 1188 nacem.
256 1161 308 1190 Sed
325 1164 371 1198 qui
385 1166 488 1199 pueris,
506 1167 552 1201 qui
577 1173 654 1196 erant
673 1169 701 1196 in
717 1169 837 1204 Assyria,
857 1171 916 1198 for-

128 1213 219 1233 nacem
233 1207 380 1242 aliquando
397 1219 457 1238 rore
473 1214 588 1247 aspersit
605 1215 686 1248 Deus,
705 1216 727 1242 is
745 1216 788 1243 hic
806 1225 914 1252 quoque

129 1251 229 1283 aderat,
249 1253 378 1282 auferens
398 1256 467 1291 ignis
490 1260 684 1293 operationem.
703 1262 801 1298 Martyr
816 1251 911 1292 autem

129 1297 287 1324 versabatur
313 1299 340 1325 in
364 1299 483 1335 Ilamma,
510 1307 636 1338 tanquam
659 1306 685 1333 in
707 1297 784 1341 prato
807 1309 912 1339 ﬂorido.

127 1340 193 1369 Toto
217 1348 294 1371 certe
312 1348 445 1381 tempore.
470 1357 523 1383 quo
538 1350 564 1376 in
580 1350 640 1384 igne
662 1358 702 1380 est
721 1360 850 1385 moratus.
869 1364 912 1384 ca-

128 1388 204 1415 nebat
222 1388 337 1423 hyuiuos
362 1395 396 1419 ad
420 1393 512 1422 Deum.
537 1396 626 1430 Atque
652 1402 707 1425 tres
727 1400 836 1434 quidem
853 1402 912 1430 dies

128 1440 185 1460 eum
208 1435 295 1462 tenuit
318 1436 424 1465 l'ornax.
444 1439 545 1467 Deinde
567 1449 628 1468 cum
645 1443 752 1472 ﬂamma
779 1453 912 1475 cessasset

127 1483 151 1505 et
164 1484 257 1506 essent
273 1481 299 1507 in
314 1482 431 1510 cinerem
451 1484 574 1513 dissoluti
591 1488 731 1520 carbones,
746 1490 822 1525 jubet
838 1500 907 1526 pne-

128 1531 168 1551 ses
186 1525 337 1560 liet0ribus,
361 1533 390 1556 ut
405 1529 532 1564 ellerant,
548 1531 570 1558 si
593 1534 658 1567 quid
673 1535 708 1562 sit
727 1525 859 1572 reliquum
876 1546 909 1566 ex

127 1570 228 1598 ossibus
254 1573 389 1607 martyris.
399 1575 437 1601 Illi
457 1581 546 1604 autem
562 1586 622 1606 cum
640 1570 830 1611 venissentiad
853 1585 908 1612 l'or-

128 1623 229 1650 nacem,
251 1618 325 1646 illius
351 1628 443 1648 vocent
456 1624 625 1658 apertissime
634 1627 746 1655 audiunt
759 1629 842 1658 Deum
855 1631 915 1658 lau-

128 1662 243 1691 dantem.
265 1664 304 1692 Illi
323 1673 386 1694 vero
403 1669 527 1702 protinus
555 1673 668 1706 reversi,
687 1674 795 1703 I’ratsidi
812 1686 916 1706 renuu-

129 1708 190 1736 tiant
199 1718 255 1737 rem
268 1711 340 1738 illam
349 1713 544 1751 admirabilem.
560 1717 604 1744 Illo
613 1727 678 1746 vero
691 1729 698 1747 :
718 1720 768 1748 i’cr
777 1731 915 1758 maguum.

129 1753 220 1790 inquit,
241 1756 430 1793 Serapionem,
445 1764 472 1787 et
496 1762 563 1790 alios
579 1771 674 1792 omnes
700 1767 775 1801 deos,
801 1770 852 1797 hoc
872 1779 916 1802 est

130 1806 214 1834 aperte
229 1802 377 1831 incantatio
385 1810 413 1831 et
428 1807 579 1842 prmstigim.
595 1809 625 1836 Iit
639 1812 720 1838 multa
732 1814 783 1840 alia
800 1821 916 1851 ungatus

130 1850 168 1872 est
180 1848 312 1876 adversus
327 1851 467 1878 veritatem
483 1861 491 1880 :
509 1854 575 1881 adeo
586 1861 643 1882 erat
661 1859 783 1886 attonitae.
800 1866 826 1888 et
838 1848 917 1896 plane

132 1897 220 1920 emota
239 1895 349 1922 mentis.
365 1895 483 1931 Populus
497 1903 599 1930 autem.
616 1902 780 1938 quicunque,
794 1895 915 1942 inquam,

132 1940 261 1972 paululum
282 1945 405 1975 poterant
436 1944 534 1972 intueri
552 1946 586 1973 ad
615 1948 768 1981 veritatem,
788 1940 850 1978 cum
866 1961 917 1981 nec

131 1984 192 2016 ignis
202 1987 356 2021 vestigium,
373 1996 460 2023 neque
491 1990 572 2018 ullam
588 1992 727 2028 fuliginem
746 1998 915 2031 aspexissent

131 2030 193 2058 ferre
218 2032 360 2067 athletam,
394 2035 466 2063 illius
484 2037 569 2065 Deum
587 2038 744 2075 laudabant,
760 2030 788 2070 et
809 2043 835 2071 ei
863 2045 915 2073 soli

131 2078 298 2105 ascribebaut
308 2080 480 2108 miraculum.

161 2123 213 2151 XV.
232 2125 354 2153 Stolidus
369 2132 460 2154 autem
471 2135 580 2163 praeses,
596 2134 739 2166 postquam
755 2141 788 2160 ex
805 2134 916 2164 fornace

131 2178 218 2199 rursus
248 2173 334 2199 astitit
363 2178 463 2209 martyr
488 2183 570 2204 sanus
597 2181 624 2204 et
638 2178 728 2206 salvus
752 2185 815 2208 ante
844 2181 915 2210 illius

129 2217 250 2251 tribunal,
270 2227 332 2246 cum
343 2226 392 2247 nec
400 2220 460 2254 ejus
469 2222 578 2256 quidem
590 2223 673 2257 pilum
689 2226 759 2260 ignis
767 2227 912 2262 attigisset,
926 2225 930 2230 ”

967 305 1095 337 Dixisses,
1114 305 1135 333 si
1152 305 1276 337 vidisses,
1296 313 1358 332 eum
1381 305 1504 340 amplecti
1533 306 1604 332 iHius
1632 305 1754 339 vestigia.

966 350 1070 378 Pardus
1085 355 1175 377 autem
1189 350 1259 377 lenis
1267 355 1296 376 et
1320 355 1487 382 mansuetus,
1503 350 1531 376 in
1551 350 1608 383 ejus
1627 351 1756 376 humeros

966 395 1129 423 citra.ullam
1143 395 1265 423 insiliens
1280 395 1444 427 molestiam,
1468 395 1557 430 lingua
1584 395 1756 430 abstergebat

966 442 1026 477 ejus
1041 442 1179 472 sudorem,
1191 446 1219 469 et
1236 449 1298 468 eum
1313 441 1494 469 demulcebat.
1519 440 1630 474 perinde
1649 447 1679 467 ac
1693 448 1756 467 eum

966 489 1109 519 deliniens,
1123 493 1151 515 et
1165 495 1236 523 aegre
1251 487 1340 515 ferens
1351 495 1381 514 ea
1397 495 1457 522 qua:
1471 487 1635 521 patiebatur.
1653 487 1685 513 Et
1697 495 1758 520 quae

965 543 980 563 a
988 534 1219 570 presidequidem
1229 533 1356 561 inmissae
1365 538 1429 560 sunt
1436 532 1540 564 bestiae,
1553 532 1603 561 sic.
1614 536 1642 558 ut
1650 531 1757 562 videtis.

965 589 1057 608 meum
1075 585 1227 608 tractarunt
1241 581 1382 607 athletam.
1398 579 1451 606 Sed
1468 586 1521 605 non
1537 578 1577 605 sic
1590 578 1643 611 leo,
1658 578 1704 612 qui
1723 580 1756 605 ab

965 627 1012 655 illo
1028 629 1134 662 signum
1156 626 1271 660 accepit,
1299 632 1379 660 quem
1399 625 1457 659 ipse
1482 623 1598 650 armavit
1623 623 1756 650 adversus

966 674 1075 708 impios.
1093 678 1120 700 ut
1141 673 1216 707 prius
1244 672 1372 698 diximus.
1397 670 1464 696 Nam
1482 668 1610 696 dentibus
1627 668 1757 701 stridens,

966 724 993 747 et
1009 719 1076 746 iram
1095 719 1212 753 spirans,
1230 724 1344 752 propere
1361 715 1501 743 descendit
1513 715 1547 742 de
1562 719 1654 741 monte
1671 722 1679 741 :
1696 722 1758 741 cum

966 765 1155 793 conturbasset
1172 764 1320 793 theatrum.
1338 768 1365 789 et
1380 762 1407 789 in
1428 766 1518 796 partes
1534 760 1707 792 dissecasset,
1726 768 1760 787 ex

965 813 1005 840 eis
1022 811 1130 846 quidem
1147 811 1247 837 multos
1262 809 1406 844 discerpsit
1420 807 1549 835 dentibus
1568 810 1595 833 ct
1611 806 1758 840 unguibus.

965 861 1024 891 Quo
1051 857 1160 893 quidem
1195 861 1317 890 tempore
1355 852 1564 881 innumerabilis
1612 852 1760 879 mttltitudo

967 904 1128 936 inﬁdelium,
1162 902 1345 936 intelligentes
1377 901 1505 927 virtutem
1537 899 1669 930 divinam,
1701 904 1761 932 qua:

966 955 1024 978 erat
1040 950 1066 976 in
1082 954 1210 983 martyre,
1226 948 1286 983 ejus
1309 946 1392 974 Deum
1414 946 1556 981 magnihce
1582 945 1760 972 extollebant.

967 996 1039 1028 llaec,
1056 1003 1115 1030 qua:
1132 995 1172 1021 vel
1190 994 1264 1029 ipsos
1278 997 1403 1028 poterant
1444 991 1548 1019 mollire
1563 990 1676 1025 lapides,
1698 989 1762 1040 red-

966 1043 1067 1070 dcbaut
1089 1041 1230 1077 prmsidem
1248 1040 1387 1066 duriorem
1407 1047 1413 1065 :
1430 1042 1458 1065 et
1483 1038 1589 1064 leonem
1614 1042 1708 1063 rursus
1734 1038 1761 1060 in

966 1087 1192 1123 ipsumimmittit.
1205 1086 1252 1113 Ille
1268 1088 1505 1119 autem,quantum
1517 1082 1561 1117 qui
1572 1084 1761 1132 praecesserat,

965 1135 1096 1162 efferatus
1116 1133 1204 1160 fuerat
1221 1133 1249 1160 in
1278 1131 1392 1166 impium
1407 1130 1554 1159 theatrum,
1572 1131 1600 1154 et
1617 1130 1656 1153 eis
1668 1133 1762 1159 quavrs

963 1183 1051 1205 morte
1061 1177 1142 1205 vitam
1152 1177 1279 1204 ell'ccerat
1287 1175 1466 1204 acerbiorem,
1480 1177 1584 1199 tantum
1595 1171 1639 1198 hic
1648 1169 1761 1199 accessit

965 1225 1040 1251 milis
1053 1229 1081 1251 et
1097 1227 1257 1250 mansuetus
1272 1226 1416 1256 martyrem
1431 1228 1438 1246 :
1455 1219 1523 1246 adeo
1541 1223 1570 1246 ut
1581 1219 1673 1246 multis
1687 1218 1761 1244 vitle-

965 1274 1040 1296 retur
1052 1269 1191 1296 immissus
1200 1275 1261 1296 esse
1277 1275 1291 1294 a
1301 1266 1417 1302 praeside
1431 1264 1464 1293 ad
1477 1273 1539 1293 eum
1552 1264 1760 1295 consolandum,

963 1323 1017 1342 non
1039 1318 1129 1342 autem
1146 1315 1179 1342 ad
1194 1314 1374 1350 puniendum.

999 1360 1070 1387 XVI.
1088 1360 1156 1387 Cum
1173 1361 1264 1395 itaque
1281 1368 1357 1394 spem
1377 1367 1484 1387 omnem
1509 1358 1654 1394 abjecissct
1673 1357 1761 1391 impu-

962 1407 1030 1433 dens
1045 1406 1089 1433 ille
1105 1414 1217 1440 pra-ses,
1228 1411 1303 1441 rogat
1326 1407 1472 1440 quemdam
1485 1413 1517 1432 ex
1533 1405 1565 1431 iis
1578 1405 1623 1439 qui
1643 1404 1667 1430 ei
1684 1410 1763 1438 pare-

962 1452 1039 1486 haut,
1058 1453 1123 1478 utin
1140 1452 1260 1486 pratclari
1279 1451 1361 1485 hujus
1374 1451 1500 1486 martyris
1522 1451 1625 1477 viscera
1642 1449 1761 1476 I'cncum

961 1497 1052 1532 adigat
1073 1497 1232 1524 tridentem.
1263 1496 1295 1524 Et
1318 1497 1363 1524 ille
1394 1497 1504 1531 quidem
1536 1504 1597 1523 eum
1631 1495 1761 1522 ambabus

961 1544 1086 1570 manibus
1096 1547 1204 1577 torquet
1213 1544 1240 1570 in
1252 1548 1404 1578 martyrem.
1417 1543 1516 1578 Martyr
1528 1548 1618 1570 autent
1628 1543 1761 1574 sanguine

928 1601 949 1632 C
972 1589 1110 1616 manantia
1127 1589 1179 1616 fert
1196 1589 1334 1619 intestina,
1353 1589 1420 1616 adeo
1441 1594 1469 1615 ut
1481 1589 1603 1624 quatdam
1620 1587 1717 1614 mulier
1729 1594 1762 1612 ex

969 1634 1002 1661 iis
1017 1641 1076 1668 quae
1095 1634 1234 1661 benevola:
1251 1639 1329 1660 erant
1348 1635 1518 1669 martyribus,
1545 1641 1624 1668 quam
1644 1632 1762 1667 primum

969 1688 1123 1711 occurrens,
1141 1685 1246 1707 cratere
1272 1684 1362 1716 guttas
1380 1681 1519 1715 sanguinis
1543 1679 1704 1713 susceperit.
1734 1680 1762 1704 ct

969 1727 1046 1754 laetus
1060 1727 1212 1762 ingreditur
1232 1734 1280 1761 per
1310 1727 1429 1754 medium
1453 1728 1587 1753 theatrum
1607 1733 1615 1758 ς
1635 1731 1758 1758 magnam

968 1773 1040 1800 enim
1056 1780 1072 1800 a
1091 1773 1204 1800 vinculis
1227 1773 1400 1800 securitatem
1418 1772 1554 1808 praebebat
1570 1772 1593 1798 ci
1616 1771 1687 1801 linis.
1716 1769 1761 1804 qui

969 1827 1029 1845 mox
1048 1819 1266 1853 exspectabatur,
1291 1823 1319 1845 et
1343 1819 1482 1854 egreditur
1503 1819 1581 1845 laetus
1607 1825 1622 1844 c
1640 1817 1761 1846 cwitatc,

970 1872 1064 1896 ouere,
1080 1865 1152 1899 quod
1173 1865 1304 1899 gestabat.
1328 1865 1380 1892 sibi
1411 1865 1520 1900 placens
1541 1864 1605 1890 dum
1630 1862 1762 1889 internum

969 1915 1076 1936 natura:
1113 1910 1342 1944 compositionem
1384 1910 1411 1937 in
1450 1909 1575 1936 manibus
1604 1907 1762 1935 stlavis>iutc

968 1953 1186 1987 circumferebat,
1204 1958 1233 1981 ut
1247 1956 1291 1989 qui
1303 1956 1444 1990 gauderet,
1455 1955 1525 1990 quod
1534 1963 1564 1981 ea
1578 1954 1671 1980 oblata
1685 1959 1758 1979 esset

968 1999 1058 2027 hastia
1075 2000 1100 2027 ei
1115 2000 1160 2035 qui
1181 1999 1355 2032 formaverat,
1376 2005 1403 2027 et
1427 2005 1504 2036 grato
1534 2000 1625 2027 animo
1657 1998 1762 2025 reddita

967 2052 1041 2074 esset
1055 2046 1080 2073 ei
1090 2046 1135 2081 qui
1145 2046 1266 2074 dederat.
1276 2046 1342 2074 Cum
1352 2054 1416 2082 ergo
1427 2047 1480 2074 duo
1491 2047 1576 2074 stadia
1588 2046 1762 2080 pervasisset.

967 2097 994 2120 et
1005 2092 1115 2119 Christo
1132 2092 1302 2128 agonothelze
1317 2092 1404 2120 visunt
1424 2097 1497 2119 esset
1513 2100 1575 2119 eum
1606 2091 1671 2118 satis
1688 2091 1762 2117 Iaho-

968 2145 1052 2171 rasse,
1067 2138 1200 2165 recumbit
1213 2137 1239 2164 iu
1254 2138 1370 2172 quadam
1397 2138 1535 2173 spelunca,
1558 2141 1585 2164 et
1611 2137 1709 2172 aspicit
1728 2136 1762 2163 ad

969 2191 1026 2216 cas,
1043 2191 1102 2217 qua:
1128 2183 1184 2210 illic
1210 2187 1285 2216 sunt,
1309 2190 1436 2210 coronas.
1460 2182 1518 2210 Vox
1532 2187 1622 2209 autem
1646 2182 1761 2216 desuper

969 2229 1085 2261 exstitit,
1105 2235 1204 2255 vocans
1235 2228 1365 2255 athletam
1386 2229 1419 2255 ad
1437 2233 1538 2256 mterua
1566 2228 1610 2254 illa
1637 2227 1765 2253 taberna-

127 2267 215 2299 ]ongas
230 2265 258 2291 in
274 2273 336 2292 eum
346 2266 546 2303 elluditnugas,
566 2276 628 2296 eum
646 2270 807 2299 insimulans
819 2273 914 2309 magiae
931 2281 952 2308 ι)
967 2273 1026 2300 cula
1039 2279 1066 2300 et
1079 2273 1199 2308 prmmia,
1230 2273 1264 2300 ad
1288 2281 1351 2301 eum
1376 2273 1423 2308 qui
1438 2273 1493 2300 illic
1518 2276 1558 2300 est
1577 2272 1762 2306 splendorem,

127 2313 151 2336 et
162 2311 298 2344 veneﬁcii,
314 2315 342 2339 et
360 2312 418 2340 hac
436 2321 535 2342 vocans
560 2315 737 2344 daemoniaca.
759 2317 807 2346 Ille
819 2325 911 2347 autem

127 2362 158 2382 ne
169 2365 298 2392 responso
314 2358 423 2393 quidem
455 2367 517 2387 eum
537 2366 579 2388 est
595 2361 730 2398 dignatus.
749 2363 781 2390 Et
814 2373 912 2399 praeses

128 2402 227 2435 quidem
247 2411 310 2430 eum
340 2404 452 2432 deduxit
479 2405 512 2433 ad
544 2411 689 2440 certamen,
720 2407 853 2442 futurum,
884 2415 913 2437 ut

130 2449 242 2481 putabat,
275 2457 381 2477 caenam
413 2451 519 2479 bestiis.
552 2452 599 2479 Ille
628 2458 718 2480 autem
748 2456 912 2489 Sequebatur

131 2494 276 2522 subridens.
296 2495 328 2523 Et
344 2496 371 2522 in
387 2502 531 2531 martyrem
559 2497 669 2532 quidem
696 2499 835 2527 immissus
859 2500 910 2528 fuit

133 2539 231 2574 pardus,
249 2545 276 2569 et
290 2548 381 2570 saevus
406 2549 496 2570 ursus.
522 2543 575 2571 Sed
609 2552 689 2572 ursus
712 2545 821 2580 quidem
846 2554 909 2575 eum

965 2324 992 2347 ct
1008 2319 1130 2352 delicias,
1156 2320 1188 2346 ad
1216 2327 1284 2354 quas
1313 2320 1411 2346 transit
1425 2319 1560 2352 protinus,
1581 2318 1615 2344 ab
1639 2317 1693 2344 illis
1712 2323 1762 2343 cx-

965 2370 1061 2399 ccptus
1086 2365 1208 2392 secun‘do
1241 2366 1342 2392 mensis
1357 2384 1366 2399 ,
1381 2365 1560 2399 Septembris.
1579 2363 1652 2396 Quas
1681 2364 1761 2389 detur

964 2412 1090 2439 omnibus
1101 2412 1181 2439 nobis
1196 2412 1325 2443 consequi
1339 2411 1426 2447 gratia
1438 2417 1465 2438 et
1476 2411 1643 2445 benignitate
1654 2409 1760 2437 Domini

965 2457 1052 2484 nostri
1067 2456 1131 2484 .lcsu
1145 2457 1330 2490 Christi,cum
1341 2465 1395 2492 quo
1410 2457 1483 2485 Patri
1492 2457 1571 2485 simul
1589 2465 1650 2484 cum
1665 2460 1760 2484 sancto

965 2503 1067 2538 Spiritu
1084 2503 1178 2539 gloria,
1194 2504 1280 2531 hortor
1295 2509 1322 2531 ct
1348 2504 1479 2539 potentia,
1506 2511 1580 2532 nunc
1593 2508 1620 2532 et
1638 2510 1758 2539 semper,

964 2553 991 2577 et
1011 2549 1037 2576 iu
1051 2550 1149 2577 saecula
1169 2551 1342 2578 saeculorum.
1366 2551 1462 2578 Amen.
