2034 3152
866 177 1007 208 MENSIS
1028 177 1242 208 AUGUSTUS.

1813 176 1869 208 576

839 352 1277 410 MARTYRIUM

248 472 826 553 SANCTORUM
873 475 1159 553 PAULI
1216 476 1338 552 ET
1395 476 1866 554 JULIANZE.

585 610 653 647 QUI
679 610 781 640 APUD
806 609 942 641 URBEM
964 610 1260 641 PTOLEMAIDEM
1282 611 1393 642 PASSI
1416 610 1530 642 SUNT.

497 693 595 722 (latine
608 693 673 724 apud
691 693 788 717 Surium
801 693 829 717 al
845 694 912 718 diem
928 693 952 717 ιτ
971 693 1088 723 Augcsti.
1106 707 1137 711 —
1149 693 1234 718 Graece
1250 700 1297 717 non
1315 698 1397 718 exstat
1409 696 1432 719 in
1448 701 1509 719 mss.
1526 694 1618 726 Paris)

284 873 304 899 1.
317 871 479 898 Aurelianus
489 869 636 903 imperator
645 875 691 902 per
702 872 785 895 totum
795 867 888 894 orbem
900 871 1030 894 terrarum
1047 859 1070 888 Α

248 921 341 944 contra
349 914 518 941 Christianos
529 912 579 939 edit
589 917 644 938 tum
654 911 804 946 proposuit,
814 916 944 938 utomnes
954 910 1032 938 idolis

249 963 442 992 sacriﬁcarent:
471 960 517 994 qui
540 967 602 985 vero
631 959 655 986 id
674 958 765 985 facere
798 958 962 988 noluissent.
979 958 1033 984 vita

249 1009 554 1045 pessimeprivarentur.
571 1006 617 1032 llle
632 1004 711 1039 igitur
726 1011 787 1031 cum
802 1003 828 1030 in
844 1002 971 1030 Isauriam
988 1011 1035 1030 ve-

250 1055 346 1082 nisset.
357 1054 383 1089 in
403 1052 494 1079 urbem
511 1049 704 1076 l‘tolemaidem
719 1056 748 1075 se
757 1048 882 1080 contulit,
895 1052 924 1075 ut
939 1055 1036 1075 omnes

249 1098 420 1127 Christianos
435 1100 544 1129 cogeret
560 1095 638 1122 idolis
654 1102 729 1122 sacra
761 1094 860 1121 facere.
889 1093 955 1120 Cum
972 1101 1036 1120 vero

250 1144 424 1173 beatissimus
437 1142 535 1169 Paulus
548 1149 600 1168 una
619 1148 680 1168 cum
695 1147 789 1167 sorore
802 1147 849 1166 sua
859 1138 968 1166 Iuliana
983 1139 1038 1165 im-

250 1194 346 1226 perato
357 1197 414 1216 rem
431 1189 457 1216 in
476 1187 570 1214 urbem
591 1186 785 1221 ingredientem
800 1185 921 1215 vidisset,
938 1184 1038 1211 Christi

249 1236 328 1269 signo
346 1234 459 1260 frontem
484 1230 597 1262 notavit,
616 1235 642 1256 et
667 1230 700 1256 ad
730 1237 851 1256 sororem
880 1236 1039 1260 conversus,

250 1281 325 1310 Esto.
344 1280 441 1314 inqu't,
453 1279 525 1306 bono
541 1279 643 1308 animo,
653 1284 730 1303 soror
743 1283 812 1305 mea.
825 1281 913 1308 neque
925 1275 1040 1309 timeas;

252 1325 313 1352 dico
354 1324 425 1351 enim
459 1323 506 1350 tibi
533 1329 656 1357 magnam
686 1320 831 1356 quamdam
863 1320 1041 1347 tentationem

253 1370 418 1398 Christianis
431 1369 585 1396 imminere.

286 1417 318 1444 ll.
331 1417 401 1444 Vidit
414 1415 585 1446 Aurelianus,
595 1422 656 1441 cum
668 1413 767 1441 Paulus
776 1412 876 1440 Christi
887 1412 963 1446 signo
973 1411 1046 1438 iron-

252 1468 306 1490 tem
331 1461 446 1491 notavit.
463 1465 490 1487 et
512 1461 587 1487 misit
601 1459 648 1494 qui
669 1459 744 1486 illum
764 1459 945 1492 corriperent.
959 1456 1045 1489 Quem

251 1515 314 1535 cum
332 1507 358 1534 in
374 1506 462 1534 media
477 1506 554 1533 turba
573 1509 646 1532 stare
666 1505 802 1540 jussisset,
821 1503 984 1535 Miserrime,
999 1503 1041 1529 in-

251 1553 321 1589 quit,
335 1553 426 1585 horno,
441 1552 569 1587 quidnam
587 1551 634 1578 tibi
649 1550 826 1585 proposuisti,
846 1553 875 1576 ut
889 1557 932 1576 me
942 1549 1038 1575 urbem

253 1598 425 1633 ingrediente
441 1597 559 1624 frontem
574 1597 682 1632 signare
708 1596 824 1622 auderes
838 1595 846 1621 !
861 1596 901 1621 An
929 1594 1039 1629 ignoras

253 1643 372 1670 edictum
386 1646 481 1670 contra
499 1641 670 1669 Christianos
691 1639 873 1675 propositum?
893 1639 1041 1674 Respondit

253 1687 372 1714 Paulus:
387 1686 483 1713 Audivi
501 1685 625 1720 equidem
640 1683 758 1712 edictum
784 1687 871 1714 tuum,
886 1682 933 1709 sed
960 1689 1042 1709 nemo

255 1739 374 1767 unquam
392 1731 494 1766 poterit
505 1734 610 1757 tantum
633 1729 756 1756 timorem
774 1729 854 1755 nobis
869 1728 993 1762 injicere,
1012 1731 1042 1754 ut

254 1777 395 1806 Christum
428 1783 522 1804 verum
551 1776 634 1803 Deum
662 1776 827 1811 abnegemus
851 1779 942 1806 tuam;
970 1774 1043 1801 enim

256 1828 389 1851 tormenta
407 1822 500 1850 brevia
515 1826 691 1857 sunt,neque
717 1830 764 1849 eos
793 1821 892 1848 laedere
919 1824 1043 1856 possunt,

257 1870 304 1905 qui
315 1869 399 1897 Deum
426 1873 562 1896 metuunt.
578 1869 613 1895 At
639 1867 686 1895 Dei
703 1872 849 1899 tormenta,
879 1867 1045 1902 sempitern:

257 1916 300 1943 illa
311 1920 383 1943 sunt.
394 1915 494 1943 Eodem
510 1914 590 1942 modo
606 1913 730 1948 voluptas
738 1918 765 1940 et
775 1913 869 1948 gloria,
883 1921 962 1949 qttam
975 1913 1047 1941 Deus

257 1961 471 1989 Christianorum
481 1961 572 1996 generi
591 1961 705 1995 largitur
717 1965 804 1986 :etcna
817 1964 869 1987 est.
887 1959 954 1992 Quis
966 1960 1047 1993 igitur

258 2012 310 2034 tant
320 2015 412 2034 amens
420 2011 497 2034 estut
506 2007 641 2034 viventem
652 2006 735 2033 Deum
743 2005 923 2040 derelinquat,
932 2011 958 2032 et
966 2005 1047 2032 surda

257 2057 337 2087 atque
347 2058 419 2080 muta
430 2053 578 2087 istaivestra
590 2052 660 2079 idola
679 2051 768 2078 colere
778 2052 852 2083 velit.
864 2051 989 2086 cumipse
1001 2059 1049 2078 au-

258 2104 316 2126 ctor
323 2103 422 2125 nostra:
433 2098 528 2124 salutis
547 2097 671 2125 Christus
679 2097 759 2125 Jesus
770 2097 877 2124 dixerit'
887 2096 1050 2132 :Quicunqne

260 2143 391 2177 negaverit
422 2149 461 2168 me
482 2149 571 2167 comm
592 2142 748 2174 hominibus,
771 2142 871 2177 negabo
890 2146 912 2168 et
921 2150 967 2177 ego
991 2149 1049 2168 eum

260 2195 349 2214 coram
371 2187 477 2214 Panem
492 2195 530 2219 eo,
545 2187 590 2222 qui
605 2187 631 2213 in
643 2187 712 2213 (telis
724 2188 785 2214 est?

296 2233 339 2260 lli.
356 2232 463 2263 Cernis.
477 2231 881 2266 inquit,Aurelianusquandiu
899 2236 924 2258 te
938 2239 1045 2266 nugan-

261 2285 313 2307 tctn
332 2287 429 2314 passus
447 2286 504 2306 Sllln
517 2286 548 2305 ae
567 2277 696 2304 sustinui?
722 2278 828 2305 Accede
852 2279 918 2313 jam,
939 2283 967 2305 et
994 2278 1046 2305 diis

260 2325 394 2357 sacriﬁca,
413 2333 446 2352 ne
468 2324 586 2359 pcssitno
600 2325 694 2351 mortis
707 2333 807 2360 genere
822 2325 1000 2351 consumaris.
1014 2325 1048 2351 At

261 2372 370 2399 Paulus:
388 2372 443 2406 Ego
463 2371 567 2397 nullutu
583 2371 665 2397 alium
682 2371 765 2398 Deum
782 2371 906 2406 cognovi,
921 2371 972 2397 nisi
994 2369 1047 2397 Do-

262 2416 375 2441 minum-
388 2415 481 2441 Jesum
499 2414 648 2445 Christum,
663 2422 743 2449 quem
765 2415 836 2441 colui
862 2422 971 2449 semper
985 2414 1048 2441 inde

264 2467 348 2494 usque
361 2468 374 2486 a
390 2461 513 2494 patribus
524 2460 592 2487 meis
601 2468 670 2494 puro
680 2461 762 2487 corde
771 2465 851 2494 atque
863 2462 965 2486 animo.
979 2460 1047 2486 Tum

264 2506 426 2532 Aurelianus
447 2505 535 2532 dixit:
569 2506 731 2540 Suspcndite
746 2507 883 2533 hominem
908 2507 999 2537 istum,
1023 2511 1050 2534 ct

264 2552 362 2578 acriter
377 2556 510 2585 torquete,
529 2551 615 2578 d0ncc
626 2552 731 2579 venerit
757 2552 887 2579 Dominus
908 2552 1005 2587 ipsius,
1022 2556 1049 2578 et

265 2605 327 2624 cutn
339 2597 444 2623 liberet.
460 2596 667 2630 Suspenderunt
696 2597 777 2632 igitur
791 2597 864 2623 illum
897 2597 1048 2630 caruiliccs,

265 2649 293 2671 ct
307 2644 471 2672 cruciatibus
479 2643 597 2677 allligcre
613 2649 764 2678 coeperunt.
777 2644 898 2678 Cumque
914 2644 1048 2678 allligerc-

266 2696 321 2723 tur,
333 2698 399 2717 vot-e
419 2696 515 2724 magna
531 2689 613 2716 Deum
625 2689 767 2720 invocans,
793 2689 907 2715 diccbat:
925 2689 1048 2718 Domine.

266 2736 329 2762 .Iesu
341 2734 457 2766 Christe,
470 2742 532 2760 vera
545 2732 590 2759 Dei
605 2733 659 2759 veri
673 2738 699 2760 ct
710 2732 796 2758 Patris
807 2733 958 2767 progenies,
972 2733 1049 2766 ('njus

265 2783 354 2805 ortum
364 2785 443 2804 nemo
457 2776 688 2812 comprehendere
701 2781 799 2810 potest.
810 2784 863 2802 non
876 2777 980 2810 Angeli,
996 2786 1048 2805 non

267 2825 438 2857 Archangcli,
454 2832 506 2851 non
536 2823 649 2856 Throni,
671 2830 724 2849 non
755 2823 964 2858 Dominatimies,
995 2834 1047 2852 non

1056 1532 1076 1560 Β

1063 2203 1085 2233 C

323 2894 329 2909 '
347 2893 441 2921 Matth.
460 2903 486 2925 \‘,
500 2896 543 2920 ‘23.

584 2896 592 2908 '
609 2894 616 2920 ἰ
635 2893 704 2920 Τίιιι.
725 2901 752 2926 ιι,
773 2894 794 2921 ί.

1087 864 1279 899 Principatus,’
1292 872 1346 890 nott
1367 864 1528 896 Potestatcs,
1541 872 1594 890 tton
1608 863 1736 896 Virtutes,
1748 872 1800 892 non
1809 865 1887 892 Che-

1086 911 1186 943 rubini,
1197 910 1404 945 autSeraphini,
1428 910 1477 937 nisi
1487 909 1564 938 Pater
1572 910 1704 942 solus;tu,
1720 910 1889 945 inquant,af-

1086 957 1154 984 feras
1163 965 1240 992 opem
1248 957 1312 983 mihi
1325 956 1418 983 humili
1426 961 1452 983 et
1459 957 1562 991 abjecto
1574 964 1653 983 servo
1664 961 1709 983 tuo
1717 961 1744 984 et
1754 965 1785 984 ex
1791 957 1888 985 mani.

1086 1002 1136 1030 bus
1150 1002 1287 1029 Attreliani
1300 1010 1341 1029 me
1354 1002 1462 1029 liberes.
1473 1002 1544 1029 Deus
1552 1007 1640 1029 autem
1649 1003 1771 1036 protinus
1778 1003 1813 1029 ita
1822 1011 1889 1029 cru-

1087 1048 1175 1074 ciatus
1188 1047 1247 1074 illos
1258 1047 1330 1074 leves
1339 1047 1440 1076 ellecit.
1451 1052 1480 1074 ut
1491 1047 1586 1074 beatus
1602 1047 1701 1074 Paulus
1710 1047 1748 1074 nil
1756 1048 1886 1074 sentiret-

1124 1091 1168 1118 Ν.
1184 1091 1281 1117 Sancta
1296 1099 1360 1117 vero
1374 1090 1474 1118 Christi
1488 1098 1587 1125 sponsa
1604 1089 1711 1117 Iuliana
1723 1111 1731 1123 ,
1743 1099 1805 1118 eum
1827 1091 1886 1118 fra-

1090 1142 1242 1164 tremsuum
1255 1136 1290 1163 ita
1303 1136 1418 1164 cruciari
1429 1137 1557 1167 vidisset,
1569 1138 1690 1164 cucurrit
1705 1137 1738 1164 ad
1753 1137 1888 1170 tribunal,

1090 1188 1116 1210 ct
1140 1191 1203 1209 voce
1215 1190 1310 1217 magna
1325 1183 1454 1209 clamans:
1469 1183 1612 1209 Aureliano
1625 1183 1733 1217 ,inquit.
1755 1188 1884 1218 tyranne,

1091 1237 1140 1256 cur
1172 1229 1207 1255 ita
1226 1229 1375 1255 crudeliter
1391 1228 1501 1255 fratrem
1519 1236 1609 1254 meum
1630 1230 1805 1256 innocentem
1820 1236 1886 1255 cru-

1092 1275 1161 1301 cias?
1178 1275 1246 1301 Tum
1262 1275 1440 1301 Aurelianus:
1457 1274 1576 1307 Detegite
1590 1282 1651 1301 mox
1671 1275 1749 1302 istius
1762 1275 1888 1302 mulieris

1093 1325 1188 1356 caput,
1201 1325 1229 1348 et
1240 1321 1300 1355 ejus
1320 1328 1403 1356 genas
1416 1320 1592 1348 vehementer
1618 1321 1762 1356 percutitc.
1788 1329 1822 1347 ne
1844 1322 1887 1348 sic

1096 1371 1198 1394 tumere
1215 1367 1359 1402 loquatur:
1393 1367 1474 1394 istum
1495 1375 1559 1393 vero
1581 1367 1719 1394 nefarium
1746 1368 1887 1395 hominem

1096 1418 1254 1440 constanter
1265 1414 1396 1444 cruciate,
1412 1421 1446 1440 eo
1462 1413 1533 1447 quod
1552 1413 1665 1444 Christi,
1698 1421 1778 1447 quem
1806 1413 1887 1444 dicit,

1097 1459 1278 1494 patrocinium
1295 1459 1520 1493 etadjumentum
1553 1465 1582 1484 se
1616 1458 1715 1484 habere
1745 1458 1793 1484 ait.
1817 1457 1890 1484 Risit

1097 1505 1204 1533 Juliana
1218 1525 1225 1536 ,
1243 1511 1280 1534 et:
1297 1505 1498 1539 Miror,inquit,
1514 1505 1650 1539 quomodo
1662 1505 1807 1538 imperator
1823 1512 1889 1530 cum

1090 1553 1139 1583 sis.
1148 1552 1256 1584 deliras,
1269 1559 1356 1586 neque
1367 1551 1514 1586 potentiam
1526 1551 1626 1579 Christi
1637 1551 1890 1585 cognoscis,qttcm-

1091 1597 1236 1623 admodnm
1255 1597 1358 1623 scilicet
1381 1601 1514 1623 tormenta
1552 1596 1593 1623 his
1626 1595 1799 1626 hominibus,
1841 1586 1890 1629 qui

1091 1650 1153 1670 cum
1175 1642 1310 1673 invocant,
1340 1642 1452 1669 levioria
1483 1641 1573 1669 ellieit.
1591 1642 1754 1668 Aurelianus
1767 1641 1800 1668 ad
1818 1648 1890 1667 suos

1093 1695 1251 1720 conversus,
1267 1687 1335 1714 dixit
1352 1695 1360 1714 :
1379 1687 1533 1714 Muliercula
1549 1687 1598 1714 ista
1615 1694 1648 1714 e\'
1669 1694 1728 1713 mea
1743 1685 1890 1713 clementia

1094 1734 1223 1768 majorem
1235 1734 1261 1760 in
1273 1733 1380 1760 modum
1390 1733 1459 1760 elata
1471 1737 1529 1766 est;
1545 1733 1635 1767 itaque
1646 1732 1717 1759 illam
1730 1737 1807 1759 torve
1816 1731 1892 1759 intu-

1095 1787 1155 1806 ens:
1175 1779 1291 1810 Accede,
1307 1778 1404 1813 inquit,
1420 1783 1447 1806 et
1463 1778 1514 1805 diis
1537 1778 1658 1810 imtnola,
1673 1786 1727 1805 non
1744 1777 1817 1804 enim
1832 1785 1893 1804 ma-

1096 1832 1147 1851 nus
1160 1831 1234 1851 meas
1260 1828 1285 1851 te
1308 1831 1452 1851 evasuram
1481 1823 1618 1852 conﬁdere
1642 1824 1736 1851 debes.
1760 1823 1800 1850 Ad
1830 1823 1892 1850 haec

1095 1869 1211 1897 Iuliana:
1232 1870 1286 1905 Ego
1304 1877 1392 1905 neque
1411 1874 1454 1896 tua
1467 1874 1598 1897 tormenta
1613 1870 1772 1900 extimesco,
1798 1877 1891 1904 neque

1099 1915 1185 1942 minas
1210 1919 1270 1943 tuas
1298 1915 1332 1943 ad
1347 1922 1391 1942 me
1416 1915 1555 1950 pertinere
1577 1915 1694 1942 arbitror
1723 1920 1791 1947 :est
1816 1916 1892 1942 enim

1099 1960 1170 1988 Deus
1195 1961 1221 1988 in
1237 1961 1320 1993 caelis,
1342 1961 1387 1996 qui
1408 1962 1506 1996 poterit
1524 1963 1630 1996 eripere
1650 1969 1699 1988 nos
1719 1961 1752 1988 de
1781 1961 1888 1995 iniquis

1100 2006 1225 2033 manibus
1241 2006 1305 2033 tuis.
1336 2006 1514 2041 Quaecunque
1529 2007 1611 2042 igitur
1630 2008 1714 2034 habes
1742 2007 1891 2042 torqueudi

1101 2052 1293 2084 instrumenta,
1315 2053 1381 2079 mihi
1407 2053 1563 2085 admoveas,
1583 2058 1611 2080 ut
1636 2061 1669 2080 ex
1688 2055 1730 2081 bis
1757 2054 1824 2088 ipsis
1843 2054 1892 2081 Dei

1101 2103 1128 2124 et
1143 2097 1291 2124 Salvatoris
1314 2097 1377 2125 Jcsu
1401 2098 1503 2126 Christi
1527 2106 1606 2134 opem
1635 2099 1700 2126 mihi
1726 2107 1891 2134 presentcm

1103 2151 1163 2169 csse
1179 2150 1336 2177 cognoscas.

1140 2188 1172 2215 V.
1193 2189 1255 2216 llwc
1273 2190 1339 2216 dixit
1364 2189 1486 2218 Juliana.
1513 2189 1561 2216 Cui
1590 2191 1761 2218 Aurelianus:
1793 2191 1890 2225 Viden,

1101 2236 1199 2270 inquit.
1217 2236 1446 2270 pulchritudinem
1470 2242 1543 2263 tuato
1562 2237 1641 2263 talem
1659 2245 1729 2267 essm
1756 2242 1785 2264 ut
1815 2239 1892 2265 illius

1099 2282 1231 2308 rationem
1246 2282 1349 2308 habens
1363 2286 1388 2309 tc
1400 2282 1514 2316 perdere
1528 2283 1623 2309 noiim.
1640 2283 1678 2309 Te
1691 2284 1773 2318 igitur
1788 2284 1893 2310 adhor-

1100 2332 1140 2354 tor
1162 2328 1340 2354 utsacril‘tces
1357 2336 1410 2362 quo
1440 2328 1586 2363 legitimam
1615 2328 1680 2354 mihi
1713 2336 1826 2355 urerent
1855 2335 1891 2355 li:-

1099 2374 1215 2408 deligere
1233 2374 1344 2409 possim,
1361 2378 1503 2400 t'llllCClllll
1515 2381 1566 2399 una
1582 2381 1689 2407 regnes,
1702 2374 1818 2408 imperio
1831 2383 1893 2402 meo

1101 2419 1174 2445 omni
1194 2423 1315 2452 tempore
1329 2418 1431 2444 fruens.
1444 2417 1602 2449 Quinetiam
1616 2417 1691 2444 fratri
1706 2423 1750 2444 tuo
1761 2419 1892 2452 iniuriam

1100 2464 1292 2498 cumpensabo,
1316 2469 1343 2490 ct
1366 2463 1474 2493 faciam,
1493 2467 1521 2488 ut
1537 2463 1734 2496 amplissimum
1748 2464 1893 2495 dignitatis

1101 2509 1211 2542 gradum
1226 2507 1297 2542 apud
1316 2515 1358 2534 me
1371 2508 1478 2534 habeat.
1493 2506 1585 2534 Erexit
1602 2507 1708 2534 Juliana
1723 2509 1817 2535 oculos
1826 2517 1892 2536 suos

1102 2553 1128 2579 in
1145 2554 1255 2585 caelum,
1277 2558 1304 2580 et
1319 2553 1409 2580 crttcis
1439 2553 1516 2587 signo
1530 2560 1592 2580 cum
1623 2553 1740 2580 frontem
1755 2559 1891 2586 notasset,

1101 2599 1170 2625 risit.
1187 2599 1235 2625 Cui
1250 2599 1419 2629 Aurelianus,
1438 2597 1503 2630 Cur,
1520 2597 1617 2632 inquit,
1633 2597 1738 2625 Juliana
1749 2620 1756 2629 ,
1775 2601 1891 2626 multam

1101 2644 1292 2679 benignitatem
1321 2652 1409 2671 meam
1422 2649 1613 2675 contemnens.
1633 2645 1729 2672 risisti?
1759 2645 1832 2676 Non.
1851 2655 1895 2672 tn—

1101 2691 1158 2724 quit
1178 2691 1232 2721 illa,
1248 2691 1398 2726 contempsi
1415 2691 1609 2727 benignitatem
1622 2697 1694 2719 tuam
1710 2700 1715 2723 ;
1733 2691 1779 2717 sed
1798 2692 1890 2721 rideo.

1102 2737 1230 2770 gaudens,
1241 2737 1312 2770 quod
1321 2737 1442 2771 Sponsus
1451 2746 1526 2765 meus
1536 2739 1664 2769 cmlrstis,
1672 2739 1717 2772 qui
1730 2738 1784 2763 vult
1795 2745 1894 2764 o-nuvs

1103 2784 1225 2809 lnnnines
1234 2783 1321 2810 salvos
1335 2783 1392 2810 ﬁeri
1405 2785 1425 2815 ',
1437 2784 1509 2810 sedet
1518 2785 1543 2810 in
1553 2785 1621 2811 solio
1630 2791 1722 2812 sancto
1738 2791 1797 2815 suo,
1817 2785 1894 2817 ejus-

1102 2837 1152 2862 quo
1180 2829 1328 2856 divinimtis
1356 2829 1582 2864 pulchritudinem
1611 2832 1801 2864 eunte-ruptor;
1844 2838 1893 2864 qut
