2034 3152
165 166 207 196 θη

609 161 843 193 hIAR'l‘YRlUM
863 162 915 191 SS.
940 159 1054 192 [‘AULI
1076 160 1124 190 ET
1144 159 1330 190 JULlAN/E.

1742 153 1792 187 57-8

163 222 238 249 etiam
258 229 302 247 mc
317 221 441 248 hortatur
460 225 486 248 ut
499 220 646 247 certamina
670 220 725 254 ipsa
753 219 868 246 libenter
884 225 930 244 sus
961 221 982 247 Λ
998 215 1055 243 lucc
1063 215 1440 250 Paulusrcspondit:llinime
1449 222 1496 241 nos
1505 221 1647 248 possumus
1657 213 1791 240 viventem

165 269 272 298 tineam,
294 272 319 294 te
340 276 405 294 vero
422 274 551 302 nugarem
569 271 593 293 et
611 266 715 292 futilem
731 265 867 292 hominem
883 272 949 289 con-

164 315 402 347 temnam.quippc
414 314 458 348 qui
476 321 537 339 cum
565 317 590 339 to
613 313 802 346 imperatorem
819 310 949 344 appellari

164 358 252 392 facias,
267 363 295 385 et
307 359 379 394 ligna
395 365 421 385 ct
431 359 532 393 lapides
545 358 650 385 adoras.
663 357 782 384 Audiens
794 357 851 383 hzcc
865 357 950 382 Auri-,-

163 404 259 435 lianus,
271 404 317 431 bili
347 405 467 439 percitus
485 414 491 430 :
506 403 683 438 Suspendite,
699 403 796 436 inquit,
810 401 950 427 mulierem

163 451 249 480 istam,
265 458 379 485 eamque
403 453 560 476 constanter
593 449 723 479 cruciate,
761 453 788 474 ut
818 446 950 480 intclligat

163 503 188 522 se
203 501 269 522 ante
291 496 462 530 imperatoris
487 496 605 522 tribunal
629 496 790 521 consistere.
807 493 951 528 Crrpcrant

161 541 212 575 jam
233 542 377 568 carniﬁces
393 542 464 567 illam
479 541 612 573 cruciare,
629 549 690 567 cum
705 540 803 566 Paulus
819 539 880 573 ejus
897 539 951 564 Ira—

162 591 199 613 ter
217 594 276 612 eam
293 586 402 613 intuens
417 607 424 617 ,
441 587 478 613 Nc
494 587 598 617 timeas,
615 586 712 620 inquit,
735 592 821 613 soror,
845 583 951 619 tyranni

162 637 305 658 crucuatus.
329 640 414 666 neque
429 632 512 666 ipsius
523 633 609 658 minas
620 630 952 658 fortnidcs.Sustineamns

162 678 307 712 paulisper,
326 683 355 705 ut
369 683 503 713 perpetuo
520 678 691 711 requiescere
706 677 853 711 possimus.
879 675 952 702 inlli-

162 722 210 756 gite
222 723 295 752 huic.
310 723 397 757 inquit
417 723 578 750 Aurelianus
591 743 598 755 ,
612 723 750 749 cruciatus
773 722 896 749 assiduos
915 721 953 748 ci-

162 774 208 800 que
227 767 372 797 inculcate.
390 776 423 794 ne
445 769 561 802 superba
576 773 603 794 et
628 768 707 794 stulta
726 768 805 795 verba
834 767 951 794 effutiat-

162 811 278 837 Audiens
292 812 349 838 ba-c
361 812 482 844 Juliana.
505 813 604 839 ili-rum
625 814 696 844 risit,
711 818 736 839 ct
752 814 799 839 ait:
809 813 953 839 Aureliano

162 860 270 890 tyranne
281 861 361 890 atque
373 857 473 891 inique,
487 858 616 885 Dominus
631 858 710 885 Jesus
736 858 860 885 Christus
874 858 948 890 facit,

162 905 291 933 utueqne
324 901 438 934 labores,
458 909 546 936 neque
574 907 707 929 tormenta
734 903 790 929 haec
819 902 945 928 sentiam.

162 944 234 972 Tunc
246 946 418 979 Aurelianus,
440 947 579 980 Quamvis,
606 947 703 981 inquit,
743 947 841 974 multas
863 954 947 982 nugas

162 989 292 1023 elfundas,
309 995 335 1018 et
348 992 460 1018 simules
470 997 495 1019 te
506 992 647 1019 cruciatus
660 999 714 1019 non
723 992 836 1023 sentire,
850 991 946 1018 faciam

162 1041 260 1068 tamen,
292 1041 322 1063 ut
353 1037 456 1064 diutius
484 1038 633 1070 crucieris,
661 1042 689 1065 et
715 1038 854 1065 doloribus
886 1045 948 1065 suc-

161 1083 280 1108 cumbas.
310 1081 367 1109 Non
384 1083 465 1115 sinet,
481 1083 567 1118 inquit
592 1083 646 1115 illa,
660 1083 786 1111 Christus
808 1085 876 1118 ipse,
903 1083 964 1110 mef

162 1134 278 1161 unquam
306 1132 362 1154 ate
395 1129 529 1163 superari.
557 1129 603 1156 Ille
631 1134 682 1160 est,
707 1129 752 1164 qui
774 1129 841 1156 mihi
867 1137 945 1164 opem

161 1172 235 1199 affert
246 1177 272 1200 et
287 1180 370 1205 nunc,
387 1177 416 1199 et
431 1180 538 1208 semper
560 1174 592 1200 ad
608 1173 688 1201 linem
705 1181 788 1209 usque
802 1174 946 1209 opitulabi-

161 1210 220 1252 tur,
232 1227 288 1254 quo
303 1219 388 1254 ipsius
402 1221 562 1254 potentiam,
579 1225 607 1247 et
627 1225 748 1247 nostram
775 1221 946 1248 Christiano-

160 1272 217 1292 rum
241 1265 400 1300 patientiam
420 1273 583 1301 cognoscere
606 1267 705 1301 possis.
731 1265 770 1294 Te
796 1274 860 1294 vero
889 1267 946 1301 ipse

162 1310 230 1339 Deus
261 1319 340 1338 meus
355 1316 459 1339 :eterno
473 1312 526 1346 igni
544 1312 660 1347 puniet;
677 1313 767 1348 exiget
797 1313 870 1340 enirn
886 1321 900 1339 a
919 1318 945 1340 tc

160 1356 262 1383 animas
278 1363 347 1391 quas
362 1356 514 1391 perdidisti.

194 1402 236 1430 Vl.
250 1402 299 1430 His
314 1402 404 1430 verbis
425 1403 512 1438 magis
528 1403 631 1430 exarsit
646 1403 854 1436 Aurelianus,ct
865 1404 946 1438 jussit

159 1448 272 1475 lebetem
303 1448 394 1475 afferri
407 1468 414 1480 ,
434 1456 465 1475 ac
482 1449 569 1484 picem
588 1449 616 1476 in
642 1457 703 1476 eum
718 1450 835 1483 ,coujicr,
864 1457 945 1484 atque

158 1495 246 1529 ignem
262 1495 379 1521 multum
391 1493 460 1521 infra
473 1495 588 1522 lebetem
611 1495 735 1527 accendi,
753 1495 789 1522 ita
807 1501 836 1523 ut
864 1503 945 1523 nemo

157 1541 266 1576 propius
280 1541 410 1568 accedere
424 1545 525 1575 posset.
542 1541 626 1568 Jussit
645 1547 734 1568 autem
750 1542 778 1568 in
791 1543 864 1570 illum
878 1551 944 1570 (on-

156 1586 327 1622 iici'l’aulum
346 1591 373 1614 et
387 1587 534 1615 Julianam.
551 1587 676 1620 Quicqu
690 1587 805 1615 fuissent
815 1589 941 1624 conjecti,

156 1634 247 1660 oculos
265 1634 292 1660 in
304 1634 402 1660 calum
420 1634 567 1668 erigentes,
580 1641 611 1660 ac
626 1638 752 1668 tanquam
769 1642 823 1661 uno
833 1635 941 1662 eodem-

155 1686 205 1712 que
228 1687 276 1705 ore
291 1684 443 1713 precantes,
475 1679 531 1706 hzec
559 1679 699 1707 dicebant:
724 1680 839 1708 Domine
872 1681 942 1708 Deus

156 1731 261 1759 patrum
287 1730 454 1759 nostrorum,
481 1725 627 1758 Abraham,
646 1726 718 1753 Isaac
732 1730 759 1754 et
772 1726 866 1760 Jacob,
896 1728 942 1762 qui

155 1771 319 1798 descendisti
337 1773 362 1798 in
387 1772 524 1799 fornacem
542 1772 612 1808 ignis
625 1774 659 1800 ad
685 1772 810 1805 Sidracb,
839 1773 941 1801 Misach

155 1822 183 1844 et
213 1818 363 1852 Abdcnago
379 1818 406 1844 in
433 1818 578 1853 Babylonis
611 1819 732 1854 regione,
760 1827 848 1854 neque
878 1820 937 1847 illos

156 1864 216 1900 igne
231 1864 291 1891 laedi
310 1864 472 1898 permisisti;
491 1869 530 1897 tu,
543 1865 656 1893 Domine
670 1865 734 1893 Jesu
749 1866 869 1899 Christe,
897 1868 941 1895 lux

156 1910 200 1937 illa
225 1910 368 1942 immensa,
385 1909 473 1938 Patris
492 1911 650 1946 mysterium
676 1917 703 1939 et
726 1913 822 1948 gloria,
839 1914 941 1949 Deique

156 1957 282 1984 altissimi
293 1957 414 1991 dextera,
439 1958 486 1992 qui
503 1958 583 1986 homo
599 1959 686 1986 factus
700 1965 811 1995 propter
826 1967 940 1995 peccata

158 2007 260 2034 nostra,
278 2003 350 2030 inter
363 2003 489 2031 homines
507 2009 630 2032 versatus
644 2013 684 2037 es,
703 2006 736 2032 ila
753 2006 868 2033 salutem
879 2007 940 2034 ani-

158 2048 261 2081 mahus,
275 2055 344 2082 quas
356 2048 482 2076 inimicus
495 2049 618 2077 diabolus
635 2051 787 2078 miserrime
811 2052 940 2086 deceptas

157 2099 184 2120 et
194 2100 348 2129 corruptas,
367 2102 452 2129 usque
464 2095 624 2123 adinﬁmam
638 2100 760 2124 tartareae
773 2097 845 2125 sedis
861 2106 940 2126 vora-

157 2140 245 2176 ginem
269 2140 415 2168 detrudere
440 2146 556 2168 conatur
578 2151 585 2169 z
605 2143 833 2177 quemadmodum
850 2145 940 2172 Aure-

156 2185 244 2213 lianus
270 2187 333 2216 iste,
356 2186 441 2220 ipsius
470 2186 570 2214 diaboli
586 2187 743 2222 discipulus,
762 2197 834 2216 nunc
865 2191 939 2219 facit.

1007 261 1153 287 Dominum
1176 261 1259 288 Deum
1276 261 1440 295 relinquere,
1457 260 1516 287 coeli
1531 265 1558 286 et
1579 265 1656 286 terra:
1683 263 1790 285 creato-

1004 307 1124 340 rcm,qui
1135 314 1206 333 nose
1216 306 1335 333 tenebris
1351 306 1461 340 eripuit,
1472 311 1497 332 et
1509 313 1523 332 a
1535 305 1659 332 manibus
1670 304 1723 331 tuis
1732 312 1792 331 eos-

1003 353 1064 379 dem
1079 352 1210 379 liberavit.
1225 352 1365 386 Nunquam
1376 351 1466 385 igitur,
1479 351 1788 384 Aurelianeimperator.

1002 397 1082 424 nobis
1106 398 1270 432 persuadere
1300 397 1412 431 poteris,
1442 395 1613 429 utlapidibus
1639 399 1665 422 et
1692 395 1790 421 statuis

1002 443 1112 473 vestris,
1131 450 1206 473 voce,
1230 441 1323 469 auditu
1336 448 1363 468 et
1383 441 1473 467 anima
1497 440 1664 470 carentibus,
1687 440 1789 465 cultum

1002 488 1182 521 prmbcamus.
1201 487 1293 522 Itaque
1313 487 1347 514 de
1365 492 1461 513 κριοῖο
1475 489 1608 511 tormenta
1625 492 1790 518 quacunque

995 533 1055 565 ,vis.
1076 532 1154 558 nobis
1176 533 1331 562 adnioicas,
1344 530 1432 557 utDei
1445 529 1530 556 nostri
1562 529 1614 555 vim
1633 536 1789 562 cognoscas.

1039 578 1106 605 Vill.
1121 578 1382 605 .lussitAurelianus
1397 577 1467 604 duas
1491 576 1594 602 ferlcas
1625 574 1704 600 sedes
1728 574 1791 601 illuc

1003 623 1103 655 afferri,
1116 629 1144 651 et
1154 633 1168 650 ιε
1183 624 1286 650 balneis
1297 622 1413 658 publicis
1429 622 1563 649 carbones
1575 621 1695 656 congeri.
1710 626 1736 647 et
1749 629 1791 647 se-

1003 669 1051 696 des
1065 670 1123 696 illas
1138 670 1313 696 vehementer
1324 669 1453 696 succendi
1467 677 1474 700 ;
1493 676 1573 695 suum
1590 675 1653 694 vero
1666 667 1790 694 abdomi-

1005 723 1039 743 ne
1069 715 1149 742 illitos
1175 720 1308 749 martyres
1340 714 1414 749 ipsos
1437 721 1520 748 supra
1539 713 1686 739 candentes
1712 712 1791 738 sedes

1005 761 1116 796 imponi.
1134 761 1210 792 Quod
1228 769 1289 788 cum
1301 768 1363 787 mox
1388 759 1488 787 factum
1507 763 1599 786 esset:
1616 757 1686 790 1am,
1702 757 1790 792 inquit

1004 806 1177 835 Aurelianus.
1191 805 1294 832 artibus
1320 806 1416 832 vestris
1432 804 1558 831 omnibus
1577 803 1722 838 superatis,
1739 810 1788 837 po-

1006 853 1082 879 testis
1108 852 1225 882 discere,
1251 851 1377 884 quisnam
1390 851 1426 877 sit
1452 850 1616 877 Aurelianus
1631 850 1787 883 imperator.

964 887 986 916 Β
1002 897 1098 925 Veniat
1111 906 1183 925 nunc
1197 898 1322 926 Christus
1334 901 1422 924 vester
1434 917 1442 930 ,
1454 897 1476 923 si
1495 900 1595 930 potest,
1619 901 1646 923 et
1662 895 1737 923 vobis
1751 895 1790 922 la~

1000 943 1161 970 borantibus
1175 950 1253 977 opem
1269 942 1374 970 afferat.
1391 941 1540 977 Respondit
1557 942 1647 968 statim
1667 941 1790 969 Aurelia-

1000 997 1036 1016 no
1048 989 1154 1016 Juliana
1167 997 1174 1016 ε
1188 990 1334 1016 Nobiscum
1350 989 1402 1016 hoc
1415 990 1441 1016 in
1452 989 1509 1016 loco
1517 989 1699 1022 Christusest,
1712 988 1789 1016 nobis

999 1043 1079 1070 opem
1095 1035 1184 1067 allert,
1195 1044 1283 1070 neque
1314 1036 1376 1063 sinit
1392 1035 1426 1062 ab
1441 1035 1502 1071 igne
1514 1043 1564 1062 nos
1576 1035 1660 1070 tangi.
1675 1034 1715 1062 Tu
1725 1043 1788 1063 vero

1000 1081 1076 1108 illum
1087 1090 1141 1109 non
1174 1082 1261 1114 vides,
1279 1089 1341 1108 cum
1356 1081 1417 1116 ejus
1452 1082 1558 1108 visione
1587 1081 1714 1116 indiguus
1738 1082 1786 1108 sis.

1001 1127 1098 1154 Moneo
1126 1127 1331 1158 tc,Aureliane,
1359 1131 1388 1154 ut
1410 1127 1543 1154 insaniam
1561 1126 1640 1153 istam
1667 1127 1786 1159 omittas,

999 1177 1027 1200 et
1041 1173 1074 1200 ad
1090 1172 1227 1200 Christum
1244 1173 1369 1203 accedas.
1385 1180 1448 1199 nam
1460 1173 1482 1200 si
1496 1172 1520 1200 ei
1535 1172 1647 1200 credere
1656 1172 1785 1205 volueris,

1000 1223 1027 1245 te
1047 1219 1251 1253 resipisseuzem
1268 1218 1460 1253 amplectetur,
1478 1225 1541 1245 cum
1557 1218 1692 1253 benignus
1707 1218 1741 1245 sit
1755 1224 1787 1244 ac

1000 1266 1167 1297 misericors,
1196 1270 1224 1292 et
1244 1266 1362 1292 humana
1386 1271 1494 1300 peccata
1518 1265 1663 1292 condonet.
1685 1264 1786 1297 Luodsi

998 1318 1053 1338 non
1071 1311 1231 1343 credideris,
1244 1317 1347 1339 interno
1366 1312 1426 1347 igne
1439 1312 1562 1346 puuieris

1035 1355 1079 1384 IX.
1096 1356 1179 1392 Magis
1192 1359 1278 1385 iratus
1291 1363 1333 1385 est
1346 1358 1517 1390 Aurelianus,
1545 1363 1574 1386 et
1593 1359 1674 1393 jussit
1697 1358 1787 1386 carni-

1000 1403 1063 1430 fices
1079 1404 1167 1437 capite
1181 1404 1313 1434 truncari,
1332 1404 1409 1438 quasi
1425 1405 1556 1438 pecunias
1593 1412 1608 1432 a
1621 1405 1785 1434 Christianis

999 1450 1214 1484 accepissent,ut
1228 1450 1280 1477 illis
1294 1455 1447 1484 parcerent.
1462 1451 1529 1478 Cum
1543 1459 1606 1478 vero
1619 1452 1652 1478 ad
1670 1455 1784 1480 mortem

998 1495 1199 1522 deducerentur
1209 1496 1367 1530 carnitices,
1380 1497 1540 1524 hortabatur
1553 1505 1601 1525 eos
1617 1497 1717 1526 Paulus
1741 1499 1785 1526 bis

999 1541 1104 1568 verbis:
1124 1541 1211 1569 Nolite
1225 1542 1332 1574 timere,
1350 1550 1439 1577 neque
1454 1544 1563 1570 enimin
1579 1549 1711 1572 aeternum
1727 1553 1785 1572 mo-

998 1585 1114 1618 riemini,
1129 1587 1176 1613 sed
1200 1592 1355 1614 sanctorum
1386 1588 1535 1623 participes
1557 1589 1639 1616 futuri
1661 1591 1738 1621 estis,
1756 1595 1785 1618 et

992 1631 1112 1659 caelestis
1123 1632 1195 1667 regni
1212 1632 1346 1661 hmrcdes.
1359 1633 1420 1660 llaec
1443 1643 1503 1661 cum
1524 1635 1663 1663 audis:ent
1678 1637 1785 1664 carnifi-

992 1685 1047 1708 ces,
1062 1678 1254 1710 constiterunt,
1270 1679 1305 1706 ita
1335 1680 1417 1706 Deum
1432 1685 1562 1708 orantes:
1579 1681 1691 1709 Domine
1718 1683 1784 1710 Jesu

992 1723 1111 1752 Christe.
1127 1731 1208 1758 quem
1241 1724 1343 1752 Paulus
1357 1730 1386 1752 et
1397 1725 1503 1754 Juliana
1513 1727 1674 1761 prmdicaut,
1687 1729 1782 1756 adesto

991 1769 1080 1801 nobis,
1090 1773 1117 1796 et
1135 1770 1162 1796 in
1183 1770 1357 1799 confessione
1375 1775 1418 1798 tua
1434 1771 1476 1800 fac
1493 1780 1543 1800 nos
1562 1774 1697 1808 perfecuzs
1708 1782 1783 1805 esse,

991 1815 1120 1850 quoniam
1134 1816 1203 1843 nihil
1223 1817 1285 1843 mali
1302 1817 1429 1847 fecimus,
1444 1822 1471 1845 et
1486 1819 1629 1846 morimur.
1646 1820 1707 1848 “ilic
1720 1828 1781 1848 cum

991 1860 1135 1893 dixissent,
1153 1861 1310 1889 obtruncati
1325 1868 1388 1890 sunt
1406 1863 1523 1891 .Eouum
1549 1865 1627 1898 alter,
1661 1865 1782 1898 Quadra-

994 1912 1039 1935 tus
1055 1916 1062 1941 ;
1085 1908 1163 1940 alter,
1174 1909 1290 1936 Aeacius
1307 1910 1456 1937 dicebatur.

1030 1954 1063 1981 Χ.
1081 1954 1126 1982 llis
1144 1955 1226 1990 igitur
1242 1956 1371 1990 martyrio
1394 1958 1602 1990 consummatis,
1616 1957 1698 1992 jussit
1722 1959 1778 1986 Au-

996 2000 1116 2027 relianus
1132 2001 1199 2027 alios
1214 2002 1355 2028 carnifices
1386 2003 1475 2037 ignem
1500 2003 1608 2035 afferre,
1641 2009 1669 2031 ct
1699 2013 1782 2040 supra

996 2047 1127 2074 carbones
1143 2046 1181 2074 sal
1190 2053 1343 2083 aspergere,
1354 2053 1383 2074 ut
1395 2048 1465 2083 ignis
1477 2049 1534 2083 ipse
1547 2050 1724 2078 vehementer
1737 2059 1784 2080 ac-

993 2095 1167 2121 cenderetur.
1183 2093 1251 2120 Tum
1267 2093 1390 2122 Juliaua:
1422 2095 1578 2127 Aureliane,
1606 2096 1703 2130 inquit,
1722 2097 1781 2132 Ty—

993 2147 1077 2166 ranne
1094 2145 1121 2167 et
1135 2139 1248 2172 nefarie,
1265 2148 1314 2167 cur
1328 2142 1444 2175 teipsum
1469 2142 1578 2178 amigis?
1600 2143 1685 2171 Vidco
1709 2145 1780 2172 enim

997 2190 1022 2213 te
1034 2187 1160 2218 cruciari,
1177 2192 1204 2214 et
1219 2188 1348 2215 omnibus
1365 2188 1453 2215 modis
1467 2193 1558 2216 lurore
1567 2190 1704 2218 detentum
1714 2191 1781 2219 ami-

156 2231 218 2260 ΙΙωο
234 2232 346 2259 cumilli
365 2238 506 2268 precantes
522 2234 665 2266 dixissent,
694 2237 740 2270 pix
755 2237 939 2266 effervescens
957 2251 979 2278 ο
995 2233 1032 2268 εῖν
1063 2233 1181 2268 εἱεηῑιιυε
1208 2238 1237 2260 υι
1262 2239 1418 2268 serpente")
1436 2235 1555 2270 aliqua!“
1577 2237 1780 2269 clSibiianlem.

155 2277 180 2304 in
192 2279 310 2313 gelidam
324 2286 420 2313 aquam
435 2287 566 2306 conversa
580 2286 632 2313 est,
646 2281 680 2308 ita
694 2287 723 2308 ut
735 2282 781 2317 qui
797 2291 945 2318 praesentes

156 2330 246 2356 erant,
265 2325 313 2352 Dei
336 2325 485 2360 potentiam
503 2326 713 2355 admirarentur.

192 2372 247 2399 Vl].
263 2371 447 2399 Nihilominus
456 2377 543 2398 tamen
554 2372 726 2406 Aurelianus,
738 2375 848 2409 proprio
855 2376 945 2405 furore

155 2421 317 2452 oppressus,
341 2415 396 2444 Deo
409 2417 520 2451 gloriam
544 2425 596 2444 nou
617 2419 756 2451 reddebat,
768 2420 814 2448 sed
835 2422 946 2456 magicis

158 2463 262 2490 artibus
277 2470 310 2490 ea
333 2462 390 2489 fieri
411 2463 592 2491 existimabat.
608 2464 693 2491 JuSsit
711 2471 803 2500 postea
819 2475 834 2494 e
858 2467 945 2495 lebete

158 2508 217 2535 illos
230 2508 352 2541 extrahi,
368 2508 396 2534 in
413 2508 511 2542 quibus
531 2517 580 2536 ure
605 2509 672 2544 picis
687 2511 754 2538 odor
769 2511 865 2546 aliquis
890 2513 945 2539 inc-

160 2559 217 2582 rat:
241 2555 309 2589 quin
322 2554 404 2581 etiam
429 2561 518 2588 neque
527 2555 553 2581 in
570 2555 656 2583 lcbete
688 2556 747 2591 ipso
761 2558 828 2592 picis
843 2558 945 2592 aliquid

161 2600 298 2628 inventum
321 2603 373 2632 est,
387 2601 434 2628 sed
457 2605 562 2628 tantum
586 2600 681 2636 frigida
698 2609 778 2636 aqua.
793 2603 870 2630 Tunc
888 2605 945 2631 Au-

161 2647 297 2674 relianus:
314 2646 527 2678 Existimatisue,
547 2646 643 2681 inquit,
662 2654 718 2680 eos,
737 2648 781 2682 qui
795 2653 946 2684 prasentes

164 2697 232 2723 sunt.
245 2701 259 2719 a
268 2692 347 2720 vobis
358 2692 547 2720 circumveniri
564 2697 593 2720 et
602 2693 709 2727 adduci,
717 2699 747 2721 ut
761 2699 857 2729 putent
870 2696 946 2722 auxi~

165 2736 225 2764 bum
241 2746 255 2764 a
272 2738 327 2765 Deo
352 2742 444 2765 vestro
468 2738 544 2765 vobis
569 2738 691 2771 allatum,
706 2744 733 2766 et
757 2747 812 2766 non
836 2741 946 2776 magicis

169 2785 251 2816 potius
259 2785 362 2811 artibus
373 2785 431 2811 haec
440 2784 510 2812 facta
519 2785 591 2812 esse?
597 2784 654 2812 Non
667 2785 713 2814 ita.
726 2792 774 2820 per
786 2785 851 2812 decs
860 2785 945 2820 ipsos,

172 2835 184 2854 ι’
199 2836 234 2855 ss«
248 2830 264 2856 h
275 2831 472 2862 vbebit;faciam
480 2831 876 2862 enim,utcruciatibusaffecti.
886 2831 947 2866 igne

173 2876 488 2910 cuiisumauiinimisidiis
508 2876 572 2911 ipsis
581 2875 703 2904 victimas
722 2875 883 2904 obtuleritis.
905 2876 945 2904 Ad

998 2285 1134 2304 venenum
1150 2283 1246 2305 contra
1257 2286 1308 2306 nos
1333 2279 1490 2312 effundere;
1519 2281 1566 2307 scd
1596 2281 1665 2308 nihil
1691 2287 1779 2309 tamen

997 2323 1135 2357 proficies,
1155 2331 1215 2350 cum
1232 2324 1302 2350 Deus
1322 2324 1379 2357 ipse
1399 2332 1449 2351 nos
1465 2325 1632 2358 corroboret,
1648 2331 1781 2361 utpravas

998 2372 1058 2394 tuas
1072 2369 1250 2403 cogitationes
1268 2370 1405 2397 sustinere
1428 2372 1575 2404 possimus.
1599 2372 1692 2407 itaque
1720 2382 1781 2401 cum

996 2413 1126 2441 adversus
1134 2421 1184 2441 nos
1192 2414 1258 2441 nihil
1266 2415 1371 2442 edicere
1381 2417 1516 2450 potueris,
1525 2419 1610 2452 magis
1627 2420 1781 2452 erubescrs.

996 2464 1024 2486 et
1039 2467 1054 2486 a
1083 2461 1162 2487 nobis
1193 2461 1218 2495 ip
1226 2461 1264 2488 sis
1279 2461 1438 2488 abstinebis.
1453 2462 1616 2491 Aurelianus
1628 2465 1708 2500 jussit
1724 2466 1783 2494 illos

996 2506 1107 2538 exsolvi,
1122 2511 1149 2533 ct
1174 2507 1202 2534 in
1218 2515 1354 2534 carcerem
1382 2508 1502 2541 detrudi,
1520 2513 1601 2544 atque
1626 2511 1695 2546 ligna
1708 2520 1782 2546 quae-

996 2553 1057 2580 dam
1067 2553 1175 2581 maximi
1194 2553 1325 2588 ponderis
1341 2554 1367 2581 in
1395 2562 1490 2582 eorum
1520 2556 1641 2583 cervices
1668 2557 1780 2592 imponi,

997 2599 1080 2632 pedes
1093 2599 1173 2626 etiam
1189 2601 1365 2634 cornipedibus
1387 2601 1471 2636 ligari,
1488 2601 1591 2629 catenis
1620 2609 1717 2630 manus
1735 2604 1778 2631 de—

997 2645 1107 2677 vinciri,
1121 2649 1149 2672 et
1164 2646 1266 2672 ferreos
1280 2647 1370 2674 clavos
1382 2649 1478 2680 sterni,
1503 2648 1591 2675 utillis
1615 2649 1784 2683 configeren-

998 2695 1052 2723 tur,
1067 2699 1156 2726 neque
1170 2692 1389 2720 Christianorum
1403 2694 1521 2728 aliquem
1539 2694 1661 2728 permitti
1673 2695 1707 2722 ad
1736 2703 1783 2722 eos

997 2737 1113 2772 ingredi,
1134 2746 1166 2765 ne
1185 2738 1261 2766 cibus
1286 2739 1438 2766 all'erretur.
1461 2739 1521 2767 Illos
1537 2741 1617 2775 igitur
1644 2741 1784 2770 carnifices

997 2783 1024 2809 iu
1041 2791 1178 2810 carcerem
1205 2784 1354 2816 duxerunt,
1373 2792 1487 2819 quaeque
1513 2786 1548 2813 ab
1569 2786 1714 2814 Aureliano
1727 2787 1785 2822 jus-

997 2830 1018 2855 si
1037 2829 1155 2860 fuerant.
1173 2829 1212 2856 eis
1244 2830 1378 2857 fecerunt.
1407 2831 1473 2857 Cum
1501 2839 1565 2859 vero
1593 2833 1682 2860 media
1704 2837 1784 2861 nocte

997 2879 1129 2911 martyres
1145 2874 1228 2902 Deum
1255 2880 1444 2911 precarentur,
1471 2876 1516 2904 lux
1539 2878 1661 2913 quaedam
1687 2886 1783 2915 magna
