2034 3152
249 151 306 182 ἷῖἾἹ

867 147 1024 177 MENSIS
1044 147 1258 177 AUGUSTUS.

1833 144 1886 176 580

248 205 351 232 effulsit
367 205 392 232 in
408 212 527 236 carcere,
547 207 574 231 et
598 204 711 239 angelus
740 210 832 230 coram
861 202 916 230 illis
951 203 1036 234 stetit,
1062 207 1081 234 Α
1097 207 1123 230 et
1135 201 1289 234 temerarie,
1303 207 1417 228 eurnam
1433 200 1491 227 inec
1506 199 1627 227 facinora
1642 203 1736 227 contra
1751 198 1888 226 Christia-

249 253 343 286 cisque
357 252 434 278 dixit:
449 251 531 278 Paule
553 255 580 278 et
597 249 715 284 Iuliana,
742 250 815 277 servi
836 248 883 276 Dei
905 249 1041 278 altissimi.

250 300 352 332 surgite
364 303 391 325 et
408 298 492 324 Deum
507 300 594 324 orate.
614 296 751 324 Ilaecdixit
763 295 886 329 angelus,
905 299 932 322 et
953 295 986 322 ad
998 303 1045 322 cos

251 344 368 371 accessit
383 353 389 370 :
405 351 437 370 ac
451 345 542 371 statim
560 345 753 375 instrumenta,
772 342 871 377 quibus
884 350 977 369 eorum
987 342 1044 369 col-

250 391 273 417 la
286 391 432 417 constricta
448 395 536 421 erant,
549 390 645 424 tetigit.
655 390 803 424 statimque
819 394 871 415 tam
888 388 942 420 illa,
963 396 1043 423 quam

255 435 357 469 reliqua
373 435 462 462 ferrea
476 441 503 462 et
515 436 601 470 lignea
613 435 721 462 vincula
742 434 933 465 confracta,de
954 434 1045 468 justo-

250 489 325 514 τυιιιε
337 487 483 516 martyrum
496 482 655 516 corporibus
673 481 833 508 exciderunt
846 489 852 507 :
866 481 926 507 due
951 484 1041 506 autem

250 526 329 553 sedes
341 527 437 561 pannis
445 532 548 558 stratae,
572 531 599 553 et
610 534 702 554 mensa
717 534 809 554 coram
825 526 889 560 ipsis
911 525 983 552 illico
995 532 1040 559 ap-

249 573 338 607 posita
354 577 407 605 est,
430 573 585 607 omnigenis
602 572 713 599 ferculis
729 573 818 607 plena,
834 573 927 607 eisque
961 579 1042 606 ange-

251 617 294 644 lus
309 617 378 644 dixit
398 626 405 645 :
426 616 533 649 Venite,
561 617 732 652 requiescite,
760 623 788 644 et
818 618 907 644 cibum
930 618 1041 649 sumite,

249 671 330 698 quem
359 663 433 690 misit
449 663 526 690 vobis
538 663 602 690 .lcsu
621 664 759 691 Christus.
770 664 869 691 Paulus
885 663 1039 695 etJuliana,

249 717 280 736 ca
290 716 318 736 re
335 708 426 741 letali,
439 709 647 736 discubuerunt.
659 709 782 744 Cumque
793 717 891 744 panem
906 710 994 744 ipsunt
1013 709 1041 736 in

249 762 346 782 manus
355 755 544 789 suntpsissent,
553 759 581 782 et
593 755 687 782 oculos
709 755 737 782 in
763 757 861 782 coelum
878 756 1039 787 erexissent,

250 800 306 825 Deo
325 799 375 833 ipsi
393 800 494 834 gratias
522 805 646 834 cperunt,
675 803 702 826 et
722 799 774 826 cibi
802 799 949 834 participes
979 799 1040 826 facti

249 849 323 872 sunt.
342 844 472 872 Viderunt
487 846 606 872 carceris
623 846 750 873 custodes
769 846 856 873 lucem
876 845 952 872 illam
982 852 1040 871 ma-

1097 257 1146 275 nos
1165 252 1271 283 patrare
1300 246 1411 274 audes?
1439 246 1573 279 Quidnam
1599 245 1800 276 hominesDco
1827 253 1887 271 ser—

1097 293 1202 320 vientes
1219 291 1425 322 commiserunt,
1444 294 1473 316 ut
1487 289 1523 316 ita
1536 289 1681 316 crudeliter
1695 289 1888 316 etimmaniter

1095 345 1142 364 eos
1160 336 1266 364 crucies
1281 336 1292 362 ?
1306 335 1348 362 An
1367 336 1429 369 quia
1446 334 1584 361 Christum
1601 334 1722 361 omnium
1733 333 1888 361 dominato-

1096 391 1153 410 rem
1169 387 1335 409 tenerantur
1349 380 1434 407 lllzec
1452 387 1514 407 eum
1528 379 1630 406 audiret
1648 379 1820 411 Aurelianus,
1847 379 1887 405 ita

1094 428 1244 463 obstupuit,
1262 432 1292 454 ut
1307 427 1375 454 hora
1402 434 1456 453 una
1468 431 1562 453 mutus
1575 424 1746 452 remanserit.
1763 423 1888 451 Tandem

1095 474 1262 509 respondens
1295 482 1302 501 :
1332 473 1409 500 Tune
1439 472 1544 501 etiam.
1576 471 1685 505 inquit,
1711 470 1886 500 Stratonice.

1093 519 1206 546 istorum
1224 519 1346 546 stultitia:
1358 517 1559 552 atqueinsanim
1573 517 1709 551 particeps
1725 515 1812 542 factus
1825 522 1856 541 es
1874 514 1887 539 ?

1093 565 1133 592 An
1148 565 1264 592 Julianze
1279 563 1451 599 pulchritudo
1467 568 1492 590 te
1508 562 1627 596 decepit.
1654 566 1679 588 et
1701 561 1761 595 ejus
1781 561 1887 595 jucun-

1093 610 1135 637 dis
1165 609 1340 636 sermonibus
1368 608 1482 634 allectus
1507 605 1561 633 cs?
1580 605 1751 632 Stratonicus
1778 612 1839 630 cum
1858 605 1887 630 in

1092 657 1191 684 malum
1211 655 1305 683 oculos
1320 655 1464 685 erexisset,
1493 653 1556 680 dein
1572 651 1684 679 Paulum
1707 659 1738 678 ac
1749 651 1888 678 .lulianam

1093 701 1120 728 in
1135 701 1209 736 ligno
1232 707 1382 735 suspensos
1409 697 1664 733 circumspexisset,
1694 697 1784 724 crucis
1807 697 1889 731 signo

1092 747 1224 779 munitus,
1243 747 1349 774 illorum
1367 751 1493 780 aspectus
1511 746 1577 771 tales
1590 744 1666 777 vidit,
1682 743 1776 778 quales
1801 750 1890 778 ange-

1092 795 1180 822 lorum
1197 795 1243 822 Dei
1261 794 1346 822 facies
1362 801 1422 821 esse
1438 794 1538 821 solent.
1552 793 1612 819 Mox
1636 792 1763 824 accurrit,
1778 796 1805 818 et
1819 792 1891 818 dco-

1093 849 1153 869 rum
1169 849 1244 868 aram
1260 841 1382 868 calcibus
1397 839 1581 870 conculcavit,
1607 845 1722 872 eantque
1746 842 1890 867 evertens.

249 899 350 926 gnam;
366 899 483 926 cumque
498 892 531 919 ad
553 899 600 920 eos
616 897 729 927 repente
749 892 947 923 introivissent,
962 891 1035 926 quod
1052 883 1074 912 Β
1087 889 1125 915 ait
1138 897 1145 915 ε
1158 887 1198 914 En
1211 892 1238 914 et
1248 895 1297 922 ego
1308 886 1478 915 Christianus
1488 893 1548 913 sum
1560 893 1568 918 ;
1579 885 1662 912 facias
1681 884 1744 911 licet
1754 883 1888 918 quidquid

250 937 350 965 factum
363 938 450 965 fuerat
464 939 635 972 didicerunt,
663 939 737 974 ipsos
765 939 877 974 insuper
889 938 1036 966 comeden-

251 986 302 1014 tes,
316 987 343 1009 et
359 983 459 1010 hilares
472 983 559 1011 factos
576 984 713 1012 viderunt.
729 983 822 1019 Itaque
839 991 901 1011 cum
929 983 982 1011 illis
995 990 1038 1010 re-

251 1029 410 1056 cumbentcs
420 1030 505 1065 ctipsi
533 1031 721 1061 coutedcrunt,
742 1031 852 1066 Deoque
875 1031 981 1057 laudem
1010 1034 1038 1057 et

250 1075 362 1112 gloriam
387 1076 531 1109 dederunt,
547 1078 592 1112 qui
615 1078 694 1104 talem
721 1078 833 1113 gratiam
861 1078 922 1105 ﬁliis
948 1077 1037 1104 homi-

250 1130 315 1150 num
332 1124 502 1156 contulisSct,
515 1125 551 1150 ita
567 1129 595 1150 ut
613 1125 735 1159 plerique
751 1132 783 1151 ex
796 1124 862 1159 ipsis
879 1124 933 1151 Deo
949 1123 1038 1151 credi-

250 1169 351 1200 derint,
365 1174 392 1196 et
412 1169 562 1197 Christiani
577 1173 724 1197 evaserint.

284 1213 328 1240 XI.
347 1213 439 1241 Tertio
467 1215 582 1249 postdie
594 1215 766 1246 Aurelianus,
795 1223 854 1241 cum
873 1217 898 1241 in
911 1214 1036 1242 tribunali

249 1260 379 1290 sedisset,
392 1259 475 1292 jussit
492 1263 600 1286 sanctos
617 1264 749 1294 martyres
767 1260 881 1285 Paulum
900 1263 927 1286 et
950 1259 1038 1286 Julta-

248 1311 312 1331 nam
327 1305 391 1331 illuc
407 1305 479 1336 duci,
497 1305 596 1338 quibus
607 1305 643 1330 ait
659 1313 666 1331 :
688 1305 728 1330 An
755 1305 875 1331 nondum
905 1309 1038 1331 tormenta

249 1350 309 1385 ipsa
325 1358 372 1377 vos
385 1351 548 1382 docuerunt,
567 1355 595 1376 ut
607 1351 641 1376 ab
658 1351 708 1376 ista
742 1351 847 1377 insania
878 1356 967 1377 vestra
982 1351 1037 1377 dis-

251 1396 365 1427 eedatis,
379 1400 405 1422 et
422 1398 486 1422 deus
515 1398 658 1427 adeuntes,
674 1395 726 1421 illis
753 1397 877 1422 victimas
902 1395 1036 1422 offeratis?

248 1442 323 1474 Hice,
338 1442 427 1476 inquit
442 1441 553 1473 Paulus,
569 1442 685 1468 stultitia
703 1441 767 1468 mihi
785 1442 830 1473 sit,
849 1446 877 1469 et
896 1441 1036 1473 omnibus,

249 1490 295 1524 qui
313 1489 397 1515 Deum
422 1490 508 1523 ipsum
526 1489 656 1523 diligunt.
673 1488 749 1520 Quod
769 1488 842 1514 enim
871 1488 979 1514 stultum
1000 1491 1040 1514 est

249 1535 308 1565 Dei,
325 1535 470 1569 sapientius
486 1540 521 1560 est
537 1534 700 1564 hominibus;
716 1537 739 1559 et
755 1533 887 1566 sapientia
906 1532 1040 1558 hominum

247 1581 360 1608 stultitia
376 1586 414 1607 est
430 1581 501 1614 apud
519 1580 611 1606 Deum.
629 1579 770 1614 Desipiens
789 1578 911 1613 profecto
925 1582 952 1605 et
969 1579 1042 1604 insa-

247 1636 300 1655 nus
318 1636 417 1659 essent,
445 1628 466 1654 si
496 1635 511 1654 a
535 1627 588 1653 Deo
607 1628 666 1661 ipso
683 1627 822 1658 deficiens,
838 1627 974 1654 daemones
1001 1627 1046 1653 ve'

247 1681 319 1702 siros
327 1677 455 1702 colerem.
470 1674 562 1700 Denuo
575 1674 747 1705 Aurelianus,
756 1673 802 1700 bili
819 1673 949 1707 percitus,
964 1672 1044 1707 jussit

249 1721 310 1748 illos
326 1721 352 1747 itt
367 1721 440 1755 ligno
462 1720 604 1754 suspendi,
631 1725 658 1746 et
682 1719 809 1746 cruciari.
835 1720 870 1746 At
891 1718 929 1745 illi
959 1717 1043 1745 Deutn

249 1771 370 1798 orantes,
391 1767 446 1794 haec
463 1767 608 1793 dicebant:
629 1765 742 1792 Domine
758 1765 822 1792 Jesu
841 1765 961 1796 Christe,
993 1764 1042 1791 Fili

249 1811 297 1840 Dei
324 1813 450 1844 viventis,
484 1813 529 1839 lux
564 1812 794 1843 Christianorum,
819 1816 847 1838 et
874 1811 950 1842 ﬁdes,
982 1819 1042 1846 qua:

251 1866 341 1893 neque
357 1858 477 1892 concuti,
509 1866 598 1893 neque
622 1858 656 1885 ab
685 1858 849 1885 adversariis
874 1858 1041 1893 expugnari,

251 1911 298 1933 aut
332 1906 442 1933 dissolvi
472 1910 590 1940 potest:
617 1906 730 1932 ostende
771 1905 867 1932 faciem
901 1909 974 1932 tuaut
1005 1909 1043 1938 ,et

251 1952 328 1978 nobis
339 1960 417 1986 opem
435 1953 517 1983 feras,
533 1959 621 1986 neque
639 1959 688 1978 nos
702 1952 833 1978 destituas
843 1956 954 1986 propter
979 1959 1042 1977 san-

249 2005 325 2026 ctum
339 2006 437 2026 nomen
451 2003 538 2026 tuum.
552 1998 620 2025 Cum
635 1998 716 2033 igitur
731 1998 872 2025 camiﬁccs
889 1997 991 2024 diutius
1009 1997 1041 2024 il-

251 2045 292 2072 los
304 2045 467 2076 cruciarent,
477 2048 504 2071 et
519 2044 644 2071 Christus
658 2052 751 2070 eorum
768 2044 903 2071 cruciatus
916 2044 1042 2070 subiera-

252 2098 274 2116 rt
284 2095 302 2119 t.
314 2090 380 2116 nihil
392 2090 503 2116 ontttino
526 2095 657 2124 martyres
670 2094 802 2116 tormenta
820 2090 863 2116 illa
874 2089 1038 2117 sentiebant.

288 2136 347 2162 Xll.
371 2136 446 2162 Unus
462 2144 525 2166 vero
542 2143 556 2162 e
572 2135 754 2167 carniﬁcibus,
783 2136 894 2162 nomine
909 2135 1039 2163 Stratoni-

252 2190 313 2214 cus,
329 2189 390 2208 cum
407 2186 492 2208 staret
507 2181 540 2208 ad
557 2171 708 2208 sinistrum.
719 2181 831 2208 Julianw
844 2182 924 2213 latus,
941 2186 968 2208 et
983 2187 1038 2208 tor-

1088 932 1164 962 libet.
1194 934 1296 961 Furore
1335 941 1470 961 accensus
1508 931 1684 963 Aurelianus,
1716 930 1798 964 jussit
1824 930 1888 963 ejus

1087 985 1168 1015 caput
1180 979 1313 1007 abscindi.
1330 978 1453 1013 Cumque
1473 978 1635 1005 sententiam
1649 977 1797 1011 imperator
1809 975 1888 1002 tul.s-

1086 1031 1138 1059 set,
1154 1027 1226 1054 venit
1240 1026 1274 1054 ad
1293 1033 1355 1053 eunt
1378 1025 1465 1052 locum
1480 1024 1506 1050 in
1536 1031 1590 1057 quo
1621 1023 1780 1057 martyrium
1795 1021 1890 1048 obitu-

1088 1082 1135 1101 rus
1148 1078 1208 1101 erat
1223 1082 1230 1106 ;
1247 1073 1292 1100 ulti
1309 1080 1372 1100 cum
1387 1079 1474 1107 genua
1499 1070 1670 1099 inclinasset.
1698 1070 1734 1095 itt
1773 1068 1864 1095 oravit
1878 1076 1886 1094 :

1089 1121 1203 1147 Domine
1221 1119 1285 1147 Iesu
1310 1118 1430 1149 Christe,
1449 1124 1528 1152 quem
1546 1116 1644 1143 Paulus
1657 1115 1797 1142 etJuliana
1817 1123 1889 1141 con-

1089 1166 1206 1198 ﬁtentes,
1223 1165 1314 1192 invicti
1348 1167 1509 1199 permanent
1525 1170 1539 1189 a
1554 1162 1696 1189 divinitate
1726 1166 1770 1188 tua
1791 1167 1888 1187 serta-

1090 1214 1121 1245 ti,
1134 1217 1161 1240 et
1171 1211 1308 1239 Aureliani
1324 1210 1492 1246 tyrannidem
1505 1208 1720 1238 confundentes;
1737 1212 1777 1240 tu,
1791 1213 1886 1241 quaso

1089 1264 1117 1286 et
1131 1259 1249 1285 animam
1273 1264 1361 1284 meam
1375 1256 1468 1290 accipe
1490 1255 1516 1282 in
1541 1255 1652 1282 caeleste
1668 1261 1779 1288 regnum
1795 1258 1886 1284 tuum,

1082 1300 1188 1336 'meam,
1208 1304 1327 1338 inquam,
1343 1302 1473 1333 animam,
1486 1300 1530 1335 qui
1548 1300 1716 1327 brevissima
1730 1300 1802 1326 horae
1817 1306 1885 1333 spa-

1091 1351 1127 1378 tio
1151 1358 1251 1377 nomen
1275 1354 1350 1376 tuum
1378 1349 1520 1375 confessus
1543 1354 1615 1380 sum,
1634 1349 1768 1380 praesente
1792 1345 1884 1371 Aure-

1091 1398 1174 1424 liano.
1193 1396 1238 1422 Uis
1264 1394 1354 1426 dictis,
1378 1394 1422 1421 ille
1447 1398 1529 1428 caput
1554 1392 1687 1424 extendit,
1703 1396 1731 1418 et
1753 1389 1886 1417 carniﬁce

1090 1444 1267 1471 obtruncatus
1295 1445 1346 1468 est.
1377 1439 1517 1468 Venerunt
1551 1445 1642 1466 autem
1661 1436 1822 1468 Christiani,
1849 1440 1882 1463 et

1091 1490 1152 1524 ejus
1168 1488 1297 1522 reliquias
1312 1486 1493 1522 collegerunt.

1135 1588 1203 1615 XIII.
1223 1588 1325 1614 Paulus
1342 1594 1407 1614 vero
1431 1591 1458 1613 et
1479 1585 1587 1613 Iuliana
1611 1584 1751 1611 cruciatus
1774 1583 1885 1610 fortiter

1097 1635 1279 1662 sustinebant.
1304 1633 1381 1660 Tunc
1409 1633 1572 1659 Aurelianus
1595 1630 1730 1658 Julianam
1760 1630 1881 1657 allatus:

1096 1679 1118 1706 Ο
1135 1679 1261 1710 scelesta,
1285 1678 1382 1712 inquit,
1401 1683 1427 1704 et
1445 1677 1527 1712 impia
1548 1676 1718 1706 muliercula,
1742 1675 1884 1710 quontodo

1096 1725 1124 1751 in
1135 1724 1279 1751 tormentis
1289 1723 1435 1754 exsistens,
1451 1722 1607 1750 carniﬁcem
1616 1721 1742 1755 decipere.
1753 1720 1883 1754 potuisti.

1095 1772 1175 1806 eique
1192 1771 1286 1798 mortis
1302 1778 1412 1798 causam
1436 1769 1557 1796 aderre?
1574 1767 1633 1795 Non
1656 1775 1715 1802 ego,
1733 1767 1820 1802 inquit
1835 1766 1886 1794 Ju-

1095 1818 1177 1848 liatta,
1196 1818 1270 1844 illum
1287 1817 1392 1851 decepi,
1409 1816 1449 1843 vel
1467 1815 1562 1842 mortis
1583 1822 1693 1842 causam
1718 1814 1808 1844 attuli.
1831 1814 1883 1841 sed

1094 1864 1139 1898 qui
1159 1872 1202 1890 me
1230 1863 1378 1897 assumpsit
1389 1861 1469 1889 Iesus
1489 1861 1624 1892 Christus,
1638 1860 1681 1887 ille
1695 1861 1753 1895 ipse
1767 1865 1794 1886 et
1807 1860 1884 1887 hunc

1093 1911 1204 1946 dignum
1221 1909 1295 1941 fecit,
1309 1916 1339 1936 ac
1354 1909 1477 1940 vocavit;
1495 1907 1548 1934 nisi
1563 1908 1635 1934 enim
1655 1907 1754 1942 dignus
1768 1906 1879 1936 fuisset.

1093 1963 1233 1990 nunquam
1253 1955 1287 1982 ad
1310 1954 1429 1988 martyrii
1443 1953 1560 1988 palmam
1577 1953 1721 1987 pervenire
1733 1953 1881 1986 potuisset.

1092 2002 1170 2028 Illqu
1182 2001 1261 2037 igitur
1273 2001 1300 2027 in
1323 2008 1405 2035 regno
1424 2000 1554 2026 caelorum
1568 1999 1784 2032 requiescentem
1805 1999 1883 2033 aspi-

1093 2048 1159 2078 cies,
1177 2053 1203 2074 te
1226 2055 1290 2074 vero
1312 2046 1340 2072 in
1366 2046 1498 2080 gehennae
1519 2045 1626 2072 ﬁantma
1648 2044 1738 2080 puniri
1765 2045 1882 2072 senties.

1092 2093 1168 2120 Tunc
1186 2093 1298 2127 quidem
1312 2095 1407 2126 pectus
1423 2094 1510 2123 tuum,
1527 2089 1630 2120 infelix,
1648 2089 1792 2124 percuties,
1817 2097 1882 2116 cum

1091 2139 1249 2166 inferiorem
1272 2138 1425 2171 hominem,
1448 2137 1536 2171 teipso
1560 2137 1630 2171 apud
1655 2137 1796 2163 Christum
1813 2143 1882 2170 prae-

1091 2184 1251 2211 stantiorem
1274 2183 1390 2214 videbis,
1417 2187 1445 2209 et
1471 2183 1563 2209 dolore
1589 2181 1712 2213 allectus,
1737 2181 1880 2212 clamabis,

254 2233 347 2256 menta
365 2229 391 2254 in
405 2235 463 2255 eam
477 2227 601 2259 inferret,
633 2227 693 2261 ejus
707 2227 910 2261 pulchritudine
927 2232 1038 2262 captus,
1056 2231 1077 2258 ι)
1093 2230 1139 2257 Dei
1160 2229 1374 2256 misericordiam
1395 2229 1555 2263 implorans.
1572 2235 1653 2262 quam
1675 2233 1766 2254 tamen
1789 2226 1880 2262 impe-

253 2283 351 2304 ntanus
363 2275 398 2302 ab
411 2282 443 2301 ea
455 2274 622 2301 continebat.
635 2273 720 2308 Cujus
748 2281 859 2300 sensum
875 2278 956 2308 atque
979 2273 1040 2301 ani-

252 2330 327 2351 mum
346 2329 408 2350 curn
423 2322 502 2349 beata
515 2325 543 2348 et
556 2326 650 2348 sancta
665 2321 773 2348 Julana
790 2327 985 2355 cognosceret,
1003 2321 1042 2348 si-

253 2368 369 2396 nistrum
386 2369 483 2403 pedem
511 2369 642 2399 ρης-κάη,
658 2373 684 2394 ct
699 2368 771 2395 calce
787 2367 862 2394 illum
879 2368 1040 2395 verberans:

251 2414 420 2446 Stratonice,
431 2414 540 2449 inquit,
560 2414 602 2440 fac
625 2415 697 2448 quod
721 2416 814 2448 jussus
833 2421 862 2441 es
885 2421 900 2440 a
927 2419 1041 2449 tyranno

253 2460 412 2492 Aureliano,
429 2467 517 2494 neque
536 2467 633 2486 ntanus
646 2467 661 2486 a
676 2467 719 2486 me
735 2460 877 2487 contineas
890 2459 956 2486 tttihi
977 2468 1040 2494 par-

253 2513 335 2538 cens;
359 2512 409 2540 ego
423 2505 496 2531 enim
517 2505 606 2532 habeo
633 2504 734 2540 Regem
771 2513 860 2532 meum
890 2505 1034 2532 Dominum

251 2552 344 2581 Jesum
377 2551 527 2583 Christum,
546 2551 630 2578 Deum
647 2556 791 2583 aeternum,
803 2555 830 2578 et
857 2551 955 2578 anima:
970 2559 1039 2578 mem

251 2603 417 2630 curatorem,
433 2597 481 2632 qui
509 2598 647 2632 corporeis
671 2597 811 2624 laboribus
836 2604 878 2624 me
903 2597 1037 2629 sublevat,

252 2650 334 2680 atque
364 2645 399 2671 ita
424 2649 572 2678 praesentes
604 2645 742 2671 cruciatus
769 2651 822 2670 non
849 2644 949 2670 sentio.
977 2643 1039 2670 Haec

252 2700 315 2718 cum
342 2691 512 2718 Stratonicus
528 2691 688 2720 audivisset,
714 2690 805 2716 statim
829 2697 934 2721 ensem,
957 2696 1038 2723 quem

253 2737 462 2770 ntanuteucbat,
472 2737 570 2772 abjecit
579 2744 714 2772 ;.cutnque
729 2736 762 2762 ad
772 2734 889 2763 tribunal
900 2735 1039 2763 Aurctiani

252 2783 431 2815 cucurrisset,
463 2783 583 2810 clamans
600 2791 608 2810 :
625 2781 787 2814 Aureliano,
807 2780 904 2815 inquit,
927 2785 1040 2816 tyranne

307 2850 317 2867 ⁸
337 2849 347 2878 Ι
361 2850 423 2878 Cor.
437 2860 455 2884 t.
471 2850 515 2884 ‘20,
527 2851 572 2879 25.

1093 2281 1166 2303 trare
1182 2283 1235 2302 non
1251 2275 1365 2310 poteris.
1385 2275 1450 2302 Post
1465 2275 1522 2302 haec
1534 2275 1615 2308 jussit
1630 2273 1795 2301 Aurelianus
1816 2274 1880 2300 illos

1092 2330 1107 2350 e
1122 2322 1196 2358 ligno
1211 2322 1359 2353 detractos,
1376 2321 1404 2348 in
1416 2329 1554 2348 carcerem
1569 2320 1726 2347 interiorem
1740 2319 1880 2351 concludi,

1092 2373 1119 2396 et
1140 2376 1237 2395 omnes
1255 2368 1392 2395 veneﬁcos
1421 2375 1452 2395 ac
1478 2367 1689 2402 praestigiatores
1708 2366 1808 2396 Vocari,
1833 2366 1882 2400 qui

1092 2415 1165 2442 feras
1181 2422 1288 2446 omnes,
1311 2422 1489 2448 quascunque
1509 2414 1651 2444 haberent,
1675 2412 1880 2444 acerbissimas,

1093 2461 1146 2488 hoc
1160 2466 1211 2493 est,
1242 2462 1361 2495 viperas,
1395 2461 1511 2495 aspides.
1537 2464 1656 2487 cerastes
1679 2467 1711 2487 ac
1732 2459 1879 2490 dracones,

1092 2507 1229 2538 all‘errenl,
1246 2511 1276 2533 ut
1290 2514 1343 2532 una
1359 2514 1422 2533 cum
1445 2506 1529 2532 Paulo
1551 2510 1579 2532 et
1592 2504 1700 2532 Juliana
1722 2504 1749 2531 itt
1770 2511 1883 2531 carcere

1091 2552 1330 2579 concluderentur.
1344 2551 1411 2579 Cum
1427 2551 1507 2587 igitur
1518 2551 1589 2578 feras
1599 2551 1763 2581 attulissent,
1780 2557 1882 2584 quem-

1091 2599 1236 2625 admodum
1268 2606 1283 2625 a
1311 2603 1427 2634 tyranno
1446 2597 1515 2633 jussi
1549 2597 1676 2628 fuerant,
1706 2597 1787 2624 simul
1815 2603 1880 2623 cum

1095 2644 1182 2671 Paulo
1195 2650 1222 2672 ct
1235 2644 1341 2672 Iuliana
1355 2652 1402 2672 eas
1430 2644 1633 2672 concluserunt.
1649 2643 1804 2678 Serpebsnt
1827 2650 1883 2669 au-

1093 2695 1146 2718 tent
1170 2691 1232 2717 ferte.
1252 2691 1319 2723 illa),
1343 2696 1370 2718 et
1393 2691 1427 2718 ad
1453 2691 1536 2726 pedes
1558 2690 1701 2717 beatorum
1726 2693 1882 2724 martyrum

1095 2737 1260 2769 assidt'bant,
1286 2737 1399 2764 intentis
1425 2737 1534 2772 quidem
1558 2736 1645 2764 oculis
1679 2742 1773 2763 eoruut
1796 2735 1885 2762 facies

1097 2785 1271 2820 aspicientes,
1295 2785 1342 2812 sed
1360 2785 1428 2812 nihil
1444 2790 1534 2812 tamen
1549 2789 1692 2812 nocentes.
1718 2781 1818 2810 Paulus
1834 2789 1886 2810 au-
