2034 3152
144 155 186 189 581
587 151 819 183 MARTYIHUM
841 151 894 181 SS.
915 149 1028 180 PAULI
1049 149 1096 178 ET
1116 149 1302 179 .lULlANIE.

1719 144 1772 175 552

145 218 192 239 tem
209 214 234 236 rt
251 209 360 236 Juliana
388 208 520 237 sedebant
543 208 702 243 psallentes,
724 212 752 234 et
773 207 856 234 Deum
873 205 930 232 col-
946 204 970 233 Α
984 203 1114 238 indignus
1127 211 1158 231 es
1177 209 1204 231 et
1223 202 1345 230 alienus?
1358 201 1442 230 Iussit
1456 200 1619 228 Aurelianus
1633 200 1771 228 Juliamm
1786 228 1788 230 ,

145 257 233 284 1.ειιιΙιιιι
239 260 292 282 les.

178 301 246 328 XIV.
264 301 426 329 Mansernnt
441 305 532 328 autem
553 305 696 336 serpentes
722 299 776 327 illa:
798 305 853 327 tres
876 299 935 326 dies

145 353 168 375 et
181 353 233 373 tres
244 351 340 374 noctes
354 355 415 373 eum
429 346 595 382 martyribus
607 347 716 374 clausa}.
733 346 826 373 Tertio
843 351 935 373 autent

145 394 183 421 die
195 393 268 419 misit
281 392 445 419 Aurelianus
456 394 506 420 sub
518 393 607 421 noctis
628 397 747 428 tempus,
760 398 790 420 ut
802 393 933 424 disceret,

145 448 174 465 an
189 447 203 465 a
228 439 406 473 serpentibus
423 440 579 474 consumpti
596 444 697 466 essent.
715 439 865 471 Venerunt,
888 438 934 474 qui

145 485 214 512 missi
238 484 348 511 fuerant
364 484 398 511 ad
419 493 480 511 eum
496 485 606 512 locum:
631 493 748 520 cumque
772 485 804 512 ad
824 485 934 520 januam

145 530 334 562 accessissent,
357 538 416 561 eos,
441 531 559 565 psalmos
583 536 713 558 canentes
730 535 758 557 et
778 530 862 558 Deum
881 531 935 558 lau-

144 578 249 608 dantes,
263 576 438 602 audiverunt.
453 575 522 602 Cum
537 584 603 603 vero
625 577 777 603 accuratius
797 577 866 604 scire
881 576 936 604 vel-

143 623 204 654 leni,
219 630 275 657 quo
295 626 374 656 pacto
393 629 437 648 res
454 629 483 649 se
510 622 631 653 haberet,
653 623 837 650 ascenderunt
855 623 881 649 in
897 623 936 650 lo-

143 677 199 695 eum
227 668 375 702 quemdam
403 669 584 702 superiorem.
610 668 689 695 Unde
708 677 758 704 per
788 669 933 696 fenestram

145 714 288 749 speculati,
307 714 435 741 viderunt
460 713 572 741 Paulum
598 715 739 742 sedentem
763 715 845 742 simul
872 723 934 742 cum

143 767 237 787 sorore
267 768 316 787 sua
338 760 457 792 Juliana,
483 765 509 787 et
538 761 664 796 angelum
688 761 734 788 Dei
754 766 881 788 ~stantem
906 761 934 788 in

146 811 295 840 conspectu
313 807 442 838 ferarum,
465 814 553 842 neque
571 808 774 841 peimittentein
795 808 865 834 feras
888 815 935 834 ae-

142 851 250 878 cedere.
265 851 454 879 Cucurrerunt
468 852 549 887 igitur
563 853 610 884 illi,
626 858 652 879 et
669 853 814 879 Aureliano
829 852 933 885 omnia,

142 904 197 932 qna-
215 897 354 930 viderant,
379 901 550 925 nuntiarunt.
577 899 700 925 Surrexit
716 899 877 925 Aurelianus
896 899 936 925 di-

143 942 244 976 luculo,
273 947 301 970 et
320 943 391 969 sedit
419 951 468 977 pro
486 943 627 976 tribunali,
651 948 677 970 et
695 943 777 978 jitssit
801 943 935 970 veneficos

142 989 209 1016 feras
228 997 296 1015 suas
317 989 391 1016 illinc
406 996 530 1021 evocare,
555 994 583 1016 et
600 993 733 1024 martyres
755 989 818 1016 duci
836 990 869 1016 ad
887 990 919 1016 tri

142 1033 236 1060 bnnal.
251 1034 435 1061 Accesserant
449 1034 561 1061 venetici
575 1035 608 1061 ad
621 1035 744 1069 januam,
761 1039 788 1062 et
806 1035 878 1062 feras
903 1044 935 1063 eo

146 1081 239 1111 modo,
261 1087 317 1114 quo
332 1080 466 1109 solebant,
489 1088 586 1107 vocare
609 1088 764 1116 coeperunt.
789 1081 856 1108 Cum
871 1089 935 1108 vero

148 1126 210 1152 fera:
233 1126 300 1160 ipsa:
332 1125 384 1153 illis
412 1134 467 1153 non
497 1127 651 1160 obedirent,
670 1127 780 1163 jannant
801 1127 935 1162 patefece-

141 1177 211 1203 runt,
223 1176 254 1198 et
270 1171 334 1199 fet-an
352 1180 407 1199 uno
420 1172 523 1208 impetu
541 1181 639 1200 omnes
653 1174 790 1206 exierunt,
806 1178 832 1201 et
849 1182 936 1208 quos-

146 1224 258 1251 cunque
289 1217 411 1244 inﬁdeles
438 1217 564 1245 homines
589 1226 673 1254 prope
695 1219 936 1253 januaiuinvene-

143 1267 214 1293 runt.
237 1263 332 1290 statim
357 1263 532 1296 interfecere,
549 1265 625 1292 et.ad
643 1264 751 1292 deserta
777 1266 837 1292 loca
853 1265 934 1301 aulu-

144 1314 255 1342 gerunt.

176 1354 241 1381 XV.
253 1355 381 1383 Carceris
392 1360 482 1383 autem
496 1357 624 1384 custodes
636 1357 749 1384 Paulum
760 1362 787 1385 et
800 1358 934 1386 Julianam

143 1401 173 1428 ad
193 1402 342 1429 Aureliani
369 1402 488 1429 tribunal
512 1403 660 1430 duxerunt.
684 1403 826 1439 Tyrannus
853 1405 935 1440 igitur

142 1454 186 1473 eos
204 1447 330 1479 intuens,
349 1454 381 1474 ac
398 1448 490 1475 ridens
507 1448 650 1480 :Beatum,
670 1449 769 1484 inquit,
790 1458 834 1477 me
852 1451 935 1478 hodie

142 1493 283 1524 existimo,
295 1494 367 1527 quod
387 1498 477 1521 vestra
493 1495 691 1522 consuetudine
706 1495 798 1530 fruor;
820 1496 935 1524 fortasse

987 249 1170 281 sumoveri,et
1187 249 1300 276 Paulum
1317 248 1425 280 reduci;
1440 248 1483 275 cui
1496 247 1565 274 dixit
1583 268 1587 274 .
1607 247 1659 279 En,
1676 246 1773 279 Paule,

986 302 1066 321 soror
1094 299 1141 321 tua
1166 293 1293 330 promisit
1318 293 1385 320 mihi
1411 301 1441 320 se
1458 293 1511 320 diis
1541 293 1774 326 saeriﬁcaturam;

985 349 1046 376 qua:
1072 341 1175 367 idcirco
1199 341 1265 368 mihi
1285 347 1352 366 uxor
1372 340 1434 371 erit,
1461 340 1599 374 totiusque
1619 340 1695 372 regni
1721 340 1774 367 inci

986 384 1108 415 domina.
1131 388 1186 415 Fac
1210 388 1294 422 igitur
1315 392 1343 415 et
1360 392 1388 414 tu
1405 388 1476 421 quod
1500 388 1572 418 dico,
1589 393 1616 414 et
1633 388 1708 415 sinas
1726 387 1775 415 tibi

987 433 1150 468 persuaderi
1175 437 1205 459 ut
1215 433 1267 460 diis
1277 432 1424 460 sacrificos.
1439 432 1477 459 Ad
1491 433 1547 459 haec
1560 432 1676 460 Paulus:
1691 433 1774 466 Vere,

987 478 1087 512 itiqttit,
1115 478 1249 504 mentitus
1275 485 1316 509 es,
1342 477 1424 512 idque
1448 482 1494 504 tuo
1519 478 1590 504 tnalo
1610 487 1616 510 ;
1635 479 1681 505 sed
1706 479 1774 506 nihil

986 525 1107 551 alienum
1124 523 1214 551 fecisti
1230 532 1244 551 a
1263 523 1349 558 patris
1366 525 1404 550 ttti
1425 524 1527 550 diaboli
1543 524 1698 558 disciplina,
1712 532 1774 550 cum

987 570 1012 596 id
1032 570 1128 602 fat-ias,
1148 570 1220 604 quod
1250 570 1294 597 ille
1325 570 1413 597 solet:
1443 578 1532 604 neque
1556 570 1629 596 enim
1656 570 1776 604 aliquem

987 616 1133 649 subripere
1172 616 1297 650 potestis,
1325 615 1377 642 nisi
1407 616 1549 642 mendacia
1582 615 1774 650 cuniingendo.

987 662 1041 688 Sed
1057 663 1157 689 frustra
1185 661 1304 692 laboras,
1331 669 1449 696 namque
1470 669 1520 688 nos
1544 669 1598 688 non
1623 661 1772 696 decipies:

986 717 1021 736 ne
1034 709 1055 736 si
1071 709 1153 735 totitts
1169 708 1278 742 quidem
1294 708 1368 735 orbis
1381 712 1517 735 terrarum
1531 707 1678 742 imperium
1693 707 1775 734 nobis

987 755 1168 790 pollicercris.
1190 754 1311 787 Minime,
1333 753 1456 789 inquam,
1489 762 1540 781 nos
1570 754 1773 781 circumvenire

986 802 1100 836 poteris.

1021 847 1102 875 XVll.
1116 846 1262 882 Quousque
1282 847 1402 879 tandem,
1415 847 1501 882 inquit
1516 846 1690 879 Aurelianus,
1705 847 1777 883 inju-

989 894 1055 920 tiam
1071 893 1150 920 nobis
1164 893 1298 920 facis‘Mn
1311 901 1365 920 non
1379 893 1531 923 erubescis,
1543 898 1660 926 nugator
1670 893 1776 920 etinsi-

987 939 1083 974 picus?
1100 939 1151 966 Per
1159 939 1226 966 deos
1239 938 1313 973 ipsos
1322 947 1373 973 ego
1382 947 1430 966 vos
1438 939 1561 966 omnium
1578 947 1707 974 generum
1719 943 1776 965 tor-

987 986 1090 1012 mentis
1108 985 1237 1019 amigain,
1264 990 1291 1012 et
1309 992 1392 1011 nemo
1411 992 1426 1012 e
1443 985 1569 1011 inanibus
1585 985 1653 1011 meis
1667 984 1776 1011 auferre

986 1031 1099 1065 poterit.
1109 1030 1196 1057 Jnssit
1209 1029 1290 1065 igitur
1308 1030 1398 1065 ignem
1410 1029 1512 1062 aﬂerri,
1526 1035 1554 1057 et
1568 1030 1775 1064 quatuordecim

987 1076 1075 1112 virgas
1090 1076 1202 1108 ferreas,
1214 1084 1314 1110 easque
1331 1076 1358 1102 in
1371 1076 1459 1113 ignem
1472 1076 1618 1111 conjici,et
1638 1076 1716 1103 valde
1731 1084 1776 1103 ac—

986 1125 1065 1151 cendi
1077 1133 1083 1156 ;
1096 1127 1153 1151 tum
1164 1123 1239 1150 Pauli
1250 1132 1348 1151 manus
1356 1129 1383 1151 et
1406 1125 1488 1158 pedes
1501 1125 1590 1159 ligari,
1602 1124 1776 1160 ferreumque

986 1176 1093 1197 \‘Ct'lt‘m
1119 1171 1188 1197 inter
1206 1179 1304 1197 manus
1322 1175 1348 1197 et
1366 1171 1450 1204 pedes
1472 1171 1557 1205 injiei,
1577 1175 1604 1197 et
1626 1172 1651 1197 in
1674 1176 1775 1197 terram

991 1218 1082 1252 defigi,
1099 1225 1130 1244 ac
1150 1218 1188 1244 sic
1205 1218 1288 1253 virgis
1303 1218 1394 1253 ignitis
1413 1218 1486 1245 binis
1503 1225 1550 1253 per
1566 1218 1639 1244 vices
1660 1217 1775 1245 Paulam

987 1264 1105 1299 percuti,
1132 1263 1267 1290 Julianam
1297 1273 1362 1291 vero
1389 1265 1471 1299 jussit
1500 1265 1527 1290 in
1554 1264 1678 1298 lupanari
1706 1271 1775 1290 cou-

985 1310 1072 1336 stitui.
1086 1310 1181 1342 Itaque
1197 1310 1272 1336 intilti
1286 1317 1300 1336 e
1317 1310 1395 1336 turba
1411 1310 1466 1343 illa,
1483 1318 1543 1344 qua:
1567 1310 1772 1343 circumstabat,

987 1355 1096 1382 scelesti
1113 1361 1139 1382 et
1154 1355 1252 1382 nefarii
1268 1356 1404 1388 homines,
1417 1357 1542 1384 certatim
1557 1356 1773 1388 contendebant,

986 1401 1047 1435 quis
1061 1401 1094 1427 ad
1105 1409 1164 1427 eam
1179 1402 1283 1435 primus
1296 1402 1496 1436 ingrederetur.
1512 1403 1596 1429 Erant
1609 1403 1682 1428 enim
1700 1403 1777 1430 velut.

986 1447 1048 1481 equi
1078 1447 1247 1478 hinnientvs,
1271 1448 1330 1482 ejus
1344 1447 1440 1482 puellte
1455 1448 1541 1474 forma
1568 1449 1685 1476 incitati.
1704 1448 1772 1476 Cum

986 1501 1051 1520 vero
1071 1493 1098 1520 in
1116 1501 1149 1520 eo
1163 1493 1231 1524 loco,
1250 1493 1276 1520 in
1292 1501 1345 1527 qtto
1365 1493 1530 1520 Aurelianus
1547 1494 1678 1528 jusscrat,
1705 1501 1772 1520 cott-

142 1539 213 1566 enim
235 1547 365 1574 magnum
379 1540 480 1575 aliquid
501 1548 516 1567 a
531 1541 608 1569 vobis
631 1541 809 1575 lucrifaciatn,
835 1547 862 1570 et
887 1547 969 1578 perc
986 1540 1081 1567 stituta
1094 1544 1178 1570 esset,
1202 1540 1293 1566 statim
1311 1540 1424 1574 angelus
1449 1539 1555 1566 Domini
1575 1541 1716 1567 descendit
1743 1541 1775 1568 de

142 1585 204 1611 ἀεί),
228 1585 315 1618 ipsos,
337 1586 359 1612 si
386 1586 496 1620 quidem
510 1587 576 1613 mihi
591 1595 685 1614 verum
701 1589 836 1621 dixeritis,
848 1590 934 1616 multa

141 1635 166 1656 et
179 1637 282 1664 magna
297 1630 367 1657 dona
383 1638 399 1657 a
416 1639 459 1658 me
477 1632 647 1667 percipietis,
670 1639 698 1660 et
719 1635 793 1669 regni
816 1635 868 1662 mei
885 1642 934 1670 po-

143 1679 226 1702 testas
241 1683 326 1710 penes
339 1683 387 1703 vos
399 1676 460 1704 erit.
476 1677 603 1712 Nunquid
620 1686 668 1706 vos
683 1679 763 1706 deum
780 1679 934 1714 Apollinem

143 1727 324 1756 praesentem,
352 1727 380 1750 et
409 1723 489 1750 vobis
517 1725 710 1759 opitulantem,
740 1731 770 1754 ut
803 1727 893 1754 audivi
920 1736 934 1754 a

142 1767 307 1801 quibusdam
331 1769 561 1803 speculatoribus,
597 1771 723 1799 vidistis?
750 1772 815 1806 Nos,
847 1773 935 1808 inquit

143 1812 256 1844 Paulus,
271 1813 378 1840 nullum
393 1814 547 1849 Apollinem
559 1817 748 1852 cognovimus,
761 1827 824 1846 natn
840 1827 935 1847 smnus

144 1864 174 1884 ex
190 1865 292 1884 eorum
307 1866 434 1891 numero,
448 1860 549 1893 quibus
562 1861 632 1888 Deus
646 1862 761 1890 salutent
774 1864 862 1891 dedit.
876 1864 934 1892 Tua

143 1911 207 1931 vero
232 1903 325 1931 anima
349 1904 384 1932 ad
409 1910 527 1932 mortem
553 1913 640 1942 usque
662 1909 771 1943 perdita
794 1915 847 1939 est.
874 1911 934 1938 Non

143 1948 216 1975 enim
234 1948 321 1983 sapis,
335 1957 425 1984 neque
438 1951 602 1986 resipiscere
616 1953 656 1980 vis
668 1961 675 1984 ;
687 1955 754 1988 quin
769 1954 824 1981 imo
833 1955 934 1983 multus

145 1993 300 2027 tyrannidis
316 1999 368 2021 tua:
384 1994 459 2021 furor
476 1995 509 2022 ad
526 1996 727 2031 blaSphemiam
747 2003 772 2025 te
787 2000 933 2034 convertit,

145 2039 249 2073 quippe
274 2039 321 2073 qui
337 2040 476 2074 angelum,
503 2048 585 2075 quem
613 2042 690 2069 misit
708 2041 838 2071 Dominus
855 2045 935 2073 Jesns

143 2082 273 2111 Christus
304 2083 339 2111 ad
364 2085 518 2114 obturanda
541 2095 590 2114 ora
614 2093 785 2123 serpentum.
805 2098 866 2125 quae
888 2096 934 2119 tua

143 2135 186 2157 est
202 2130 362 2166 arrogantia
376 2135 404 2158 et
417 2132 569 2164 temeritas,
583 2133 736 2168 Apollinem
753 2134 839 2164 fuisse
853 2137 932 2166 dicis.

145 2174 224 2203 Tunc
254 2177 344 2204 iratus
368 2178 540 2212 Aurelianus,
573 2179 657 2214 jussit
685 2180 821 2215 plumbeis
848 2184 934 2217 globis

143 2222 222 2251 Pauli
245 2224 373 2251 maxillas
401 2225 544 2258 contundi,
569 2230 652 2260 atque
675 2227 712 2254 illi
727 2227 781 2256 dici
804 2238 811 2256 :

147 2269 317 2304 insipienter
341 2274 369 2297 et
394 2275 556 2306 arroganter
576 2272 708 2307 loquaris,
732 2281 795 2301 eum
815 2275 886 2303 scias
908 2280 935 2304 te

145 2315 308 2350 imperatori
324 2315 466 2344 assistere.

180 2363 253 2390 XVI.
276 2362 368 2390 Jussit
392 2368 486 2397 postea
500 2371 516 2390 e
541 2363 670 2392 tribunali
691 2365 805 2393 Paulum
823 2367 933 2400 abduci,

147 2414 174 2435 et
197 2407 333 2436 Julianam
359 2409 420 2443 ejus
440 2416 564 2437 sororem
586 2418 679 2438 coram
700 2412 770 2443 sisti,
786 2420 868 2447 quam
893 2413 936 2441 his

149 2454 243 2481 verbis
256 2461 402 2490 aggressus
421 2460 463 2482 est
477 2463 485 2481 :
503 2454 613 2488 Quaeso,
626 2457 726 2484 auium
743 2465 811 2484 mea:
824 2458 935 2485 domina

149 2499 265 2532 Iuliana,
282 2508 387 2535 quaeso,
400 2500 522 2535 inquam,
536 2507 564 2528 et
578 2507 604 2529 te
616 2502 721 2535 hortor,
736 2510 771 2530 ne
785 2502 876 2531 fratris
894 2504 931 2531 tui

150 2547 285 2574 insaniam
312 2546 439 2574 imiteris.
467 2547 555 2576 Video
587 2553 614 2575 te
638 2549 755 2584 puellam
780 2550 937 2584 prudentis-

151 2592 257 2624 simam,
270 2591 357 2620 multa
372 2592 505 2626 sapientia
528 2593 671 2620 refertam.
689 2594 852 2630 Obtempera
871 2603 936 2623 con-

150 2638 221 2665 siliis
235 2639 311 2671 meis,
328 2643 356 2666 et
371 2638 513 2666 columnas
524 2646 622 2666 aureas
638 2647 687 2674 per
701 2644 788 2667 totum
801 2646 935 2668 terrarum

151 2685 257 2717 orbem,
280 2690 328 2713 tuo
343 2684 456 2712 nomine
474 2684 635 2720 inscriptas.
660 2685 778 2720 erigam.
795 2686 875 2714 Tune
898 2688 936 2715 illi

149 2730 257 2758 Iuliana
275 2740 283 2759 :
304 2731 426 2763 Minime,
443 2731 543 2766 inquit,
568 2739 613 2759 me
635 2732 767 2768 decipies,
791 2733 937 2761 Aureliano

151 2783 264 2813 tyranne
279 2783 307 2805 et
328 2777 422 2812 impie.
439 2777 499 2805 Non
521 2778 721 2806 circumvenies
737 2779 784 2806 Dei
809 2779 937 2808 altissimi

153 2815 269 2850 servata.
286 2824 326 2851 Ne
347 2823 413 2850 milii
431 2827 560 2850 teternam
579 2830 694 2851 mortem
712 2832 850 2860 suggeras.
873 2825 935 2854 Vis-

153 2877 188 2896 ne
204 2876 247 2896 me
259 2870 366 2905 privare
383 2869 430 2898 Dei
446 2869 530 2905 gloria
547 2873 574 2898 et
589 2870 693 2898 caelesti
713 2878 808 2907 regno,
827 2880 881 2907 quo
901 2879 930 2901 tu

988 1585 1070 1617 caelo,
1098 1590 1125 1612 et
1151 1585 1256 1617 dixit,:
1283 1584 1322 1611 Ne
1357 1586 1470 1618 timeas,
1491 1585 1615 1617 .luliana;
1645 1586 1776 1613 Dominus

987 1631 1060 1659 enim
1077 1631 1158 1658 .lesus
1169 1631 1309 1662 Christus,
1323 1638 1404 1666 quem
1421 1636 1450 1658 tu
1466 1632 1543 1664 colis,
1557 1633 1630 1659 misit
1644 1641 1698 1663 me,
1710 1637 1739 1658 nt
1750 1638 1777 1659 te

987 1680 1139 1714 protegam,
1154 1681 1182 1704 et
1203 1682 1330 1703 sanctum
1356 1684 1456 1703 nomen
1473 1678 1534 1712 ejus
1555 1683 1650 1704 notum
1676 1678 1774 1705 faciam

986 1723 1114 1750 omnibus
1128 1723 1289 1749 timentibus
1307 1729 1383 1749 cum.
1401 1722 1469 1749 Cum
1489 1731 1552 1750 vero
1571 1723 1649 1750 multi
1674 1723 1706 1750 ad
1725 1723 1777 1750 vir-

987 1769 1079 1804 ginem
1091 1769 1302 1801 accederent,‘et
1311 1769 1371 1803 ejus
1381 1769 1584 1803 pulchritudine
1600 1769 1651 1796 frui
1664 1770 1776 1802 vellent,

986 1815 1101 1850 angelus
1117 1815 1239 1842 excussit
1261 1822 1276 1842 e
1302 1815 1416 1849 pedibus
1440 1815 1496 1842 suis
1520 1816 1670 1850 pulverem.
1695 1820 1722 1842 et
1748 1816 1777 1843 in

986 1868 1081 1888 eorum
1097 1860 1194 1887 oculos
1210 1861 1314 1894 injecit,
1333 1861 1369 1887 ita
1382 1865 1411 1888 ut
1424 1868 1472 1887 eos
1483 1863 1636 1889 excaecarit.
1652 1861 1778 1896 Quapro-

986 1911 1049 1941 pter
1065 1913 1153 1940 neque
1170 1907 1288 1940 atnplins
1302 1906 1463 1938 cernebant,
1478 1906 1524 1933 ubi
1538 1911 1641 1937 essent,
1658 1912 1705 1933 aut
1719 1914 1777 1941 quo

987 1952 1069 1984 irent,
1084 1959 1172 1986 neque
1199 1951 1232 1978 ad
1256 1951 1329 1977 illam
1353 1952 1486 1978 accedere
1505 1956 1640 1984 poterant.
1660 1953 1687 1978 Id
1710 1960 1773 1979 cum

986 1996 1074 2024 turba:
1092 1997 1234 2028 vidisaent,
1248 1997 1319 2030 quod
1338 1996 1534 2023 admirabiliter
1557 1997 1656 2023 factum
1675 1997 1775 2029 fuerat,

987 2051 1044 2070 uno
1053 2043 1144 2069 animo
1156 2042 1312 2069 clamabant
1325 2051 1331 2068 :
1344 2041 1457 2077 Magnus
1467 2047 1509 2068 est
1526 2042 1596 2068 Deus
1606 2041 1679 2068 Pauli
1691 2047 1717 2069 et
1727 2041 1778 2069 Ju-

986 2087 1077 2119 lianus,
1093 2087 1139 2123 qui
1157 2087 1257 2121 ubique
1272 2095 1322 2114 eos
1338 2093 1427 2113 servat
1446 2091 1473 2113 et
1492 2087 1619 2122 protegit,
1635 2087 1678 2121 qui
1698 2087 1774 2114 illum

987 2135 1100 2161 timent.
1116 2133 1168 2166 Qui
1185 2137 1277 2160 autem
1293 2133 1420 2160 exeant-ali
1437 2133 1554 2163 fuerant,
1570 2133 1646 2160 flexis
1662 2133 1777 2167 gentbus

987 2180 1123 2215 supplices
1133 2180 1195 2215 ejus
1203 2187 1284 2214 opem
1297 2179 1493 2214 implorabant,
1503 2179 1643 2206 dicentes:
1656 2179 1775 2212 Juliana,

834 2229 874 2257 Ne
897 2231 934 2258 ita
948 2231 974 2260 D
989 2236 1065 2255 serva
1083 2227 1131 2255 Dei
1146 2227 1285 2259 altissimi,
1303 2227 1480 2262 peccavimus
1497 2227 1608 2261 quidem
1624 2231 1717 2253 contra
1736 2230 1774 2257 te,

986 2282 1048 2301 eum
1071 2274 1154 2301 stulte
1176 2279 1260 2308 atque
1283 2273 1445 2308 insipienter
1460 2281 1511 2299 nos
1532 2272 1711 2307 gesserimus;
1727 2272 1775 2299 sed

987 2325 1016 2347 tu
1041 2320 1087 2353 da,
1107 2327 1276 2354 quaesumus,
1303 2319 1383 2346 nobis
1406 2319 1525 2350 veniam,
1549 2323 1578 2345 ut
1604 2317 1661 2344 Dei.
1676 2325 1774 2345 serva:

986 2370 1014 2392 et
1026 2373 1138 2400 precare
1147 2365 1286 2392 Christum
1302 2370 1389 2395 tuum,
1402 2369 1432 2391 ut
1443 2364 1522 2391 nobis
1539 2364 1624 2391 visum
1637 2363 1773 2392 restituat.

987 2411 1089 2439 Eorum
1117 2411 1306 2438 misericordia
1329 2416 1464 2437 commota
1488 2410 1605 2442 Juliana,
1634 2410 1773 2445 paululum

990 2465 1068 2491 aqua:
1087 2457 1195 2491 accepit
1211 2464 1218 2482 :
1235 2461 1263 2483 α
1277 2463 1339 2484 cum
1352 2458 1446 2483 oculos
1466 2456 1492 2482 in
1505 2456 1603 2483 caelum
1623 2454 1773 2487 extulisset,

987 2503 1074 2530 Deum
1090 2502 1240 2533 invowvit,
1252 2502 1288 2529 ita
1302 2502 1397 2529 dicens
1410 2510 1417 2529 :
1430 2501 1546 2528 Domine
1558 2501 1622 2528 Jesu
1655 2501 1773 2533 Christe,

986 2555 1082 2578 auctor
1096 2550 1219 2577 omnium
1239 2549 1346 2579 salutis.
1362 2549 1461 2577 exaudi
1478 2557 1532 2581 tne,
1555 2553 1582 2575 et
1602 2556 1676 2575 nunc
1691 2548 1774 2574 etiam

987 2597 1101 2624 ostende
1120 2596 1255 2624 miracula
1293 2601 1320 2623 et
1345 2596 1468 2632 prodigia
1492 2603 1552 2631 quas
1576 2595 1642 2622 facis
1663 2599 1775 2628 propter

988 2649 1038 2669 nos
1054 2642 1124 2669 ﬁlios
1140 2642 1295 2669 hominum.
1313 2641 1439 2669 Restitue
1463 2642 1504 2668 his
1528 2640 1594 2668 viris
1617 2640 1774 2666 facultatem

987 2688 1110 2720 videndi,
1128 2692 1158 2715 ut
1172 2692 1299 2715 sanctum
1312 2692 1339 2715 et
1352 2688 1500 2723 gloriosum
1519 2694 1619 2714 nomen
1637 2691 1712 2712 tuum
1729 2692 1776 2712 ce-

989 2735 1122 2761 lebretur.
1147 2734 1209 2762 Haec
1230 2741 1293 2761 cum
1316 2734 1442 2765 dixisset,
1461 2740 1558 2767 aquam
1576 2739 1659 2767 supra
1681 2732 1774 2758 turhas

988 2781 1049 2809 illas
1065 2781 1174 2812 infudit,
1198 2785 1226 2808 et
1239 2787 1347 2813 omnes,
1363 2780 1410 2814 qui
1436 2779 1565 2806 excusati
1590 2778 1710 2810 fuerant,
1733 2778 1775 2805 vi~

990 2834 1050 2854 sum
1068 2831 1243 2862 receperunt.
1278 2826 1346 2853 Tum
1372 2826 1410 2854 illi
1442 2826 1475 2853 ad
1505 2830 1604 2853 terram
1633 2825 1773 2860 prostrati,

990 2872 1091 2908 gratias
1107 2871 1163 2900 Deo
1181 2871 1342 2905 reddebant,
1360 2871 1547 2908 paenitentiam
1562 2875 1683 2908 agentes.
1693 2870 1776 2899 Cum-
