2034 3152
266 132 318 164 533

898 130 1042 160 MENSIS
1064 131 1278 162 AUGUSTUS.

1840 131 1896 164 εει.

265 193 319 219 que
346 189 458 220 peccata
478 191 527 212 sua
550 184 673 212 confessi
692 190 795 219 c5scnt,
811 183 963 213 Christiani
987 183 1052 211 facti
1070 188 1090 215 Α
1108 185 1169 212 llaec
1184 193 1246 213 cum
1271 191 1406 222 martyres
1423 192 1614 221 precaremur.
1631 186 1709 214 multi
1727 195 1759 214 ex
1781 186 1898 221 drancis,

267 235 341 258 sunt.

301 274 395 302 XVIII.
432 274 532 302 Paulus
563 283 638 306 vero,
662 275 695 302 de
720 284 775 311 quo
800 277 968 310 dicebamus,
994 285 1056 304 cum

265 327 280 345 a
294 319 470 346 carnificibus
486 319 670 352 cruciaretur,
684 320 767 355 virgis
778 321 831 348 illis
845 322 942 349 ferreis
954 322 1057 350 diutius

268 373 418 400 peritussus
444 365 657 398 vociferabatur,
681 366 739 393 hrec
766 367 862 394 dicens
886 377 892 395 :
912 369 1057 396 Aureliano

267 416 380 446 tyranne
394 418 422 438 et
441 411 555 444 nefarie,
578 412 709 446 quidnam
734 413 798 439 mali
815 414 951 445 commisi,
969 419 1000 441 ut
1018 415 1058 442 sic

265 458 411 485 crudeliter
424 463 451 485 et
465 458 548 492 impie
564 466 605 485 me
618 459 744 486 crucias?
763 458 861 486 Verum
877 468 921 487 me
944 461 1056 494 quidem

266 511 280 530 a
291 505 434 531 tormentis
447 505 578 531 Dominus
591 513 669 532 meus
681 505 759 532 Jesus
771 505 898 533 Christus
911 507 1034 534 sublevat
1048 514 1056 534 :

268 554 293 576 te
309 558 375 576 vero
400 555 493 577 manet
517 551 662 578 Itatrcditas
685 551 781 578 aeterni
807 551 881 578 illius
905 551 987 587 ignis,
1009 553 1056 587 qui

266 600 378 630 paratus
394 601 437 623 est
455 597 514 629 tibi,
532 602 559 623 et
575 597 682 624 diabolo
699 597 756 624 haec
772 597 904 625 adversus
919 606 969 625 nos
993 606 1056 634 sug-

265 643 382 678 gerenti.
401 643 434 669 Et
452 643 573 675 ubinam,
596 643 686 678 inquit
705 643 879 675 Aurelianus,
900 644 994 676 Paule,
1016 649 1058 672 est

264 687 371 715 Juliana
394 695 473 714 soror
494 693 549 720 tua,
565 696 647 723 quam
669 688 708 715 ais
730 696 792 715 esse
810 694 1011 724 temperantem
1032 694 1058 716 et

266 733 420 768 \irginem?
434 733 473 759 En
490 733 534 760 illa
548 734 580 760 ad
597 734 712 768 lupanar
727 733 809 760 ducta
823 738 875 760 est.
893 733 962 761 Num
978 739 1057 769 putas

266 779 358 806 adhuc
369 787 430 806 esse
444 779 596 814 virginem?
609 780 647 806 Ad
662 780 720 807 lucc
732 780 853 808 Paulus:
870 780 942 811 Scio,
958 780 1056 815 inquit,

266 825 342 852 illum
357 825 447 860 ipsum
464 825 561 858 Deum,
577 825 622 860 qui
639 833 749 861 semper
765 834 779 853 a
799 826 853 853 tuis
869 826 961 861 pravis
978 826 1054 860 cogi-

268 869 417 896 tationibus
439 878 483 897 me
499 870 636 903 liberavit,
653 871 758 898 sororis
777 871 859 898 etiam
873 879 941 898 meze
955 879 1057 906 propu-
1070 857 1094 886 Β

267 920 410 951 gnatorem
439 916 535 949 fuisse,
555 921 584 944 et
603 916 735 944 intactum
756 916 791 944 ab
812 918 888 944 omni
906 918 968 945 labe
988 924 1056 944 con-

267 969 401 989 servasse.
416 962 488 990 Misit
499 963 573 990 enim
588 963 715 999 angelum
731 971 811 990 suum
826 972 842 991 θ
856 964 936 997 cmlo,
951 968 982 991 ut
996 971 1056 991 eam

266 1008 425 1035 custodiret.
444 1007 483 1035 Eu
507 1013 536 1035 ut
552 1009 612 1036 sine
627 1008 746 1041 macula,
761 1013 789 1036 et
804 1009 991 1045 virginitatem
1006 1018 1057 1044 pu-

266 1062 323 1081 ram
335 1055 449 1086 habens,
462 1055 618 1087 revertitur,
631 1059 661 1082 ut
674 1055 764 1083 videat
773 1055 883 1083 vincula
895 1063 967 1084 mea.
977 1055 1058 1084 Hise-
1075 1052 1082 1061 ’

266 1100 388 1128 ratenim
399 1101 573 1134 Aurelianus,
588 1107 617 1128 ut
627 1101 736 1129 Juliana
747 1102 909 1130 duceretur.
920 1103 986 1136 Quae
994 1110 1056 1130 cum

266 1149 386 1175 venisset
399 1147 432 1176 ad
444 1148 576 1181 tribunal,
586 1152 614 1176 et
624 1148 726 1176 Paulus
743 1157 802 1177 eam
820 1150 951 1183 vidisset,
971 1150 1058 1178 multo

266 1194 366 1228 gaudio
377 1193 477 1228 plenus
490 1193 560 1222 risit.
581 1195 746 1223 Aurelianus
758 1203 825 1223 vero
837 1205 843 1222 :
858 1196 940 1228 Num,
958 1196 1056 1231 inquit,

266 1239 388 1273 Juliana,
411 1244 548 1267 amatores
557 1240 596 1267 tui
606 1240 961 1275 pulehritudinctuasatiati
977 1241 1058 1269 sunt?

266 1286 301 1313 At
309 1285 353 1312 illa
363 1286 448 1313 dixit:
460 1286 517 1314 Mea
524 1287 712 1321 pulchritudo,
721 1295 811 1315 meum
821 1292 1013 1315 ornamentum
1029 1292 1058 1316 et

267 1332 352 1359 decus
362 1332 492 1360 Christus
503 1337 553 1364 est,
569 1333 615 1368 qui
634 1332 711 1360 misit
728 1334 856 1369 angelum
865 1341 958 1367 suum,
971 1339 999 1361 et
1014 1341 1058 1362 me

267 1377 402 1412 ahjectam
411 1383 492 1413 atque
505 1379 637 1406 humilem
658 1387 767 1407 servant
778 1381 897 1415 protexit
910 1388 916 1407 :
929 1381 1056 1415 quoniam

267 1422 348 1450 fidem
365 1429 392 1451 et
404 1432 480 1459 spem
497 1433 586 1452 meam
603 1425 631 1452 in
648 1426 695 1453 illo
712 1426 793 1453 fixam
813 1427 914 1454 habeo.
934 1427 1058 1462 Quapro’

267 1474 328 1504 pler
343 1471 444 1505 gratias
465 1471 503 1498 illi
520 1479 581 1507 ago,
599 1476 628 1500 et
642 1477 771 1500 sanctum
795 1473 854 1508 ejus
871 1481 973 1500 nomen
998 1473 1057 1500 col-

1108 231 1155 258 Dei
1179 232 1328 266 potentiam
1354 233 1583 267 contemplantes,
1611 233 1702 260 animo
1728 234 1900 267 compuncti,

1108 277 1142 304 a'b
1170 277 1304 304 idolorum
1332 278 1528 312 superstitione
1564 278 1734 310 defecerunt,
1752 282 1779 305 et
1795 277 1900 305 Christi

1109 323 1189 350 [idem
1207 323 1294 351 secuti
1310 328 1389 356 sunt;
1410 323 1488 350 multi
1507 324 1589 350 etiam
1614 323 1766 356 carnifices,
1789 324 1834 358 qui
1851 331 1902 350 eos

1109 371 1334 403 verberaverant,
1354 378 1416 397 cum
1442 370 1489 396 Dei
1518 374 1591 397 tanta
1621 369 1647 395 in
1682 369 1742 396 illos
1767 369 1900 396 beneficia

1108 417 1206 444 collata
1227 417 1369 449 vidissent,
1400 421 1507 444 mutato
1545 416 1672 448 consilio,
1695 415 1797 443 Christi
1817 415 1901 442 ﬁdem

1109 463 1228 497 amplexi
1247 467 1322 490 sunt.

1144 509 1202 536 XX.
1223 509 1329 536 Perlata
1347 516 1412 536 vero
1428 513 1494 536 sunt
1512 508 1571 535 haec
1591 508 1687 535 omnia
1717 507 1752 534 ad
1774 507 1902 534 Aurelia-

1109 563 1186 586 num.
1199 555 1347 590 quijussit,
1359 555 1419 582 illos
1429 555 1466 581 ita
1478 559 1506 581 ut
1517 559 1607 586 erant,
1619 554 1646 580 in
1668 553 1747 580 fovea
1758 553 1900 587 lapidibus

1109 599 1198 627 obrui.
1214 600 1265 626 Sed
1279 607 1347 627 ecce
1360 604 1473 634 repente.
1485 599 1597 625 tonitrui
1609 599 1716 626 sonitus
1728 606 1790 625 cum
1803 598 1900 625 multis

1109 645 1276 681 fulguribus,
1300 649 1328 671 et
1346 645 1432 671 nubes
1455 645 1509 671 huc
1537 649 1619 679 atque
1643 645 1706 671 illuc
1729 644 1847 679 agitatas,
1875 648 1905 670 et

1110 693 1180 728 ignis
1198 691 1293 726 plenae,
1314 698 1401 725 usque
1426 690 1459 718 ad
1487 690 1626 717 Aureliani
1650 695 1828 724 conspectum
1851 690 1904 716 de-

1110 742 1256 769 venerunt,
1283 737 1412 772 ctigncm
1444 736 1521 762 illum
1551 736 1578 762 in
1599 740 1701 762 terram
1730 735 1904 767 etfuderunt.

1110 792 1218 819 voxque
1236 785 1293 811 hau:
1320 791 1334 810 c
1351 784 1421 810 cmlo
1446 782 1480 809 ad
1506 790 1568 809 eum
1587 782 1707 809 demissa
1728 787 1769 809 est
1787 791 1794 808 :
1810 784 1906 809 Aure-

1109 831 1194 863 liane,
1210 830 1354 865 ingredere
1373 830 1402 856 in
1417 829 1544 864 abyssum
1560 829 1694 863 gehennae
1713 828 1796 863 ignis,
1819 836 1906 862 para~

1110 883 1163 905 tam
1177 877 1227 904 tibi
1238 881 1265 904 et
1277 875 1347 911 patri
1362 880 1408 903 tuo
1419 875 1541 903 diabolo.
1562 874 1624 902 "me
1635 882 1698 902 cum
1710 874 1782 901 facta
1796 879 1905 906 essem,

1109 923 1186 952 misit
1200 923 1378 955 Aurelianus,
1394 926 1420 949 el
1431 921 1515 956 jussit
1531 921 1651 948 athletas
1664 920 1805 948 etChristi
1827 927 1906 947 mar-

1108 975 1181 1006 tyres
1196 978 1228 997 ex
1244 969 1322 997 fovea
1339 969 1384 995 illa
1398 969 1520 1000 extrahi,
1537 973 1566 995 ct
1581 968 1610 995 in
1627 974 1768 995 carcerem
1787 965 1906 1000 conjici.

1109 1016 1206 1051 Itaque
1231 1015 1318 1043 sancti
1347 1019 1480 1049 martyres
1497 1014 1544 1041 Dei
1563 1013 1678 1049 gloriam
1702 1013 1851 1040 laudabant
1875 1012 1906 1039 in

1108 1062 1238 1090 omnibus
1266 1061 1321 1093 his,
1346 1068 1407 1095 quae
1433 1060 1506 1087 Deus
1522 1060 1582 1094 ipse
1601 1059 1764 1086 mirabiliter
1790 1058 1907 1085 illorum

1108 1116 1193 1137 causa
1209 1107 1323 1135 fecerat.
1341 1106 1466 1142 Septimo
1483 1106 1528 1134 die
1552 1109 1649 1141 postea
1670 1104 1792 1132 diluculo
1811 1105 1909 1130 Aure-

1107 1156 1200 1184 lienus
1213 1155 1285 1182 sedit
1299 1154 1327 1181 in
1339 1153 1481 1185 tribunali,
1495 1158 1524 1181 et
1534 1153 1618 1188 jussit
1629 1152 1787 1180 sacerdotes
1804 1151 1908 1179 aﬂ'errc

1109 1207 1287 1239 quotcunque
1296 1201 1367 1229 idola
1378 1201 1516 1228 habebant
1524 1204 1639 1236 argento
1649 1203 1676 1227 et
1685 1207 1751 1227 auro
1764 1198 1906 1226 confecta.

1107 1258 1141 1278 ac
1156 1248 1284 1285 pretiosis
1297 1248 1435 1283 lapidibus
1454 1251 1564 1275 ornata.
1588 1246 1655 1279 Quae
1676 1245 1834 1274 sacerdotes
1851 1244 1905 1278 ipsi

1109 1302 1172 1322 mox
1199 1294 1227 1320 in
1255 1297 1405 1328 conspectu
1432 1291 1574 1320 Aureliani
1605 1291 1820 1322 constituerunt,
1838 1297 1905 1317 cunt

1109 1339 1273 1368 stravissent
1295 1338 1347 1366 sub
1373 1338 1433 1373 ejus
1453 1337 1569 1372 pedibus
1598 1344 1746 1372 purpuram
1773 1335 1905 1370 regalem.

1109 1385 1179 1413 Tum
1199 1384 1382 1412 Aurelianus:
1397 1382 1509 1416 Vocate,
1527 1383 1625 1418 inquit,
1642 1382 1758 1410 Paulum
1772 1387 1800 1409 et
1813 1380 1905 1408 Julia-

1109 1439 1185 1460 nam.
1201 1430 1275 1463 Quos
1291 1437 1353 1458 cum
1365 1430 1480 1457 vidisset
1495 1434 1559 1457 ante
1570 1428 1693 1457 tribunal
1707 1428 1904 1459 consistentes,

1109 1479 1202 1506 animo
1219 1482 1246 1505 et
1260 1476 1334 1504 vultu
1354 1475 1434 1504 valde
1450 1475 1520 1502 irato
1534 1474 1587 1501 illis
1603 1474 1737 1506 minatus,
1752 1472 1821 1500 dixit
1837 1481 1844 1500 τ
1864 1471 1904 1499 Ite

267 1516 360 1544 laudo.
374 1517 449 1552 quod
465 1518 525 1553 ipse
551 1523 604 1551 est,
621 1519 668 1553 qui
684 1519 750 1546 facit
774 1519 912 1546 mirabilia
939 1520 1013 1548 solus
1033 1520 1056 1553 ⁸,

1111 1532 1198 1557 nunc,
1213 1530 1241 1551 et
1253 1523 1305 1551 diis
1328 1521 1495 1553 sacriﬁcate;
1520 1521 1606 1548 nolim
1627 1521 1702 1548 enim
1726 1519 1902 1551 existimetis,

267 1567 362 1590 etnon
380 1568 422 1590 est
435 1564 506 1590 alius
521 1563 593 1591 Deus
607 1570 707 1599 praeter
722 1566 824 1600 ipsum.

303 1608 375 1636 XIX.
391 1608 479 1637 Jussit
491 1610 622 1646 deinceps
637 1612 803 1639 Aurelianus
817 1612 930 1640 Paulum
944 1613 1057 1646 exsolvi,

268 1660 296 1683 et
318 1655 425 1683 foveam
451 1657 597 1691 quamdam
618 1658 712 1690 cﬂ‘odi,
735 1662 790 1685 tam
808 1659 930 1694 longam,
955 1665 1058 1694 quanta

269 1706 312 1727 est
333 1703 416 1728 trium
438 1703 582 1730 hominum
606 1707 729 1738 statura;
747 1709 805 1731 tum
826 1704 898 1740 ligna
916 1710 945 1732 et
968 1706 1058 1741 ignem

267 1747 380 1781 afferri,
407 1753 490 1783 atque
516 1749 545 1776 in
573 1749 652 1777 fovea
680 1750 724 1777 illa
752 1751 892 1779 succendi.
923 1751 1060 1780 Fecerunt

269 1794 421 1826 carnifices,
436 1795 509 1829 quod
519 1795 627 1830 jussum
640 1795 739 1827 fuerat.
754 1796 900 1824 admodum
917 1797 1037 1824 studiose
1050 1806 1057 1831 ;

268 1849 331 1867 nam
352 1846 379 1868 et
393 1841 501 1868 foveam
524 1842 616 1869 statim
632 1842 796 1875 effoderunt,
813 1848 840 1870 et
859 1844 949 1878 ignem
975 1844 1060 1872 vehe-

271 1893 380 1914 menter
394 1889 593 1916 accenderunt.
609 1889 702 1924 Itaque
717 1889 880 1917 Aurelianus
891 1890 974 1925 jussit
984 1890 1056 1918 Pati-

268 1934 322 1960 lum
338 1939 363 1961 et
378 1933 515 1962 Julianam
528 1936 554 1962 in
566 1936 741 1971 ignemillum
753 1936 865 1971 conjici.
885 1936 980 1964 Sancti
995 1945 1060 1964 vero

270 1985 418 2015 martyres,
435 1980 519 2008 Deum
533 1981 731 2014 collaudantcs,
745 1981 913 2009 Salvatorctn
926 1990 957 2010 ac
968 1983 1060 2010 Domi—

269 2035 336 2054 num
354 2027 447 2055 Jesum
473 2027 613 2055 Christum
638 2028 802 2056 invocabant
838 2029 872 2055 ad
900 2037 980 2064 opem
1007 2030 1061 2057 sibi

270 2072 423 2100 ferendam.
442 2074 511 2101 Cum
531 2081 624 2102 autent
641 2074 675 2101 ad
695 2082 759 2101 eum
788 2075 878 2102 locum
905 2075 1059 2108 venissent,

276 2127 324 2146 sua
349 2121 472 2147 membra
493 2121 583 2148 crucis
610 2121 711 2148 Christi
736 2121 815 2156 signo
835 2122 1006 2153 munierunt,
1033 2127 1062 2149 et

270 2173 369 2200 sponte
385 2173 414 2192 se
433 2166 461 2193 in
482 2166 573 2201 ignem
589 2167 782 2201 conjecerunt.
807 2168 891 2194 Erant
912 2173 1002 2195 autem
1033 2169 1060 2195 in

1109 1578 1207 1598 manus
1222 1577 1297 1596 meas
1311 1576 1358 1596 vos
1373 1574 1516 1595 evasuros.
1533 1566 1655 1594 Subrisit
1669 1565 1773 1593 Paulus
1784 1585 1791 1598 ,
1803 1570 1830 1593 et
1844 1565 1903 1592 ait:

1109 1617 1267 1650 Nunquam,
1281 1620 1408 1650 tyranne,
1424 1614 1511 1641 Deum
1523 1618 1648 1640 nostrum
1663 1613 1905 1647 derelinquemus,

1109 1662 1155 1698 qui
1172 1662 1273 1689 cmlum
1296 1665 1324 1688 et
1353 1665 1457 1687 terram
1487 1659 1591 1686 effecit.
1619 1657 1659 1686 Ne
1678 1663 1757 1694 putes
1772 1657 1906 1691 amplius,

1110 1709 1189 1736 idolis
1219 1708 1272 1735 tuis
1295 1707 1399 1735 cultum
1434 1714 1485 1734 nos
1512 1706 1656 1733 allaturos.
1681 1705 1751 1732 Tum
1776 1703 1907 1731 Aurelia-

1110 1764 1162 1783 nus
1180 1765 1186 1782 :
1205 1754 1341 1785 Violenta,
1369 1752 1469 1788 inquit,
1488 1757 1578 1779 morte
1602 1752 1702 1786 dignus
1725 1758 1766 1777 es.
1787 1750 1903 1777 ldolane

1112 1802 1159 1829 tibi
1177 1802 1235 1828 haec
1259 1800 1409 1828 videntur?
1433 1798 1528 1834 Neque
1552 1797 1693 1833 intelligis,
1723 1804 1784 1831 qua:
1809 1797 1851 1823 vis
1877 1797 1907 1823 in

1111 1847 1163 1874 illis
1181 1847 1216 1874 sit
1225 1847 1238 1873 .9

1105 1916 1110 1919 κ
1148 1892 1218 1920 XXI.
1246 1893 1287 1921 Ad
1310 1893 1367 1920 haec
1391 1892 1492 1920 Paulus
1515 1901 1522 1920 :
1543 1892 1651 1926 Jupiter
1676 1891 1738 1922 iste,
1763 1897 1845 1924 quem
1877 1895 1909 1917 tu

1111 1940 1193 1968 deum
1219 1947 1280 1967 esse
1303 1939 1383 1972 dicis,
1412 1939 1495 1966 homo
1518 1939 1628 1974 quidam
1649 1937 1701 1964 fuit
1727 1936 1908 1971 fugitivorum

1112 1986 1195 2018 ﬁlius,
1209 1987 1257 2020 qui
1283 1990 1373 2012 artem
1398 1985 1530 2021 magicam
1555 1985 1626 2012 bene
1651 1984 1765 2010 edoctus
1789 1982 1880 2009 fuerat
1901 1990 1908 2009 :

1112 2039 1228 2066 eumque
1245 2035 1345 2066 praeter
1360 2036 1475 2058 caeteros
1497 2030 1624 2057 homines
1639 2033 1713 2056 esset
1729 2028 1909 2055 incontinen-

1114 2078 1248 2109 tissimus,
1262 2081 1290 2103 et
1307 2077 1413 2104 libidini
1436 2076 1554 2103 maxime
1576 2075 1695 2105 deditus.
1719 2081 1752 2101 ac
1774 2081 1911 2108 quorum-

1113 2121 1176 2148 dam
1191 2121 1392 2156 pulcherrimas
1417 2128 1518 2149 uxores
1541 2126 1623 2155 atque
1644 2119 1714 2146 ﬁlias
1735 2119 1907 2151 adamasset,

1114 2175 1144 2194 se
1159 2167 1302 2194 continere
1324 2175 1379 2194 non
1398 2167 1486 2201 potuit
1514 2167 1580 2201 quin
1597 2174 1659 2194 cum
1680 2165 1733 2192 illis
1747 2165 1911 2193 commisce-

272 2199 335 2247 igne
351 2212 397 2239 illo
415 2199 676 2245 Deuntlaudantes,
700 2219 728 2240 et
744 2214 803 2248 ejus
823 2214 937 2249 glorianti
960 2214 1062 2249 pragdi-
1079 2199 1101 2229 ο
1120 2217 1207 2239 retur.
1239 2211 1291 2244 Qui
1328 2211 1410 2238 modo
1449 2212 1475 2238 in
1510 2217 1618 2238 laurum
1655 2215 1788 2243 mutatus,
1825 2211 1912 2237 modo

273 2264 378 2286 cantes.
394 2259 464 2286 Ecce
481 2264 573 2286 autem
596 2260 709 2295 angelus
730 2261 835 2288 Domini
861 2261 1005 2288 descendit
1029 2262 1062 2289 de

273 2305 354 2338 etelo,
370 2310 396 2332 et
407 2306 513 2332 fumum
525 2313 578 2333 una
589 2314 651 2333 cum
664 2306 726 2342 igne
738 2306 810 2334 foras
821 2308 953 2341 excussit,
973 2316 1062 2343 neque

272 2351 396 2386 permisit
419 2358 527 2380 sanctos
548 2357 681 2388 martyres
706 2353 748 2380 vel
775 2353 914 2388 paululum
938 2354 972 2381 ab
1001 2355 1061 2390 igne

273 2398 435 2432 perturbari.
468 2398 582 2426 Stabant
615 2399 706 2433 itaque
734 2399 763 2425 in
796 2399 873 2426 fovea
904 2399 949 2426 illa
979 2401 1061 2427 rectis

273 2444 447 2477 corporibus,
477 2444 584 2472 divinas
613 2445 708 2472 laudes
740 2445 911 2480 proferentes
940 2447 967 2473 in
992 2447 1063 2473 hanc

274 2489 437 2516 sententiam
451 2498 459 2516 :
473 2490 637 2518 Benedictus
660 2499 700 2524 es,
718 2491 832 2519 Domine
855 2491 926 2519 Deus
942 2491 998 2519 Rex
1012 2499 1063 2519 ste-

274 2535 409 2566 culorutn,
425 2535 472 2569 qui
492 2543 598 2562 memor
623 2536 699 2563 fuisti
721 2537 883 2565 humilitatis
912 2542 1014 2564 nostra:
1037 2542 1065 2564 et

273 2581 417 2615 praesentia
427 2585 472 2608 tua
480 2581 550 2616 ignis
557 2581 691 2610 ﬂammam
703 2583 856 2611 castinxisti
868 2588 979 2618 propter
987 2584 1066 2611 boni-

275 2630 357 2653 tatem
368 2632 452 2659 tuam,
461 2635 522 2662 quae
530 2628 596 2656 facit
619 2634 647 2656 ut
658 2635 768 2664 peccata
775 2634 868 2657 nostra
879 2637 933 2656 non
944 2629 1067 2657 recorde-

274 2672 322 2699 ris.
331 2672 372 2700 Tu
382 2681 431 2700 nos
439 2674 576 2709 indignos,
585 2675 676 2702 salvos
690 2681 772 2710 atque
783 2676 934 2704 incolumes
941 2677 1064 2711 eripuisti

274 2726 289 2744 a
307 2720 519 2754 cogitationibus
537 2722 643 2756 tyranni
653 2721 804 2754 Aureliani,
821 2722 867 2757 qui
885 2730 934 2750 suo
949 2722 1065 2757 imperio

275 2766 312 2794 ita
350 2767 521 2803 intumescit,
559 2770 639 2804 quasi
675 2768 786 2797 futurus
818 2769 855 2797 sit
891 2769 1063 2799 innuortalis.

311 2857 407 2886 ‘Psal.
434 2867 508 2893 Lxxt,
527 2859 570 2887 £8.

1117 2260 1160 2285 avi
1194 2258 1304 2289 similis,
1332 2257 1430 2292 aquila:
1462 2257 1576 2289 srilicet,
1604 2264 1636 2284 ac
1674 2264 1770 2292 cygno,
1808 2257 1912 2284 mulie-

1117 2313 1161 2332 res
1210 2304 1357 2331 nonnullas
1393 2311 1426 2331 ex
1464 2304 1519 2338 jam
1576 2304 1658 2331 dictis
1713 2303 1910 2337 circumvenit,

1115 2357 1143 2379 et
1173 2359 1189 2378 a
1223 2355 1314 2378 mente
1353 2350 1485 2377 alienatas
1522 2351 1549 2376 in
1590 2358 1651 2378 eam
1680 2350 1820 2377 miseriam
1856 2350 1912 2376 im-

1114 2398 1194 2432 pulit,
1216 2402 1245 2424 ut
1260 2398 1348 2432 ipsum
1382 2400 1509 2431 tanquam
1525 2397 1607 2423 deum
1637 2397 1771 2424 colerent.
1788 2396 1828 2423 Ad
1851 2398 1912 2423 [nec

1115 2449 1142 2470 et
1156 2443 1223 2469 alias
1241 2442 1370 2469 mulieres
1396 2450 1443 2476 per
1468 2441 1563 2469 forma:
1588 2442 1768 2469 mutationem
1787 2446 1814 2468 et
1839 2449 1912 2476 pra:-

1116 2489 1211 2524 stigias
1228 2488 1346 2524 decepit,
1367 2488 1398 2514 in
1418 2496 1516 2515 aurutn
1538 2494 1733 2516 commutatus.
1750 2488 1784 2514 Et
1799 2496 1835 2515 ne
1856 2489 1914 2516 alia

1117 2537 1178 2571 ejus
1196 2536 1341 2563 libidinosa
1365 2535 1487 2563 facinora
1505 2536 1555 2563 hoc
1580 2536 1640 2563 loco
1659 2543 1767 2562 narrem
1793 2535 1868 2571 (seio
1886 2541 1913 2563 te

1120 2584 1154 2610 ad
1174 2581 1340 2609 iracundiam
1359 2582 1490 2610 concitari
1508 2591 1515 2609 :
1531 2582 1578 2609 sed
1591 2582 1654 2609 licet
1666 2582 1804 2614 irascaris,
1817 2583 1913 2610 dicam

1122 2635 1213 2657 tamen
1229 2629 1297 2656 nihil
1316 2629 1428 2664 veritus)
1444 2629 1505 2662 iste,
1524 2629 1570 2664 qui
1581 2637 1671 2664 prope
1690 2629 1784 2656 Juvem
1801 2631 1917 2664 positus

1119 2681 1172 2707 est,
1188 2681 1215 2702 et
1227 2675 1323 2710 Apollo
1339 2675 1451 2708 dicitur,
1473 2683 1507 2702 an
1525 2683 1579 2702 non
1596 2683 1630 2702 ex
1644 2675 1781 2702 adulterio
1798 2675 1916 2709 genitus

1119 2727 1162 2750 est
1187 2729 1202 2748 e
1230 2721 1344 2748 muliere
1371 2722 1501 2756 quadam,
1532 2729 1594 2756 quae
1621 2720 1724 2749 Latona
1749 2721 1914 2755 dicebatur,

1118 2775 1233 2804 quaque
1249 2767 1325 2794 illum
1349 2768 1458 2803 peperit
1485 2769 1557 2796 inter
1577 2767 1647 2796 duas
1664 2768 1787 2800 arbores,
1811 2769 1862 2803 qui
1886 2774 1918 2798 et
