2034 3152
156 183 205 213 585

604 185 832 216 ΜΑΒΤΥΓΗΗῊ
857 188 909 216 SS.
933 188 1047 217 PAULI
1070 189 1117 218 ET
1137 189 1324 220 JULIANAS.

1725 195 1778 226 586

157 237 268 264 militum
282 235 512 269 Christianorum,
526 245 539 263 a
551 236 681 271 Trajauo.
700 239 764 264 dum
782 239 808 265 in
828 238 939 266 Oriente
954 243 976 270 Α
992 239 1167 268 bent-faciens
1183 243 1321 275 omnibus,
1344 253 1374 270 ac
1396 245 1515 273 liberans
1531 255 1578 275 eos
1594 249 1615 279 ',
1634 249 1708 284 quia
1721 251 1779 278 dia.

155 283 209 317 ipsu
227 289 309 315 opera
332 281 435 308 nefalia
451 283 596 314 commisit,
614 288 718 316 patrem
735 283 829 310 Jovem
847 285 938 310 imita-

157 327 216 353 tus?
241 326 345 353 Eodem
368 327 448 354 modo
468 332 494 354 et
517 327 663 362 Dionysius
686 334 776 355 \cslet'
796 329 839 355 iile
858 330 935 360 deus,

155 381 186 399 an
206 380 260 398 non
279 377 307 399 et
323 373 380 406 ipse
401 381 432 399 ex
448 373 582 399 adulterio
598 374 707 407 genitus
721 379 762 400 est
779 382 810 401 ex
828 375 937 401 Semele.

154 417 244 444 Cadmi
257 417 332 443 tilia?
346 416 472 451 Nugatur,
486 417 574 451 inquit
586 418 761 449 Aurelianus,
773 423 800 445 et
813 420 938 452 sceleste,

153 471 184 490 an
203 471 256 488 non
275 471 307 489 ex
323 463 432 489 .Iunone
448 464 560 489 deorum
581 467 667 490 matre
691 463 813 491 Bacchus
834 465 941 499 genitus

152 507 211 534 est?
228 507 298 534 Itisit
327 507 437 538 Paulus,
465 512 491 534 et.
519 508 580 534 ait:
601 508 683 535 Estne
717 510 795 538 deus,
824 510 869 543 qni
908 517 941 536 ex

153 553 266 579 muliere
286 554 395 587 genitus
409 553 520 587 incipiat
534 561 593 579 esse
607 554 687 584 deus,
701 559 748 581 aut
764 556 809 588 qui
828 563 939 582 uxorem

153 598 267 625 Iltlbt‘al?
282 598 359 625 Tunc
371 599 533 625 Aurelianus
546 600 719 634 :Qnousque,
732 599 829 634 inquit,
842 601 941 627 multas

151 652 236 678 nugas
259 645 402 671 etl'undcns
420 645 472 671 diis
489 646 634 672 maledicos
647 646 659 671 ?
674 653 707 672 an
732 654 786 672 non
807 651 835 672 ct
851 650 940 672 rcstcr

151 691 286 722 Christus,
301 699 383 725 quem
401 699 447 717 vos
463 691 610 718 Christiani
629 691 712 718 Deum
730 692 868 719 cmlestctn
881 700 941 719 esse

150 737 251 767 dicitis,
267 745 300 763 ex
315 738 429 763 muliere
447 738 554 770 genitus
573 738 633 764 est?
648 737 799 772 Respondit
820 738 919 765 Paulus
933 747 939 765 :

149 783 204 809 Non
224 791 255 810 es
269 789 296 810 tu
312 783 474 818 dtgnus,qni
485 784 529 810 Dei
542 784 697 818 tttystct‘ium
719 784 824 810 audias.
840 784 940 811 Verum

150 836 181 854 ne
193 829 321 855 oratione
338 834 382 855 tua
397 830 495 855 multos
511 837 616 859 eorum,
633 830 678 864 qui
699 835 845 864 pnesentes
867 835 940 861 sunt,

149 873 361 905 circutnveuias,
373 882 481 902 necesse
489 879 530 901 est
540 875 623 909 aperit
632 883 646 902 c
655 875 691 906 id,
702 877 774 910 quod
791 876 900 910 (pueris.

181 926 266 954 XXII.
286 927 366 954 Initio
384 928 456 955 Deus
481 929 538 963 ipse
562 937 625 956 cum
650 929 747 956 malum
766 933 793 955 et
829 934 940 960 terram,

149 981 222 1001 mare
247 975 387 1005 etomnia,
408 983 469 1009 qnze
495 975 520 1001 ιιι
537 977 578 1001 eis
605 980 678 1005 sunt,
695 976 839 1004 etl'ccissct.
855 975 941 1001 homi-

148 1027 207 1046 nem
229 1021 337 1047 etliuxit
353 1021 386 1047 ad
407 1021 552 1055 imaginem
571 1026 598 1048 et
618 1021 826 1048 similitudinem
851 1029 939 1048 suam.

152 1066 257 1094 Purum
278 1069 351 1094 enim
376 1075 390 1094 a
409 1068 523 1100 malitia,
541 1068 728 1099 innocentem,
752 1067 867 1102 justum,
885 1069 942 1102 pie-

151 1116 205 1140 tate
228 1114 375 1148 praeditum
403 1115 507 1140 tt'carit
525 1114 599 1139 illum
624 1113 705 1144 Deus,
724 1118 751 1139 ct
771 1113 797 1139 in
816 1114 942 1148 paradiso

148 1161 311 1188 deliciarum
323 1162 403 1195 pleno
412 1169 474 1188 eum
489 1161 642 1188 collncaiit.
657 1161 835 1188 Paterantem
850 1167 940 1189 vester

149 1206 277 1234 diabolus
296 1215 349 1233 non
378 1207 472 1234 ferens
495 1213 599 1233 tantatn
626 1207 746 1234 hominis
769 1207 937 1240 felicitatem,

147 1253 229 1280 Evam
248 1253 368 1285 seduxit,
384 1259 410 1280 et
432 1262 478 1287 per
503 1253 586 1284 illam,
609 1253 694 1280 Adam
719 1254 752 1281 ad
770 1253 855 1281 divini
871 1263 940 1288 pne-

148 1302 215 1336 crpti
235 1301 482 1336 transgressionem
499 1301 618 1335 impulit.
639 1301 699 1333 Quo
722 1301 823 1328 fartum
840 1305 892 1330 est.
908 1305 939 1327 ιιι

147 1353 172 1374 et
198 1348 291 1374 Adam
325 1349 384 1382 ipse
413 1355 542 1382 tanquam
572 1352 787 1381 transgressore
811 1347 937 1381 paradiso

148 1395 283 1428 expulsus
303 1394 349 1424 sit,
366 1398 394 1420 et
415 1401 501 1427 genus
523 1401 604 1419 omne
629 1393 780 1419 humanum
799 1393 880 1419 morti
910 1397 939 1419 et

148 1440 253 1476 peccati
283 1447 370 1473 pretim
404 1439 553 1466 obnoxium
583 1439 712 1466 evaserit.
749 1440 932 1471 Quamobrem

148 1486 270 1513 caelestis
293 1485 373 1511 Pater
398 1489 425 1512 et
452 1484 627 1519 omnipotens
651 1484 721 1511 Deus
746 1485 936 1511 misericordia

148 1539 250 1562 motus.
274 1532 395 1558 humano
422 1531 516 1566 generi
544 1531 692 1557 subvenire
721 1531 826 1563 volens,
861 1532 936 1558 misit

993 285 1054 312 bolo
1071 287 1250 315 vexabantur.
1271 290 1366 317 Postea
1398 291 1423 317 in
1450 292 1521 327 ligno
1548 295 1638 322 crucis
1662 297 1780 324 snftixm

991 336 1042 359 est.
1066 337 1095 359 nt
1112 333 1226 360 salutem
1245 333 1321 361 daret
1345 337 1458 368 mundo,
1475 339 1520 372 qui
1539 342 1659 374 perierat
1678 343 1778 372 diaboli

992 377 1120 404 violentia
1147 383 1172 405 et
1197 379 1313 406 fallacia.
1344 379 1416 407 Idem
1437 390 1551 416 corpore
1577 391 1700 414 mortuus
1724 394 1777 417 est.

991 422 1115 458 Cumque
1147 425 1180 451 ad
1197 425 1299 452 inferos
1319 426 1510 455 descendisset
1531 438 1584 456 una
1605 440 1667 458 cum
1683 440 1776 462 sancta

991 470 1082 496 anima
1105 470 1148 497 illa
1169 479 1228 502 sua,
1246 473 1379 500 contrivit
1404 482 1499 508 portas
1525 484 1621 508 :ereas,
1646 483 1672 505 ct
1688 486 1780 508 vectes

991 516 1094 543 Ierreos
1115 518 1248 550 confregit
1260 520 1269 534 '
1285 528 1292 545 :
1308 524 1391 554 atque
1407 521 1432 546 in
1456 521 1605 555 caliginosa
1629 524 1779 554 inferorum

992 563 1141 596 penetralia
1158 563 1306 598 ingressus,
1322 567 1423 600 eripuit
1443 575 1490 594 eos
1509 569 1555 602 qui
1579 570 1695 598 vinculis
1713 573 1783 599 deti-

993 608 1139 640 nebantur,
1156 613 1183 636 et
1198 617 1230 636 ex
1246 618 1356 637 carcere
1370 612 1470 638 diaboli
1489 613 1549 640 illos
1566 615 1591 640 in
1611 617 1782 650 superiorem

994 656 1133 688 regionem
1147 656 1240 683 eduxit
1261 658 1292 684 ‘°.
1315 658 1392 690 Quod
1413 664 1497 686 totum
1516 661 1602 695 ipsius
1620 663 1782 698 benignitati

993 706 1137 735 acceptum
1151 703 1281 730 refertur.
1300 704 1368 730 Cum
1389 713 1453 731 vero
1479 707 1514 733 ita
1539 713 1601 742 pust
1624 713 1678 736 tres
1693 711 1752 738 dies
1768 720 1782 737 τι

993 747 1109 774 mortuis
1143 750 1348 782 resurrexisset,
1383 753 1510 786 apparuit
1539 755 1596 781 suis
1637 756 1783 791 discipulis

993 797 1074 827 atque
1090 795 1232 828 aposmlis,
1259 800 1286 823 et
1302 797 1362 823 aliis
1382 799 1485 830 nntltis,
1505 800 1551 833 qui
1577 809 1639 828 \cre
1667 802 1693 829 in
1720 811 1782 830 eum

993 840 1165 867 crediderant
1180 850 1186 867 :
1203 847 1229 868 et
1240 850 1301 869 cum
1317 844 1462 877 aliquoties
1479 847 1646 874 comedisset
1659 855 1683 874 et
1699 849 1784 877 bibis-

993 890 1034 912 srt
1047 894 1108 914 cum
1129 889 1259 921 apostolis
1275 897 1322 924 per
1338 890 1396 916 dies
1412 892 1603 927 quadraginta,
1629 893 1669 921 sic
1690 900 1784 929 po:t(a

995 933 1021 958 in
1039 934 1137 960 emtum
1166 941 1324 970 assumptus
1347 942 1398 968 cst,
1429 942 1455 964 et
1479 939 1557 965 sedet
1582 939 1615 966 ad
1641 940 1782 968 (leuet-am

994 976 1082 1004 Patris
1101 986 1163 1004 cum
1184 987 1298 1014 corpore
1323 981 1378 1013 illo,
1404 983 1476 1016 quod
1494 983 1550 1017 ipse
1567 985 1636 1011 Deus
1662 985 1781 1014 Verbum

993 1023 1044 1048 sibi
1059 1024 1206 1056 copulavit.
1218 1025 1519 1060 Nuneigiturdiabolus
1534 1030 1626 1057 dolore
1642 1033 1782 1066 afﬂigitur.

994 1068 1071 1094 Illum
1093 1069 1166 1095 enim
1188 1069 1317 1098 Christus
1345 1072 1402 1107 ipse
1424 1073 1643 1104 Christianorum
1669 1079 1784 1112 pedibus

992 1115 1146 1142 concuICnri
1173 1116 1248 1147 fecit,
1274 1118 1320 1152 qui
1348 1127 1397 1153 per
1417 1125 1544 1148 sanctum
1570 1122 1655 1157 ipsius
1679 1132 1780 1151 nomen

993 1161 1183 1195 ingrediuntur
1206 1162 1233 1189 in
1263 1172 1377 1200 regnum
1401 1167 1531 1194 etelornm
1560 1177 1566 1195 :
1590 1177 1605 1196 a
1621 1177 1676 1204 quo
1698 1178 1783 1206 regno

992 1210 1020 1232 tu
1035 1207 1140 1234 alicmts
1154 1216 1196 1235 cs.
1213 1209 1301 1236 Habes
1321 1211 1393 1237 enim
1412 1217 1512 1239 sortem
1528 1218 1555 1240 et
1570 1219 1687 1248 partem,
1704 1221 1784 1242 teter-

993 1259 1056 1278 nam
1076 1253 1147 1288 ignis
1171 1256 1333 1290 gehennam,
1358 1257 1545 1286 Iltl‘I'EtIlIIIICItI
1574 1261 1674 1288 diaboli
1698 1263 1784 1297 patris

991 1298 1029 1324 tui
1047 1301 1212 1334 percipiens.

1024 1344 1120 1372 XXIII.
1136 1346 1183 1372 His
1204 1347 1312 1379 auditis,
1330 1349 1494 1377 Aurelianus
1508 1359 1564 1386 pre
1595 1352 1687 1381 furore
1706 1354 1783 1382 vulta

990 1396 1111 1418 mutatus
1130 1397 1182 1424 est,
1215 1398 1242 1420 et
1267 1393 1396 1422 dentibus
1424 1397 1544 1424 stridere
1577 1400 1678 1434 coepit,
1707 1409 1784 1428 exar-

989 1437 1104 1464 descens
1132 1439 1158 1464 in
1198 1438 1284 1470 illum.
1315 1441 1359 1467 cui
1391 1447 1419 1468 et
1454 1445 1650 1478 respondens:
1674 1445 1783 1479 Multas,

989 1483 1088 1517 inquit,
1112 1492 1197 1519 nugas
1214 1490 1238 1512 te
1258 1487 1339 1513 tnodo
1365 1488 1552 1517 effundentem
1589 1500 1685 1526 passus
1709 1502 1781 1525 Sltlll.

989 1530 1147 1563 patientiam
1169 1531 1195 1557 in
1210 1537 1245 1562 tc,
1266 1540 1353 1567 nugax
1376 1538 1402 1560 et
1426 1536 1551 1564 sceleste.
1568 1539 1704 1567 audiendo
1719 1542 1784 1568 reti-

147 1579 246 1606 Filium
263 1586 356 1608 suum.
377 1583 404 1604 ut
420 1579 566 1604 humanam
591 1585 702 1603 carnem
720 1579 883 1612 susciperet,
906 1582 933 1604 et
949 1581 970 1609 ο
990 1584 1069 1603 ncus.
1085 1576 1124 1602 'I'u
1143 1585 1207 1603 vero
1229 1580 1348 1612 qttamliu
1375 1588 1471 1616 perges
1485 1591 1528 1609 tne
1549 1589 1734 1619 contemnere,
1756 1596 1786 1623 οι

147 1625 234 1651 Adam
250 1624 379 1656 solveret,
393 1631 494 1657 eosque
507 1622 553 1656 qtti
568 1623 600 1648 ab
611 1623 712 1656 iniusto
725 1622 932 1650 detinebantur.

148 1670 204 1705 Ipse
224 1671 310 1704 igitur
325 1669 406 1700 Deus,
432 1668 550 1694 Verbum
581 1667 638 1698 Dei,
661 1676 693 1694 ac
720 1668 808 1694 Patris
833 1668 932 1700 Filius,

147 1722 209 1744 ante
229 1715 329 1742 swcula
345 1715 436 1740 onmia
452 1719 493 1740 est
515 1714 650 1748 sapientia
676 1714 773 1748 ipsius,
791 1720 818 1741 et
845 1719 938 1749 puten-

148 1762 182 1788 tia
203 1766 235 1788 et
258 1761 372 1787 dextera
397 1760 468 1794 :qui
488 1767 535 1793 per
563 1759 755 1794 archangelme
784 1759 937 1787 Gabriclcm

149 1809 332 1835 annuntiatus
353 1806 405 1833 fuit
435 1811 538 1833 sancta:
565 1806 602 1832 illi
630 1806 732 1840 Virgini
765 1815 841 1839 pura:
859 1812 939 1841 atque

149 1854 364 1884 honestissime,
371 1860 404 1880 ex
414 1853 574 1887 prophetico
584 1858 610 1879 et
619 1854 798 1887 rt-giogcnere
805 1853 937 1886 originem

149 1900 270 1928 ducenti.
286 1900 315 1926 In
326 1899 403 1933 cujus
419 1904 496 1925 utero
511 1899 581 1925 Deus
600 1900 667 1933 ipse,
688 1899 739 1926 hoc
754 1904 805 1931 est,
830 1900 940 1926 emit-ste

150 1946 282 1977 Verbum,
295 1945 367 1980 quod
381 1945 467 1972 oculis
481 1945 621 1979 corporeis
641 1953 695 1971 nun
710 1946 843 1976 cernitur,
861 1946 940 1972 habi-

150 1997 219 2024 tans,
242 1992 482 2026 sus‘tepitcorpns,
492 1998 553 2018 cum
563 1991 670 2017 Gabriel
685 1990 721 2017 ita
733 1990 782 2017 Mat
791 1991 842 2017 iam
854 1991 939 2025 ipsam

149 2040 247 2067 affatus
269 2043 345 2065 esset
366 2046 373 2064 :
393 2039 455 2066 Ara.
477 2038 566 2072 gratia
578 2037 654 2070 plena
669 2045 678 2063 :
695 2037 821 2063 Dominus
839 2043 941 2068 (enim;

150 2091 175 2114 et
189 2085 270 2120 paulo
295 2089 356 2119 post
371 2093 377 2111 :
393 2083 507 2119 Spiritus
520 2090 628 2111 sanctus
643 2084 807 2116 superveniet
827 2085 852 2110 in
867 2089 901 2114 te,
916 2089 941 2110 ct

151 2132 232 2158 virtus
262 2131 392 2158 Altissimi
417 2130 582 2156 obunt/Jrabit
615 2130 661 2156 tibi
690 2137 699 2156 :
722 2130 833 2164 ideoque
873 2131 942 2164 quod

151 2182 276 2204 nascetur
299 2184 333 2203 e1:
357 2181 381 2202 te
415 2181 546 2206 sanctum,
581 2175 717 2202 vocabitur
739 2174 822 2201 I‘iLus
861 2175 940 2201 Dei‘.

151 2223 265 2251 Genitos
289 2223 371 2258 igitur
397 2221 445 2249 fuit
471 2222 542 2248 Deus
564 2225 592 2248 et
612 2222 724 2249 coaleste
751 2221 870 2248 Verbum
893 2229 942 2256 per

153 2269 303 2306 Virginem,
314 2270 387 2296 omni
399 2269 459 2296 labe
470 2268 657 2304 purissimam,
671 2275 798 2302 corpore,
809 2273 938 2300 tanquam
957 2265 978 2291 D

152 2323 227 2344 veste
251 2317 382 2352 quadam,
410 2315 522 2342 indutus
549 2320 660 2350 propter
689 2315 815 2342 humanm
843 2317 940 2342 salutis

153 2363 395 2399 dispenSationem.
416 2363 501 2390 Nemo
517 2362 589 2388 enim
609 2366 715 2396 poterat
732 2361 815 2388 Deum
833 2369 938 2392 rerum.

153 2409 191 2436 ita
203 2414 232 2436 ut
254 2415 306 2440 est,
327 2413 492 2443 pra'sentcm
510 2408 614 2439 videre,
633 2415 694 2433 cum
722 2405 792 2433 Dens
819 2407 876 2441 ipse
903 2408 940 2434 sit

154 2455 223 2490 ignis
237 2462 402 2482 consumens
418 2454 439 2485 ',
457 2461 547 2487 neque
567 2453 649 2480 homo
663 2452 762 2486 aiiquis
781 2460 876 2479 vrvans
889 2452 937 2479 Dei

155 2501 249 2528 faciem
268 2501 361 2527 videre
380 2500 465 2534 possit
478 2500 499 2526 '.
517 2499 604 2534 Ilujus
631 2499 713 2533 igitur
728 2499 940 2533 dispensationis

156 2554 234 2573 causa
259 2546 333 2573 Deus
362 2551 470 2577 noster,
503 2545 575 2579 quod
607 2544 641 2571 ad
668 2551 779 2570 carnem
811 2545 941 2578 pertinet,

155 2594 260 2627 genitus
277 2593 341 2622 fuit,
361 2596 390 2619 et
406 2596 436 2618 ut
459 2590 550 2618 infans
568 2590 638 2616 lacte
656 2590 777 2617 nutritus
801 2594 854 2622 est,
881 2598 942 2618 cum

160 2643 230 2666 esset
245 2645 334 2667 tamen
348 2639 492 2666 divinitate
508 2638 658 2673 perfectus.
673 2636 787 2672 Insuper
800 2637 890 2665 factus
903 2641 945 2664 est

158 2690 234 2717 puer,
256 2690 284 2710 et
303 2686 424 2717 iuvenis,
450 2686 568 2720 cumque
592 2685 763 2716 hominibus,
795 2689 825 2711 ut
850 2684 944 2717 homo,

158 2733 328 2755 conversatus
348 2732 390 2755 est
416 2739 503 2758 annos
528 2732 637 2765 triginta
656 2736 721 2762 tres,
743 2730 837 2761 urbes,
856 2731 944 2766 regio-

159 2781 219 2805 nes,
238 2781 264 2801 et
287 2773 399 2801 castella
426 2774 502 2802 orbis
530 2779 665 2804 terrarum
692 2776 893 2812 pertransiens,
916 2781 944 2804 et

211 2855 221 2871 '
233 2855 295 2884 Luc.
312 2864 331 2888 ι,
342 2854 444 2885 28.33.

166 2889 211 2916 "‘I
229 2891 296 2918 I‘etr.
311 2899 352 2922 Ill,
374 2892 415 2918 I9.

318 2938 452 2968 t‘niton.
481 2937 539 2967 Gtt.
559 2937 646 2968 CXV.

500 2856 511 2872 ⁶
526 2857 606 2885 Deut.
620 2866 657 2890 tv,
673 2859 709 2886 24
720 2867 728 2892 ',
741 2857 823 2887 IIebr.
833 2865 884 2890 xu,
895 2857 942 2885 9.9.

988 1621 1042 1648 diis
1053 1623 1322 1651 maledicere?Nunc
1334 1625 1415 1660 igitur
1430 1628 1479 1654 nisi
1494 1629 1545 1655 diis
1564 1621 1782 1663 immolaveritis;

995 1669 1121 1703 pessimis
1143 1671 1231 1697 modis
1246 1679 1294 1698 vos
1311 1673 1432 1706 perdam.
1451 1674 1487 1701 ita
1515 1679 1544 1702 nt
1560 1684 1640 1703 nctno
1659 1679 1746 1712 possit
1769 1686 1785 1706 θ

995 1716 1123 1742 manibus
1147 1718 1214 1744 meis
1238 1726 1287 1744 ros
1299 1719 1418 1752 eripere.
1429 1720 1497 1747 Tum
1515 1722 1613 1750 Paulus
1633 1729 1661 1751 ct
1675 1724 1784 1752 Juliana

998 1763 1126 1790 concordi
1143 1763 1234 1791 :mimo
1261 1770 1287 1791 et
1303 1773 1399 1800 magna
1428 1759 1499 1794 voce.
1527 1770 1676 1798 clamantes
1696 1772 1784 1806 :Nos,

991 1808 1128 1842 Ithttitllll.
1149 1810 1296 1838 Christiani
1318 1819 1422 1845 sumus,
1440 1818 1467 1840 et
1485 1814 1511 1840 in
1527 1816 1635 1843 Christo
1648 1818 1706 1851 ipso
1722 1826 1785 1854 spes

991 1859 1099 1881 nostras
1117 1855 1265 1883 collocatas
1284 1857 1415 1885 habemus
1433 1868 1440 1892 ;
1460 1860 1597 1888 (Immunes
1614 1870 1666 1889 non
1683 1864 1784 1892 adora-

993 1907 1064 1931 mus,
1083 1899 1163 1926 idolis
1182 1901 1236 1927 tuis
1252 1909 1306 1928 non
1325 1903 1470 1935 servimus,
1495 1908 1630 1932 tormenta
1658 1911 1703 1934 tua
1726 1915 1782 1935 non

992 1947 1130 1973 timemus.
1148 1946 1274 1981 Excogita
1292 1948 1374 1982 igitur
1400 1957 1580 1985 quoscunque
1605 1954 1645 1980 vis
1678 1955 1785 1981 crucia-

993 1996 1036 2019 tus
1052 2012 1059 2024 ,
1078 1992 1158 2019 fidem
1173 1993 1244 2019 enim
1260 1993 1287 2019 in
1307 1993 1360 2020 Deo
1379 1995 1523 2026 habemus,
1542 1997 1600 2024 fore
1615 2002 1645 2024 ut
1665 2006 1679 2025 a
1700 1999 1780 2027 nobis

993 2039 1144 2072 supereris,
1165 2037 1395 2072 quemadmodum
1426 2045 1502 2074 pater
1532 2045 1596 2068 tuus
1624 2043 1749 2072 diabolus
1766 2053 1782 2072 a

993 2084 1102 2112 Chrisro
1122 2089 1267 2118 superatus
1283 2085 1345 2116 fuit,
1361 2085 1406 2120 qui
1423 2094 1474 2113 nos
1505 2088 1586 2114 etiam
1605 2089 1731 2117 robustos
1745 2090 1785 2118 fa-

993 2131 1042 2163 cit,
1057 2135 1083 2157 et
1099 2138 1196 2166 pravas
1205 2136 1277 2158 artes
1295 2137 1355 2158 tuas
1372 2139 1520 2168 expugnat.
1536 2133 1598 2162 llaec
1611 2143 1672 2162 cum
1691 2138 1785 2165 audis-

995 2183 1036 2205 srt
1053 2179 1223 2211 Aurelianus,
1254 2179 1336 2214 jussit
1363 2180 1464 2215 lignum
1494 2181 1630 2216 quoddam
1656 2176 1786 2219 magnqu

995 2224 1096 2251 afferri.
1115 2224 1192 2257 Quod
1219 2232 1280 2251 cum
1304 2225 1415 2252 allatum
1446 2225 1553 2258 fuisset,
1582 2226 1645 2253 fecit
1672 2228 1785 2256 Paulum

993 2270 1020 2296 in
1037 2277 1070 2297 eo
1085 2270 1198 2304 alligari.
1223 2270 1373 2297 Carniﬁccs
1390 2279 1453 2297 vero
1477 2272 1537 2305 ejus
1561 2280 1657 2299 manus
1676 2274 1787 2308 colliga-

994 2320 1068 2342 runt.
1086 2314 1163 2342 Tunc
1177 2315 1340 2342 Aurelianus
1355 2316 1483 2349 prmcepit
1498 2324 1628 2343 accensas
1648 2318 1787 2353 lampades

995 2361 1099 2392 afferri,
1115 2366 1143 2388 et
1160 2363 1186 2387 in
1203 2361 1262 2396 ejus
1276 2361 1373 2388 faciem
1401 2361 1485 2396 injici,
1503 2369 1628 2396 puerone
1652 2364 1689 2391 ita
1711 2367 1787 2394 voci-

994 2407 1099 2434 ferante
1115 2416 1121 2434 :
1137 2406 1176 2434 Ne
1195 2407 1222 2433 in
1238 2407 1314 2433 Orbis
1338 2411 1474 2434 terrarum
1498 2408 1624 2437 dominos
1640 2415 1784 2440 contume-

992 2454 1077 2480 liosus
1089 2453 1137 2484 sis,
1153 2461 1220 2480 nere
1247 2455 1274 2480 in
1301 2453 1368 2480 deos
1387 2453 1462 2488 ipsos
1478 2455 1618 2484 maledicta
1645 2459 1786 2494 coniicias.

1030 2498 1125 2526 XXIV.
1140 2498 1246 2526 Iuliana
1263 2507 1324 2526 curn
1340 2499 1451 2527 fratrem
1471 2508 1551 2528 suum
1577 2501 1639 2537 igne
1662 2505 1787 2533 comburi

993 2550 1139 2580 spectaret,
1164 2553 1270 2571 summa
1299 2553 1365 2572 voce
1389 2547 1538 2575 clamavit:
1566 2548 1588 2575 0
1612 2553 1726 2584 tyranne
1759 2557 1787 2578 ct

993 2592 1121 2623 sceleste,
1150 2592 1215 2626 quid
1230 2592 1293 2619 mali
1322 2593 1405 2619 frater
1426 2600 1505 2620 meus
1524 2595 1672 2626 commisit.
1692 2601 1723 2622 ut
1749 2597 1787 2624 ita

996 2637 1142 2664 crudeliter
1173 2644 1235 2663 eum
1268 2637 1394 2665 crucies?
1436 2637 1523 2666 Jnssit
1559 2638 1726 2667 Aurelianus
1758 2645 1787 2668 et

996 2682 1133 2710 Jultanam
1147 2683 1174 2709 in
1193 2683 1264 2717 ligno
1285 2683 1400 2718 alligari,
1420 2687 1448 2711 et
1465 2691 1596 2712 accensas
1617 2684 1690 2712 faces
1713 2686 1739 2712 in
1754 2694 1787 2713 os

998 2731 1068 2766 eius,
1083 2735 1112 2758 et
1140 2731 1168 2758 in
1183 2735 1267 2758 totum
1291 2738 1391 2765 corpus
1406 2731 1534 2758 adhiberi
1550 2740 1558 2764 ;
1581 2732 1624 2759 cui
1641 2737 1669 2759 et
1693 2732 1760 2759 dixit
1777 2741 1785 2759 ι

998 2777 1239 2814 Impudentissima
1260 2778 1368 2811 mulier,
1388 2770 1532 2811 eirnbesce,
1557 2779 1786 2813 quemadmodum

998 2858 1007 2874 ‘
1025 2856 1110 2885 Exod.
1127 2863 1224 2887 xxxtn,
1237 2855 1279 2883 ιο.
1331 2855 1343 2872 ⁸
1357 2856 1418 2884 Act.
1435 2865 1462 2888 κ,
1473 2855 1518 2885 58.
1563 2839 1656 2885 ’I’sal.
1671 2864 1726 2890 CVI,
1741 2855 1787 2898 I6_.

1591 2935 1625 2968 ιθ
1775 2921 1782 2934 ³
