2034 3152
246 168 296 198 ξιςῐ

883 162 1024 193 MENSIS
1043 162 1261 195 AUGUSTUS.

1832 165 1885 196 568

247 224 372 252 mulieres
391 223 479 251 decet.
509 221 578 249 Tum
594 220 701 248 Juliana
723 219 814 248 ridens
832 218 932 251 :Vere,
947 219 1045 254 inquit,
1061 221 1085 249 Α
1101 219 1127 246 in
1146 220 1245 247 cmlum
1266 219 1363 252 erexit,
1380 225 1407 248 ct
1427 219 1482 247 Deo
1501 219 1602 255 gratias
1615 220 1679 255 egit,
1696 226 1727 246 ac
1741 219 1828 247 crucis
1851 221 1887 248 si-

245 271 401 306 Aurcliane,
419 274 444 297 te
482 269 676 296 admonentem
709 271 853 301 acceptum
882 266 977 298 habeo,
1005 273 1038 293 eo

244 317 316 352 quod
336 317 426 344 dixisti
445 325 451 343 :
469 316 537 343 Cum
554 316 593 342 sis
606 314 715 347 mulier,
737 314 870 341 erubesce
886 322 895 346 ;
911 321 1039 340 revcrcor

243 365 327 396 enim,
353 369 381 391 et
404 363 539 390 erubesco
565 361 703 394 Christum
726 361 772 388 Dei
786 361 902 388 viventis
928 359 1037 392 Filium,

244 410 290 445 qui
325 416 365 437 cst
391 414 454 437 ante
476 409 572 437 faciem
591 415 794 442 meam,nequc
826 407 900 434 illum
926 414 1037 442 possum

244 455 448 489 derelinquere,
465 459 493 481 et
509 455 648 481 dtemones
665 453 768 481 colere.
784 453 888 480 Furore
904 460 1039 480 accensus

245 507 285 529 est
316 501 493 532 Aurelianus,
511 508 573 528 cum
604 499 679 527 seab
702 500 754 526 illis
784 499 890 527 irrisum
925 500 1037 526 videret.

246 548 339 582 Itaque
361 547 443 582 jussit
458 547 600 574 carnifices
633 546 723 582 ignem
741 553 790 580 per
819 551 903 573 totum
938 553 1038 580 corpus

246 593 352 620 tllorum
368 592 555 620 circumferre.
570 591 647 624 Quod
663 599 726 619 cum
753 591 790 618 illi
807 599 869 618 mox
898 592 1037 624 fecissent,

245 644 301 666 tota
314 638 419 669 civitas,
440 646 500 673 quae
518 642 674 664 sanctorum
707 642 854 672 martyrum
883 639 1039 673 spectaculo

245 685 386 714 intererat.
408 691 475 712 voce
492 691 590 719 magna
606 683 741 710 clamabat
758 692 763 709 :
780 683 932 718 Imperator
951 684 1038 711 Attre<

247 730 329 762 lianc,
346 730 447 764 injuste
460 729 578 764 judieas,
594 729 695 764 injuste
714 729 774 756 illos
789 730 905 757 crucias.
935 730 963 757 Si
991 738 1041 758 no-

245 779 305 802 tunt
321 775 374 802 diis
397 775 564 806 sacriﬁcare.
587 776 750 802 sententiam
765 781 858 803 contra
873 776 932 803 illos
957 776 1038 804 feras.

245 821 315 849 Tum
351 822 526 856 Aurelianus,
564 829 627 849 cum
664 827 811 853 metueret,
850 830 885 849 nc
925 823 1040 858 populus

244 869 406 896 seditionem
425 868 560 896 adversus
576 868 665 903 ipsum
693 868 853 900 concitaret,
876 869 1040 896 sententiam

1093 274 1146 301 guo
1155 274 1184 294 se
1199 266 1291 293 itidem
1307 267 1435 294 muniens
1447 267 1548 303 collum
1563 273 1642 293 suum
1656 266 1775 292 extendit
1791 274 1886 301 :quem

1092 318 1119 340 et
1133 312 1282 347 spieulator
1297 321 1358 340 mox
1374 313 1558 340 obtruncavit.

1128 357 1224 385 XXVI.
1249 357 1333 385 Erant
1366 358 1473 385 illorum
1504 365 1617 392 corpora
1639 361 1715 384 extra
1733 356 1825 384 urbem
1844 357 1885 392 ja-

1093 404 1194 435 centia,
1213 411 1274 431 cum
1293 405 1381 432 eloco
1397 405 1441 431 illo
1461 412 1494 431 ea
1511 404 1607 431 tollere
1622 403 1771 430 Christiani
1798 404 1888 437 prohi-

1092 450 1233 477 berentur.
1255 449 1355 476 Milites
1372 450 1456 481 enim,
1473 455 1508 476 tta
1534 454 1565 476 ut
1580 454 1700 483 jusserat
1718 449 1887 475 Aurelianus:

1092 497 1286 529 observabant,
1305 505 1339 524 ne
1355 498 1414 532 quis
1428 497 1555 532 reliquias
1571 497 1629 523 illas
1642 496 1775 523 auferret.
1795 494 1890 521 \‘enie.

1093 543 1158 571 bant
1174 548 1266 570 autem
1283 544 1310 570 in
1326 551 1388 570 eum
1402 543 1492 570 locum
1510 543 1578 578 lupi.
1603 549 1688 570 canes
1703 547 1730 568 et
1754 541 1887 567 volucres.

1093 596 1121 618 et
1149 591 1221 618 circa
1249 594 1409 618 sanctorum
1439 594 1588 624 martyrum
1609 595 1725 622 corpora
1749 586 1888 616 sedentes,

1093 638 1137 664 illa
1168 637 1386 664 custodiebant:
1414 644 1532 670 eumque
1565 642 1674 662 muscas
1703 638 1731 660 et
1756 632 1888 667 ejusmodi

1094 684 1221 711 animalia
1237 691 1318 718 supra
1332 690 1448 717 corpora
1464 682 1509 708 illa
1535 681 1661 708 sedentia
1677 679 1813 710 viderent,
1830 685 1889 704 aves

1094 731 1159 766 ipsae
1183 731 1233 758 alis
1256 738 1287 757 ea
1317 729 1501 764 expellebant,
1528 736 1581 755 non
1599 727 1802 760 permittentes,
1812 729 1841 751 ut
1864 724 1890 751 in

1094 777 1196 804 sanctis
1221 776 1274 803 illis
1300 776 1463 811 corporibus
1482 775 1645 802 insiderent.
1664 773 1759 807 itaque
1790 776 1890 805 Septem

1095 823 1154 850 dies
1171 828 1198 850 et
1214 827 1318 857 septem
1345 826 1442 850 noctes
1455 821 1518 848 ferat
1534 828 1566 848 ac
1591 820 1717 847 volucres
1736 817 1798 845 C(Blt
1823 818 1891 844 circa

1097 873 1247 903 martyrum
1265 867 1396 901 reliquias
1434 867 1631 894 consederunt.
1663 864 1801 892 Caeterum
1827 870 1892 889 nun-

246 916 318 948 tuht,
335 920 365 942 ut
390 923 485 942 eorum
512 915 603 948 capita
631 919 835 946 truncat'etttttr,
864 920 891 942 et
923 923 1040 950 corpora
1059 908 1080 936 Β
1098 916 1165 943 tiata
1184 920 1249 943 sunt
1267 915 1359 942 omnia
1391 915 1449 942 btec
1466 922 1480 941 a
1510 913 1643 941 militibus
1667 911 1828 938 Aureliano.
1843 908 1892 941 QUi

246 962 360 989 canibus
373 969 405 988 ac
422 961 487 988 feris
504 966 531 988 et
561 960 718 988 volucribus
736 961 798 988 coeli
835 962 1046 996 projicerentur-

283 1007 366 1034 XXV.
381 1007 473 1040 Itaque
496 1007 603 1034 dccmto
620 1008 736 1042 septimo
756 1008 801 1035 die
817 1010 919 1035 mensis
934 1009 1046 1044 Augusti

248 1054 375 1082 exierunt
388 1054 469 1081 simul
487 1054 622 1087 laetantes,
638 1059 719 1089 atque
735 1061 847 1081 versum
865 1055 937 1081 hunc
950 1055 1046 1089 psalmi

246 1101 423 1128 concinentes
443 1108 450 1126 :
467 1100 583 1128 Salvasti
611 1109 667 1134 nos,
680 1100 800 1133 Domine,
815 1102 847 1128 ab
868 1102 1045 1138 afﬂigentibus

247 1155 302 1179 nos,
321 1151 345 1173 et
366 1147 482 1174 odientes
501 1154 546 1173 nos
564 1147 796 1182 eonfudisti.Cum
813 1155 878 1175 vero
904 1149 935 1175 ad
953 1148 1041 1175 locum

247 1193 368 1226 martyrii
379 1193 602 1220 venissentextra
616 1193 722 1224 urbem.
733 1194 833 1221 Paulus
844 1195 944 1229 rogavit
954 1194 1043 1222 carni-

247 1239 337 1273 ﬁcem,
349 1245 379 1268 ut
389 1240 523 1268 Julianam
534 1241 621 1275 prius,
638 1249 719 1276 quam
735 1243 834 1277 ipsum,
845 1243 932 1269 securi
944 1250 1043 1276 percu-

247 1285 448 1314 teretJuliana
470 1294 620 1320 vero,cum
632 1286 728 1314 faciem
752 1295 828 1314 suam
847 1287 947 1314 Christi
968 1289 1043 1322 signo

248 1332 398 1364 munisset,
423 1332 572 1360 admodum
588 1333 646 1360 laeta
658 1333 758 1360 collum
776 1334 908 1366 extendit,
929 1341 1044 1368 eamque

247 1377 397 1413 spiculator
411 1379 501 1406 securi
512 1379 658 1414 percussit.
684 1380 785 1408 Paulus
801 1381 881 1414 igitur
890 1389 951 1408 cum
966 1389 1042 1408 soro-

246 1431 307 1459 rem
335 1423 436 1452 Christi
454 1425 586 1461 martyrio
606 1426 780 1461 perfunctam
806 1427 932 1460 vidisset,
947 1427 1041 1454 oculos

286 1516 306 1532 “
320 1516 392 1545 Psal.
404 1525 481 1551 xutt,
502 1518 530 1546 8.

252 1604 1016 1622 E====_—;—————~

1100 969 1162 988 cutn
1190 968 1222 987 ea
1238 960 1408 987 audirisset:
1426 958 1448 986 Ο
1464 958 1597 989 furorem,
1618 956 1718 991 inquit,
1743 954 1891 990 pessimum

1099 1007 1318 1036 Christianorum
1337 1006 1461 1036 istorum.
1478 1012 1547 1040 quos
1572 1011 1608 1030 ne
1634 1007 1757 1029 tnortuos
1785 1000 1892 1040 quidem

1099 1061 1230 1088 superare
1260 1054 1413 1088 potuimus.
1434 1050 1503 1077 Misit
1532 1050 1623 1084 igitur,
1640 1053 1667 1076 et
1691 1047 1796 1074 milites
1825 1047 1892 1081 ipsos

1099 1105 1183 1128 noctu
1208 1101 1282 1127 illinc
1315 1098 1427 1126 abduxit
1444 1107 1451 1124 :
1466 1105 1556 1131 neque
1583 1096 1655 1123 enim
1670 1095 1780 1122 volebat
1797 1093 1830 1120 de
1851 1092 1893 1119 die

1097 1155 1144 1174 eos
1160 1147 1235 1174 illinc
1252 1152 1405 1176 removere,
1424 1151 1457 1170 ne
1473 1151 1488 1169 a
1510 1142 1675 1170 Christianis
1700 1139 1891 1167 irriderentur.

1097 1193 1165 1220 Cum
1194 1199 1260 1219 vero
1281 1191 1341 1219 dies
1356 1189 1498 1220 illuxisset,
1532 1187 1659 1214 exierunt
1684 1185 1848 1215 Christiani,
1867 1187 1894 1210 et

1097 1244 1246 1274 martyrum
1271 1244 1386 1272 corpora
1408 1238 1549 1263 curantes.
1574 1237 1735 1267 sumptuose
1766 1231 1800 1258 in
1830 1236 1893 1264 pace

1098 1285 1290 1316 condiderunt,
1305 1287 1435 1317 regnante
1448 1281 1563 1308 Domino
1579 1284 1673 1306 nostro
1686 1277 1752 1306 Jesu
1763 1277 1891 1308 Christo;

1097 1341 1160 1361 cum
1176 1340 1229 1367 quo
1246 1330 1320 1358 Patri
1338 1329 1420 1357 simul
1436 1333 1463 1356 et
1487 1332 1582 1355 sancto
1599 1325 1713 1362 Spiritui
1735 1325 1770 1352 sit
1802 1324 1892 1360 gloria.

1098 1380 1226 1406 honoret
1241 1376 1386 1412 imperium
1407 1382 1481 1402 nunc
1501 1379 1528 1401 ct
1561 1380 1681 1408 setnper,
1697 1377 1725 1400 et
1742 1372 1770 1400 in
1795 1371 1893 1400 stecula

1097 1425 1272 1453 smculorum.
1287 1423 1385 1451 Amen.

957 1599 1874 1622 mm

569 1697 669 1762 DE
725 1696 790 1761 S.
844 1696 1166 1760 ANDREA
1215 1696 1568 1760 TRIBUNO

925 1827 994 1871 AC
1034 1824 1228 1870 SOCIIS

808 1927 1074 1959 MARTYRIBUS
1093 1929 1133 1959 IN
1158 1927 1318 1960 ClLlCIA.

779 2010 853 2043 (Acta
866 2010 911 2035 SS.
927 2009 1041 2035 Bollaud.
1054 2010 1085 2034 ad
1101 2010 1169 2035 diem
1185 2009 1214 2034 19
1228 2009 1357 2042 Augusti.)

249 2167 263 2203 ς
279 2169 299 2197 l.
315 2167 425 2204 Publica
442 2173 531 2204 eorum
545 2165 691 2198 veneratio,
707 2174 801 2193 nomen
814 2165 844 2194 S.
857 2166 969 2193 Andrea:
983 2174 1044 2192 con-
1056 2164 1079 2196 C
1097 2166 1162 2201 tyris
1177 2173 1229 2193 nec
1240 2174 1295 2194 non
1308 2167 1418 2195 eosdem
1428 2175 1543 2196 numero
1560 2167 1650 2196 socios
1665 2167 1776 2204 signant
1793 2169 1894 2197 Menas

393 2203 491 2237 fusum,
511 2200 588 2234 Atta,
604 2206 751 2236 martyrum
766 2210 902 2229 numerus.

284 2259 389 2287 Nomen
406 2259 488 2293 huius
503 2258 677 2286 celeberrimi
705 2259 832 2294 martyris
847 2266 880 2286 ac
907 2259 1045 2286 sociorum

249 2314 332 2342 quam
357 2306 393 2334 sit
419 2305 610 2338 memorabile,
634 2310 794 2340 quantaque
818 2305 890 2340 apud
922 2310 1046 2339 posteros

252 2355 384 2382 manserit
399 2354 428 2381 in
453 2353 658 2384 benedictione,
674 2357 811 2380 testantur
827 2352 930 2380 atl'atim
947 2360 1046 2380 monu-

249 2405 340 2428 tnenta
352 2401 474 2434 antiqua,
489 2407 549 2435 qua:
557 2399 591 2426 ad
602 2407 652 2426 nos
661 2406 746 2434 usque
757 2399 791 2426 de
808 2399 860 2426 illis
879 2404 943 2427 sunt
956 2404 1044 2427 trans-

250 2446 345 2474 missa.
370 2446 536 2480 Incipiamus
553 2453 568 2472 a
580 2444 670 2472 Fastis
686 2444 798 2472 Graecis.
817 2444 959 2480 Typicum,
973 2445 1046 2480 quod

249 2493 303 2518 sub
326 2491 355 2517 S.
374 2491 471 2518 Sabbte
502 2491 615 2518 nomine
640 2490 751 2523 citatur,
784 2491 910 2517 meminit
926 2491 978 2518 hoc
1003 2491 1047 2518 die

254 2545 264 2562 ι
283 2536 376 2564 Sancti
392 2537 518 2572 martyris
535 2536 661 2569 Andreae,
673 2537 753 2564 ducis
765 2537 899 2568 militaris,
913 2545 946 2565 ac
961 2540 1049 2565 socio-

250 2591 311 2611 rum
326 2582 368 2611 bis
380 2582 453 2610 mille
465 2583 678 2618 quingentorum
689 2588 716 2611 et
732 2583 879 2619 nonaginta
888 2585 980 2611 trium.
992 2583 1046 2612 Me-

248 2631 389 2666 nOZOgium
396 2629 489 2657 Sirleti
504 2629 543 2657 sic
558 2628 638 2657 habet
650 2638 674 2657 ει
689 2629 792 2657 Natalis
807 2635 964 2657 sanctorum
974 2637 1048 2656 mar-

250 2675 475 2712 tyrumAndreaa,
491 2675 571 2702 ducis
578 2675 728 2707 exercitus.
738 2680 766 2702 et
779 2675 917 2702 sociorum
930 2675 1047 2702 duorum

251 2722 366 2750 millium
382 2722 598 2757 quingentorum
610 2722 761 2757 nonaginta
778 2722 871 2752 triutn,
893 2721 939 2756 qui
965 2721 1049 2748 Matti-

251 2768 337 2794 miani
352 2769 538 2802 persecutoris
557 2768 729 2803 temporibus
742 2767 826 2794 delati
863 2767 934 2802 apud
950 2768 1048 2795 Antio-

251 2815 335 2841 chum
368 2814 464 2841 ducem
498 2814 636 2842 exercitus
661 2813 734 2848 quod
772 2818 865 2840 essent
888 2814 1046 2848 Christiani,

252 2865 459 2894 perseverantes
471 2861 498 2887 in
513 2860 614 2888 Christi
628 2859 814 2891 confessione,
830 2868 896 2889 ense
923 2863 1046 2896 percussi

251 2904 485 2959 suntuﬂumdem
496 2913 558 2934 cum
575 2906 728 2950 honorifico
742 2906 853 2936 nomine
868 2908 1047 2943 megalomar-

1097 2219 1195 2246 magna
1207 2212 1351 2248 impressa,
1363 2221 1395 2241 ac
1409 2218 1556 2250 sequentes
1577 2213 1632 2241 illis
1656 2215 1790 2242 accinunt
1808 2215 1895 2243 versi-

1097 2257 1172 2285 culos
1187 2267 1193 2284 :

1099 2304 1235 2344 :Eo'njae
1252 2306 1376 2344 τμηθεὶς
1389 2308 1521 2341 αΙμάτων
1532 2309 1643 2343 ,λίμνας
1658 2309 1752 2344 ὄχλος

1099 2339 1149 2377 ξρὶ
1164 2340 1205 2377 τῷ
1221 2339 1455 2377 παραστήσαιῖτι
1468 2339 1578 2377 lauru};
1592 2339 1720 2373 ὐὸἇτιίίν.

1104 2375 1210 2402 Ἐννέα
1224 2376 1272 2401 καὶ
1287 2376 1401 2410 δεκάτῳ
1415 2375 1509 2413 τάμοι)
1527 2375 1670 2413 Ἀΐδρέου
1686 2379 1805 2415 αὐχένα
1819 2381 1896 2414 ,ιαμ-

1101 2448 1233 2483 Z‘runcala
1247 2455 1315 2473 nvo:
1325 2449 1464 2482 sanguinis
1478 2457 1526 2483 pro
1538 2454 1563 2475 te
1576 2450 1648 2475 dedit
1757 2414 1842 2451 [πρῶ
1852 2434 1858 2441 .

1100 2480 1188 2508 Turba
1203 2483 1267 2513 htec,
1282 2480 1426 2515 aquarum.
1436 2480 1549 2512 Christe.
1564 2485 1606 2511 cui
1621 2486 1689 2512 rivos
1705 2486 1802 2512 dabas.

1100 2515 1180 2543 Nona
1199 2522 1257 2551 post
1273 2518 1403 2545 decimam
1421 2519 1518 2546 colt’ttm
1532 2520 1645 2547 Andreae
1669 2521 1782 2547 abscidit
1814 2521 1894 2548 emit.

1135 2571 1242 2601 Censeo
1257 2573 1380 2602 alludere
1393 2580 1502 2610 poetam
1520 2576 1553 2603 ad
1569 2584 1656 2611 genus
1669 2577 1806 2612 martyrii.
1820 2581 1849 2604 et
1861 2576 1896 2603 ad

1099 2618 1246 2645 salutarem
1257 2619 1361 2647 fontem
1376 2628 1384 2648 :
1397 2624 1431 2648 de
1446 2630 1501 2656 quo
1509 2622 1570 2650 vide
1583 2622 1651 2649 Acta
1675 2630 1755 2650 num.
1767 2622 1812 2652 11.
1822 2621 1857 2649 li
1867 2626 1895 2646 et

1100 2664 1142 2691 15.
1160 2664 1234 2692 Dicta
1250 2665 1352 2693 Menas:
1364 2668 1530 2701 peculiarem
1559 2676 1593 2697 ac
1612 2669 1764 2697 solemnem
1789 2666 1895 2693 [πίνω

1100 2710 1133 2737 de
1149 2710 1179 2738 S.
1205 2711 1316 2739 Attdrea
1342 2714 1505 2741 memoriam
1535 2715 1562 2742 in
1588 2714 1684 2743 Oﬂicio
1701 2720 1782 2740 sacro
1808 2712 1894 2747 huius

1099 2757 1163 2790 diei,
1176 2757 1287 2786 condito
1312 2759 1395 2786 etiam
1425 2761 1538 2787 Canone
1560 2759 1586 2786 in
1620 2759 1754 2787 honorem
1776 2757 1893 2794 ,Sancti,

1099 2804 1178 2837 cujus
1196 2804 1254 2831 haec
1267 2804 1477 2832 estacrostichis
1490 2813 1498 2831 :

1103 2861 1222 2896 Ὕμνοις
1252 2860 1347 2896 κρατῶ
1360 2869 1408 2893 σε,
1420 2861 1554 2897 Ἀνδρέα,
1573 2864 1777 2898 Στραηλάτα.

1100 2908 1204 2937 Laudes
1225 2913 1298 2943 tuas,
1317 2917 1332 2936 ο
1353 2907 1454 2936 Ductor
1469 2909 1588 2942 Andrea,
1601 2917 1677 2938 cano.
