2034 3152
189 146 239 178 580

829 148 918 178 ΠΤΑ
939 148 970 178 S.
992 147 1166 178 ANDREAE.

1756 149 1812 181 590

221 201 247 228 ‘2.
265 200 349 226 Porro
362 200 485 228 hodierni
503 201 588 228 nostri
612 202 715 238 pugiles
747 203 773 230 itt
801 203 884 230 variis
912 203 972 230 aliis
990 206 1007 233 Α
1024 202 1064 229 cia
1080 203 1178 230 natalis
1193 203 1279 230 sancti
1301 204 1414 232 Andreae.
1427 204 1538 236 tribuni,
1561 203 1734 232 etsociormn
1761 206 1814 232 mi-

189 246 273 274 l-‘astis
288 247 373 273 sacris
403 253 606 276 memorantur:
629 250 730 276 etenim
759 249 785 276 in
811 248 973 276 Kalendario

189 293 372 319 llutltenorum
388 293 460 327 apud
484 293 662 321 Possevinum
693 295 722 322 lit
733 295 836 321 mentio
851 294 878 321 S.
893 295 969 322 Mart.

165 352 169 355 -
187 340 297 366 Andron:
309 347 316 364 :
330 338 356 365 in
378 339 624 371 Menawmtilllelii,
635 339 760 374 ’Ᾱνῖρόου
788 340 971 374 Σρατηλᾶτου,

187 385 298 412 Andreae
330 385 456 411 militaris
481 386 569 412 ducis.
596 386 816 421 Martyrologium
844 386 973 413 Arabico-

186 429 339 465 [Egyplillm
353 438 385 457 ac
395 439 447 457 ms.
461 431 632 458 Taurinense
644 439 706 458 cum
729 431 814 466 ipsius
842 436 897 458 tum
929 439 973 458 so-

185 478 286 503 ciorum
300 478 327 503 in
343 485 444 512 genere
475 479 649 511 meminere;
680 486 797 512 quorum
822 485 969 505 numerum

191 523 357 549 t'etvrminat
395 522 577 558 Menolngium
623 523 863 551 Slavo-Russieum
891 523 973 558 Spar-

184 569 394 594 vrcnl’eldtanum
433 570 528 595 eodem
564 569 660 602 modo,
694 577 748 603 quo
782 569 911 604 Typicutn
940 577 971 595 ac

183 613 362 648 Menologiuut
377 614 479 640 Sirleti.
495 614 672 648 Synaxarium
684 622 699 641 e
710 614 867 650 Menologio,
893 615 971 648 jussu

182 659 271 685 Basilii
302 660 475 694 imperatoris
505 659 629 690 collecto.
658 665 719 694 post
746 660 819 687 hunc
852 661 971 692 titulum,

182 705 328 732 Certamen
353 705 440 732 sancti
472 706 707 741 megalomartyris
733 707 847 733 Andreae
870 706 972 733 militiae

182 750 268 782 ducis.
286 758 319 778 ac
333 751 468 778 sociorum
485 752 554 785 ejus,
588 751 663 785 ponit
682 751 811 778 Actorum
841 759 970 786 compen-

181 798 265 828 dium.
281 799 358 832 cujus
375 802 464 824 textus
482 797 592 824 Graecus
603 806 720 824 excusus
735 799 814 825 datur
823 798 855 824 ad
870 798 972 825 calcem

181 844 242 871 torni
263 844 274 870 Ι
295 843 397 870 mensis
424 843 548 878 Augusti.
577 842 672 870 Latine
706 847 794 870 autem
817 843 855 870 sic
869 847 970 870 sonat:

1028 248 1115 280 litum,
1132 248 1176 283 qui
1193 249 1305 276 victoria
1336 250 1368 276 de
1395 250 1485 278 Persis
1497 250 1630 278 divinitus
1655 251 1764 286 adepta.
1780 252 1812 278 ad

1027 293 1107 321 ﬁdem
1123 294 1222 321 Christi
1237 295 1372 325 conversi.
1384 300 1410 322 et
1427 296 1478 322 hoc
1492 296 1601 323 nomine
1614 297 1743 327 acrusati.
1762 298 1814 324 sub

1028 338 1191 366 Maximiano
1209 340 1371 374 itnporatoie
1402 341 1427 366 in
1443 342 1577 375 angustiis
1602 342 1683 369 Tauri
1714 344 1814 370 montis

1027 384 1061 411 ab
1077 384 1196 411 exercitu
1205 385 1309 411 Seleuci
1321 385 1442 419 praesidis
1458 386 1583 412 trucidati
1596 392 1669 414 sunt.
1685 397 1694 413 ι

1061 431 1090 458 ὅ.
1107 430 1174 464 Quia
1188 439 1253 458 vero
1277 431 1348 458 circa
1365 432 1602 458 atununtiationem
1619 435 1690 466 apud
1709 433 1815 461 Galesi-

1026 476 1102 503 nium
1119 477 1248 504 nonnulla
1275 484 1336 504 mox
1351 482 1431 504 erunt
1459 477 1588 509 notanda,
1603 478 1675 505 illam
1706 487 1814 514 quoque

1027 518 1071 546 hic
1081 521 1245 555 praemittere
1262 522 1349 548 visum
1367 526 1419 549 est.
1450 521 1494 548 Sic
1513 521 1594 555 igitur
1617 526 1714 549 sonat:
1731 532 1740 548 ‹
1755 524 1814 550 Cae-

1027 574 1122 598 sarea}.
1138 572 1294 594 sanctorum
1309 571 1456 602 martyrum
1470 567 1567 602 Magni,
1580 567 1706 600 Andreae,
1727 573 1754 595 et
1771 577 1816 596 so-

1026 613 1294 647 ciorum.quingcnti
1313 618 1341 639 et
1369 613 1516 648 nonaginta
1529 618 1644 648 septem.
1667 622 1728 641 cum
1758 615 1816 642 leo—

1027 666 1089 685 nem
1105 659 1312 693 conspexissent
1327 659 1354 685 in
1375 658 1499 685 homines
1517 666 1531 685 a
1557 659 1609 686 [ide
1633 659 1736 686 alienos
1763 667 1815 687 sae-

1026 704 1156 735 vientem.
1173 705 1206 731 ad
1223 705 1294 731 beati
1307 705 1431 740 martyris
1446 705 1533 739 Magni
1546 705 1629 740 pedes
1642 711 1815 734 mansuetum

1026 755 1053 776 et
1067 754 1230 784 prostratunt
1249 751 1354 784 jacere;
1386 751 1426 777 rei
1446 750 1657 778 admirabilitate
1674 753 1816 784 commoti.

1027 795 1060 822 ad
1077 795 1178 822 Christi
1195 796 1274 823 lidettt
1289 803 1318 822 se
1335 796 1522 823 contulerunt.
1547 796 1733 828 Quamobrem
1754 797 1818 824 Alc-

1027 842 1122 869 xandri
1139 842 1260 876 praesidis
1269 843 1345 877 jussu
1358 843 1446 876 capite
1455 842 1620 876 plectuntur.
1630 841 1743 878 Magnus
1751 850 1817 870 vero

183 899 192 916 ε
213 891 279 916 Erat
293 891 348 921 hic,
369 891 519 925 imperante
529 890 702 922 Maximiano,
729 891 783 917 dux
799 890 916 917 militum
945 891 972 917 in
988 885 1011 914 B
1026 887 1160 922 lapidibus
1180 888 1315 914 obruitur.
1334 897 1343 912 ι
1359 888 1539 914 Anuuntiatio
1561 889 1618 915 haec
1642 889 1771 916 convenit
1784 888 1814 915 S.

180 937 309 964 orientali
323 937 433 971 regione
453 937 505 963 sub
518 936 663 969 Antiocho,
677 937 722 972 qui
750 937 878 964 universo
902 937 973 963 mili-

181 987 234 1010 tum
253 983 359 1018 agmini
381 988 508 1017 praeerat.
535 983 555 1008 A
572 990 626 1017 quo
652 989 796 1018 postquam
825 991 877 1009 una
910 990 972 1009 cum

181 1029 238 1056 aliis
255 1029 362 1055 militiae
373 1029 489 1055 ducibus
505 1029 604 1055 missus
619 1034 693 1056 esset
718 1029 847 1056 adversus
864 1028 972 1060 Persas.

180 1080 206 1102 et
215 1075 363 1102 Christum
377 1076 544 1107 invocasset,
555 1075 581 1101 in
596 1074 686 1110 fugam
694 1075 749 1110 egit
760 1075 866 1105 Persas,
877 1078 975 1108 etpost

181 1120 349 1154 insperatam
367 1121 507 1146 victoriam
536 1119 624 1147 socios
637 1128 686 1147 nos
714 1120 746 1146 ad
771 1120 871 1147 Christi
893 1119 973 1146 ﬁdem

181 1167 324 1200 pertraxit.
341 1166 468 1193 Accusati
482 1174 546 1192 vero
561 1166 632 1200 apud
650 1166 823 1197 Antiochum.
847 1171 975 1200 tanquatn

181 1212 216 1239 rei
229 1213 348 1245 judicio,
361 1220 452 1239 coram
469 1213 527 1246 ipso
546 1213 657 1240 astitcre
672 1222 677 1240 :
711 1218 738 1240 et
754 1213 810 1247 ipse
823 1213 932 1247 quidem
948 1212 974 1238 in

181 1257 251 1285 lecto
273 1260 365 1284 ferreo
378 1259 462 1293 ignito
479 1259 529 1285 iuit
555 1264 703 1290 extensus;
727 1259 863 1286 sociorum
881 1263 971 1285 autem

181 1311 196 1330 e
225 1305 377 1339 quadratis
405 1305 486 1339 lignis
515 1312 612 1331 manus
647 1304 767 1331 transﬁxi
793 1309 857 1331 sunt
881 1304 975 1332 clavis.

182 1350 289 1377 Deinde
306 1357 397 1377 autem
413 1359 443 1377 ex
460 1351 518 1378 aliis
545 1351 629 1382 mille,
642 1351 756 1384 jubentc
781 1350 927 1383 Antiocho,
961 1358 976 1378 ε

181 1397 306 1432 regionis
338 1397 438 1423 ﬁnibus
450 1397 536 1423 exacti
555 1406 562 1422 :
579 1404 647 1431 quos
662 1397 706 1423 ubi
721 1397 894 1423 instruxisset
909 1396 978 1423 Sau-

180 1447 254 1474 ctns.
271 1443 304 1469 ad
319 1442 421 1469 (Ebriin
442 1443 521 1470 tidem
537 1443 662 1469 adduxit.
697 1442 762 1469 Rem
791 1444 835 1469 ubi
865 1450 976 1476 compe-

181 1489 263 1516 risset
285 1489 450 1519 Antiochus.
479 1496 581 1523 eosque
604 1488 685 1515 simul
719 1496 780 1514 eum
812 1488 854 1514 itis
877 1488 977 1523 quibus

180 1538 311 1569 praeerant,
323 1539 396 1560 esset
410 1535 559 1566 insecutus,
575 1542 671 1561 Otttltes
684 1542 750 1561 ense
763 1534 910 1564 interemit,
920 1541 977 1561 out—

181 1581 315 1615 niumque
338 1585 505 1615 postremum
537 1582 685 1612 Andream.
718 1581 849 1608 illustrem
873 1580 973 1608 Christi

181 1633 343 1662 martyrem.
360 1631 387 1652 et
403 1626 473 1653 inter
486 1626 601 1653 athletas
617 1626 686 1652 fama
698 1625 843 1652 celebrent.
862 1634 871 1650 ι

214 1672 237 1705 ρ
251 1680 305 1698 iam
326 1672 501 1698 memorabile
521 1672 602 1705 hujus
628 1672 712 1699 nostri
746 1671 976 1707 Megalomartyris

181 1725 225 1745 seu
246 1718 336 1752 M‘tglti
355 1719 480 1751 martyris
514 1725 612 1744 nomen
628 1722 667 1744 cst
700 1717 771 1752 apud
790 1717 907 1748 Grai-cos.
922 1723 975 1744 tam

182 1765 291 1791 celebre
312 1765 392 1790 ctiant
406 1768 447 1790 est
462 1764 532 1797 apud
560 1763 679 1795 Latinos,
700 1763 898 1797 antiquissimis
925 1763 977 1789 uti-

182 1817 232 1844 que
251 1818 285 1836 ac
302 1810 396 1844 primze
413 1815 482 1836 uota:
494 1809 691 1844 Martyrologiis
709 1809 881 1844 inseriptum.
911 1807 977 1835 Nam

184 1856 390 1883 Usuardusltac
409 1856 503 1882 (licita
517 1863 579 1882 enm
608 1857 711 1882 refert:
734 1865 742 1880 t
764 1855 866 1882 Natalis
890 1856 977 1882 sancti

185 1902 286 1938 Magni.
300 1910 349 1929 seu
377 1902 462 1928 sancti
495 1902 610 1927 Andrca:
642 1901 778 1935 martyris.
806 1909 868 1927 rum
896 1901 978 1928 sociis

183 1949 241 1976 suis
259 1948 369 1974 duobtts
389 1947 508 1973 millibus
531 1947 688 1981 quingentis
712 1947 858 1980 nonaginta
872 1951 900 1973 et
915 1954 978 1981 sep-

186 1999 252 2022 lent.
275 2004 283 2020 ι
304 1995 343 2020 At]
358 2002 439 2028 qttaut
453 1994 693 2020 annuntiationetn
725 1993 775 2018 ista
785 1993 841 2027 jam
873 1992 978 2026 pridem

185 2039 212 2066 in
231 2040 361 2067 Usuardo
377 2048 392 2065 a
429 2039 505 2065 nobis
530 2039 604 2065 edito
632 2038 806 2065 etillnstrato
835 2038 978 2064 observata

185 2092 250 2114 sunt
264 2107 270 2114 .
291 2095 300 2112 ε
317 2086 453 2113 Andream
465 2085 536 2120 apud
550 2084 657 2112 Graecos
668 2085 874 2119 iuclytissimum
886 2085 980 2118 Megao

188 2134 362 2167 lomartyrem
384 2131 557 2166 Martyrologi
571 2131 656 2157 nostri
670 2130 756 2156 Latini
774 2129 980 2156 verositnillttne

187 2186 218 2206 ex
226 2179 317 2205 Graeca
327 2177 505 2212 appellatione
517 2177 664 2203 binomiqu
677 2176 789 2202 fecerint
798 2175 922 2209 Magnum
932 2181 980 2201 Seu

188 2226 336 2252 Andream.
355 2226 399 2250 Sic
411 2224 513 2250 etenim
529 2222 611 2253 Beda.
630 2227 710 2256 prout
722 2222 792 2256 apud
810 2229 860 2248 nos
890 2222 980 2248 editus

188 2276 278 2302 est.ct
301 2279 335 2298 ex
353 2278 386 2297 eo
415 2269 553 2297 ltabauus.
581 2269 733 2295 ltottianum
759 2275 882 2302 parvum,
909 2267 978 2298 Ado.

190 2323 228 2347 et.
252 2325 333 2351 cujus
350 2317 405 2350 jam
436 2317 518 2342 verba
530 2315 666 2346 dedintus.
698 2314 851 2342 Usuardus.
885 2313 981 2340 Melius

191 2360 307 2388 fortasse
320 2362 461 2395 legissent,
479 2359 567 2394 magni
583 2361 699 2386 Andreae
718 2366 829 2393 :neque
846 2358 917 2385 enim
931 2365 980 2384 ve-

192 2407 311 2434 rosimtle
323 2411 400 2441 puto,
419 2406 614 2440 Martyrologus
629 2409 739 2432 ttostros
767 2405 903 2431 Andream
932 2403 981 2430 tri-

192 2451 426 2479 bunummilitum
451 2459 512 2479 cum
546 2452 642 2486 Magno
674 2452 803 2486 episcopo
836 2450 980 2486 Anagnino

192 2499 359 2526 confundi-re
372 2500 500 2526 voluisse.
521 2508 531 2524 ι
550 2498 627 2526 Hanc
641 2498 861 2525 observationem
879 2498 913 2524 de
928 2497 981 2524 du-

193 2544 252 2578 phci
269 2545 382 2571 nomine
390 2544 478 2571 cidem
490 2549 586 2571 nostro
597 2548 707 2578 martyri
720 2551 863 2578 perperam
882 2543 979 2575 indito.

192 2590 304 2618 inferius
321 2590 483 2618 confirmare
504 2591 676 2618 conabimur.
704 2590 841 2618 Habemus
872 2590 980 2621 interim

193 2642 226 2662 ex
240 2638 321 2664 dictis
337 2640 345 2671 t
362 2637 429 2664 nihil
440 2639 541 2672 quippe
558 2637 631 2672 cogit
644 2644 740 2664 omnes
757 2637 816 2663 illas
831 2637 980 2664 annuntia-

195 2679 282 2708 tiones
298 2683 351 2709 huc
367 2683 487 2718 integras
519 2683 702 2710 transcribere
719 2688 725 2714 ι
742 2683 831 2718 magni
862 2683 981 2711 nominis

195 2732 339 2760 martyrem
358 2729 481 2757 fuisses.
507 2730 641 2756 Andream
670 2730 698 2757 in
726 2728 844 2756 Ecclesia
874 2729 981 2756 Latina.

198 2769 236 2796 De
255 2770 451 2799 Wandelberto
482 2779 575 2808 postea
602 2782 725 2810 agemus.
758 2774 981 2809 Martyrologium

199 2813 349 2843 Romanum
371 2818 531 2846 modcmum
558 2820 594 2847 ita
618 2821 652 2847 de
679 2821 724 2847 illo
749 2821 813 2855 legit
823 2827 854 2846 ac
889 2820 981 2851 sociis.

201 2868 313 2896 quarunt
329 2867 420 2893 tamen
433 2873 578 2893 numerum
591 2874 645 2893 non
656 2867 818 2894 determinat
836 2874 843 2892 τ
863 2865 982 2894 ιιιιϐῐιί-

1024 932 1132 967 Magno.
1151 934 1231 968 cujus
1244 933 1402 968 martyrium
1425 934 1550 968 pluribus
1563 934 1696 962 describit
1719 935 1817 962 Petrus

1025 979 1058 1006 de
1071 979 1269 1006 Natalibuslib.
1291 981 1318 1011 7,
1340 987 1401 1014 cap.
1435 980 1493 1013 76,-
1515 980 1608 1014 inquo
1635 984 1726 1007 tamen
1753 987 1816 1007 cum

1027 1025 1132 1052 nullum
1147 1026 1180 1052 de
1198 1024 1228 1052 S.
1243 1025 1353 1052 Audrea
1375 1026 1512 1052 inveniam
1530 1025 1687 1060 vestigium.
1717 1027 1815 1053 mirum

1025 1071 1094 1098 mibi
1122 1071 1231 1102 accidit,
1277 1071 1364 1105 ipsius
1405 1079 1504 1099 nomen
1547 1072 1683 1099 intrusum
1711 1073 1762 1107 legi
1787 1073 1816 1100 in

1025 1118 1097 1145 dicta
1117 1118 1336 1144 annuntiatione.
1349 1117 1401 1144 Sed
1415 1125 1459 1144 res
1472 1118 1529 1145 haec
1543 1119 1667 1153 pluribus
1688 1123 1817 1146 tractatur

1026 1165 1098 1200 apud
1113 1172 1164 1192 nos
1178 1165 1229 1192 hac
1244 1164 1298 1195 die.
1317 1171 1369 1198 qua
1385 1164 1419 1191 de
1432 1169 1528 1191 sancto
1549 1164 1646 1200 Magno
1655 1166 1817 1200 Cappadoce

1026 1212 1125 1248 agitur,
1138 1220 1198 1246 pag.
1215 1210 1366 1237 7l7.Nune
1381 1211 1414 1238 de
1427 1211 1639 1239 hallucinatione
1659 1211 1818 1248 Martyrolo-

1027 1267 1122 1294 gorum
1139 1258 1266 1292 superius
1282 1257 1400 1284 indicata
1418 1263 1444 1284 et
1459 1257 1502 1284 hic
1512 1258 1638 1293 pluribus
1668 1260 1816 1288 refellenda

1028 1305 1208 1332 tractabimus
1223 1311 1231 1336 ;
1245 1311 1325 1338 equa
1339 1303 1447 1330 ridetur
1459 1304 1592 1339 originem
1619 1306 1734 1334 traxisse
1765 1306 1818 1334 Ga-

1028 1351 1171 1378 lesiniana.
1581 1382 1584 1385 ,

1063 1397 1089 1424 5.
1110 1397 1141 1423 Et
1159 1405 1189 1423 ea
1210 1397 1317 1431 quidem
1338 1401 1379 1423 est
1395 1396 1495 1431 duplex
1515 1406 1521 1429 ;
1539 1397 1624 1426 altera
1646 1399 1673 1426 in
1699 1407 1733 1427 eo
1748 1408 1814 1428 ver-

1029 1448 1115 1475 satur,
1141 1443 1212 1477 quod
1241 1443 1270 1470 S.
1299 1443 1421 1470 Andreae
1448 1443 1602 1471 addiderint
1630 1452 1729 1474 nomen
1762 1455 1818 1474 non

1028 1497 1120 1521 suum,
1153 1489 1240 1524 Magni
1267 1489 1417 1520 videlicet;
1447 1491 1531 1518 altera
1564 1491 1695 1519 incertior
1715 1493 1818 1527 priore.

1029 1535 1102 1569 quod
1123 1535 1222 1562 alicubi
1248 1535 1316 1562 l'0rte
1329 1535 1359 1562 S.
1386 1534 1499 1571 Magnus
1526 1537 1607 1564 aliter
1627 1539 1818 1571 annuntietur,

1028 1589 1108 1616 quam
1126 1581 1234 1612 debeat.
1251 1581 1289 1607 uti
1315 1589 1375 1608 mox
1390 1582 1511 1609 referam
1540 1583 1580 1610 Ad
1594 1584 1712 1618 priorem
1743 1588 1815 1620 quot

1028 1627 1137 1658 attinet.
1152 1632 1250 1662 praeter
1267 1627 1310 1653 illa
1322 1647 1330 1659 ,
1343 1635 1403 1662 qua:
1437 1628 1517 1662 paulo
1542 1633 1604 1656 ante
1629 1630 1819 1664 praemisimus.

1028 1673 1086 1700 hare
1102 1674 1171 1700 atlth
1185 1673 1218 1700 ad
1235 1674 1364 1708 majorem
1378 1673 1486 1701 illorum
1505 1675 1752 1704 conﬁrmationem.
1771 1677 1820 1704 Ba-

1028 1721 1124 1747 ronius
1144 1721 1170 1746 in
1189 1721 1377 1748 notationihus
1397 1721 1447 1748 hac
1466 1721 1510 1748 die
1526 1721 1558 1748 l9
1587 1723 1700 1757 Augusti
1717 1723 1750 1750 ad
1766 1731 1818 1750 an-

1028 1767 1227 1794 nuntiationetn
1245 1767 1424 1802 Martyrologii
1448 1766 1562 1794 Romani
1579 1767 1694 1795 Andreae
1715 1769 1817 1796 tt'iitutli

1029 1817 1137 1844 etsoc.,
1161 1822 1169 1837 ι
1186 1812 1222 1839 De
1250 1812 1303 1842 his.
1327 1813 1374 1844 ait,
1394 1813 1444 1838 hac
1470 1812 1513 1839 die
1545 1811 1662 1840 Usuard.
1687 1818 1714 1840 et
1738 1814 1819 1845 Atio;

1029 1857 1092 1885 licet
1110 1857 1245 1884 Andream
1273 1865 1334 1883 cum
1350 1856 1378 1883 S.
1398 1855 1493 1891 Magno
1509 1856 1691 1883 confundant.
1712 1866 1720 1882 ι
1741 1857 1820 1884 llnnu

1029 1905 1239 1930 errorcmetiam
1255 1902 1370 1938 castigat
1382 1902 1543 1930 Lambecius
1554 1902 1819 1930 Commentariorum

1030 1950 1063 1977 de
1075 1951 1239 1977 bibliotheca
1251 1950 1373 1976 Ca‘sarea
1390 1948 1609 1979 Vindobonensi,
1620 1949 1667 1976 lib.
1684 1957 1742 1981 vnt,
1758 1958 1820 1985 pag.

1029 1996 1093 2026 202,
1105 1995 1149 2022 ubi
1169 1996 1313 2022 occasione
1327 1994 1460 2021 versionis
1475 1993 1577 2020 Latina:
1592 1999 1620 2021 et
1631 1995 1736 2021 exordii
1765 1996 1822 2022 Ao-

1032 2044 1120 2067 toruut
1138 2040 1166 2067 S.
1181 2040 1294 2067 Audrea:
1305 2046 1335 2065 ac
1347 2039 1481 2065 sociorum
1497 2037 1568 2072 apud
1578 2037 1686 2065 Surium
1704 2039 1754 2066 hac
1765 2041 1820 2071 die.

1034 2095 1043 2111 ε
1064 2085 1219 2120 Martyrium
1234 2084 1262 2111 S.
1277 2083 1402 2116 Andreae,
1416 2083 1493 2111 ducis
1512 2085 1661 2116 exercitus,
1688 2090 1716 2111 et
1733 2085 1822 2112 socio~

1032 2140 1104 2163 rutn.
1125 2136 1238 2158 auctore
1258 2130 1393 2166 Symeone
1411 2130 1607 2164 Metapbraste.
1625 2130 1744 2158 Vocatur
1772 2139 1821 2158 ttu-

1033 2183 1086 2206 teut
1105 2178 1149 2204 hic
1163 2177 1286 2204 Andreas
1302 2177 1384 2204 etiam
1403 2184 1528 2211 magnus,
1540 2185 1549 2202 ι
1568 2184 1636 2207 etc.,
1652 2177 1691 2204 sic
1704 2178 1820 2206 scribit:

997 2238 1018 2264 ι)
1036 2234 1044 2251 ι
1065 2224 1122 2252 Hoc
1137 2232 1190 2251 non
1206 2228 1248 2251 est
1270 2223 1475 2257 intelligendum
1503 2223 1537 2250 de
1568 2227 1681 2250 nonitne
1709 2224 1822 2258 proprio

1032 2271 1143 2305 Magni;
1161 2271 1262 2305 quippe
1286 2270 1359 2304 quod
1383 2269 1412 2296 S.
1439 2269 1562 2295 Andreas
1578 2268 1738 2296 Stratelates
1766 2277 1822 2296 non

1033 2317 1140 2347 habuit.
1159 2316 1206 2343 sed
1220 2320 1324 2342 tantutn
1353 2315 1387 2341 de
1404 2315 1481 2341 titulo
1498 2314 1749 2349 Μεγαλομάρτυρος
1764 2315 1822 2342 sive

1032 2361 1126 2396 Magni
1143 2361 1281 2395 martyris.
1302 2359 1347 2394 qui
1360 2358 1398 2384 illi
1423 2359 1450 2385 in
1467 2358 1549 2392 hujus
1577 2359 1746 2388 narrationis
1775 2361 1821 2398 in-
1848 2367 1854 2388 L.

1032 2407 1181 2442 scriptione
1205 2407 1298 2434 Graeca
1328 2406 1442 2432 honoris
1467 2413 1550 2433 causa
1581 2406 1720 2433 tribuitur.
1755 2407 1822 2435 Pcr-

1031 2460 1124 2487 peram
1141 2453 1221 2488 igitur
1248 2456 1276 2479 et
1295 2451 1412 2478 absurde
1436 2450 1465 2478 in
1488 2450 1592 2478 Adonis
1619 2451 1822 2486 archiepiscopi

1035 2497 1196 2526 Viennensis
1203 2497 1390 2533 Martyrologio
1405 2497 1449 2524 die
1464 2496 1496 2524 i9
1507 2497 1621 2533 Augusti
1635 2498 1751 2533 legitur:
1766 2499 1822 2529 Na.-

1033 2545 1095 2572 talis
1111 2545 1197 2572 sancti
1211 2545 1298 2580 Magni
1311 2552 1358 2571 seu
1372 2544 1460 2571 sancti
1474 2544 1604 2577 Andreae.
1623 2554 1633 2571 ι
1646 2549 1698 2572 etc.
1721 2545 1819 2582 Merito

1034 2593 1126 2626 itaque
1139 2592 1202 2622 ista.
1222 2601 1231 2617 ‹
1260 2591 1379 2618 Vocatur
1404 2596 1497 2619 autem
1523 2590 1568 2619 hic
1588 2591 1709 2618 Andreas
1736 2592 1820 2619 etiam

1033 2637 1155 2672 Magnus.
1173 2647 1183 2664 ι
1199 2638 1298 2664 omissa
1314 2643 1379 2665 sunt
1394 2637 1421 2664 in
1436 2638 1558 2665 editione
1566 2637 1651 2667 Surii,
1662 2645 1735 2670 anno
1751 2637 1820 2665 l6l8

1033 2683 1153 2711 Colonia:
1166 2683 1249 2711 edita.
1267 2683 1331 2710 Haec
1343 2683 1377 2710 de
1394 2690 1491 2716 errore
1509 2683 1574 2710 isto.
1601 2682 1631 2710 in
1646 2683 1729 2709 alium
1750 2683 1820 2715 forte

1035 2729 1128 2763 lapsus
1151 2733 1194 2755 est
1222 2727 1445 2760 Wandclbertns.
1462 2727 1529 2755 dum
1555 2726 1647 2754 eidem
1671 2732 1819 2762 martyrum

1036 2773 1176 2808 manipulo
1201 2773 1309 2799 videtur
1335 2772 1496 2806 adjnnxisse
1519 2770 1549 2804 S.
1569 2771 1695 2807 Magnum
1712 2771 1821 2806 Coppa.-

1036 2819 1142 2850 docetn.
1160 2819 1204 2846 cui
1228 2817 1308 2845 aliaat
1325 2817 1446 2852 martyrii
1466 2817 1618 2853 palaestram
1647 2824 1728 2851 supra
1749 2817 1820 2853 assis

1036 2866 1192 2900 gnavimus.
1212 2865 1258 2893 Sic
1282 2865 1355 2892 enim
1372 2863 1446 2891 canit
1463 2872 1470 2878 ·
