2034 3152
194 170 240 202 593
830 173 919 203 Vl'l‘A
941 173 971 202 S.
993 171 1172 202 ANDRE/E.
1759 168 1817 200 5'95

189 236 217 256 ac
247 235 404 260 recensere,
434 234 461 257 et
495 229 660 258 Christianis
693 230 808 258 librram
853 231 970 267 eligendi
988 229 1815 269 AannumChrisl.i501,num.I,Diocletinnumimperato-

189 278 348 309 potestatem
377 274 497 307 fecisset,
526 281 556 303 ut
585 276 627 302 vel
652 277 847 311 imperatorum
887 277 972 312 jussis
1027 284 1084 303 rem
1101 283 1161 302 cum
1175 284 1225 302 suo
1242 276 1343 311 collega
1357 275 1520 303 Maximiano
1536 281 1601 303 tunc
1630 274 1814 310 triumphasse

188 321 405 354 obtemperantes
423 321 533 349 honoris
542 321 583 348 sui
599 323 712 356 gradum
741 324 891 350 retinerent
905 344 912 354 .
931 323 972 350 vel
1025 323 1057 350 de
1078 322 1169 349 Persis
1200 321 1316 348 allirmat
1333 329 1341 353 ;
1358 325 1384 348 et
1411 321 1510 348 ibidem
1543 329 1617 347 num.
1641 321 1669 348 2.
1690 329 1699 346 α
1720 319 1814 353 Ροιτο,

187 368 207 395 si
221 375 318 402 parere
333 369 446 400 nollent,
458 369 562 395 honore
573 370 675 396 militiie
691 370 860 396 mutarentur
875 379 882 401 ;
896 377 972 395 com-
1024 368 1072 398 ait.
1092 367 1190 394 enituit
1204 366 1230 392 in
1246 366 1317 393 bello
1333 365 1442 394 Persico
1467 366 1568 394 eximia
1586 367 1672 394 virtus
1701 366 1816 392 Andros

188 414 277 449 plures
293 414 368 448 regni
389 414 453 441 Jesn
482 415 580 442 Clu-isti
612 416 721 448 milites,
751 416 870 442 numinis
901 416 973 442 illius
1027 413 1130 440 tribuni
1148 413 1277 445 militum,
1298 421 1307 436 ι
1323 416 1376 439 etc.

185 459 382 486 confessionem
399 462 522 488 seecnlari
537 462 629 496 gloriae
644 470 675 488 ac
690 462 821 491 felicitati.
832 470 884 496 qua
899 462 973 489 frue—

187 506 293 535 bantur.
312 507 414 540 absque
434 507 485 533 ulla
509 509 685 534 cunctatione
714 509 902 542 pra‘tnlerunt.
935 510 972 536 Ex

186 552 282 586 quibus
307 553 386 587 pauci
416 554 560 580 admodum
572 554 610 588 (in
626 554 720 581 Gnaeo
732 558 773 581 est
789 552 829 585 εἷς
844 563 895 580 που
923 555 971 581 καὶ

195 597 331 632 δεύτερος,
346 599 372 626 id
387 604 436 630 est,
453 591 560 627 unusct
573 601 660 635 alter)
681 608 733 626 non
747 601 827 627 modo
853 601 972 635 dignita—

185 648 248 674 tem,
267 652 360 671 verum
377 645 458 672 etiarn
478 647 558 672 vitam
576 646 701 672 amittere
734 654 784 680 pro
811 646 972 674 defensione

184 689 293 724 pietatis
308 691 515 718 sustinuerunt:
531 699 592 718 cum
611 692 634 718 is
649 692 695 726 qui
729 692 852 727 religioni
872 698 973 719 nostra:

183 736 305 762 struebat
325 736 448 767 insidias,
464 745 546 771 parce
562 738 651 764 adhuc
663 742 690 764 et
726 745 788 764 raro
813 739 972 774 Sanguinem

182 783 362 816 quorumdam
381 783 498 810 fundere
523 783 645 810 auderet.
662 784 762 811 Verum
788 784 833 811 ubi
847 785 973 818 apertius

181 828 259 855 σενιιά
277 828 378 854 bellqu
411 829 541 861 accinxit,
568 829 621 856 dici
650 837 705 856 non
734 833 834 863 potest,
856 833 921 863 quot
947 834 973 856 et

181 879 299 908 quantos
314 874 416 902 Christi
433 879 566 909 martyres
595 876 621 902 in
643 876 773 901 omnibus
806 875 872 902 locis
891 879 971 908 atque

182 921 297 947 urbibus
314 921 414 955 possint
447 929 561 948 cernere
582 922 700 953 licuerit,
721 931 730 946 ι
745 926 807 956 post
838 921 972 948 famosum
991 918 1009 944 υ

182 969 309 995 videlicet
326 968 447 996 edictum
464 974 558 996 contra
574 969 705 996 ecclesias
735 970 904 1003 propositn-n
928 969 973 995 Ni-

181 1015 322 1042 comediae.
336 1015 370 1041 de
386 1023 441 1049 quo
471 1024 530 1050 cap.
548 1016 564 1042 5
580 1016 704 1042 meminit
733 1016 804 1042 idem
829 1015 971 1042 Eusebius.

212 1061 261 1089 10.
288 1061 318 1088 Si
346 1061 438 1094 itaque
462 1062 583 1096 pugilum
619 1067 778 1089 nostrorum
815 1063 972 1097 martyrium

180 1106 291 1133 diﬂerre
320 1107 415 1135 liceret
455 1112 536 1142 atque
574 1107 607 1134 ad
641 1107 713 1133 illam
756 1107 973 1133 crudelissimam

180 1152 474 1187 persecutionem,qua
488 1153 514 1179 in
533 1160 614 1179 omne
636 1161 722 1187 genus
734 1153 874 1180 hominum
900 1162 914 1179 a
934 1158 974 1187 ty-

183 1196 277 1221 rannis
290 1195 417 1222 salvitnnr
431 1201 483 1228 est,
498 1201 587 1223 textus
602 1197 709 1224 Eusebii
723 1205 777 1224 non
788 1202 893 1224 crearet
904 1187 974 1224 dilli-

179 1238 310 1265 eultatem
325 1247 333 1271 ;
349 1241 397 1266 sed
413 1248 474 1267 cum
485 1249 518 1267 eo
534 1249 619 1275 usque
631 1249 685 1268 non
701 1242 823 1268 videatur
844 1243 975 1269 (lill‘crcn-

180 1283 257 1316 dum,
275 1286 375 1312 saltem
411 1287 564 1313 secundum
579 1289 655 1319 Acta,
686 1293 767 1322 prout
783 1289 909 1315 videlicet
942 1296 973 1316 ea

180 1336 254 1356 nunc
273 1335 386 1358 exstant
404 1340 410 1363 ;
423 1339 478 1358 non
493 1332 643 1362 videamus.
656 1341 710 1367 qrto
725 1339 804 1367 pacto
820 1334 886 1360 satis
898 1341 974 1360 corn-

180 1375 260 1402 mode
272 1376 308 1402 ad
323 1377 405 1403 verba
419 1378 526 1405 Eusebii
549 1378 707 1412 responderi
724 1384 819 1413 queat.
840 1379 974 1411 Diximus,

180 1423 276 1448 saltem
293 1423 446 1450 secundum
459 1425 525 1451 Acta
540 1429 606 1456 etc.,
623 1433 681 1459 quze
702 1425 730 1452 S.
754 1425 869 1452 Antlrea3
881 1433 912 1452 ac
929 1434 974 1452 so-

179 1467 284 1494 ciorum
318 1469 435 1495 militum
462 1469 565 1496 eaedem
594 1474 706 1496 narrant
752 1471 883 1497 aecidissc
913 1475 974 1506 post

180 1512 282 1538 bellum
301 1512 440 1540 Persicum
459 1523 466 1547 ς
496 1515 702 1543 circumstantia
717 1524 782 1542 vero
798 1516 842 1542 illa
857 1516 974 1543 fortasse

180 1557 286 1591 adjecta
301 1557 353 1585 frrit
372 1567 386 1585 a
406 1567 462 1586 non
477 1561 544 1588 satis
559 1566 637 1587 cauto
650 1566 813 1588 exornatore
828 1561 970 1593 Actorum,

180 1604 366 1637 quataliunde
386 1613 440 1633 non
460 1611 523 1633 sunt
540 1615 643 1642 magna:
658 1608 804 1635 admodum
825 1610 972 1636 anctorita-
986 1593 1008 1622 C
1062 1603 1104 1629 m-
1124 1602 1176 1630 δοά
1189 1610 1243 1637 quo
1258 1603 1349 1629 mimi”
1360 1610 1455 1629 eorum
1479 1602 1679 1637 adSliplllem‘"
1709 1606 1827 1629 semen’

180 1650 222 1678 lis.
254 1652 394 1686 Quidquid
422 1653 468 1685 sit,
504 1662 553 1680 nos
585 1654 719 1688 ingentem
739 1655 813 1682 illum
839 1656 972 1682 sociorum

1026 1648 1079 1678 tiae.
1092 1648 1181 1675 obstat
1191 1649 1220 1674 ιο
1234 1657 1241 1674 2
1257 1647 1311 1674 Pax
1328 1648 1398 1675 inter
1411 1648 1550 1676 Romanos
1565 1653 1592 1675 et
1611 1649 1707 1676 Persas
1717 1649 1771 1683 jam
1785 1649 1819 1676 ab

179 1701 332 1731 martyrum
349 1705 503 1730 numerum,
523 1699 549 1725 in
566 1699 668 1726 armis
685 1701 785 1734 parum
808 1708 840 1727 ac
868 1700 973 1727 Latinis
1025 1702 1097 1721 anno
1109 1694 1160 1722 297
1175 1694 1280 1721 sancita
1291 1694 1392 1726 fuerat,
1410 1701 1449 1722 utr
1462 1695 1542 1722 modo
1558 1695 1696 1722 fatebatur
1710 1695 1820 1730 Pagius,

181 1741 270 1770 Fastis
300 1744 504 1780 consignatum,
530 1746 709 1780 relinquimus
727 1747 753 1773 in
789 1747 899 1782 antiqua
926 1755 973 1774 sua
1026 1743 1115 1770 Persis
1147 1744 1304 1770 videliceta
1331 1743 1440 1771 Galerio
1468 1744 1575 1772 Cmsare
1596 1749 1662 1771 tunc.
1678 1744 1767 1777 victis,
1785 1751 1819 1772 ex

181 1791 368 1824 possessione,
385 1793 419 1819 ita
434 1798 524 1819 tamen
540 1798 578 1824 ut.
591 1793 808 1830 Matt‘lyrnlogium
820 1795 974 1823 nonmmm
1026 1790 1121 1817 eodem
1138 1796 1251 1817 auctore
1266 1790 1299 1817 ad
1311 1790 1392 1817 istum
1414 1798 1517 1817 antrum
1545 1798 1622 1817 num.
1650 1791 1666 1817 t5
1680 1795 1708 1817 et
1723 1790 1749 1817 ’1.
1764 1789 1820 1818 Cur

181 1837 280 1868 lcCuti,
298 1845 361 1864 eum
394 1838 420 1864 in
445 1838 525 1865 titulo
555 1844 619 1866 ante
636 1839 709 1867 hunc
738 1840 972 1868 commentarium
1026 1845 1091 1872 ergo
1102 1842 1258 1864 sanctorum
1274 1841 1431 1863 nostrorum
1445 1837 1561 1864 militum
1577 1837 1737 1872 martyrium
1764 1836 1814 1864 dif-

181 1889 309 1910 nostrum
326 1891 379 1910 non
395 1884 680 1913 determinaverimus.
706 1885 782 1913 Nunc
814 1895 828 1914 a
861 1895 976 1914 numero
1028 1883 1091 1910 ferri
1108 1884 1205 1910 debeat
1218 1883 1252 1910 ad
1280 1891 1382 1910 anuurn
1409 1883 1510 1910 Christi
1538 1883 1614 1910 50!?
1640 1883 1696 1910 (iur
1724 1883 1820 1917 I‘agius

1063 481 1102 507 ll.
1119 479 1171 507 Sed
1183 480 1280 514 Pagius
1300 480 1332 506 ad
1348 480 1449 507 dictum
1465 487 1580 511 annum,
1602 487 1679 505 num.
1694 478 1722 510 ε,
1741 479 1814 506 illum

1008 527 1192 561 .trinmphum
1218 527 1385 553 celebratum
1406 526 1522 552 allii-mat
1541 535 1549 550 ‹
1567 533 1639 552 anno
1665 525 1719 552 503
1738 534 1748 551 ι
1761 533 1816 559 quo

1024 573 1242 600 Lactantiusltb.
1263 572 1300 599 De
1314 572 1439 598 mortibus
1453 575 1659 606 persecuturum,
1689 578 1748 606 cap.
1769 570 1816 602 l7,

1024 619 1220 646 Diocletianum
1237 619 1330 645 Roma:
1344 618 1501 645 Viccunalia
1537 617 1691 644 celebrasse
1721 616 1815 644 tradit.

1024 663 1091 690 Nam
1111 672 1172 690 cum
1187 664 1342 698 triumphus
1362 663 1406 690 ille
1435 663 1527 690 Roma:
1551 663 1691 690 exhibitus
1722 661 1816 693 fuerit.

1024 715 1052 736 ut
1071 710 1203 736 Eusebius
1217 710 1243 736 in
1262 709 1410 740 Chronico,
1429 709 1576 743 Eutropius
1593 713 1619 735 et
1636 708 1818 736 Cassiodorus

1024 761 1169 787 te~tantnr,
1207 760 1234 783 et
1268 761 1333 782 ante
1358 764 1460 782 antrum
1487 755 1538 782 303
1567 759 1627 790 post
1675 754 1816 781 victoriam

1024 801 1160 827 Persicam
1175 801 1358 828 Diocletianus
1374 800 1467 827 Romae
1480 809 1533 827 non
1564 800 1657 832 fuerit,
1684 799 1769 834 liquet
1783 807 1818 826 co

1025 855 1096 874 anno
1113 848 1282 882 triumphum
1294 849 1366 875 hunc
1377 853 1467 874 actum
1483 855 1553 874 esse.
1572 847 1705 874 Praeterea
1720 847 1817 874 trium-

1026 893 1095 927 plros
1111 901 1174 920 cum
1193 893 1385 921 Vicenualibns
1398 899 1424 921 et
1445 895 1470 921 id
1487 902 1574 929 genus
1586 894 1664 920 testis
1694 894 1728 920 dc
1742 900 1818 920 more

1025 938 1159 965 exhibitos
1169 938 1261 968 fuisse.
1271 947 1397 974 sameque
1407 940 1504 966 dilatos
1514 947 1567 966 non
1578 939 1662 966 semel
1671 939 1818 967 iusinuavl.

1024 983 1113 1016 Quare
1130 985 1191 1011 licet
1207 993 1258 1020 pax
1283 986 1355 1012 inter
1381 985 1517 1012 Romanos
1541 990 1567 1012 et
1580 984 1677 1012 Persas
1706 985 1761 1018 jam
1784 984 1824 1011 ab

1025 1038 1098 1057 anno
1112 1031 1294 1064 v297‘sancita
1336 1031 1442 1062 fuisset,
1475 1036 1564 1058 tamen
1603 1030 1757 1065 triumphus
1783 1031 1818 1057 de

1026 1075 1116 1103 Persis
1133 1084 1206 1103 anno
1219 1081 1321 1103 tantum
1339 1077 1391 1104 505
1405 1082 1493 1104 actus.
1507 1077 1551 1109 Et,
1571 1077 1710 1104 nonnullis
1730 1077 1817 1104 inter-

1024 1122 1116 1154 jectis,
1149 1123 1180 1148 ad
1211 1122 1274 1148 antri
1304 1122 1353 1149 50f
1380 1129 1525 1149 nurnerntn
1554 1121 1818 1156 2,quoseBaronio

1025 1167 1154 1198 vitabam,
1181 1173 1208 1194 et
1234 1175 1311 1202 seqq.
1340 1169 1466 1194 observat
1497 1168 1565 1194 ista:
1582 1177 1590 1193 ι
1612 1167 1816 1194 Diocletianus"

1026 1212 1131 1238 nullum
1152 1212 1204 1239 hoc
1218 1220 1292 1238 anno
1325 1213 1359 1239 de
1390 1214 1579 1247 persecutione
1599 1212 1817 1239 Christianorum

1029 1258 1211 1292 promulgavit
1225 1258 1356 1292 edictum,
1370 1259 1416 1285 sed
1435 1263 1538 1286 tantum
1554 1259 1580 1285 in
1613 1258 1714 1284 milites
1738 1258 1818 1285 saevi-

1029 1309 1097 1331 tum.
1113 1304 1203 1337 Quare
1219 1311 1364 1340 martyres,
1396 1305 1429 1332 de
1455 1305 1555 1340 quibus
1580 1305 1724 1335 Barouius,
1753 1308 1818 1331 ante

1026 1359 1128 1377 annum
1155 1352 1215 1378 503-
1234 1352 1306 1386 passi
1335 1359 1390 1378 non
1415 1356 1489 1379 sunt.
1510 1361 1518 1376 ι
1536 1351 1587 1378 Alii
1617 1357 1750 1386 martyres
1773 1350 1817 1378 istl

1027 1397 1079 1424 hnc
1095 1405 1148 1424 non
1162 1403 1295 1432 spectant,
1309 1398 1356 1424 sed
1376 1397 1405 1424 L.
1422 1397 1547 1424 Andreas
1563 1405 1623 1424 cum
1655 1397 1711 1423 suis
1744 1395 1817 1423 mili-

1026 1443 1109 1473 tibus,
1125 1451 1241 1477 quorum
1258 1442 1417 1478 martyrium
1432 1450 1463 1469 ex
1475 1443 1529 1477 jam
1551 1442 1630 1468 dictis
1660 1441 1730 1475 apud
1765 1440 1818 1467 Ba-

1025 1490 1146 1522 roniurn,
1162 1497 1193 1516 ac
1209 1490 1335 1516 criticum
1360 1490 1431 1524 ejus,
1462 1493 1682 1516 consummatum
1698 1487 1734 1515 sit
1747 1494 1819 1514 anno

1025 1535 1086 1562 50L

183 1933 336 1964 maﬂyrum
353 1937 497 1965 pergamus
513 1931 547 1958 ad
566 1936 673 1966 tempus
691 1933 823 1967 martyrii.
1027 1929 1176 1957 secundum
1210 1937 1258 1956 sua
1287 1929 1422 1964 principia
1452 1930 1517 1956 illud
1549 1937 1603 1956 non
1629 1930 1706 1964 ponit
1728 1929 1821 1960 citius.

547 1977 560 2012 §
575 1977 607 2004 ll.
1027 1984 1089 2003 cum
1106 1983 1178 2002 anno
1190 1976 1242 2003 298
1257 1976 1374 2002 militum
1408 1976 1629 2010 persecutionem
1655 1975 1755 2010 alligat.
1780 1975 1822 2002 di-

366 2023 478 2056 Tempus
498 2024 625 2057 martyrii
644 2032 797 2058 expensum.
1027 2030 1093 2050 cens
1105 2024 1137 2048 ad
1150 2022 1278 2048 enmdern
1291 2029 1392 2048 annum
1408 2029 1486 2048 num.
1500 2021 1533 2048 Ξῖ
1554 2031 1563 2046 ι
1597 2021 1756 2048 Persecutiu
1772 2020 1822 2047 ad-

223 2077 234 2092 ι
253 2068 381 2100 Cursum,
398 2069 525 2103 inqrrirmt
540 2070 617 2102 Acta,
645 2071 763 2106 martyrii
780 2072 822 2098 sui
849 2073 977 2100 beatissi-
1029 2077 1124 2096 versus
1141 2069 1241 2095 milites
1259 2069 1310 2095 hoc
1327 2075 1401 2094 anno
1417 2068 1556 2100 inchoata,
1590 2071 1619 2094 ιιι
1639 2072 1713 2095 recte
1740 2067 1824 2095 Pros-

184 2119 248 2139 mus
261 2113 386 2141 Andreas
401 2121 463 2140 cum
476 2118 531 2140 tota
556 2123 604 2141 sua
632 2115 696 2142 for-ti
713 2121 739 2143 et
771 2125 786 2143 a
804 2117 858 2143 Deo
889 2118 976 2145 electa
1029 2125 1078 2151 per
1090 2117 1117 2142 in
1133 2115 1279 2142 Chronico.
1292 2115 1369 2142 Sicut
1384 2115 1629 2150 igiturpcrseculio
1646 2114 1782 2150 generalis
1794 2113 1821 2141 in

186 2158 322 2194 phalange
334 2158 447 2193 perfecit
463 2159 570 2186 decimo
584 2168 656 2187 nono
669 2161 712 2188 die
729 2163 831 2190 mensis
844 2163 973 2197 Augusti,
1030 2162 1097 2196 ipsis
1110 2162 1251 2195 utriusque
1271 2160 1382 2195 Augusti
1396 2162 1498 2195 (sermo
1516 2165 1559 2187 est
1571 2160 1604 2187 de
1617 2159 1786 2187 Diocletiano
1795 2164 1823 2186 et

185 2203 231 2230 die
245 2203 398 2231 Dominico.
417 2214 426 2229 ι
444 2203 543 2232 Littera
570 2205 603 2235 G,
619 2213 678 2240 quae
701 2206 743 2233 hic
760 2212 802 2234 est
823 2208 912 2234 littera
922 2209 974 2235 diei
1030 2207 1193 2233 Maximiano
1208 2205 1344 2236 llerculio)
1360 2205 1555 2233 Vicennalibus
1589 2206 1690 2238 empit;
1725 2204 1764 2231 sic
1795 2208 1826 2231 et

187 2247 221 2274 19
231 2249 356 2284 Augusti,
373 2257 426 2276 non
441 2249 580 2276 invenitur
593 2256 720 2285 tanquam
737 2252 825 2279 littera
857 2253 978 2280 Domini-
992 2270 1019 2299 D
1032 2253 1090 2286 ejus
1101 2253 1223 2286 quanlam
1250 2252 1371 2279 velitatio
1393 2252 1419 2277 in
1448 2251 1591 2284 utriusque
1616 2249 1825 2282 Quiudecenna-

187 2295 252 2321 calis
267 2295 373 2329 signata
396 2295 429 2322 ad
455 2301 578 2323 nostrum
609 2298 789 2332 propositum,
817 2299 869 2325 nisi
904 2307 977 2327 anno
992 2294 1015 2299 ’”
1032 2298 1114 2324 libus.
1130 2307 1139 2322 ι
1153 2298 1180 2324 εὶσ
1200 2306 1206 2323 :
1229 2297 1298 2323 Cum
1319 2297 1410 2323 dicant
1427 2297 1588 2324 Acta.num.
1601 2295 1619 2321 2
1635 2302 1642 2321 :
1663 2304 1672 2320 ι
1691 2294 1825 2328 Tempore

186 2339 239 2368 294
254 2346 283 2368 et
296 2341 350 2368 505
365 2350 372 2374 ;
392 2342 463 2369 unde
492 2350 664 2378 consequens
679 2349 730 2374 est.
765 2349 794 2371 ut
823 2346 976 2372 secundum
1032 2344 1078 2370 illo
1092 2343 1199 2375 accidit,
1215 2347 1244 2369 ut
1259 2342 1428 2369 Persicorum
1442 2341 1583 2376 copiarrrm
1607 2348 1669 2375 pars
1697 2339 1824 2375 quaedam

189 2387 253 2414 Acta
269 2388 371 2415 innecti
385 2389 483 2416 debeat
498 2389 658 2424 martyrium
677 2390 741 2416 illud
755 2398 828 2417 anno
836 2391 974 2418 alterutri.

1032 2388 1100 2415 fines
1127 2387 1287 2419 transiliret,
1314 2391 1342 2413 ct
1367 2386 1467 2413 bellum
1501 2386 1633 2412 adversus
1657 2385 1824 2412 Antiochum

188 2433 321 2462 Siautem
349 2443 422 2461 anno
436 2435 488 2462 ’505
513 2436 538 2462 id
551 2436 652 2471 alligas,
681 2438 861 2472 satagendum
874 2443 926 2470 ρει,
950 2444 979 2467 ut
1032 2434 1197 2466 suscitaret;
1220 2442 1229 2458 ι
1250 2440 1367 2467 eumque
1382 2432 1484 2458 bellum
1499 2431 1566 2458 illud
1590 2430 1618 2458 S.
1651 2431 1766 2458 Andreae
1791 2431 1825 2457 ab

188 2478 277 2507 dictus
288 2488 380 2507 annos
393 2487 573 2515 componatur
588 2487 650 2509 eum
663 2484 754 2513 modo.
770 2493 825 2519 quo
839 2485 974 2514 Maximia-

1033 2480 1168 2507 Antiocho
1183 2480 1376 2506 demandatum
1391 2479 1486 2510 fuerit,
1518 2485 1573 2505 non
1591 2477 1685 2512 utique
1696 2485 1728 2504 ex
1745 2477 1826 2504 dictis

189 2531 240 2551 nus
259 2531 394 2561 martyres
423 2528 533 2554 tractari
550 2528 667 2563 jussisse
691 2529 778 2557 fertur
794 2531 819 2557 iu
838 2532 925 2563 Actis,
953 2536 974 2559 e1

1033 2531 1095 2561 post
1110 2533 1211 2552 annum
1223 2525 1288 2557 ‘297,
1303 2533 1356 2559 quo
1377 2534 1386 2550 ε
1408 2532 1461 2559 pax
1476 2524 1549 2551 inter
1562 2523 1702 2550 Romanos
1719 2526 1747 2549 et
1758 2521 1824 2549 Per-

189 2576 250 2597 cum
264 2571 371 2606 reliqua
385 2573 548 2600 eornmdem
572 2574 701 2602 Actorum
728 2576 810 2608 serie,
829 2577 910 2605 rebus
929 2578 980 2605 ibi-
1033 2580 1077 2600 585
1100 2572 1204 2599 επηθίῑθ
1221 2581 1229 2604 ὅ
1249 2581 1258 2597 ³
1275 2571 1405 2606 quidnam
1423 2571 1496 2606 οοὸίί
1529 2570 1601 2597 imus
1629 2577 1662 2596 ³ο
1686 2569 1824 2596 “domm

190 2616 250 2644 dum
271 2618 307 2645 ita
319 2619 465 2653 expositis.
484 2624 515 2646 ut
528 2620 601 2646 dictu
630 2621 741 2648 difﬁcile
769 2623 907 2656 videatur,
935 2630 982 2651 eas
1034 2618 1194 2654 martyrium
1211 2619 1413 2654 precrastinare
1426 2625 1512 2652 usque
1529 2617 1561 2644 ad
1589 2623 1690 2644 annum
1722 2615 1824 2642 Christi

192 2663 324 2691 accidisse
341 2669 462 2699 tempore
475 2667 677 2700 persecutionis
691 2665 828 2702 generalis
839 2669 982 2697 Diocletia-
1034 2665 1082 2692 30|
1098 2665 1154 2692 75°
1176 2675 1182 2693 :
1204 2666 1272 2692 Cum
1296 2665 1414 2700 denique
1427 2664 1473 2691 hic
1499 2671 1590 2706 annus
1619 2661 1747 2696 componi
1771 2667 1826 2688 nou

194 2714 261 2736 near.
276 2709 364 2740 Adde,
375 2711 448 2745 quod
459 2719 609 2738 memorent
620 2713 754 2740 accidisse
769 2714 887 2749 palmam
911 2723 983 2742 mar-
1034 2712 1123 2747 possit
1139 2719 1201 2738 cum
1215 2712 1318 2738 ratione
1331 2709 1474 2745 temporis,
1488 2717 1542 2744 quo
1568 2708 1727 2742 martyrium
1753 2707 1826 2735 acci-

196 2754 255 2788 lyrii
268 2757 378 2788 quando
393 2761 451 2783 erat
464 2757 562 2784 bellum
583 2759 647 2786 illud
680 2764 775 2786 contra
805 2760 914 2792 Persas,
929 2768 984 2796 quo
1035 2757 1108 2785 disse
1126 2759 1366 2788 memorantActa,
1384 2755 1514 2782 nimirum
1533 2763 1542 2780 ι
1563 2754 1671 2782 decimo
1699 2760 1772 2780 nono
1783 2752 1826 2780 die

196 2805 212 2824 a
224 2799 249 2826 ὃ.
260 2801 367 2828 Andre:
378 2802 492 2836 ejusque
505 2804 586 2832 sociis
600 2804 716 2840 insignis
729 2805 842 2832 victoria
857 2806 940 2833 relata
949 2807 974 2834 dt

1035 2804 1138 2831 mensis
1152 2802 1278 2838 Augusti,
1295 2802 1339 2829 die
1350 2801 1502 2833 Dominico,
1522 2809 1532 2826 ι
1553 2799 1716 2834 sicutsupra
1729 2799 1826 2826 obser-

199 2844 265 2877 iDSiS
276 2846 327 2875 fuit
343 2857 350 2882 ;
369 2848 444 2875 unde
462 2847 501 2879 ﬁt.
530 2854 560 2877 ut
586 2853 693 2886 tempus
727 2851 850 2886 martyrii
864 2852 985 2886 pendeat
1035 2855 1128 2877 vatum
1143 2854 1204 2882 est;
1220 2849 1319 2876 melius
1340 2847 1449 2882 quidem
1477 2847 1557 2874 nobis
1586 2846 1733 2877 videretur,
1765 2845 1827 2871 Acta

200 2898 218 2916 a
231 2896 344 2928 tempore
361 2894 441 2921 istius
459 2894 522 2922 belli
541 2897 694 2925 secundum
705 2896 782 2925 Acta.
800 2897 934 2928 Baronius
950 2898 983 2927 ad
1037 2897 1064 2924 in
1091 2896 1142 2924 hoc
1161 2894 1320 2928 defendere,
1348 2897 1375 2922 et
1399 2892 1502 2921 erroris
1513 2899 1568 2920 non
1593 2891 1786 2922 condemnare,
1801 2888 1828 2915 ιι
