2034 3152
215 182 270 213 595

843 182 987 213 MENSIS
1002 183 1220 214 AUGUSTUS.

1791 183 1845 214 595

215 235 353 270 probabili
367 236 458 270 aliquo
469 243 630 272 argumento
649 245 681 283 ep
697 245 750 265 non
769 238 1007 273 compelleremur.
1024 242 1047 269 Α
1061 239 1189 274 gentibus
1205 239 1329 266 barbaris
1343 239 1468 270 luctaret,
1486 246 1548 266 cum
1575 239 1620 266 alii
1640 239 1711 265 intra
1727 238 1847 266 laxiores

205 280 264 307 ,l'ist
280 285 372 308 autem
383 281 450 308 illud
461 290 468 308 ι

205 402 209 404 _
250 372 294 398 15.
312 371 502 398 Theodericus
522 365 685 398 Ruinartius
700 371 773 398 inter
802 371 869 398 Acta
898 371 1005 396 sincera

215 423 244 445 ct
259 418 358 444 selecta
375 426 389 444 a
407 425 437 444 se
449 418 568 457 vulgata,
587 426 647 453 pag.
663 418 715 445 509
730 423 758 444 et
777 425 855 452 seqq.
875 417 1006 444 editionis

215 464 320 499 primae,
334 463 444 491 exhibet
469 465 537 491 Arta
561 464 589 491 S.
617 463 792 490 Maxituiliani
820 463 955 497 martyris,
978 463 1004 489 in

214 510 314 545 quibus
336 515 434 545 praeter
453 510 516 541 alia,
543 518 615 537 anno
631 510 735 537 Christi
752 510 805 536 295
819 515 918 544 quarto
944 509 1005 536 ldus

214 556 303 583 Martii
319 564 381 584 eum
415 557 582 591 impellentia
601 563 631 584 ut
654 558 757 584 militiae
782 565 882 584 nomen
915 557 1003 589 daret,

212 603 344 630 dicuntur
374 603 425 630 ista
443 612 448 629 :
477 613 486 629 ‹
506 603 706 630 Maximilianus
728 603 868 638 respondit
890 602 1004 630 :Militia

214 656 273 676 mea
287 649 320 676 ad
339 648 482 676 Dominum
501 658 591 677 meum
607 655 659 678 est.
680 649 738 676 Non
766 657 877 685 possum
905 649 1005 676 sarculo

213 695 341 723 militare.
357 695 416 722 Jam
440 697 508 728 dixi,
539 696 713 724 Christianus
739 704 809 724 sum.
838 696 911 723 Dixit
937 696 1004 722 Diott

213 743 361 776 proconsul
381 752 388 770 :
406 744 433 770 In
451 751 531 771 sacro
547 744 679 771 comitatu
710 744 883 771 dominorutn
895 748 1005 769 nostro-

213 795 273 815 rum
293 789 450 817 Diocletiani
462 795 489 817 et
501 790 669 823 Maximiani,
680 790 834 818 Constantii
845 795 872 816 ct
884 789 1003 819 Maximi,

212 835 315 862 milites
344 836 495 864 Christiani
529 842 594 864 sunt
620 841 648 864 et
669 837 798 864 militant.
819 845 828 862 ›
861 835 1004 868 Quomodo

213 881 307 916 igitur,
323 882 346 909 si
364 890 438 910 anno
451 883 502 910 295
519 884 620 911 milites
636 884 785 911 Christiani
803 884 907 910 fuerint
932 881 1005 908 inter

1058 290 1086 312 et
1103 285 1252 320 quietiores
1270 290 1357 312 terras
1369 286 1486 312 delicate
1499 285 1678 319 imperarent.
1698 294 1707 310 ι

1094 332 1137 358 Li.
1152 332 1241 366 Atque
1256 331 1298 358 hze
1315 336 1379 358 sunt
1404 331 1590 363 diiiicultates,
1606 339 1668 365 quae
1695 331 1722 357 in
1739 330 1849 364 ﬁgendo

1058 382 1182 412 tempore
1213 377 1337 412 martyrii
1369 384 1432 403 sese
1455 377 1585 403 otiernnt.
1617 376 1847 410 Quandoquidem

1057 431 1122 450 vero
1138 431 1191 450 non
1209 428 1250 450 est
1264 423 1330 450 mihi
1349 428 1504 457 promptum
1519 423 1625 449 solvere
1642 424 1715 448 hunc
1743 423 1847 448 nodum

1057 470 1153 497 saltem
1172 469 1333 496 iuhmrendo
1346 469 1434 501 Actis,
1452 470 1538 495 satius
1547 476 1607 496 esse
1627 469 1690 495 duxi
1717 469 1846 495 eumdem

1057 516 1192 543 scindere.
1207 520 1234 542 et
1251 520 1407 542 nostrorum
1423 514 1548 549 Pugilum
1568 515 1728 549 martyrium
1744 521 1848 548 ponere

1056 568 1118 588 cum
1132 561 1208 587 Actis
1223 563 1272 587 sub
1291 560 1469 592 Maximiano,
1485 560 1537 587 sub
1550 568 1605 594 quo
1626 560 1709 586 etiam
1731 560 1795 586 illutl
1811 559 1848 586 si-

1056 611 1119 640 gnat
1141 606 1360 641 Martyrologium
1385 607 1550 638 Itomanum,
1584 614 1636 632 non
1663 606 1849 633 determinato

1056 652 1178 686 ejttsdem
1199 653 1320 687 tnartyrii
1339 661 1424 680 anno.
1451 653 1510 679 Dixi
1528 662 1537 677 ‹
1557 653 1653 678 saltent
1687 653 1848 679 initam-endo

1055 698 1149 729 Actis;
1176 707 1185 724 ι
1202 706 1265 725 nam
1284 699 1306 725 si
1327 699 1487 726 eorumdem
1502 698 1621 732 scriptor
1636 698 1763 724 habuerit
1782 703 1848 725 ante

1055 753 1084 772 se
1097 745 1262 772 documenta
1292 745 1412 772 melioris
1434 750 1516 773 notas.
1534 745 1632 779 illaque
1662 744 1698 771 ita
1716 745 1850 771 transfor-

1055 791 1136 817 marit
1154 795 1250 817 ornatu
1264 798 1295 817 ac
1315 791 1538 824 interpolatione,
1556 795 1585 817 ut
1607 790 1779 817 incommoda
1798 798 1848 817 su-

1054 837 1151 871 perius
1168 844 1289 871 expensa
1306 837 1339 864 ad
1364 837 1443 863 istam
1465 844 1575 863 causam
1601 839 1656 863 sint
1679 836 1847 868 referenda;

1056 888 1120 910 tunc
1136 892 1190 911 non
1202 884 1281 911 video
1313 891 1361 910 cur
1382 889 1489 918 tempus
1514 883 1635 918 martyrii
1664 883 1765 910 innecti
1791 890 1849 909 non

212 933 318 956 turmas
326 928 482 957 Maximiani
495 935 521 957 et
532 931 558 957 in
571 931 632 958 aula
646 931 716 966 ejus,
731 930 879 966 quomodo,
894 930 1004 963 inquam
1019 933 1043 962 Β
1058 931 1143 966 possit
1174 930 1355 964 persecutioni
1380 930 1573 956 Diocletianea:
1589 937 1597 961 ;
1620 937 1669 956 cur
1696 936 1751 955 non
1780 928 1847 954 item

213 973 241 1000 in
260 974 360 1001 milites
377 980 488 1003 nostros
498 975 670 1003 Christianos
684 984 756 1003 anno
767 975 869 1003 Christi
887 975 940 1002 294
953 974 1004 1001 sub

212 1020 376 1048 Maximiano
391 1021 514 1048 saevitum
529 1023 592 1049 est?
607 1022 719 1049 Accedit
735 1031 779 1054 eo,
795 1023 867 1057 quod
880 1031 933 1049 non
953 1031 1004 1050 sa-

213 1066 248 1092 tis
266 1067 425 1094 verosimile
451 1066 589 1098 videatur,
619 1069 792 1103 tyrannidem
821 1070 1003 1104 persequendi

211 1112 384 1140 Christianos
412 1121 427 1139 a
455 1113 513 1140 solo
541 1113 706 1141 Maximiano
730 1122 791 1142 esse
832 1117 1003 1143 exsecutioni

211 1157 383 1190 mandatam,
400 1159 453 1186 nisi
477 1165 539 1195 post
557 1160 712 1192 victoriam,
729 1169 790 1196 qum
806 1170 879 1188 attno
906 1162 958 1189 297
971 1163 1004 1189 de

211 1204 304 1232 Persis
321 1205 406 1232 relata
424 1206 517 1240 fuerit,
534 1215 650 1242 qumque
661 1208 783 1234 animum
814 1208 873 1241 ejus
892 1208 1002 1240 inﬂarit.

211 1251 365 1285 cristaSque
380 1252 442 1286 ejus
456 1253 619 1280 erexeritad
636 1254 793 1280 audendum
808 1254 953 1288 quidlibet.
970 1254 1005 1282 Et

211 1304 278 1324 Vero
293 1302 439 1325 contextus
457 1299 586 1326 Actorum
603 1299 631 1326 S.
653 1299 771 1326 Andretc
802 1308 858 1326 noti
887 1300 1003 1326 obscure

213 1343 346 1376 insinuat,
362 1344 558 1372 Maximianum
577 1350 642 1372 tuttc
659 1345 793 1379 temporis
803 1353 862 1386 rem
883 1346 1003 1380 gessisse

212 1389 240 1415 in
257 1387 389 1416 Oriente:
413 1395 440 1417 et
452 1395 526 1417 extra
557 1395 664 1425 tempus
692 1390 753 1417 belli
769 1390 871 1418 Persici
895 1392 1004 1419 videtur

212 1443 323 1470 semper
346 1437 435 1470 egisse
452 1445 516 1464 suas
533 1443 624 1472 partes
641 1438 783 1473 lIllyricum
803 1445 910 1469 versus.
940 1447 1002 1465 cum

210 1482 283 1518 apud
294 1481 467 1510 Lactantium
479 1484 526 1510 lib.
537 1484 574 1510 De
588 1484 715 1510 mortibus
726 1488 931 1518 persecutorum,
941 1492 1001 1520 cap.

212 1528 247 1555 18
263 1528 357 1555 dicat:
374 1538 382 1554 ι
401 1528 459 1556 .lam
476 1530 586 1557 fluxisse
609 1538 696 1557 annos
720 1530 875 1564 quindecim
895 1532 922 1557 in
944 1530 1003 1567 illy-

212 1573 271 1601 rico
299 1576 341 1602 vel
358 1576 391 1602 ad
408 1576 494 1610 ripam
514 1576 641 1608 Danubii,
668 1576 768 1611 quibus
786 1576 921 1610 relegatus
939 1585 1003 1604 cum

217 1660 1104 1680 mm

1056 976 1110 1003 diei
1126 976 1279 1006 Dontinico,
1294 980 1375 1009 atque
1389 975 1457 1001 adeo
1473 982 1545 1000 anno
1562 982 1624 1000 tera:
1639 973 1759 1003 vulgaris
1781 972 1848 1005 305,

1055 1027 1116 1057 post
1138 1022 1311 1056 imperatoria
1347 1022 1474 1048 videlicet
1499 1021 1543 1047 illa
1573 1020 1661 1046 edit-ta
1680 1020 1752 1053 (vide
1779 1019 1849 1046 Arta

1055 1076 1131 1096 num.
1148 1069 1242 1102 8)qna:
1255 1068 1316 1095 inde
1327 1076 1398 1094 anno
1415 1068 1448 1094 ab
1463 1068 1515 1094 505
1529 1067 1660 1093 adversus
1674 1065 1850 1092 Christianos

1056 1115 1204 1149 prodiere;
1237 1123 1284 1141 cur
1313 1114 1432 1148 denique
1456 1122 1518 1140 cum
1545 1114 1619 1140 Actis
1645 1113 1698 1139 dici
1727 1115 1851 1145 nequeat

1055 1161 1120 1188 illud
1140 1161 1273 1188 accidisse
1287 1161 1452 1195 imperatore
1468 1160 1639 1188 Maximiano.
1662 1167 1761 1193 nempe
1788 1158 1849 1185 veri

1054 1215 1085 1235 ac
1105 1207 1207 1242 proprii
1228 1207 1347 1234 nominis
1371 1207 1564 1240 imperatorem
1589 1206 1778 1240 intelligendo.
1800 1205 1849 1239 qui

1055 1257 1118 1279 ante
1134 1252 1236 1278 dictum
1251 1260 1353 1278 annum
1386 1253 1437 1279 505
1453 1251 1543 1279 (ἴωςειτ
1574 1252 1707 1278 duntaxat.
1731 1251 1820 1278 iuerat
1833 1271 1842 1283 ,

1055 1306 1218 1334 quamquam
1228 1307 1289 1325 cum
1299 1299 1470 1332 adjectojam
1485 1306 1542 1325 tum
1557 1299 1591 1325 ab
1605 1306 1677 1324 anno
1694 1298 1747 1324 29—2
1761 1298 1850 1324 etiam

1057 1345 1135 1372 titulo
1153 1345 1337 1379 imperatoris.
1352 1347 1389 1371 titi
1410 1345 1509 1379 legitur
1533 1345 1604 1379 apud
1621 1349 1761 1371 auctorem
1780 1351 1850 1370 neo-

1057 1392 1171 1419 tericum
1187 1392 1292 1419 Gallum
1318 1392 1442 1418 Historia:
1468 1393 1671 1423 imperatorum,
1691 1396 1756 1417 tom.
1774 1398 1800 1418 tr
1818 1390 1848 1417 in

1056 1438 1238 1470 Diocletiano,
1257 1443 1309 1465 art.
1328 1439 1355 1469 9,
1373 1447 1433 1473 pag.
1449 1438 1494 1464 21.
1522 1438 1590 1470 Quia
1606 1446 1672 1464 vero
1691 1438 1772 1471 plane
1800 1444 1851 1463 su-

1055 1493 1254 1520 pervacaneum
1283 1486 1382 1519 judico,
1423 1487 1586 1512 alterutrum
1613 1486 1760 1515 eduobn..
1784 1491 1849 1518 qua;

1055 1531 1125 1564 apud
1143 1539 1185 1557 me
1199 1535 1273 1563 sunt,
1288 1531 1392 1558 Graecis
1401 1532 1604 1565 exemplaribus
1618 1539 1700 1566 supra
1714 1530 1842 1558 indicati:

1056 1575 1083 1602 in
1106 1576 1230 1603 Latinum
1243 1583 1413 1608 convertere,
1429 1578 1558 1605 exhibeo.

1481 1665 1836 1680 m

355 1749 794 1807 ΜΑΡΤΥΡΙΟΝ
858 1750 1003 1808 ΤΟΥ

1066 1751 1300 1808 ΑΓΙΟΥ
1356 1723 1704 1807 ΑΝΔΡΕΟΥ

755 1862 870 1905 ΤΟΥ
908 1861 1313 1905 ΣΤΡΑΤΗΛΑΤΟΥ

846 1958 905 1984 KA!
931 1958 999 1985 ΤΩΝ
1028 1957 1097 1983 ΣΥΝ
1122 1957 1224 1984 ΑΥΤΩ.

213 2146 796 2224 MARTYRIUM
857 2146 935 2222 S.
987 2145 1418 2235 ANDREZE.
1449 2141 1844 2221 TRIBUNI

774 2308 864 2363 ET
905 2306 1291 2364 SOCIORUM.

577 2419 673 2451 (Graece
684 2426 750 2445 nunc
763 2420 869 2450 primum
884 2419 969 2444 editur
981 2426 1012 2444 ex
1027 2419 1082 2445 cod.
1095 2426 1142 2446 ms.
1158 2418 1250 2450 Paris.,
1261 2426 1287 2444 n.
1299 2419 1356 2449 518,
1372 2425 1430 2444 sae.
1447 2417 1502 2450 xl.)

247 2587 268 2615 I.
284 2585 454 2621 imperatore
474 2586 655 2620 Maximiano,
672 2587 785 2614 homine
800 2586 878 2614 valde
904 2585 1000 2621 impio,

1090 2586 1130 2612 A'.
1141 2585 1186 2612 'Ev
1196 2585 1252 2616 τοῖς
1267 2584 1374 2620 χρόνοις
1384 2583 1435 2618 τῆς
1444 2583 1492 2609 τοῦ
1505 2580 1689 2608 audeo-r6100
1704 2581 1851 2614 Μαξιμια-

209 2633 366 2668 persecutio
382 2633 507 2667 quaedam
519 2641 617 2667 magna
634 2639 730 2661 contra
744 2633 916 2660 Christianos
926 2640 1002 2660 com-

209 2685 283 2706 mota
298 2684 350 2711 est,
382 2680 522 2714 prmeipne
544 2683 638 2706 autem
667 2679 694 2706 in
717 2677 876 2712 regionibus
904 2677 1000 2712 Syriae.

210 2727 275 2753 lirat
293 2731 418 2761 tempore
433 2727 479 2753 illo
493 2725 647 2753 Antiochus
662 2724 784 2759 quidam,
813 2723 1004 2757 superstitioni

208 2773 356 2807 plurimum
374 2772 493 2805 deditus,
513 2772 648 2798 militares
676 2770 788 2797 ordines
813 2769 865 2796 sub
888 2769 1004 2803 imperio

208 2824 259 2843 suo
275 2824 373 2851 regens
391 2825 399 2843 :
423 2817 470 2851 qui
487 2821 600 2851 propter
617 2815 755 2843 idolorum
774 2814 921 2846 insaniam,
936 2823 1003 2842 cott-

208 2866 249 2888 tra
267 2869 326 2895 pios
340 2861 467 2889 homines
482 2862 605 2889 furorem
621 2868 713 2888 acrem
736 2861 869 2894 spirabat.
899 2860 957 2888 Sub
970 2869 1002 2888 eo

208 2906 278 2940 viro,
295 2915 376 2941 quem
392 2907 559 2935 Antiochum
579 2907 751 2936 nominatum
761 2907 892 2942 diximus,
920 2908 999 2936 multi

1057 2631 1103 2658 νοῦ
1114 2631 1263 2666 βασιλείας,
1274 2630 1393 2665 διωγμὸς
1406 2629 1478 2656 κατὰ
1489 2628 1544 2655 τῶν
1555 2627 1727 2662 Χριστιανῶν
1738 2627 1854 2660 ἐγένετο

1058 2676 1155 2711 μέγας,
1172 2677 1219 2702 καὶ
1232 2676 1349 2711 μάλιστα
1360 2676 1388 2702 ἐν
1398 2676 1454 2706 τοῖς
1471 2674 1566 2709 μέρεσι
1577 2673 1627 2708 τῆς
1642 2673 1751 2708 Συρίας.
1768 2671 1852 2706 Εἷχεν

1056 2723 1084 2749 δὲ
1100 2723 1160 2749 τότε
1180 2723 1229 2756 τῆς
1249 2723 1338 2749 ἐκεῖσε
1359 2721 1547 2757 στρατηγικῆς
1565 2720 1670 2752 τάξεως
1686 2719 1735 2754 τὴν
1759 2719 1852 2753 ἀρχὴν

1063 2769 1197 2803 Ἀντίοχος
1210 2769 1383 2803 δεισιδαίμων
1397 2777 1449 2799 τις,
1463 2769 1510 2794 καὶ
1523 2767 1637 2802 σφοδρὸν
1650 2765 1705 2792 τῶν
1714 2765 1785 2799 ὑπὲρ
1798 2765 1853 2798 τῆς

1058 2815 1254 2849 εἰδωλομανίας
1274 2815 1344 2841 κατὰ
1363 2815 1418 2840 τῶν
1435 2813 1621 2841 εὐσεϐούντων
1645 2813 1732 2839 πνέων
1750 2811 1851 2845 θυμόν,

1063 2862 1132 2889 Ὑπὸ
1148 2861 1243 2888 τοῦτον
1259 2859 1306 2888 οὖν
1325 2861 1370 2887 τὸν
1395 2861 1530 2896 Ἀντίοχον
1550 2861 1642 2887 πολλοὶ
1660 2858 1852 2895 στρατηλάται

1054 2909 1102 2943 τῆς
1126 2908 1209 2943 αὐτῆς
1231 2908 1448 2943 συμμετέχοντες
1474 2909 1581 2944 πλάνης
1604 2907 1758 2934 ἐτάττοντο.
1784 2906 1853 2933 Ἀνὰ
