2034 3152
154 180 211 212 ’613

644 184 739 215 ACTA
759 187 813 216 SS.
835 186 1014 225 EUDOXII,
1037 189 1200 227 ROMULl,
1219 192 1298 224 E'l‘C.

1745 198 1798 230 6M

159 238 318 273 exprimens
343 239 433 267 simile
447 241 607 277 martyrium
622 241 653 270 S.
681 242 838 277 Calodotes,
871 254 954 281 quam
969 251 992 279 Α
1007 254 1059 276 est.
1073 249 1139 278 Post
1156 250 1305 286 Trajanum
1321 257 1412 280 autem
1430 259 1456 281 et
1468 255 1586 290 reliquos
1619 257 1798 292 imperatores

159 285 222 312 etin
236 286 451 314 annuntiatione
465 295 525 314 mox
544 287 607 315 data
637 290 808 326 coniungunt
835 292 952 320 laudatis

159 331 304 363 militibus,
321 333 368 359 sed
404 341 547 368 perperam
563 344 569 362 :
595 344 658 364 nam
673 343 767 365 sancta
792 338 836 365 illa
852 345 954 374 martyr

158 378 190 404 ad
206 377 277 404 hanc.
289 378 406 405 classem
419 387 472 406 non
507 382 637 415 pertinet.
666 382 781 410 Dabitur
793 392 854 411 cum
869 385 953 413 sociis

158 424 214 451 suis
227 424 272 451 die
287 424 303 450 6
321 425 501 458 Septembris.
537 427 668 464 Martyres
703 434 793 457 autent
821 431 899 463 “04,
918 432 953 458 de

158 470 255 505 quibus
272 471 317 498 hic
331 477 457 506 separate
472 474 572 508 agitur.
596 475 667 502 haud
695 477 777 504 dubie
812 483 875 504 sunt.
913 478 950 505 illi

157 517 264 548 milites,
298 525 367 551 quos
397 518 516 553 elogium
546 521 659 548 citatum
683 527 776 549 narrat
800 524 951 558 proiecisse

157 561 258 589 balteos
272 570 365 589 coram
379 565 498 598 praeside
513 567 639 600 exemplo
656 567 684 595 ὃ.
699 567 832 603 Eudoxii;
849 570 952 596 utrobi-

155 617 205 643 que
219 609 306 642 enim,
328 611 409 637 etiam
427 612 452 637 in
465 612 540 638 Actis
550 617 577 639 ct
598 621 650 640 nis.
672 614 824 650 Mcnologio
856 616 950 643 Stavo-

156 654 280 686 Russico,
297 663 329 682 ac
346 656 495 691 Synaxario
513 658 652 686 Rutltenio
667 660 738 687 infra
771 663 950 690 memorando

155 700 224 726 idem
239 706 282 728 est
299 709 430 729 numerus
448 703 526 736 “04,
541 712 593 732 nec
612 705 696 733 ullum
707 713 822 741 apparet
851 708 949 735 distin-

155 747 255 774 ctionis
266 748 486 778 fundamentum.

186 792 212 818 6.
232 793 430 822 Desiderantur
443 799 533 824 sancti
546 799 632 826 nostri
651 800 678 826 in
689 801 796 829 duobus
810 803 947 832 Armene-

153 846 210 864 rum
226 837 387 874 Menologiis
397 841 432 868 ab
450 842 601 870 AsSemano
615 845 696 872 editis
707 850 780 873 tonio
797 847 830 874 Ill
849 848 947 876 Biblio-

150 883 236 911 theca:
270 886 419 914 Orientalis
438 887 774 924 Clententino-Vatieanw,
801 901 864 929 pag.
893 895 946 922 615

150 936 176 957 et
199 931 269 963 (ἕως
297 930 324 959 at
346 935 372 960 in
407 942 456 962 ms.
494 935 624 971 Catalogo
645 944 802 966 sanctorum
819 940 945 968 Armenis

149 978 446 1014 celebratorum,quem
463 981 648 1017 Papehruchio
678 985 751 1012 tnisit
771 986 800 1013 D.
827 986 946 1014 Ludovi-

149 1030 198 1050 cus
228 1024 344 1060 Picqnes
374 1027 470 1054 doctor
497 1028 674 1062 Sorbonirus,
704 1032 763 1059 haec
798 1040 875 1060 nttm.
911 1033 945 1061 50

149 1068 300 1104 leguntur:
332 1082 340 1098 ‹
364 1073 562 1102 Testimonium
594 1077 623 1103 S.
657 1076 782 1104 Euductii
807 1079 942 1115 (Εὺδξίου)

146 1116 192 1149 qui
206 1116 326 1144 Marinus
341 1123 453 1146 vocatus
467 1125 518 1147 est.
548 1121 615 1148 ltcm
647 1122 750 1149 ltotneli
777 1128 804 1150 ct
831 1125 941 1158 Macari,

146 1162 191 1196 qui
207 1168 343 1198 martyres
365 1170 486 1200 tempore
500 1167 620 1200 Traiani,
639 1168 806 1202 Septembris
826 1177 913 1199 sexto.
929 1181 938 1198 ›

146 1209 277 1236 Clemens
304 1210 435 1244 Galanus,
465 1213 511 1247 qui
544 1214 740 1242 multosannos
757 1217 783 1242 in
811 1218 940 1244 Armenia

146 1255 338 1284 miSsionariits
370 1258 430 1290 fuit,
458 1265 534 1293 parte
558 1259 790 1289 tConciliationis
816 1262 942 1290 Ecclesia

144 1301 273 1328 Armenaa
283 1310 346 1329 Cllllt
357 1303 477 1330 Romana
488 1305 514 1331 in
525 1306 747 1334 Annotationead
757 1313 839 1342 caput
851 1310 867 1335 2
878 1317 940 1344 pag.

145 1346 190 1377 16,
204 1348 279 1374 irtter
294 1354 428 1385 martyres
448 1350 549 1378 ibidem
585 1360 680 1386 passos
695 1359 819 1380 recenset
850 1354 942 1382 Eudo-

144 1392 229 1424 xium,
247 1393 399 1426 Zenonem,
414 1396 559 1423 Macariuin
592 1398 736 1433 sociosrlue
763 1400 814 1426 sub
836 1399 941 1428 Diocle-

143 1438 218 1466 tiano
236 1449 243 1472 ;
257 1445 285 1467 at
301 1440 408 1468 ltomuli
423 1451 557 1477 nusquam
576 1445 713 1472 meminit.
725 1445 810 1472 Porro
823 1447 939 1475 eximius

143 1484 306 1520 Picquesius
329 1493 433 1520 monet,
461 1488 622 1522 pnedictum
648 1489 808 1525 Catalegutn
841 1491 939 1520 Latine

146 1539 258 1559 verSum
287 1540 349 1560 esse
374 1541 407 1560 cx
432 1534 535 1569 ingenti
551 1536 634 1570 regia:
659 1536 833 1564 bibliotheca:
844 1538 939 1566 codice

142 1578 278 1606 Armenio
291 1579 325 1606 Νο
349 1580 413 1613 514,
444 1582 599 1609 uneialibus
624 1583 723 1610 litteris
743 1584 845 1618 scripto
874 1590 938 1612 ante

141 1632 229 1652 annos
241 1626 275 1652 ab
288 1627 340 1653 hoc
350 1627 416 1654 1687
429 1628 540 1655 circiter
553 1634 698 1656 sexcentos
712 1638 719 1662 ;
737 1630 783 1656 sed
800 1631 937 1665 interpre-

141 1676 206 1702 tem,
220 1671 358 1699 Oscanutn
371 1674 608 1710 archiepiscopum
618 1675 777 1706 Artnenum,
790 1676 861 1703 haud
871 1678 937 1704 satis

142 1718 259 1751 peritum
273 1719 368 1747 titulos
385 1721 525 1748 incondite
550 1722 671 1749 dictasse
692 1723 865 1755 amanuensi,
880 1723 937 1751 imo

140 1768 168 1790 et
180 1765 329 1791 nonnullos
339 1766 475 1794 omisisse.
488 1767 570 1794 Addit
584 1767 609 1794 in
622 1768 721 1795 litteris
733 1769 936 1804 posterioribus

142 1810 264 1843 ejusdem
280 1813 347 1838 anni
370 1813 449 1842 1687,
468 1821 497 1840 se
511 1814 653 1841 dumtaxat
677 1822 763 1850 usque
789 1824 935 1844 numerum

141 1857 175 1884 55
194 1858 330 1886 inclusive
362 1858 489 1886 Latinam
518 1861 672 1887 versionem
698 1869 760 1888 cum
779 1866 855 1890 textu
885 1864 936 1890 Ar-

141 1910 221 1930 meno
256 1904 408 1932 contulisse
434 1913 440 1931 :
475 1906 546 1940 quod
571 1907 676 1933 utinam
704 1907 745 1934 vir
766 1908 890 1936 eruditus
907 1911 935 1936 et

142 1949 357 1976 humanissimus
382 1950 496 1985 reliquis
519 1951 568 1978 111
598 1951 720 1979 numeris
748 1953 868 1985 fecisset,
896 1954 934 1980 si-

140 1995 249 2030 mulque
276 1996 380 2023 omissa
399 1996 432 2024 ab
458 1995 566 2024 Oscano
588 1998 780 2032 supplevisset.
811 1998 935 2026 Meminit

139 2049 243 2076 quoque
262 2043 297 2069 ad
327 2043 451 2070 eamdem
470 2044 541 2071 diem
558 2044 586 2072 S.
607 2044 642 2071 M.
664 2045 778 2072 Eudoxii
805 2046 935 2080 Synaxa-

141 2088 205 2115 rium
213 2088 403 2117 Ruthenicum
418 2098 481 2122 ms,
494 2092 566 2124 quod
585 2099 658 2118 anno
670 2091 737 2119 1688
750 2091 859 2119 Moscua
869 2093 934 2119 sub-

140 2134 211 2162 misit
236 2140 334 2162 noster
355 2136 411 2163 illic
426 2137 616 2164 missionarius
633 2137 662 2166 P.
684 2138 817 2174 Georgius
835 2139 931 2172 David,

140 2177 241 2209 addens
271 2183 298 2208 in
326 2182 380 2210 ﬂne
401 2183 581 2218 Synaxarium
599 2185 670 2212 istud
699 2193 759 2212 esse
784 2194 932 2214 commune

142 2227 186 2254 toti
202 2228 326 2255 ecclesiae
345 2228 515 2257 Rutlienicaa.
539 2230 618 2257 Aliud
645 2231 782 2265 peculiare
801 2232 930 2260 dimcesis

963 927 983 954 Β

1005 302 1061 322 non
1080 295 1177 330 paucis
1190 298 1271 324 annis
1281 299 1392 333 elapsis,
1411 307 1473 327 cum
1506 301 1689 330 Diocletianus
1710 305 1797 340 impe-

1006 341 1076 368 rium
1094 342 1210 376 adeptus
1225 350 1308 375 esset.
1323 345 1461 372 Eudoxius
1477 354 1568 375 cernes
1584 351 1672 383 capite
1701 351 1797 385 plcxus

1004 392 1046 414 est
1061 396 1121 415 cum
1135 389 1245 418 Zenone
1262 396 1290 418 et
1303 391 1431 424 Macario.
1444 393 1500 428 ἅμα
1516 395 1564 420 σὺν
1577 397 1632 426 τοῖς
1645 397 1690 422 ὑπ’
1707 399 1797 424 αὐτῶν

1005 435 1194 468 στρλτιώταις,
1219 437 1264 463 τὸν
1281 438 1397 473 ἀριθμὸν
1416 439 1474 466 οὖσι
1493 441 1588 475 χιλίοις
1608 443 1704 469 ἑκατὸν
1716 446 1795 478 τριά-

1004 487 1087 506 κοντα
1102 482 1252 516 τέσσαρσιν
1274 483 1299 509 id
1315 489 1367 513 cst.
1385 492 1436 511 una
1455 493 1516 512 cum
1537 487 1679 517 militibus.
1695 490 1738 521 qui
1756 491 1794 516 cis

1003 526 1147 560 parebant,
1167 536 1282 555 numero
1297 529 1371 556 mille
1395 535 1505 558 centum
1532 532 1640 567 triginta
1666 539 1794 568 quatuor.

1010 572 1042 598 Ἦ
1063 573 1089 599 δὲ
1103 573 1193 600 αὐτῶν
1212 574 1322 607 σύναξις
1339 575 1455 602 τελεῖται
1476 578 1504 603 ὲν
1516 577 1556 612 τῷ
1571 580 1730 614 μαρτυρεὶῳ
1745 580 1792 606 τοῦ

1002 618 1047 652 ἀγ.
1064 619 1216 654 Προκθπίου
1235 620 1310 648 ἔνδον
1335 621 1380 647 τοῦ
1399 623 1443 656 ἀγ.
1463 631 1492 657 μ.
1524 623 1615 658 Μηνᾶ.
1633 624 1795 651 Celebratur

1001 668 1092 690 autem
1109 665 1231 699 ipsorum
1248 669 1379 694 memoria
1394 669 1421 694 in
1450 670 1572 696 oratorio
1603 669 1632 697 S.
1653 671 1793 706 Procopii,

1000 709 1073 743 quod
1090 715 1130 736 est
1148 711 1174 737 in
1193 712 1294 746 templo
1314 713 1342 740 S.
1361 714 1395 740 M.
1409 715 1507 742 ltlenze.
1530 725 1540 741 ι
1563 716 1601 743 De
1613 725 1690 744 sacra
1707 729 1721 743 ιι
1731 720 1764 745 de
1777 726 1794 746 a

999 755 1181 784 Constantino
1196 758 1292 794 Magno
1320 760 1409 787 dicata
1440 765 1536 789 sancto
1557 762 1643 790 Mena:
1680 765 1792 799 martyri

999 807 1088 835 potest
1105 803 1190 830 videri
1221 804 1340 840 Cangius
1358 827 1365 838 ,
1394 807 1464 835 libro
1495 817 1521 836 tv
1551 809 1794 846 Constantinopolis

999 847 1168 881 Christianw,
1196 856 1264 878 secl.
1286 851 1313 884 6,
1341 861 1416 880 num.
1447 855 1501 888 62;
1531 856 1630 883 ibidem
1646 865 1722 884 num.
1747 859 1792 888 58.

999 895 1163 930 templuan
1192 897 1305 925 Eudoxii
1334 907 1525 928 consecratttm
1548 903 1631 930 fuisse
1653 905 1752 931 smottlo
1766 913 1792 932 tv

999 941 1038 968 vel
1053 950 1078 974 v,
1089 948 1179 970 narrat
1190 943 1232 970 his
1246 946 1339 973 verbis
1353 956 1358 971 ι
1373 956 1382 972 ε
1396 946 1423 973 S.
1437 948 1560 975 Eudoxio
1572 951 1646 977 aedes
1655 957 1792 979 cxstrw'ta

996 988 1111 1022 patricio
1139 994 1165 1016 ct.
1184 991 1323 1024 praefecto,
1339 992 1521 1020 Constantino
1538 994 1572 1021 Μ.
1589 995 1751 1030 imperante,
1768 999 1791 1026 si

995 1041 1048 1068 qua
1078 1034 1144 1062 ﬁdes
1155 1036 1260 1063 Codino
1277 1045 1337 1071 pag.
1355 1039 1406 1065 591
1421 1044 1496 1067 certe
1519 1041 1670 1068 Eudoxium
1699 1044 1793 1076 prmle‘

995 1084 1068 1106 ctum
1093 1081 1221 1114 prtetorio
1237 1082 1288 1109 sub
1304 1082 1575 1119 Theodosiojuniore
1599 1086 1699 1114 vixisse
1717 1087 1792 1114 indi-

994 1131 1058 1153 cant
1080 1127 1152 1162 leges
1170 1128 1274 1163 aliquot
1286 1129 1313 1156 in
1326 1130 1392 1157 Cod.
1407 1130 1458 1158 Th.

1031 1185 1091 1225 ξι).
1109 1186 1147 1212 An
1174 1187 1278 1213 sanatio
1297 1187 1445 1226 Iustiniani
1472 1189 1637 1226 imperatoris
1663 1192 1791 1226 martyri-

993 1220 1117 1246 bushisce
1133 1223 1287 1248 astribenda
1308 1226 1350 1249 sit.
1367 1225 1377 1249 1
1397 1220 1529 1251 ιγυηιεῑιὶε
1543 1225 1570 1252 S.
1587 1220 1790 1253 Eudoa‘itsovcio-

994 1263 1069 1286 rum;
1082 1256 1205 1290 ﬁgmenta
1215 1258 1247 1284 de
1259 1258 1278 1284 S
1300 1258 1427 1290 Romulo;
1442 1260 1500 1293 ejus
1511 1261 1594 1287 cultus
1607 1262 1632 1286 in
1646 1262 1788 1293 Hispania.

992 1293 1096 1328 quando
1111 1297 1133 1328 et
1149 1293 1190 1318 ubi
1208 1299 1337 1328 martyres
1364 1295 1445 1327 pasti.
1467 1297 1532 1322 Acta
1559 1298 1661 1328 (.‘ra'ca,
1678 1301 1702 1323 et
1735 1297 1782 1324 Βα-

993 1326 1060 1352 rom't
1072 1327 1225 1361 conjectura
1241 1330 1272 1355 de
1280 1326 1362 1355 rmille
1381 1330 1522 1357 militibus.

1030 1394 1163 1423 Baronius
1175 1397 1200 1424 in
1220 1397 1414 1427 Notationibus
1430 1401 1463 1428 ad
1480 1401 1701 1438 Martyrologium
1730 1402 1788 1430 Ro-

991 1449 1101 1469 manum
1115 1443 1165 1470 hac
1181 1445 1224 1471 die
1238 1446 1335 1472 scribit
1346 1447 1508 1480 sequentia:
1527 1457 1536 1474 ι
1553 1448 1589 1475 Ex
1606 1449 1704 1475 horum
1733 1450 1786 1476 mi-

990 1488 1068 1515 litum
1083 1497 1207 1521 numcro,
1227 1492 1273 1525 qui
1295 1491 1423 1520 Melitinae
1445 1494 1470 1520 in
1500 1493 1630 1522 Armenia
1663 1497 1786 1524 coronati

991 1539 1065 1566 sunt,
1082 1541 1199 1570 quatuor
1223 1545 1301 1565 sacra
1329 1546 1444 1573 corpora
1477 1540 1566 1567 delata
1591 1542 1787 1570 Constantino-

991 1581 1085 1616 polim.
1107 1588 1215 1617 reperta
1231 1591 1295 1612 sunt
1319 1587 1491 1620 temporibus
1519 1587 1666 1616 Justiniani
1696 1590 1762 1626 imp.
1776 1610 1784 1624 ,

989 1635 1104 1661 quorum
1121 1629 1254 1657 beneflcio
1267 1631 1521 1666 impcratorlcthali
1552 1637 1647 1662 morbo
1672 1642 1785 1665 curatus

989 1678 1041 1700 est.
1057 1673 1124 1701 Item
1156 1680 1257 1710 gestant
1283 1679 1425 1712 perpetuis
1450 1680 1560 1714 dignam
1597 1684 1784 1711 monumentis

989 1721 1325 1758 conscripsitl’rocopius,
1341 1725 1386 1751 lib.
1403 1733 1410 1752 l
1425 1725 1462 1752 De
1490 1728 1609 1762 aedificiis
1635 1728 1784 1757 Justim‘am’
1811 1762 1814 1763 ν

988 1766 1167 1805 imperatoria.
1186 1778 1195 1794 ι
1214 1769 1406 1799 lnventionem
1431 1772 1528 1800 harutn
1548 1775 1726 1809 reliquiarum
1754 1778 1782 1805 in

988 1814 1088 1848 templo
1110 1814 1139 1840 S.
1158 1814 1251 1843 [renes
1266 1816 1302 1843 M.
1321 1837 1328 1849 .
1346 1823 1373 1845 et
1391 1819 1554 1846 beneﬁcium
1568 1823 1717 1849 sanationis
1733 1831 1782 1858 per

987 1867 1034 1886 cas
1063 1859 1222 1888 Iustiniano
1265 1865 1417 1897 praestitum
1447 1873 1479 1892 ex
1518 1868 1615 1894 eodem
1649 1867 1781 1903 Pr0c0pio

985 1903 1150 1933 Cresariensi
1166 1907 1248 1933 refert
1261 1909 1295 1935 ad
1321 1917 1424 1936 annum
1457 1910 1558 1938 Christi
1595 1913 1647 1940 51.0
1674 1915 1781 1942 nttm.2

987 1949 1088 1978 Verum
1106 1952 1268 1988 Procopius,
1286 1963 1360 1982 anno
1379 1957 1448 1983 1665
1461 1965 1523 1984 cum
1550 1958 1779 1993 interpretatione

986 1997 1073 2023 nostri
1091 1998 1197 2025 Claudzi
1215 1999 1331 2026 Maltreti
1350 2001 1461 2028 Parisiis
1475 2003 1576 2033 editus,
1597 2003 1696 2034 libror.
1715 2013 1776 2040 cap.

985 2042 1000 2069 7
1011 2051 1064 2070 non
1078 2044 1158 2072 habet
1171 2050 1297 2080 quatuor,
1309 2047 1355 2074 sed
1369 2046 1509 2083 οὐχῆσσον
1524 2049 1540 2083 ἢ
1554 2054 1772 2086 τεσσαράκοντα,

982 2090 1012 2116 'td
1031 2095 1082 2121 est,
1100 2099 1152 2117 non
1187 2092 1277 2119 minus
1315 2101 1396 2128 quam
1427 2095 1631 2130 quadraginta;
1658 2103 1684 2124 et
1713 2099 1778 2126 licet

985 2136 1082 2163 subdat
1100 2137 1149 2163 hos
1167 2137 1251 2165 fuisse
1268 2137 1406 2167 [tertianos
1427 2141 1529 2168 milites
1545 2141 1658 2177 legionis
1670 2144 1776 2172 duode-

983 2183 1071 2214 citnm,
1095 2191 1175 2218 quam
1186 2184 1251 2210 olim
1280 2187 1469 2213 stationariam
1490 2185 1663 2216 haliuiturbs
1677 2191 1775 2218 Arme-

985 2229 1034 2255 ni;c
1049 2229 1175 2257 Mt‘iill‘lle
1191 2240 1197 2263 ;
1212 2239 1267 2257 non
1286 2237 1376 2258 tamen
1391 2233 1460 2259 dicit
1480 2234 1505 2259 in
1519 2242 1549 2261 ea
1579 2235 1645 2262 urbe
1671 2242 1776 2272 marty-

139 2272 312 2306 Kiioviel.sis‘
340 2275 435 2302 eodem
457 2275 614 2311 ίιιιριηρηειει
634 2277 670 2304 ita
686 2277 764 2304 habet
783 2285 790 2303 ε
821 2287 832 2304 ι
852 2278 884 2306 Et
899 2279 928 2306 s,
947 2286 969 2314 υ
984 2275 1053 2301 rium
1066 2283 1126 2302 esse
1137 2284 1240 2309 passos.
1255 2277 1324 2304 llinc
1341 2279 1453 2305 dubium
1472 2285 1524 2311 est,
1539 2288 1572 2306 an
1591 2289 1705 2316 corpora
1729 2283 1775 2310 illa

139 2318 171 2345 M.
184 2319 311 2350 Eudoxii.
327 2325 430 2347 etcum
446 2329 479 2348 co
504 2322 582 2348 HN.
602 2332 610 2347 ι

169 2363 195 2394 7.
215 2365 279 2392 Mss.
297 2366 396 2394 Menam
429 2367 521 2395 Grmea
545 2369 714 2396 hihliotliecre
740 2370 929 2398 Ambmsiante

137 2415 163 2438 et
178 2412 229 2438 PP.
245 2412 487 2440 Dominieanorutn
499 2420 653 2442 conventus
673 2415 700 2442 S.
713 2416 794 2443 Marci
813 2417 928 2444 Floren-

138 2457 190 2490 tiae,
205 2466 237 2485 ac
255 2459 479 2494 supplementum
498 2461 530 2487 ad
545 2460 646 2488 Meiaea
673 2469 771 2488 excusa
783 2463 928 2491 collectum

137 2513 169 2532 ex
179 2506 227 2532 Ms.
237 2506 386 2541 Synaxario
394 2508 603 2534 membranaceo
612 2508 724 2542 antiquo
734 2509 763 2535 Ρ.
776 2508 928 2542 Sirmondi,

137 2551 166 2578 S.
178 2551 324 2578 Romulum
339 2557 403 2579 ante
419 2553 486 2580 alios
496 2555 673 2585 annuntiant,
701 2554 788 2588 prima
818 2555 927 2590 quidem

139 2598 188 2624 hoc
203 2599 306 2625 modo:
329 2608 338 2623 ι
356 2598 472 2635 Romyli,
499 2600 626 2632 Eudoxii,
659 2600 788 2632 Zenonis,
819 2601 927 2629 Macarii

138 2644 171 2671 Il.
190 2664 198 2676 ,
213 2653 223 2669 ι
252 2644 337 2672 altera
356 2645 464 2672 titulum
481 2645 597 2678 addunt,
619 2655 628 2671 ‹
648 2645 781 2674 Romulus
797 2649 927 2683 pra-posi-

138 2696 191 2722 tus,
207 2690 359 2723 Eudoxius,
387 2690 492 2724 Zenon,
521 2693 675 2725 Macarius;
694 2702 703 2718 r
723 2694 834 2720 tertium
861 2702 926 2722 vero

136 2737 229 2764 Graece
254 2737 290 2764 ita
319 2737 424 2770 habet;
453 2737 574 2766 «Passio
615 2738 666 2766 SS.
696 2738 758 2766 MM.
804 2739 924 2773 Romuli,

137 2781 262 2815 Eudoxii,
276 2782 395 2810 Zenonis
421 2789 450 2811 et
480 2783 598 2811 Macarii.
620 2793 630 2810 ι
647 2784 768 2820 Elogium
796 2785 926 2820 subjune—

135 2834 190 2855 tum
209 2829 333 2864 quaedam
350 2830 384 2858 ab
415 2830 492 2858 Actis
525 2832 630 2858 diversa
658 2831 792 2863 continet,
810 2832 925 2867 proinde

135 2874 160 2901 in
175 2883 261 2909 pauca
278 2875 304 2902 id
314 2875 458 2902 contrahe.
479 2885 488 2901 ε
510 2875 546 2902 Ex
568 2875 641 2903 hisce
670 2876 774 2903 sanctis
794 2876 924 2905 Romulus

133 2921 297 2956 prmpOsitus
311 2922 362 2950 sub
373 2921 493 2958 Traiano
507 2923 674 2958 imperatore
705 2923 854 2952 decollatus
870 2928 922 2952 est.

981 2322 1084 2348 fuerint
1101 2323 1252 2357 aliquorum
1267 2332 1299 2350 ex
1313 2325 1455 2351 hodiernis
1472 2326 1540 2352 milit
1553 2327 1612 2357 bus.
1634 2333 1661 2354 et
1678 2336 1774 2355 emise-

980 2372 1097 2402 quenter
1110 2377 1144 2394 an
1172 2370 1240 2403 ipsis
1268 2370 1365 2396 ascribi
1392 2371 1491 2397 debeat
1522 2377 1655 2406 patratum
1690 2375 1774 2400 mira-

980 2414 1082 2442 culum.
1104 2415 1308 2449 Tillemontins,
1326 2422 1400 2443 totno
1412 2417 1431 2443 ll
1448 2417 1678 2446 Mmmmemomm
1689 2423 1772 2448 eccle-

979 2461 1147 2487 siasticorum
1163 2463 1291 2489 secunda:
1316 2463 1456 2495 editionis,
1474 2472 1532 2498 pag.
1552 2465 1603 2491 574
1616 2469 1773 2500 suspicitur

979 2506 1063 2533 fuisse
1077 2508 1205 2542 reliquias
1221 2508 1369 2534 celebrium
1384 2510 1418 2536 40
1432 2509 1578 2544 Martyrum
1609 2509 1773 2538 Scbasteuo—

979 2561 1052 2585 rutn.
1065 2561 1125 2588 qua:
1140 2562 1225 2588 prope
1236 2554 1502 2590 Constantinopolim
1535 2557 1586 2583 sub
1611 2557 1769 2585 Theodosio

979 2599 1001 2626 Il
1016 2599 1133 2626 inventa:
1148 2605 1223 2631 sunt,
1234 2601 1267 2627 de
1281 2602 1383 2635 qutbus
1397 2602 1431 2628 ad
1445 2603 1520 2629 dlellt
1534 2611 1547 2629 κ
1564 2602 1662 2629 Martii.

1013 2646 1040 2673 9.
1057 2646 1247 2674 Tillemontius
1259 2648 1358 2675 citatus
1376 2656 1520 2676 numerum
1534 2649 1562 2676 S.
1576 2648 1692 2676 Eudoxii
1725 2656 1770 2676 s0-

978 2691 1082 2719 ciorum
1111 2697 1192 2728 auget
1220 2695 1361 2720 trecentis.
1390 2695 1490 2721 Scribit
1517 2695 1590 2722 enim
1613 2695 1692 2726 HM,
1720 2703 1769 2730 pro

977 2738 1058 2770 1104,
1087 2738 1169 2772 idque
1197 2739 1241 2766 bis
1269 2741 1380 2774 reperit,
1396 2741 1515 2775 allegatis
1541 2740 1642 2767 Meneta
1670 2748 1769 2776 magna

976 2784 1137 2812 Graecorum
1161 2785 1290 2813 editionis
1321 2785 1429 2813 Veneta:
1458 2787 1524 2813 anni
1560 2786 1638 2814 1528.
1675 2788 1766 2815 Editio

976 2830 1020 2858 illa
1027 2830 1132 2859 miltiad
1141 2839 1252 2859 manum
1262 2839 1316 2858 non
1332 2837 1374 2859 est
1384 2840 1392 2865 ;
1404 2833 1449 2860 sed
1464 2833 1590 2867 quoniam
1602 2834 1628 2861 in
1643 2834 1764 2866 Menaeis.

976 2886 1036 2913 quae
1056 2886 1127 2906 anno
1143 2878 1213 2906 1595
1224 2877 1346 2906 Venétiis
1360 2879 1530 2914 prodierunt,
1560 2880 1586 2907 in
1614 2881 1766 2918 Menolngio

977 2925 1123 2954 cardinalis
1140 2924 1243 2960 Sirleti,
1275 2928 1351 2955 Actis
1366 2935 1381 2954 a
1394 2926 1578 2963 Metaptiraste
1603 2929 1765 2960 conscriotis
