2034 3152
165 178 218 210 611

660 178 754 208 ACTA
774 177 826 208 SS.
843 177 1018 214 EUDOXII,
1040 176 1200 213 ROMULI.
1222 177 1302 209 ETC.

1736 179 1790 212 618

166 238 249 265 esset,
267 232 350 259 morti
369 232 551 263 addictorum,
566 237 629 259 ante
646 239 748 260 annum
764 232 827 263 ΗΞ,
857 239 911 266 quo
934 232 956 259 is
972 235 993 262 Α
1008 237 1037 259 ut
1054 232 1104 267 ipsi
1118 233 1236 264 tradunt,
1255 240 1396 268 passorum
1414 241 1456 262 res
1472 235 1564 268 gestas
1577 234 1603 262 in
1621 243 1702 263 unam
1716 244 1791 264 nam.

168 282 316 314 imperator
334 278 360 305 in
379 278 518 305 Orientem
545 278 707 306 transmisit.
736 278 907 305 Castelianus
927 277 953 304 in

166 325 356 360 Martyrologio
376 324 532 355 unii'erSali,
554 332 604 359 pag
625 324 677 351 979
702 329 840 352 certamen
854 324 882 350 S.
902 323 957 351 lio-

166 372 231 399 muli
253 373 396 406 consignat
421 372 478 405 ipso
503 379 575 398 anno
603 370 676 398 “2-.
694 375 782 398 utrum
799 376 883 401 recte.
901 377 954 397 non

163 418 251 444 ausim
269 425 409 445 asserere:
423 417 614 444 Tillemontius
639 416 711 444 enim
731 421 797 445 tom.
819 416 838 443 ll
867 416 955 450 Impe-

165 468 298 494 ratorum,
315 463 383 490 Nota
398 463 428 490 Π
442 469 470 490 et
480 463 514 490 22
538 463 564 489 in
589 462 747 495 Traianum,
777 462 955 496 probabiliter

163 511 261 535 statuit
275 509 410 543 duplicem
427 509 621 542 profectionem
634 508 745 541 Traiani
764 508 790 535 in
800 507 951 540 Orientem,

164 555 280 589 primam
296 562 367 581 anno
385 554 566 586 106,aiteram
584 562 637 581 non
662 554 715 581 nisi
730 562 803 581 anno
825 554 887 581 tu.
914 555 954 582 Ad

163 599 211 626 SS.
227 599 380 626 Eudoxium
397 604 424 626 ct
436 600 524 627 socios
554 599 628 634 quod
652 604 767 633 spectat,
798 599 953 634 martyrium

163 648 191 674 hi
207 652 436 674 consummatum
462 647 513 674 sub
530 647 696 674 Diocletiano
728 654 761 674 ex
789 646 931 674 antedictis
944 667 952 679 ,

163 702 246 726 anno,
261 698 292 721 ut
302 693 494 725 Suriusnotaz,
512 693 575 720 290.
592 692 725 720 Baronius
739 698 831 720 autem
854 693 881 720 in
894 692 950 720 An-

162 739 272 765 nalibus
286 739 404 773 primum
422 739 455 766 de
473 738 539 772 ipsis
559 737 683 764 meminit
708 737 741 764 ad
767 745 869 763 annum
889 737 951 770 3H,

161 792 239 810 num.
255 784 301 811 2|.
318 783 421 810 Horum
438 783 562 818 palaestra
591 782 643 809 fuit
660 781 778 808 Melitina
793 789 842 808 seu
876 780 953 808 Heli-

161 835 224 855 tene
236 828 264 855 in
278 828 408 855 Armenia
418 827 512 854 Minori
529 827 561 854 ad
586 827 752 861 Euphratem
784 825 907 853 ﬂuvium.
921 827 951 853 ὃ.

162 874 296 901 Romulus
312 882 376 901 vero
395 882 490 909 passus
502 873 610 901 videtur
621 872 772 904 inGrmcia,
785 872 865 899 sicuti
888 881 950 900 eum

164 920 323 947 Galesinius
337 920 493 952 annuntiat,
512 927 574 946 cum
583 919 644 946 aliis
652 918 762 953 quidem
776 919 949 954 martyribus,

161 966 209 993 sed
220 973 290 1000 quos
304 970 397 1000 postea
412 965 582 992 scribitaiibi
601 969 746 992 coronatos
776 971 848 996 esse,
873 964 950 992 vide-

161 1011 222 1038 licet
239 1011 265 1038 in
282 1011 452 1038 Armeniaet
465 1016 587 1046 tempore
605 1009 772 1038 Maximiani.
788 1009 854 1038 Vide
869 1018 950 1045 supra

161 1065 242 1083 num.
253 1058 281 1089 Ξ,
298 1056 492 1092 Menoiogiuni.

198 1103 242 1129 {5.
259 1104 326 1129 Acta
361 1102 465 1134 Graeca,
493 1111 610 1137 quorum
636 1103 833 1139 apograpbum,
857 1103 950 1131 nescio

162 1148 235 1175 unde
258 1152 412 1182 acceptum,
431 1148 568 1175 habemus
592 1148 642 1176 hoc
668 1149 746 1176 titulo
768 1148 950 1183 εΜαρτύριον

160 1193 213 1219 τῶν
229 1193 318 1226 ἁγίων
330 1194 376 1220 καὶ
387 1193 501 1225 ἂνδὸξων
514 1193 562 1220 τοῦ
572 1193 692 1228 Χριστοῦ
705 1194 854 1230 μαρτύρων
870 1194 951 1220 Εὐδα-

161 1239 227 1272 ξίου,
256 1239 409 1273 Ῥωμύλου,
428 1240 552 1275 Ζήνωνος
575 1240 623 1267 καὶ
646 1240 804 1275 Μακαρίου,
837 1239 864 1267 id
880 1243 947 1267 est:

161 1286 321 1319 Martyrium
341 1290 490 1312 sanctorum
507 1290 531 1312 et
545 1285 720 1320 glorioaorum
732 1285 831 1313 Cltrim'
849 1289 950 1319 marty-

161 1338 220 1357 nun
232 1330 362 1363 Eudoxii,
379 1330 494 1363 Romuli,
518 1331 631 1358 Zenonis
660 1336 685 1359 et
711 1331 838 1363 Macarii,
854 1339 886 1358 ex
901 1338 950 1358 an-

164 1376 244 1410 tiquis
258 1376 446 1403 monumentis
458 1376 623 1409 conscripsit
642 1376 852 1411 Metaphrastes.
869 1376 949 1410 eique

163 1419 206 1446 illa
222 1418 414 1447 indubitanter
425 1420 550 1448 attribuit
563 1420 618 1448 Leo
641 1421 757 1449 Allatius
779 1421 807 1448 in
828 1420 948 1448 Diatriba

164 1465 195 1492 de
211 1466 379 1501 Symeonum
400 1465 520 1500 scriptis,
544 1474 606 1501 pag.
623 1466 673 1495 129
694 1466 800 1495 initium
819 1466 946 1496 recitans.

163 1511 257 1540 Latine
278 1520 357 1539 versa
368 1512 452 1540 ediilit
467 1512 593 1547 Aloysius
620 1512 787 1547 Lipomanus
801 1513 948 1547 episcopus

1008 278 1125 312 demque
1153 278 1340 305 narrationem
1367 279 1546 313 cenjcccrint.
1576 279 1615 306 Ex
1644 281 1790 309 collatione

1009 325 1138 352 Actorum
1154 332 1216 352 cum
1234 324 1339 359 Elogio,
1349 325 1422 359 quod
1432 330 1520 352 exstat
1531 327 1557 352 in
1569 326 1678 355 Menaeis
1685 335 1789 363 magni:

1008 370 1157 404 impressis,
1188 375 1260 404 patet
1278 370 1322 398 illa
1340 379 1372 404 ει
1399 371 1452 398 hoc
1472 372 1637 401 concinnata
1663 381 1734 406 esse.
1763 379 1792 401 at

1008 416 1124 443 multum
1149 416 1260 444 aliunde
1288 416 1451 451 ampliﬁcata
1479 425 1487 444 :
1511 424 1543 443 ex
1573 417 1671 452 quibus
1697 423 1789 446 autem

1007 461 1200 491 monumentis.
1218 462 1326 496 ignoro.
1567 478 1580 492 σι

1043 507 1086 534 iii.
1110 508 1188 535 Certe
1198 508 1307 542 quidem
1333 508 1378 535 illa
1401 508 1574 543 ampliﬁcatio
1596 509 1664 536 facta
1677 517 1733 537 non
1747 515 1790 537 est

1004 560 1038 579 ex
1067 553 1222 580 narratione
1247 561 1294 580 seu
1316 553 1406 589 elogio
1428 553 1572 590 Menologii
1587 553 1716 585 Basiliani
1736 554 1790 582 :in

1006 598 1058 625 hoc
1071 606 1189 632 nnnqne
1219 599 1318 626 dicitur
1346 599 1375 626 S.
1394 599 1526 628 Romulus
1548 605 1644 628 auctor
1671 600 1789 635 primum

1005 644 1091 671 fuisse
1107 643 1236 678 Traiano,
1251 645 1414 672 ἀποστεῖλαι
1427 646 1469 677 sic
1480 646 1528 682 τὴν
1551 645 1667 674 Γαλλίαν
1680 651 1746 680 ete.,
1759 653 1790 674 ut

1006 689 1137 720 mitteret,
1152 689 1206 721 vel,
1227 689 1266 716 uti
1279 689 1433 718 Galesiuius
1443 695 1469 718 et
1482 690 1621 720 Arcadius
1635 697 1787 725 verterunt,

1005 735 1055 762 iret
1068 735 1094 763 in
1112 735 1235 768 Galliam,
1248 735 1395 764 Asiaticam
1405 743 1516 771 nempe.
1534 737 1561 765 id
1575 741 1628 769 est.
1641 736 1786 770 Galatiam,

1005 781 1158 816 militesque
1180 781 1352 810 Christianos
1368 782 1423 810 diis
1437 782 1579 812 immolare
1595 783 1793 818 compelleret;

1003 827 1103 855 deinde
1121 828 1282 862 poenitentia
1296 828 1396 855 ductus
1407 828 1556 857 credidisse
1579 829 1605 856 in
1636 829 1788 857 Christum.

1004 872 1202 906 Metaphrastes
1218 881 1292 906 vero,
1309 873 1441 902 mirabilia
1453 875 1579 902 omittere
1593 875 1664 902 haud
1680 875 1786 907 solitas,

1004 919 1116 953 impium
1131 919 1196 946 illud
1223 919 1332 947 Romuli
1347 920 1501 953 consilium,
1516 924 1636 949 secutam
1652 921 1788 955 poeniten-

1002 965 1067 992 tiam
1091 970 1119 992 et
1128 965 1339 993 conversionem
1363 974 1399 993 ne
1420 966 1506 994 verbo
1523 967 1634 1001 quidem
1653 966 1762 1002 attingit
1776 975 1785 993 ξ

1003 1011 1057 1038 imo
1081 1016 1175 1038 contra
1199 1011 1328 1044 insinuat,
1356 1020 1419 1040 eum
1446 1013 1500 1048 jam
1521 1017 1585 1041 ante
1600 1012 1786 1043 Christianum

1002 1055 1097 1083 fuisse.
1114 1057 1189 1084 Mitto
1201 1057 1269 1083 alias
1291 1057 1501 1092 diseropantias,
1527 1057 1608 1085 facile
1628 1059 1663 1086 ab
1678 1059 1786 1087 erudito

1002 1103 1103 1130 lectore
1140 1103 1337 1132 observandas.
1367 1103 1445 1136 Quod
1474 1108 1578 1139 spectat
1601 1105 1635 1132 ad
1659 1105 1785 1133 undecim

1001 1148 1080 1175 mille
1093 1148 1227 1182 relegatos
1238 1148 1349 1182 milites,
1373 1158 1382 1175 ‹
1401 1149 1565 1183 Coniectura
1583 1150 1720 1182 ducimur.
1741 1150 1786 1178 in-

1001 1193 1062 1228 quit
1079 1193 1212 1221 Baronius
1227 1194 1261 1221 ad
1279 1201 1381 1221 annum
1398 1193 1459 1227 £08,
1484 1199 1513 1222 ut
1527 1195 1716 1225 existimemus
1736 1195 1786 1223 hos

1001 1239 1060 1266 illos
1084 1239 1156 1274 ipsos
1167 1247 1226 1266 esse
1242 1239 1337 1267 decem
1354 1240 1428 1267 mille
1442 1240 1683 1275 praestantissimos
1710 1249 1785 1268 mar-

1001 1289 1082 1319 tyres,
1103 1285 1147 1319 qui
1164 1285 1191 1312 in
1206 1285 1282 1312 silvis
1299 1286 1399 1313 montis
1414 1286 1509 1316 Ararat
1527 1286 1555 1313 in
1575 1287 1703 1315 Armenia
1721 1291 1785 1315 sunt

1000 1330 1134 1357 cruciﬁxi.
1159 1340 1168 1356 ›
1188 1330 1244 1358 lloc
1265 1331 1287 1358 si
1305 1338 1400 1359 verum
1427 1331 1472 1363 sit,
1494 1331 1645 1364 manifesta
1662 1332 1785 1360 falsitatis

1000 1375 1200 1402 convincuntur
1232 1377 1346 1403 istorum
1375 1377 1566 1404 (rnriiixornm
1593 1377 1676 1411 Acta;
1701 1378 1783 1404 Baro-

1000 1421 1061 1448 nius
1086 1421 1185 1455 quippe
1205 1421 1265 1448 loco
1289 1421 1372 1448 citato
1392 1422 1543 1456 praemittit,
1563 1422 1688 1450 undecim
1710 1422 1783 1449 mille

1000 1467 1100 1494 milites
1116 1467 1242 1495 inventos
1262 1466 1349 1494 fuisse
1363 1467 1534 1495 Christianos
1548 1475 1562 1495 a
1575 1467 1692 1503 Trajauo
1702 1476 1783 1496 exer-

999 1513 1082 1540 citum
1107 1513 1239 1540 lustrante
1263 1518 1414 1548 :martyres
1431 1518 1519 1540 autem
1548 1513 1677 1542 Crucii‘txi
1696 1514 1781 1542 idolo-

162 1557 329 1585 Yeronensis
343 1562 416 1584 tomo
433 1557 465 1585 Vl
483 1557 604 1585 \‘ilarum
625 1557 688 1589 SS.,
709 1565 789 1592 quam
809 1557 945 1592 'tmerpre-
960 1569 981 1599 ρ
998 1558 1072 1587 latrat
1083 1557 1172 1585 adhuc
1183 1562 1259 1585 erant
1282 1562 1404 1592 tempore
1415 1558 1537 1591 Adriani,
1550 1559 1659 1594 quando
1671 1559 1784 1594 angelus

162 1603 290 1630 tationem
307 1603 420 1631 inferius
431 1604 569 1637 recudam,
586 1604 633 1631 sed
646 1608 820 1631 morenostro
831 1603 945 1631 divisam

161 1648 188 1675 in
203 1650 291 1684 capita
303 1654 330 1676 et
348 1658 489 1683 numeros,
503 1655 532 1677 ut
543 1650 643 1678 (ιι-κλῦθὶ
655 1649 805 1677 narrationi
823 1649 951 1677 similiter

161 1693 315 1720 dividenda:
333 1697 505 1729 respondeat.
533 1695 667 1723 Baronius
684 1695 717 1721 ad
740 1695 813 1721 hunc
825 1694 896 1722 diem
916 1702 947 1721 ea

159 1746 239 1766 vocat
251 1741 318 1767 Acta
335 1741 364 1768 S.
393 1741 512 1774 liornuli,
543 1741 606 1776 quia
630 1748 728 1775 nempe
754 1741 788 1768 de
813 1740 872 1775 ipso
893 1740 949 1774 agit

161 1793 234 1821 prior
250 1787 359 1813 illorum
374 1795 452 1821 pars;
470 1791 498 1814 at
520 1787 621 1814 rectius
639 1786 672 1813 ab
693 1786 756 1813 aliis
774 1786 947 1820 appellantur

162 1830 330 1865 reliquorum
346 1831 427 1858 etiam
444 1836 592 1866 martyrum
616 1831 738 1864 nomine,
752 1838 867 1865 quorum
880 1838 946 1865 ago-

162 1883 235 1907 nem,
251 1875 280 1901 S.
301 1876 415 1903 Eudoxii
434 1876 584 1910 praasertim
607 1875 692 1910 magis
707 1876 767 1902 fuse
783 1875 946 1903 describunt

162 1927 223 1955 post
244 1927 385 1949 narraturo
408 1921 515 1949 Romuli
545 1921 715 1956 martyrium.
735 1920 819 1947 Miror
843 1926 944 1952 tamen,

161 1966 233 1999 quod
261 1966 347 1993 Grzeci
365 1971 522 1994 sanctorum
547 1971 601 1994 tam
629 1966 746 1993 diversis
768 1966 943 2000 temporibus,

1000 1604 1026 1630 in
1048 1610 1144 1638 campo
1163 1610 1299 1637 apparens
1320 1603 1400 1630 fidem
1428 1603 1530 1631 Christi
1555 1603 1593 1630 eis
1613 1604 1782 1639 praedicavit.

1000 1648 1039 1675 uti
1057 1651 1184 1675 narratur
1201 1653 1267 1675 tom.
1284 1646 1316 1674 IV
1331 1647 1403 1674 Junii
1423 1648 1456 1676 ad
1474 1648 1546 1675 diem
1562 1649 1596 1675 ‘22
1614 1649 1639 1675 iu
1660 1648 1781 1684 ipsorum

999 1694 1085 1726 Actis,
1099 1702 1159 1729 quae
1180 1695 1292 1725 ibidem,
1314 1702 1328 1721 a
1346 1702 1408 1729 pag.
1432 1694 1492 1726 175,
1509 1694 1711 1722 Commentario
1730 1695 1782 1722 cri-

994 1739 1054 1766 tico
1082 1740 1203 1766 excussit
1222 1739 1428 1774 Papebrocbius
1444 1746 1476 1772 ac
1497 1738 1617 1766 fabulosa
1629 1746 1690 1766 esse
1703 1746 1782 1765 mon-

999 1785 1105 1813 stravit.
1123 1784 1278 1812 Verisimile
1294 1784 1376 1811 etiam
1399 1792 1452 1811 non
1472 1787 1526 1815 est,
1553 1783 1678 1810 undecim
1699 1784 1782 1811 millia

996 1830 1136 1858 hominum
1158 1829 1240 1857 simul
1259 1830 1318 1856 neci
1337 1831 1398 1857 data
1414 1829 1499 1857 fuisse
1516 1837 1531 1860 α
1551 1828 1669 1865 Traiano
1685 1838 1692 1856 :
1706 1836 1782 1857 certe

995 1876 1022 1903 id
1035 1875 1234 1910 Metaphrastes
1256 1883 1311 1904 non
1323 1876 1453 1909 siluisset,
1466 1876 1490 1903 si
1510 1876 1536 1902 in
1550 1876 1669 1911 antiquis
1683 1883 1781 1904 monu.

995 1922 1096 1949 mentis
1109 1922 1267 1956 repet-isset.

158 2039 1777 2065 Im

811 2106 1126 2151 ΜΑΡΤΥΡΙΟΝ

237 2147 411 2247 ΤΟΥ
461 2179 719 2248 ΑΓΙΟΥ
763 2147 1218 2249 ΜΑΡΤΥΡΟΣ
1267 2176 1700 2247 ΕΥΔΟΞΙΟΥ

454 2277 514 2304 ΚΔ]
542 2277 608 2304 ΤΩΝ
639 2277 707 2304 ΣΥΝ
735 2276 828 2312 ΔΥΤῼ
853 2275 1084 2305 ΔΘΛΗΣΑΝΤΩΝ
1111 2274 1211 2302 ΛΓΙΩΝ
1238 2275 1438 2303 ΜΔΡΤΥΡΩΝ.

351 2348 980 2487 ΜΑΒΤῩΒΙΗΜ

1017 2405 1096 2483 S.
1183 2403 1590 2491 EUDOXII

743 2532 814 2576 ΕΤ
869 2528 1197 2576 SOCIORUM.

887 2667 1000 2696 CAPUT
1031 2666 1053 2697 Ι.

162 2712 249 2741 υίιὸιρι
267 2714 428 2742 Christianos
457 2715 483 2741 in
506 2714 627 2742 exsilium
649 2714 721 2747 pellit
750 2713 882 2748 Trajanus
896 2722 904 2741 :
920 2715 947 2740 id
975 2714 1127 2749 improbam
1156 2712 1185 2740 S.
1207 2711 1333 2739 Romula
1347 2717 1371 2739 at
1384 2714 1474 2744 mm
1494 2709 1628 2738 Christum
1652 2707 1776 2742 ron/imi:

767 2749 908 2783 gloriosum
919 2749 985 2776 subit
996 2749 1165 2784 martyrium.

194 2807 236 2835 Δ“.
252 2807 384 2843 Τραῖανοῦ
401 2807 446 2834 τοῦ
461 2807 608 2840 δυσσεὸοὖς
628 2807 758 2843 βασιλέως
778 2807 877 2843 πολλὴν
894 2807 944 2842 μὲν

1034 2808 1054 2834 l.
1071 2806 1186 2841 Trajano
1203 2806 1241 2842 (i)
1259 2805 1342 2841 impio
1357 2805 1520 2840 imperatore
1536 2803 1563 2831 in
1575 2802 1771 2831 exsecrandum

198 2862 377 2900 (1)1'rajanus
392 2864 534 2896 imperium
559 2865 678 2900 suscepit
698 2872 769 2892 anno
782 2863 882 2898 Christi
891 2864 934 2898 98,
950 2869 1072 2893 mortuus
1091 2867 1131 2891 est
1148 2863 1206 2890 H7.

322 2913 456 2942 Pnnor..
474 2913 529 2941 Gn.
547 2912 637 2942 CXV.

1306 2917 1337 2951 ,-.
1598 2905 1636 2936 ρο
