2034 3152
159 158 209 194 ιρι

639 160 734 192 ACTA
754 160 806 191 SS.
827 157 1007 196 EUDOXH,
1029 156 1193 194 ROMULI,
1213 157 1293 189 ιτα.

1729 156 1784 190 ωε

161 219 297 256 ιξυσρίζιι
310 219 360 255 μιν
370 219 410 251 εἰς
425 219 488 251 τοὺς
499 218 603 246 ἑκείνου
617 218 695 249 θεοὺς
705 217 816 252 ἀναίδην
829 225 836 233 ·
849 215 946 252 ὁμολο-

1000 218 1028 241 et
1041 213 1236 241 ardentissimo
1247 212 1308 248 ejus
1321 211 1379 240 zelo
1393 212 1420 240 in
1439 213 1533 242 animo
1542 220 1685 246 accensus,
1697 213 1783 242 libere

163 267 204 300 γεΐ
219 265 248 292 δὲ
265 265 392 300 φανερῶς
409 265 454 291 τὸν
470 264 588 300 Χριστὸν
605 264 652 291 καὶ
666 263 884 299 παρρησιάζεται
897 261 946 297 τὴν

160 313 312 341 εὐσέϐειαν.
346 312 492 349 ’Δγριάνας
519 312 608 338 τοίνυν
638 310 766 337 ὲπιπλέον
795 307 945 342 Τραϊανὸς,

161 359 265 386 κελεύει
281 358 399 395 ταθῆναι
413 356 508 384 τοῦτον
522 357 570 384 καὶ
589 355 699 391 ῥάϐδοις
712 353 877 386 αἰκίζεσθαι.

193 445 230 474 Δ’.
257 447 289 473 '0
316 445 407 481 μέντοι
435 443 572 480 Ῥωμύλος
589 443 713 479 εὐψύχως
730 442 874 477 δεχόμενος
897 440 947 471 τὰς

161 492 277 527 πληγὰς,
302 491 360 518 Νῦν
378 490 531 525 εὐεργετῶν
552 499 586 525 με
611 489 666 516 ῐσθι
683 489 717 516 τὰ
740 487 866 524 μέγιστα,
880 485 948 520 πρὸς

160 538 294 574 Τραϊανὸν
314 537 389 564 ισόα.
404 536 441 563 Τό
460 545 489 563 τε
509 536 563 572 γὰρ
594 536 674 571 σῶμα
694 534 758 570 ἐμοὶ
779 533 819 568 τῷ
840 529 948 567 ἐρυθρῷ

158 583 244 618 τούτῳ
272 583 486 619 περιρρεόμενον
515 583 613 617 αἵματι
632 582 677 608 τὸν
692 582 724 608 ἐκ
737 580 787 615 τῆς
805 577 948 611 είδωλικῆς

159 629 270 663 κνίσσης
288 628 396 665 δυσώδη
421 628 559 664 μολυσμὸν
583 627 755 659 ἁπολούιται,
778 625 825 652 καὶ
841 625 858 660 ἠ
873 623 947 658 ψυχὴ

158 675 185 702 δὲ
208 675 364 710 ἀφθαρσίας
389 674 489 710 χιτῶνα
513 674 634 709 καθαρὸν
660 671 864 708 περιϐάλλεται.
889 669 948 695 Οὐκ

157 721 256 756 ﬂveny
277 721 363 748 ταῦτα
380 720 522 756 Τραϊανὸς,
542 719 599 747 ἀλλ’
613 720 654 751 είς
672 717 784 745 πλείονα
796 716 842 743 τὸν
863 713 947 749 θυμὸν

158 767 317 803 προαχθεὶς,
334 768 446 803 ταχεῖαν
460 766 550 794 αὐτῶν
562 766 723 800 ἀπαλλαγὴν
735 763 864 797 ἐπίτομόν
876 769 905 787 τε
918 760 948 787 τὸ

161 813 313 848 μαρτύριον
329 813 494 849 διεπράξατο
505 821 513 829 ·
536 813 583 839 καὶ
599 811 736 847 τμηθῆναι
758 809 808 844 τὴν
825 807 948 841 κεφαλὴν

164 859 305 893 Ῥωμύλου
325 858 482 893 ψηφίζεται.
512 857 543 884 '0
561 857 611 892 μὲν
635 856 681 882 οὖν
707 855 824 889 ἄσμενος
852 852 882 878 τδ
904 850 948 877 διὰ

997 259 1109 292 quidem
1131 263 1159 285 et
1183 257 1268 287 eﬂuse
1291 258 1364 286 illius
1390 258 1456 286 deos
1478 259 1586 294 probris
1608 259 1781 292 insectatur.

997 304 1137 332 Christum
1176 309 1269 332 autem
1296 309 1390 339 aperte
1421 304 1576 337 conﬁtetur,
1602 309 1631 333 et
1651 305 1781 340 pietatem

998 349 1130 377 audacter
1146 348 1300 384 proﬁtetur.
1312 349 1398 384 Magis
1412 349 1503 384 itaque
1512 349 1635 378 irritatus
1648 350 1782 386 Traianus

996 396 1074 431 jubet
1093 403 1156 423 eum
1172 395 1282 422 extendi
1300 400 1328 422 et
1348 395 1432 430 virgis
1449 395 1525 423 caedi.

1033 441 1081 469 IV.
1097 441 1230 470 Romulus
1245 444 1338 468 autem
1355 448 1454 476 magno
1470 446 1498 469 et
1509 441 1573 469 forti
1587 441 1678 470 animo
1691 443 1785 479 plagas

998 486 1138 522 accipiens
1166 496 1173 512 :
1200 485 1279 514 Nunc
1295 486 1377 519 scias,
1394 494 1437 514 me
1455 487 1573 515 maximo
1592 487 1660 515 allici
1680 488 1784 516 beneﬁ-

998 533 1071 566 ticio,
1086 532 1259 560 exclamabat
1275 532 1309 560 ad
1320 531 1600 568 Trajanum.’Corpus
1612 534 1696 567 enim.
1709 534 1783 569 quod

999 579 1052 606 hoc
1065 579 1150 606 rubro
1160 579 1229 606 mihi
1239 579 1372 614 sanguine
1385 579 1562 612 circumﬂuit,
1576 580 1663 607 abluit
1676 581 1783 614 sordes.

998 632 1065 660 quas
1079 624 1202 652 contraxi
1212 631 1246 652 ex
1260 624 1355 652 nidore
1365 625 1593 656 simulacrorum:
1614 630 1643 653 et
1660 626 1784 654 induitur

998 671 1090 698 anima
1102 671 1203 699 munda
1217 671 1310 698 tunica
1326 671 1553 707 incorruptionis.
1570 671 1630 700 Non
1645 672 1708 700 tulit
1725 673 1784 701 haec

999 715 1145 752 Trajanus,
1177 716 1226 744 sed
1247 716 1345 751 majori
1379 716 1419 743 ira
1442 716 1575 752 percitus.
1607 717 1631 744 ei
1665 718 1784 746 celerem

999 767 1143 798 comparat
1153 762 1363 794 liberationem.
1381 767 1408 790 et
1425 762 1510 791 breve
1520 762 1784 799 ellicitmartyrium;

998 813 1025 836 et
1047 808 1183 841 decernit.
1209 813 1239 836 ut
1268 812 1351 844 caput
1372 808 1483 837 Romuli
1510 813 1676 845 amputetur.
1696 810 1786 845 Atque

999 853 1044 881 ille
1054 854 1165 889 quidem
1190 852 1308 881 libenter
1321 861 1418 881 ensem
1450 853 1555 889 aspexit
1573 858 1686 889 propter
1706 853 1784 881 Chri-

159 903 277 938 Χριστὸν
301 900 354 930 εἶδε
379 903 465 938 ξίφος,
483 903 530 930 καὶ
556 902 652 937 ἥδιστα
675 900 706 927 τὸ
730 899 778 926 τοῦ
796 895 946 933 μαρτυρίου

999 902 1084 931 stum,
1101 902 1128 925 et
1146 898 1346 933 iucundissime
1358 897 1444 926 subiit
1456 897 1577 926 stadium
1594 897 1730 933 martyrii.

159 948 259 984 ιπῆλθε
278 949 395 976 στάδιον.

867 989 991 1020 CAPUT.
1017 988 1050 1018 ll.

160 1043 191 1071 S.
221 1042 356 1070 Eudoxius
382 1044 475 1080 missos
499 1044 534 1070 ad
559 1042 767 1080 se_capiendum_
777 1037 1015 1080 conuiuio‘efsfipit:
1025 1036 1088 1080 μξίιι
1101 1041 1196 1080 spotth
1212 1038 1265 1064 adit
1279 1038 1541 1080 _prte_si¢_iem.'.corain
1555 1047 1605 1075 quo
1623 1039 1703 1074 ﬁdem
1722 1048 1785 1075 pro-

450 1078 543 1113 ﬁtetur
556 1070 722 1112 balteu'mque
741 1075 843 1110 objicit.
858 1070 986 1100 militibus
1004 1070 1074 1098 “04
1093 1072 1242 1105 exemplum
1259 1070 1317 1107 ejus
1332 1070 1508 1105 imitantibus.

192 1136 231 1164 E’.
251 1135 354 1172 Συχνοῦ
373 1135 402 1163 5t
423 1136 524 1172 μεταξὺ
541 1135 691 1166 διελθόντος
711 1134 818 1170 χρόνου,
835 1130 948 1165 Διοκλη-

157 1183 248 1214 τιανὺς
262 1182 313 1217 μὲν
325 1182 421 1218 αῖματι
433 1182 556 1217 ιμφυλίῳ
568 1181 616 1208 καὶ
629 1180 766 1216 τυραννίδι
775 1179 888 1206 κλέπτει
899 1175 948 1212 τὴν

158 1227 296 1263 βασιλείαν
309 1236 316 1244 ·
336 1229 484 1263 φιλονεικεῖ
501 1228 529 1254 δὲ
545 1227 609 1259 τοὺς
629 1227 682 1263 πρὸ
701 1225 782 1252 αὑτοῦ
800 1223 949 1261 τυράννους

157 1274 229 1301 κατά
238 1282 271 1308 γε
288 1274 334 1300 τὸν
348 1274 396 1309 τῆς
413 1273 554 1309 ὠμότητος
570 1273 616 1298 καὶ
633 1272 678 1298 τον
697 1271 746 1306 τῆς
759 1268 887 1299 ἀσεὸείας
903 1267 950 1293 λό-

157 1328 206 1354 τον
219 1319 394 1356 ὑπερϐαλεῖν,
410 1321 456 1346 καὶ
469 1319 518 1356 τὴν
535 1318 646 1346 ἐκείνων
661 1318 811 1352 ἀγριότητα
826 1312 948 1349 φανερὰν

157 1366 243 1399 δεῖξαι
264 1366 486 1401 φιλανθρωπίαν·
511 1365 571 1392 ὅθεν
596 1364 629 1396 δὴ
650 1363 824 1397 διατάγματα
843 1358 945 1393 συνεχῆ

157 1411 347 1447 ιατελάμϐανε
362 1412 392 1438 τὸ
409 1411 539 1447 ὑπήκοον,
550 1410 568 1446 ἢ
582 1410 687 1439 πάντας
699 1407 774 1442 αὐτῷ
783 1405 946 1439 κοινωνῆσαι

155 1457 205 1491 τῆς
221 1456 348 1489 ἀσεϐείας
360 1477 367 1490 ,
383 1456 400 1492 ἢ
418 1456 531 1483 θάνατον
547 1456 638 1486 αὐτοῖς
653 1452 722 1480 εἶναι
739 1453 768 1479 τὸ
784 1451 835 1486 τῆς
858 1458 947 1485 παρα-

156 1503 224 1538 κοῆς
242 1503 390 1537 ἐπιτίμιον.
409 1502 568 1538 Χριστιανοὶ
583 1502 673 1528 τοίνυν
688 1500 731 1527 διὰ
749 1499 778 1526 τδ
793 1499 841 1534 τῆς
860 1498 945 1534 ὀργῆς

156 1549 203 1575 τοῦ
217 1549 316 1584 ἀνδρὸς
332 1549 436 1584 ἄμαχόν
451 1557 480 1576 τε
496 1549 544 1576 καὶ
562 1547 654 1580 δεινῶς
670 1547 775 1582 ἄγριον,
795 1545 819 1571 οί
835 1544 884 1579 μὲν
897 1543 946 1574 τὰς

159 1595 228 1630 μετὰ
240 1594 296 1621 τῶν
308 1595 408 1630 θηρίων
426 1595 455 1622 ὲν
468 1595 581 1630 ἐρήμοις
592 1594 733 1629 διατριϐὰς
746 1592 794 1627 τῆς
808 1590 878 1626 μετὰ
891 1589 945 1616 τῶν

157 1640 311 1676 ἀνθρώπων
330 1642 430 1676 μᾶλλον
447 1641 608 1676 προέκρινον
627 1640 766 1670 συνοικίας
779 1647 786 1654 ·
805 1639 832 1665 et
848 1637 877 1664 δὲ
894 1637 945 1672 ὗρη

158 1688 206 1714 καὶ
220 1687 351 1722 σπήλαια,
363 1688 412 1714 καὶ
423 1688 472 1713 ὅσα
485 1686 596 1713 δύναται
608 1685 752 1722 κρύπτειν,
767 1683 945 1718 ὑποδυόμενοι

159 1734 206 1760 καὶ
222 1734 304 1760 αὑτὸν
315 1752 323 1766 ,
341 1733 378 1765 ὡς
392 1730 477 1760 οἷόντε
486 1754 494 1767 ,
511 1733 556 1760 τὸν
568 1733 643 1768 ἥλιον
656 1730 792 1758 διαλαθεῖν
805 1729 943 1756 ἔσπενδον.

194 1825 240 1858 ς’.
262 1823 398 1850 Ἐνταῦθα
417 1821 549 1858 μηνύεται
570 1828 612 1853 τις
635 1819 760 1855 εὺσεὸὴς,
773 1817 821 1845 καὶ
841 1816 889 1844 τοῦ
908 1816 946 1852 μὴ

160 1870 250 1898 λαθεῖν
274 1869 359 1900 ὅντως
386 1868 472 1901 ἄξιος,
500 1867 624 1899 Εὐδόξιος
651 1866 668 1902 ἢ
693 1864 833 1900 Μαριανδς
860 1863 946 1898 ονομα

160 1917 245 1951 ἀνήρ’
259 1916 424 1951 ἀμφοτέροις
442 1914 495 1949 γὰρ
509 1913 708 1949 ὲκυριολογεῖτο
724 1912 780 1942 τοῖς
795 1910 926 1945 ὀνόμασιν
936 1916 943 1924 ·

160 1962 211 1989 ἀπὸ
225 1962 414 1998 πριμιχηρίων
426 1960 454 1987 δι
465 1959 513 1996 τὴν
524 1959 613 1992 ἀξίαν,
625 1956 658 1995 ἧς
668 1958 711 1985 διὰ
723 1958 768 1984 τὸν
780 1957 819 1987 είς
829 1954 945 1990 Χριστὸν

161 2009 241 2036 πόθον
250 2007 468 2044 ἀπεληλαμένος,
477 2007 505 2033 ὲν
514 2007 547 2041 τῇ
557 2006 612 2031 τῶν
621 2006 749 2040 κυμήτων
758 2001 927 2036 ὑπεὸισάσθη
937 2009 943 2015 ·

161 2055 206 2082 καὶ
218 2055 321 2091 ταύτης
334 2054 362 2081 δὲ
380 2054 417 2089 μὴ
430 2053 530 2088 τυχὼν,
544 2052 672 2088 ἔστερξεν
687 2051 720 2078 ἂν
733 2049 773 2085 τῷ
786 2048 947 2083 ποθουμένῳ

163 2102 234 2137 μόνῳ
257 2099 515 2136 παρακαλούμενος.
540 2098 683 2134 Μηνύιται
700 2097 728 2124 δι
745 2096 776 2123 τὸ
795 2094 947 2131 τηνικαῦτα

161 2147 314 2183 Μελιτηνῆς
331 2146 445 2182 ἡγεμόνι
459 2155 465 2162 ·
485 2145 514 2178 ὃς
539 2144 631 2180 ἑπειδὴ
646 2144 681 2171 τὰ
700 2144 765 2178 περὶ
783 2142 831 2169 τοῦ
851 2141 948 2177 ἀνδρὸς

162 2194 265 2220 ἱκαστα
284 2193 454 2229 μεμαθψιοι,
469 2193 532 2224 τοὺς
548 2191 662 2225 ἄξοντας
678 2190 760 2216 αὑτὸν
773 2189 945 2224 παραχρῆμα

162 2240 308 2274 ἐκπέμπει.
339 2238 424 2265 Τοῦτο
449 2238 477 2264 δὲ
504 2238 542 2273 μὴ
567 2237 612 2264 τὸν
635 2235 759 2268 Εὑδόξιον
781 2234 875 2266 λαθὸν,
903 2233 948 2260 εὐ-

162 2286 321 2322 τελεστέραν
336 2285 515 2320 περιθέμενος
528 2283 578 2319 τὴν
590 2282 696 2318 στολὴν,
709 2282 753 2309 ἵνα
765 2282 803 2317 μὴ
815 2282 889 2313 ὅστις
903 2281 947 2314 εἴη

162 2332 278 2366 φανερὸς
303 2331 419 2365 γένοιτο,
445 2329 622 2366 ιμφανίζεται
637 2330 694 2360 τοῖς
719 2327 946 2363 ἀπεσταλμένοις.

161 2376 334 2413 Ἐντυχὸντες
355 2375 446 2403 τοίνυν
477 2376 567 2406 αὐτοῖς
597 2374 669 2412 [imo
684 2374 770 2411 αύτῷ]
794 2375 841 2401 καὶ
865 2375 948 2409 μήπω

160 2425 251 2452 τοῦτον
269 2425 374 2452 ἐκεῖνον
390 2424 460 2451 εἶναι
481 2423 653 2458 νομίσαντες,
673 2422 727 2457 ὅπη
742 2422 796 2459 ἄρα
813 2419 946 2455 διατρίϐοι

160 2473 174 2498 ὸ
193 2472 282 2507 κόμης
300 2471 437 2504 Εὺδόξιος,
458 2470 559 2501 εὐθέως
580 2468 703 2504 ἠρώτων.
733 2467 766 2494 '0
778 2467 823 2493 δι’
848 2466 881 2493 El
901 2473 946 2501 μοι

160 2518 306 2554 παρελθεῖν
329 2518 470 2552 ὶθελήσςτε
488 2516 528 2548 εις
547 2515 596 2550 τὴν
626 2514 728 2549 στάγην
755 2512 792 2550 [ί.
821 2510 946 2548 asty-qv],

160 2565 327 2600 ἡμερώτατα
342 2565 410 2599 πρὸς
427 2563 524 2594 αὐτοις
541 2562 605 2597 ἔφη,
625 2561 674 2587 καὶ
690 2560 776 2595 βραχὺ
792 2558 838 2585 τὸν
853 2559 885 2585 ὲκ
899 2558 947 2592 τῆς

159 2612 218 2638 ὁδοῦ
243 2612 329 2638 κόπον
354 2607 548 2638 διανιπαῦσαι,
571 2607 619 2633 καὶ
643 2606 784 2641 τραπέζης
807 2604 854 2632 καὶ
876 2603 946 2630 ἀλῶν

159 2657 335 2692 κοινωνῆσαι,
355 2653 410 2689 ὶγὼ
425 2654 490 2689 ὑμῖν
501 2653 546 2680 τὸν
564 2651 731 2687 ζητούμενον
747 2650 889 2682 ὑποδείξω.

195 2774 582 2814 (6);}nnorumscilieetiti'l.
613 2773 747 2814 Traianus
779 2771 852 2814 enim
880 2770 948 2814 obiit

159 2810 233 2842 anno
241 2812 351 2854 Christi
360 2810 422 2844 ll‘l,
435 2810 617 2838 Diocletianus
629 2816 692 2837 vero
701 2810 844 2844 imperium
853 2813 948 2835 susce-

159 2851 201 2886 pit
215 2856 286 2875 anno
300 2847 366 2875 284.
547 2879 554 2886 .
701 2878 707 2885 ι

195 2883 235 2918 (7)
243 2883 353 2910 Crimen
366 2881 431 2917 Apri
447 2884 573 2916 praetorio
587 2878 719 2915 praefecti,
747 2878 794 2913 qui
826 2875 942 2912 imperio

1033 1128 1065 1156 V.
1080 1127 1147 1156 Cum
1156 1129 1270 1158 multum
1277 1135 1366 1158 autem
1375 1131 1571 1160 intercessisset
1591 1132 1720 1168 temporis
1734 1132 1784 1168 (Β),

998 1175 1190 1203 Diocletianus
1204 1176 1314 1211 quidem
1341 1177 1473 1213 sanguine
1506 1178 1635 1206 intestino
1651 1183 1678 1207 et
1693 1184 1786 1214 tyran—

997 1220 1060 1248 nide
1074 1221 1179 1248 invadit
1196 1222 1340 1257 imperium
1356 1222 1407 1258 (7),
1420 1223 1559 1251 contendit
1573 1228 1663 1251 autem
1677 1232 1724 1252 eos
1737 1226 1786 1260 qui

997 1273 1194 1302 praecesserant
1210 1271 1339 1303 tyrannos
1354 1269 1516 1296 crudelitate
1531 1276 1662 1305 superare
1682 1275 1710 1297 et
1734 1270 1786 1297 im-

1006 1312 1118 1347 pietate,
1133 1316 1160 1339 et
1175 1313 1319 1340 ostendere
1342 1313 1451 1341 illorum
1476 1314 1605 1342 saevitiam
1630 1314 1715 1342 fuisse
1734 1315 1786 1342 hu-

999 1358 1170 1387 manitatem.
1187 1358 1264 1386 Unde
1280 1359 1360 1386 etiam
1380 1359 1414 1387 ad
1428 1367 1475 1387 eos
1494 1361 1540 1395 qui
1564 1361 1637 1388 illius
1654 1361 1786 1396 parebant

999 1403 1128 1438 imperio,
1157 1404 1248 1431 edicta
1267 1405 1415 1433 veniebant
1443 1405 1611 1441 frequentia,
1633 1411 1664 1434 ut
1689 1414 1786 1435 omnes

999 1448 1040 1475 Vel
1054 1455 1116 1475 cum
1135 1455 1168 1475 eo
1192 1449 1413 1476 communionem
1435 1449 1582 1485 impietatis
1603 1451 1784 1486 susciperent.

996 1493 1040 1520 vel
1055 1501 1129 1520 mors
1145 1498 1218 1521 esset
1237 1494 1276 1521 eis
1298 1501 1378 1529 pcena
1406 1494 1608 1523 inobedientire.
1635 1495 1785 1524 Christiani

959 1533 981 1563 ο
998 1541 1090 1575 itaque
1105 1545 1217 1575 propter
1234 1547 1333 1567 savam
1348 1545 1377 1568 et
1392 1540 1538 1568 immanem
1554 1542 1627 1569 illius
1644 1542 1722 1574 iram,
1739 1543 1786 1570 alii

996 1586 1105 1621 quidem
1125 1587 1262 1613 malebant
1276 1594 1338 1614 cum
1361 1586 1426 1614 feris
1441 1587 1562 1614 habitare
1580 1588 1607 1615 in
1632 1589 1788 1616 solitudini-

996 1631 1058 1665 bus,
1075 1640 1155 1667 quam
1172 1631 1252 1658 simul
1266 1639 1327 1658 cum
1342 1631 1517 1660 hominibus:
1536 1632 1582 1660 alii
1603 1637 1693 1660 autem
1709 1641 1788 1661 mon-

998 1681 1038 1704 tes
1055 1682 1082 1704 ct
1108 1677 1252 1712 speluncas
1273 1681 1301 1704 et
1340 1685 1509 1712 quiscunque
1543 1678 1633 1706 celare
1662 1684 1787 1714 poterant

997 1723 1145 1751 subeuntes
1166 1723 1329 1756 studebant,
1350 1723 1439 1758 quoad
1453 1725 1513 1759 ejus
1528 1723 1586 1752 ﬁeri
1608 1730 1725 1760 poterat.
1743 1726 1786 1754 vel

997 1768 1085 1803 ipsum
1101 1769 1184 1796 solem
1202 1769 1297 1799 latere.

1033 1813 1077 1842 Vl.
1092 1814 1132 1841 Eo
1150 1820 1274 1850 tempore
1288 1814 1409 1842 defertur
1418 1815 1526 1850 quidam
1543 1817 1585 1844 vir
1596 1818 1674 1853 pius.
1688 1824 1716 1846 et
1729 1819 1788 1854 pla-

998 1871 1033 1890 ne
1052 1863 1179 1899 indignus
1197 1863 1243 1899 qui
1258 1863 1363 1891 lateret.
1387 1863 1418 1891 Ei
1430 1872 1531 1892 nomen
1548 1870 1608 1893 erat
1636 1865 1786 1900 Eudoxius,

998 1914 1045 1936 aut
1061 1909 1195 1936 Marianus
1208 1915 1285 1942 ;erat
1308 1910 1381 1937 enim
1397 1915 1542 1944 utrumque
1555 1911 1580 1938 ei
1610 1919 1709 1940 nomen
1723 1921 1788 1948 pro-

996 1955 1087 1991 prium
1101 1975 1109 1982 .
1124 1954 1145 1982 Α
1162 1955 1294 1989 dignitate
1316 1959 1406 1982 autem
1430 1955 1632 1991 primiceriatus
1656 1959 1787 1993 expulsus

1000 2005 1114 2037 propter
1129 2008 1248 2028 amorem
1265 2000 1367 2028 Christi
1386 2021 1393 2034 ,
1415 2001 1593 2030 descenderat
1615 2003 1650 2030 ad
1672 2004 1786 2031 inferio-

998 2055 1056 2075 rem
1087 2047 1217 2075 comitum
1238 2047 1399 2081 dignitatem
1416 2055 1424 2081 ;
1445 2055 1526 2081 quam
1541 2048 1651 2083 quidem
1679 2051 1786 2078 etiamsi

999 2101 1054 2121 non
1069 2093 1166 2121 fuisset
1192 2098 1381 2127 consecutus,
1415 2093 1483 2121 satis
1513 2097 1605 2122 tamen
1645 2095 1788 2124 habuisset

999 2148 1061 2168 eum
1092 2140 1179 2168 solum
1217 2139 1312 2176 sequi,
1336 2147 1416 2176 quem
1445 2139 1627 2169 desiderabat.
1659 2142 1786 2170 Defertur

1000 2191 1090 2214 autem
1107 2186 1141 2214 ad
1161 2193 1223 2213 eum
1238 2205 1246 2218 ,
1271 2186 1317 2221 qui
1332 2190 1397 2214 tunc
1423 2190 1481 2214 erat
1506 2194 1608 2222 praeses
1636 2187 1784 2215 Melitenaa.

998 2231 1050 2264 Qui
1066 2239 1127 2258 eum
1144 2231 1178 2259 de
1199 2238 1234 2259 eo
1263 2230 1368 2266 singula
1398 2231 1597 2266 intellexisset,
1616 2232 1662 2267 qui
1696 2233 1785 2268 ipsum

997 2277 1141 2305 adducturi
1169 2281 1282 2309 essent,
1311 2277 1412 2304 emittit
1437 2278 1571 2312 protinus.
1603 2277 1661 2306 Hoc
1694 2283 1785 2307 autem

997 2329 1060 2350 cum
1073 2330 1128 2350 non
1147 2322 1271 2350 latuisset
1292 2322 1444 2350 Eudoxium
1459 2342 1468 2355 ,
1490 2323 1577 2350 viliori
1603 2328 1679 2352 veste
1704 2325 1785 2352 indu-

998 2371 1060 2399 tus.
1080 2374 1115 2394 ne
1127 2371 1202 2395 esset
1216 2366 1393 2394 manifestum
1406 2386 1414 2398 ,
1437 2367 1561 2402 quisnam
1583 2372 1678 2402 esset,
1694 2377 1723 2396 se
1739 2377 1785 2398 os-

998 2412 1085 2439 tendit
1099 2411 1133 2439 iis
1146 2412 1191 2447 qui
1219 2412 1295 2439 missi
1314 2413 1439 2440 fuerant.
1461 2412 1529 2441 Cum
1545 2421 1606 2440 eum
1637 2422 1703 2450 ergo
1715 2422 1784 2443 corr-

996 2458 1137 2486 venissent
1153 2463 1182 2486 et
1211 2459 1331 2486 nondum
1358 2466 1420 2486 eum
1441 2459 1517 2487 illum
1544 2467 1603 2488 esse
1624 2465 1782 2496 putassent,

996 2504 1107 2532 ubinam
1121 2509 1277 2533 versaretur
1293 2512 1384 2533 comes
1395 2505 1543 2539 Eudosius,
1558 2514 1621 2534 eum
1639 2512 1782 2543 rogarunt.

996 2549 1044 2577 llle
1057 2554 1159 2582 autem,
1186 2550 1214 2577 Si
1225 2557 1316 2578 meum
1335 2555 1435 2579 tectum
1452 2551 1544 2579 subire
1561 2552 1704 2580 volueritis
1715 2572 1723 2585 ,
1740 2553 1782 2581 eis

996 2596 1066 2624 dixit
1080 2596 1275 2632 benignissime
1286 2616 1294 2630 .
1309 2601 1337 2624 et
1353 2605 1368 2624 a
1391 2597 1484 2625 labore
1497 2597 1604 2625 itineris
1621 2605 1668 2626 vos
1685 2606 1782 2634 parum

1001 2648 1141 2674 recreare,
1157 2649 1313 2677 mensaque
1333 2646 1361 2670 et
1381 2642 1446 2670 salis
1469 2650 1577 2670 mecum
1595 2650 1657 2670 esse
1673 2643 1784 2678 partici-

1003 2695 1052 2723 pes
1064 2707 1072 2719 .
1089 2694 1138 2724 ego
1157 2688 1299 2716 ostendam
1321 2689 1399 2717 vobis
1415 2695 1478 2717 eum
1500 2696 1580 2724 quem
1595 2690 1728 2724 quaeritis.

1001 2770 1111 2798 inhians
1129 2770 1324 2806 Numerianum
1351 2777 1479 2806 generum
1497 2777 1577 2798 suum
1603 2777 1652 2806 per
1671 2768 1786 2806 insidias

1000 2807 1119 2844 necavit,
1150 2804 1440 2844 Metaphrasles'male
1464 2806 1581 2844 imputat
1605 2804 1784 2844 Diocletiano.

999 2841 1051 2879 llic
1061 2843 1133 2879 enim
1152 2848 1205 2868 non
1218 2839 1291 2879 caede
1306 2847 1356 2879 aut
1366 2839 1509 2875 tyrannide
1519 2841 1662 2879 imperium
1674 2839 1784 2879 invasit,

998 2877 1047 2904 sed
1060 2877 1093 2904 ab
1103 2878 1225 2904 exercitu
1235 2876 1339 2904 electus
1350 2874 1498 2911 imperator
1511 2874 1625 2904 mortem
1639 2874 1786 2902 Numeria-
