2034 3152
185 150 232 182 625)

656 147 752 179 ACTA
770 147 822 179 SS.
844 147 1019 186 EUDOXII,
1044 148 1206 185 ROMULI,
1230 149 1310 181 ETC.

1745 149 1799 183 630

183 207 228 236 οὐκ
253 205 382 240 ἐνεγκὼν,
405 198 471 232 ἀλλᾶ
491 204 656 241 θερμότερος
675 205 774 233 ἐαυτοῦ
802 205 891 239 πολλῷ
914 206 964 242 τήν

1022 213 1117 241 praeses
1137 206 1302 239 irrisionem,
1322 209 1370 236 sed
1391 208 1469 245 longe
1486 208 1591 238 acriore
1611 211 1731 245 percitus
1755 212 1798 240 in-

183 253 278 290 μανίαν
294 253 450 286 γενόμενος,
468 252 596 287 σφαίραις
611 252 656 279 τὸν
671 252 782 279 τένοντα
799 252 963 287 μολιϐδίναις

183 299 346 330 συνθλάττει,
359 299 405 325 καὶ
419 298 598 334 ἀναμοχλεύει
614 298 709 325 τούτου
723 298 757 325 τὰ
772 299 873 333 ἄρθρα,
887 299 902 326 ὃ
914 299 963 326 θα-

181 345 266 372 vitam
281 344 408 371 ἁπάντων
419 344 590 378 πικρότερον.
606 344 763 378 Προσήγετο
777 343 922 378 τοιγαροῦν
934 343 964 370 τὸ

183 389 263 423 ἄηθες
277 389 352 415 τουτὶ
369 390 517 424 μηχάνημα
538 388 578 423 τῷ
590 388 691 424 ἀθλητῇ
709 389 756 414 καὶ
780 388 872 414 καινόν
883 396 889 403 ·
906 389 920 414 ὁ
935 388 964 414 δὲ

182 434 274 469 ὥσπερ
285 443 326 466 τις
338 434 476 465 ἀνάλωτος
487 434 585 469 ἕστηκε
600 434 713 469 πύργος,
728 434 796 468 μηδὲ
808 432 893 467 βραχὺ
905 434 965 464 ταῖς

181 481 283 508 ἐκείνου
294 481 439 515 προϐολαῖς
448 480 683 515 διασαλευόμενος.
700 481 729 507 ὐ
741 480 852 515 ἡγεμὼν
863 480 963 511 τοίνυν,

181 527 241 552 ἐπεὶ
252 527 290 561 μὴ
301 526 396 560 ἔφερεν
406 527 524 561 αἰσχρῶς
539 525 609 552 οὕτω
623 525 784 559 διὰλπάντων
799 524 963 559 ἡττώμενος,

180 573 292 600 θάνατον
307 572 389 599 αὑτοῦ
407 573 584 608 κατακρίνει·
600 572 696 607 ἠγάπα
716 573 770 607 γὰρ
790 572 813 598 εἰ
830 571 877 598 καὶ
894 570 965 597 οὕτω

179 619 225 645 τοῦ
240 618 336 652 ἀνδρὸς
351 619 532 653 ἀπαλλαγείη.

215 664 265 690 IE'.
279 663 382 697 Πλῆθος
391 661 437 689 οὖν
448 663 529 690 αὑτὸν
539 663 644 698 δημίων
656 663 861 699 παραλαϐόντες
872 663 966 699 ἐπειδὴ

179 712 227 737 τὴν,
238 709 288 743 τῆς
302 709 438 744 τιμωρίας
451 709 597 736 κατέλαϐον
613 709 706 740 τόπον,
721 710 815 744 χεῖρας
831 710 844 735 6
861 709 967 743 μάρτυς

179 754 227 780 καὶ
239 754 352 788 ὄμματα
373 755 441 788 πρὸς
461 754 573 789 οὐρανὸν
590 754 724 789 ἀνασχὼν,
741 755 863 781 Δέσποτα
881 754 966 789 Κύριε

178 801 194 826 6
220 799 296 831 Θεὸς,
325 798 396 832 εἶπε,
412 801 426 826 6
442 800 660 834 προσδεξάμενος
687 801 771 827 Ἀϐελ
784 801 833 836 τὴν
860 800 965 833 θυσίαν,

185 844 314 880 ’Δϐραὰμ
329 845 543 880 όλοκαρπὼσεις,
554 846 607 871 τῶν
624 846 671 872 ἀπ’
686 846 784 878 αίῶνος
800 854 846 872 σου
862 845 966 881 μαρτύ-

180 899 236 924 ρων
252 890 300 916 καὶ
316 891 463 925 προφητῶν
478 892 524 917 καὶ
536 891 648 918 δικαίων
664 893 697 918 τὰ
712 893 826 927 αἵματα,
845 889 896 919 ttat
904 893 967 923 τοὺς

180 936 303 971 μακροὺς
319 937 426 970 πόνους,
443 939 491 963 καὶ
503 937 552 973 τὴν
566 937 694 973 ὑπερφυᾶ
709 939 873 973 καρτερίαν·
887 938 968 970 αὐτὸς

147 1003 150 1007 .
182 983 291 1016 εὐμενεῖ
307 984 354 1009 καὶ
373 984 420 1010 νῦν
435 984 566 1018 ὀφθαλμῷ
582 984 630 1019 τὴν
648 985 718 1019 ἐμὴν
735 985 774 1010 ῐδε
792 985 905 1016 θυσίαν,
921 985 967 1011 καὶ

184 1027 220 1062 μὴ
235 1028 375 1064 ὑπερίδῃς,
394 1029 489 1064 Κύριε,
504 1029 551 1055 τοῦ
562 1029 605 1056 διὰ
614 1030 643 1056 σὲ
659 1030 800 1064 μέλλοντος
815 1031 912 1065 ῥυῆναι
924 1039 969 1065 μι-

183 1074 248 1108 κροῦ
262 1075 388 1110 αἵματος,
403 1075 436 1101 ὲκ
451 1075 621 1110 θερμοτάτης
631 1084 671 1102 σοι
683 1077 870 1110 προαιρέσεως
883 1085 966 1103 κατα-

185 1120 315 1154 θυομόνου
326 1129 334 1137 ι
351 1121 404 1147 ἰδοὺ
419 1120 474 1155 γὰρ
484 1143 492 1150 ,
503 1121 542 1152 ὡς
559 1121 636 1156 όρᾷς,
651 1121 700 1156 τὴν
716 1121 804 1156 ψυχὴν
816 1121 859 1148 διὶ
876 1122 904 1148 σὲ
922 1122 970 1156 σή·-

186 1174 267 1200 μερον
280 1166 391 1193 ἁποτίθε
397 1175 455 1201 μαι.
467 1164 533 1193 Εἶτα
543 1167 624 1194 πάλιν
636 1166 775 1202 προσθεὶς,
784 1167 970 1194 Ἀπολαυέτω-

185 1217 243 1244 σαν,
267 1212 441 1245 φιλάνθρωπε
468 1213 602 1243 Δέσποτα,
617 1212 680 1247 ἔφη,
693 1213 743 1247 τῆς
754 1214 828 1248 παρὰ
845 1213 892 1239 σοῦ
907 1213 970 1248 βοη-

184 1257 257 1288 θείας
271 1259 294 1284 οἱ
302 1258 336 1284 δι’
349 1258 416 1292 ἐμοῦ
423 1258 452 1284 τὸ
469 1258 513 1284 σὺν
528 1258 675 1290 καλοῦντες
693 1259 769 1292 ἆγιον
782 1258 867 1293 ὄνομα
877 1267 883 1273 ·
901 1258 970 1293 μνή-

185 1302 263 1337 σθητι
274 1302 321 1329 τοῦ
335 1302 400 1328 λαοῦ
419 1311 476 1334 σου,
496 1301 628 1337 μνήσθητι
643 1303 692 1337 τῆς
706 1302 888 1338 κληρονομίας
904 1312 969 1335 σου,

184 1345 216 1383 ἧς
244 1349 353 1382 ἐκτήσω
366 1355 374 1364 ·
397 1349 443 1374 καὶ
461 1349 497 1383 μὴ
517 1349 638 1375 ἐπιλίποι
655 1349 766 1381 τούτους
782 1349 812 1375 τὸ
829 1349 904 1384 παρα
922 1348 970 1375 σοῦ

186 1395 268 1427 ἔλεος,
283 1395 380 1430 Κύριε.
394 1395 486 1421 Ταῦτα
499 1395 650 1430 διαλεχθεὶς
660 1395 698 1431 τῷ
712 1395 781 1430 Θεῷ,
794 1395 843 1431 τὴν
855 1395 971 1430 σύζυγον

187 1441 389 1473 μεταστραφεὶς
411 1440 514 1466 ἐκεῖθεν
531 1440 582 1475 ὁρᾷ
595 1449 601 1455 ·
616 1441 664 1467 καὶ
683 1438 720 1467 ὧν
737 1440 886 1467 ἐνετείλατο
901 1441 970 1476 αὐτῇ

187 1485 317 1521 πρότερον
336 1486 507 1522 ἀναμνήσας.
530 1488 578 1513 καὶ
592 1486 700 1521 ἀσφαλῆ
720 1487 754 1514 τὰ
776 1487 861 1514 πιστὰ
880 1486 971 1514 λαϐὼν

187 1530 256 1558 ὥστε
277 1532 454 1566 καταπρᾶξαι
473 1532 563 1559 πάντα
581 1533 629 1558 καὶ
650 1532 737 1568 πέρας
757 1532 847 1564 αὐτοῖς
870 1533 972 1567 ἀγαθὸν

188 1577 332 1610 ἐπιθεῖναι,
345 1578 502 1605 τελευταίαν
513 1579 623 1614 ἐντολὴν
633 1579 701 1614 αὐτῇ
713 1580 879 1616 ἐπισκήπτει
888 1580 973 1615 τάφον

188 1622 259 1658 αὐτῷ
274 1624 304 1650 ἐν
316 1623 356 1658 τῷ
369 1624 462 1659 χωρίῳ
484 1624 608 1658 Ἀμιμνα
621 1624 781 1661 καλουμένῳ
796 1626 932 1661 ἐπιχῶσαι
943 1625 973 1653 ἐν

188 1670 274 1704 τούτῳ
290 1678 319 1696 τε
334 1669 417 1696 αὑτοῦ
436 1670 592 1705 καταθάψαι
608 1671 638 1698 τὸ
653 1671 744 1706 σῶμα.

222 1727 280 1761 ΚΓ.
300 1727 423 1763 Πλήθους
438 1727 484 1754 οὖν
504 1728 584 1754 αὐτὸν
601 1729 650 1755 οὐκ
667 1728 757 1762 ὀλίγου
776 1730 975 1765 περιστάντος,

189 1775 240 1810 ὁρᾷ
260 1780 321 1801 τινα
342 1775 423 1809 μέσον
441 1774 546 1801 ἑστῶτα
570 1774 677 1809 Ζήνοινα
693 1774 731 1811 [Ι.
752 1776 875 1813 Ζήνωνα]
899 1777 975 1812 φίλον

191 1819 263 1855 αὐτῷ
277 1820 394 1856 μάλιστα
408 1821 454 1846 καὶ
469 1820 571 1856 συνήθη
586 1820 735 1848 πενθοῦντα
749 1821 798 1856 τὴν
811 1821 916 1850 ἐκείνου
931 1831 978 1850 τε·

192 1867 286 1901 λευτὴν
313 1867 361 1893 καὶ
382 1866 570 1900 κοπτόμενον⁶
594 1866 651 1898 καὶ,
661 1865 697 1892 Ὠ
721 1867 781 1901 φίλε
803 1867 908 1902 Ζήνων,
938 1869 976 1904 μὴ

192 1914 276 1945 κλαῖε,
292 1912 363 1947 ἔφη·
376 1913 408 1939 σὺ
426 1912 475 1947 μὲν
487 1912 550 1946 γὰρ,
567 1909 625 1938 οἶδα
637 1932 643 1944 ,
657 1912 703 1938 τὸν
717 1913 851 1948 ἡμέτερον
867 1914 976 1949 Θρηνεϊς

192 1960 346 1994 χωρισμόνο
370 1958 427 1985 ἀλλ’
453 1959 467 1984 ό
489 1959 568 1991 Θεὸς,
592 1955 614 1992 ᾧ
637 1958 693 1993 ἐγὼ
716 1959 842 1994 λατρεύω
864 1960 911 1986 καὶ
936 1961 977 1993 είς

191 2005 220 2032 ὃν
233 2005 349 2032 πέποιθα
360 2024 367 2036 ,
381 2005 411 2031 οὐ
426 2005 567 2039 διαστήσει
582 2005 704 2039 ἀλλήλων
721 2005 812 2041 ἡμᾶς,
827 2004 874 2036 οὓς
888 2006 977 2041 θερμὴ

194 2052 275 2078 πάλαι
291 2053 376 2085 φιλία,
397 2052 444 2078 καὶ
456 2052 469 2077 6
487 2051 554 2086 πρὸς
576 2051 657 2077 αὑτὸν
675 2051 744 2086 ἔρως
765 2052 898 2086 συνῆψεν·
919 2052 977 2079 ἀλλ’

193 2098 285 2134 ὥσπερ
301 2099 342 2132 ἐφ’
359 2098 417 2129 ἐνὸς
437 2097 568 2131 σκάφους,
587 2096 659 2123 οὕτω
669 2097 714 2123 τδν
731 2097 788 2132 βίον
798 2098 970 2133 συμπλεύσο-

196 2153 253 2180 μιν.
271 2145 343 2179 Πρδς
354 2144 439 2171 ταῦτα
453 2145 467 2170 6
479 2144 572 2178 Ζήνων
582 2143 789 2178 διαθερμανθεὶς
798 2145 848 2179 τὴν
863 2138 977 2180 καρδίαν

193 2192 239 2218 καὶ
255 2190 401 2223 ἁναζέσας,
410 2190 545 2224 ἐθάρσησε
559 2191 604 2216 καὶ
616 2190 778 2224 Χριστιανὸν
789 2190 869 2222 εὐθὺς
882 2192 977 2219 ἐαυτὸν

1014 252 1100 285 sania,
1112 251 1208 280 ferreis
1221 252 1377 290 [plumbeis]
1397 254 1484 289 globis
1513 256 1629 283 conterit
1654 257 1798 290 cervicem.

1014 301 1042 324 et
1059 298 1119 332 ejus
1148 304 1255 326 emovet
1273 300 1413 332 articulos,
1440 301 1511 335 quod
1530 302 1640 336 quidem
1655 306 1697 330 est
1712 303 1801 330 omni-

1015 343 1067 371 bus
1106 345 1242 372 mortibus
1266 346 1402 373 acerbius.
1431 346 1562 374 Adhibita
1591 353 1634 376 est
1655 356 1720 384 ergo
1742 349 1801 378 hac

1015 397 1084 418 nova
1104 395 1131 418 et
1162 391 1268 419 insolita
1302 392 1411 419 athletae
1430 394 1605 421 machinatio.
1636 394 1683 422 Ille
1709 399 1800 422 autem

1015 437 1106 464 stabat
1116 442 1244 473 tanquam
1265 440 1432 473 turrimque
1450 446 1502 466 non
1523 443 1616 474 potest
1639 441 1799 475 expugnari.

976 510 978 512 τ
1016 492 1051 512 ne
1067 485 1201 512 tantillum
1222 485 1332 519 quidem
1348 484 1615 512 labefactatusillius
1636 484 1798 513 hisiiltibus.

1016 529 1120 558 Prazses
1141 531 1231 565 itaque
1250 537 1311 557 cum
1330 538 1384 557 non
1404 530 1486 557 ferret
1503 537 1532 557 se
1551 534 1607 558 tam
1636 531 1753 566 turpiter
1767 532 1801 558 ab

1016 583 1050 603 eo
1069 577 1203 611 superari,
1234 584 1296 603 eum
1324 582 1411 604 morte
1429 577 1615 604 condemnat:
1642 578 1708 605 satis
1729 578 1801 606 enim

1016 619 1142 651 ducebat.
1157 621 1178 647 si
1197 621 1240 647 vel
1255 621 1294 648 sic
1309 622 1343 648 ab
1362 628 1395 648 eo
1413 621 1586 650 liberaretur.

1053 665 1110 693 XV.
1124 666 1191 694 Cum
1208 674 1270 693 eum
1297 675 1360 702 ergo
1373 668 1523 702 accepisset
1547 668 1696 695 multitudo
1726 668 1802 694 licto-

1018 719 1078 738 rum
1094 731 1102 743 .
1127 717 1268 747 postquam
1288 717 1471 748 pervenerunt
1484 714 1519 741 ad
1544 713 1634 740 locum
1657 714 1801 748 supplicii.

1017 763 1120 793 martyr
1140 765 1237 786 manus
1255 763 1283 786 et
1297 761 1390 787 oculos
1416 759 1497 787 simul
1517 759 1615 787 tollens
1640 759 1673 786 ad
1698 760 1801 787 malos:

1018 804 1134 832 Domine
1161 805 1252 838 Deus,
1277 806 1384 840 inquit,
1410 806 1456 841 qui
1475 805 1569 834 A'belis
1600 807 1744 840 suscepisti
1760 815 1803 833 sa-

1019 849 1150 877 criﬁcium
1163 871 1171 883 ,
1184 849 1300 877 Abrahae
1313 851 1465 878 oblationes
1476 870 1483 882 ,
1503 858 1598 878 eorum
1618 851 1665 885 qui
1696 850 1804 878 fuerunt

1018 904 1033 924 a
1048 896 1164 927 szeculo.
1185 902 1332 932 martyrum
1351 901 1379 924 et
1392 897 1529 931 iustorum
1549 897 1709 933 sanguinem
1720 917 1728 929 ,
1745 897 1804 924 lon-

1018 951 1120 980 gosque
1147 944 1276 976 labores.
1293 948 1319 971 et
1345 942 1534 971 admirabilem
1566 945 1757 977 tolerantiam;
1775 948 1804 972 tu

1018 997 1127 1024 quoque
1142 997 1215 1016 nunc
1231 989 1355 1024 benignis
1390 989 1476 1016 oculis
1495 996 1585 1016 meum
1615 989 1676 1016 vide
1701 988 1805 1016 sacrill-

1018 1036 1090 1063 cium
1104 1055 1112 1068 ,
1131 1040 1159 1063 ct
1189 1043 1224 1062 ne
1247 1035 1383 1070 despicias
1396 1055 1404 1066 .
1435 1035 1565 1067 Domine,
1597 1035 1670 1062 hunc
1688 1042 1805 1069 paucum

1018 1085 1130 1116 propter
1150 1085 1177 1108 te
1193 1080 1389 1108 effundendum
1417 1080 1576 1115 sanguinem
1589 1100 1596 1111 ,
1613 1080 1659 1115 qui
1697 1079 1806 1108 ferven-

1016 1126 1125 1165 tissimo
1140 1127 1232 1154 animo
1252 1126 1300 1153 tibi
1314 1125 1483 1153 sacriﬁcatur
1493 1144 1500 1152 .
1523 1124 1592 1152 Ecce
1607 1126 1680 1152 enim
1695 1144 1702 1157 ,
1720 1130 1750 1152 ut
1765 1125 1807 1151 vi-

1020 1171 1086 1204 des,
1115 1171 1233 1199 animam
1254 1175 1365 1206 propter
1392 1176 1418 1198 te
1435 1170 1516 1198 hodie
1550 1171 1675 1205 depono.
1694 1170 1807 1198 Deinde

1020 1225 1114 1245 rursus
1121 1206 1492 1253 adjiciens:(Ilonsequanturl
1504 1217 1602 1252 inquit.
1615 1216 1728 1252 benigne
1753 1217 1807 1244 Do-

1020 1263 1106 1296 mine,
1118 1271 1133 1291 a
1149 1268 1175 1291 te
1188 1263 1316 1291 auxilium
1327 1284 1333 1296 ,
1344 1263 1390 1298 qui
1406 1268 1515 1298 propter
1531 1271 1574 1290 me
1591 1267 1667 1290 tuum
1682 1265 1807 1290 sanctum

1022 1318 1121 1338 nomen
1137 1311 1274 1338 invocant.
1291 1310 1427 1337 Memento
1451 1310 1616 1338 haereditatis
1632 1314 1700 1342 tute,
1727 1317 1808 1344 quam

1022 1356 1172 1390 acquisiisti
1187 1376 1194 1388 ,
1210 1360 1239 1383 et
1252 1363 1287 1383 ne
1301 1356 1341 1383 eis
1364 1355 1486 1387 deﬁciat,
1514 1355 1647 1387 Domine,
1667 1359 1711 1382 tua
1728 1354 1811 1382 mise~

1023 1400 1157 1428 ricordia.
1174 1399 1237 1427 Hinc
1249 1407 1312 1427 cum
1330 1399 1385 1426 Deo
1405 1399 1539 1430 dixisset,
1559 1398 1633 1425 illinc
1659 1405 1808 1426 conversus

1022 1446 1097 1474 videt
1123 1445 1264 1480 conjugem
1277 1465 1285 1477 ,
1304 1449 1332 1472 et
1357 1451 1419 1471 cum
1434 1452 1494 1478 qua‘
1511 1444 1536 1471 ei
1569 1443 1644 1478 prius
1665 1444 1786 1478 jusserat
1799 1463 1808 1476 ,

1023 1496 1180 1520 revocasset
1195 1491 1222 1518 in
1237 1490 1395 1518 memoriam
1405 1495 1433 1517 et
1449 1490 1528 1517 (idem
1545 1490 1580 1516 ab
1593 1497 1624 1516 ea
1641 1489 1809 1524 accepisset.

987 1554 1010 1585 ο
1025 1545 1057 1566 se
1084 1537 1176 1565 omnia
1207 1542 1282 1565 recte
1310 1541 1522 1568 exsecuturam,
1555 1535 1607 1563 hoc
1623 1540 1762 1571 postremo
1785 1534 1810 1562 ei

1026 1583 1155 1616 mandat,
1169 1588 1200 1611 ut
1215 1583 1240 1610 ei
1259 1582 1361 1610 fossam
1385 1582 1469 1610 fodiat
1485 1582 1512 1608 In
1531 1581 1609 1614 Ioco,
1624 1581 1670 1615 qui
1700 1581 1809 1611 dicitur.

1023 1629 1149 1658 Amimna
1161 1629 1231 1666 (l8),
1245 1633 1273 1657 et
1286 1629 1315 1656 in
1334 1636 1366 1657 eo
1380 1635 1479 1663 c0rpus
1498 1627 1557 1663 ejus
1571 1627 1693 1663 sepeliat.

1066 1721 1136 1749 XVI.
1151 1720 1220 1748 Cum
1239 1724 1331 1748 autem
1349 1727 1411 1748 eum
1427 1726 1482 1746 non
1498 1726 1580 1754 parra
1598 1718 1812 1745 circumsisteret

1025 1767 1196 1800 multitudo,
1229 1766 1299 1794 vidit
1333 1765 1478 1801 quemdam
1496 1765 1523 1792 in
1556 1764 1648 1792 medio
1676 1767 1811 1794 stantem.

1026 1813 1136 1841 nomine
1149 1812 1288 1840 Zenonem
1301 1834 1309 1846 ,
1328 1812 1352 1840 ei
1379 1812 1458 1840 valde
1473 1811 1589 1839 amicum
1604 1814 1632 1838 et
1653 1810 1812 1837 familiarem

1027 1860 1100 1888 illius
1117 1864 1231 1887 mortem
1252 1859 1436 1894 plangentem.
1451 1858 1500 1886 Cui
1517 1858 1578 1884 ille:
1596 1856 1618 1884 0
1630 1855 1713 1884 citare
1729 1855 1813 1886 Zeno.

1029 1911 1056 1934 tu
1070 1905 1179 1940 quidem
1193 1925 1201 1938 ,
1219 1905 1308 1938 inquit
1318 1925 1326 1937 ,
1341 1910 1383 1932 sat
1409 1904 1484 1935 scio.
1497 1907 1618 1930 nostram
1640 1901 1689 1929 ﬂes
1705 1908 1815 1934 separa-

1029 1951 1129 1978 tionem
1143 1958 1150 1983 ;
1166 1949 1214 1977 sed
1230 1948 1314 1981 Deus,
1329 1949 1373 1976 cui
1387 1956 1437 1984 ego
1452 1948 1542 1975 servio
1554 1951 1582 1974 et
1610 1946 1733 1981 in-quem
1749 1953 1816 1973 cnn-

1028 1997 1092 2029 iido,
1105 2003 1160 2023 non
1175 2003 1226 2023 nos
1237 2003 1252 2022 ιι
1269 1995 1349 2023 nobis
1364 1995 1481 2022 invicem
1497 1994 1633 2028 sejunget,
1651 1999 1720 2026 quos
1733 1992 1815 2020 vehe-

1028 2050 1105 2071 mens
1119 2041 1237 2069 amicitia
1252 2046 1281 2069 et
1294 2040 1393 2068 ardens
1409 2040 1436 2068 in
1453 2040 1541 2075 ipsum
1557 2045 1634 2066 amor
1651 2038 1812 2073 conjunxit;

1029 2089 1076 2117 sed
1090 2088 1202 2124 perinde
1221 2095 1254 2115 ac
1282 2088 1309 2114 in
1326 2094 1380 2114 una
1407 2086 1510 2121 scapha
1527 2092 1577 2112 nos
1598 2085 1682 2112 vitam
1695 2083 1816 2112 trasmit—

1030 2140 1135 2163 temus.
1152 2134 1199 2161 llis
1218 2133 1292 2160 Zeno
1319 2132 1401 2160 corde
1417 2139 1551 2160 accensus
1586 2134 1614 2158 et
1631 2131 1816 2157 inﬂammatus

1029 2181 1146 2217 sumpsit
1161 2180 1320 2211 audaciam.
1345 2184 1373 2206 et
1400 2178 1531 2206 continuo
1557 2177 1685 2205 omnibus
1722 2176 1817 2203 viden-

194 2238 243 2264 ὑπὸ
257 2238 291 2272 τῇ
308 2238 414 2264 πάντων
426 2236 486 2270 ὕψει
504 2237 551 2263 καὶ
563 2237 630 2270 ἐικοῇ
644 2237 804 2272 ἐμαρτύρει.
828 2237 872 2264 Ἐν
884 2239 939 2272 ὅσῳ
951 2239 972 2266 δὲ

1033 2229 1106 2256 tibus
1139 2232 1167 2255 et
1195 2226 1370 2254 audientibus
1394 2233 1424 2253 se
1453 2225 1545 2252 statim
1571 2231 1632 2251 esse
1669 2228 1815 2259 martyrem

193 2283 267 2316 οὗτος
286 2284 356 2319 μετὰ
376 2283 532 2354 παρξρσίας
543 2282 622 2310 τοῦτο
638 2284 712 2316 ὲίόα,
732 2284 909 2316 συλλαϐόντες
927 2286 979 2311 αὖ-

194 2332 237 2354 τὸν
263 2330 290 2354 οἱ
319 2329 412 2354 δίιιιοι
456 2328 507 2354 ατὰ
532 2327 563 2354 τὸ
590 2329 827 2354 προστεταγμένον
855 2329 906 2354 ὑπο
933 2329 978 2354 τοῦ

194 2332 237 2356 τὸν
263 2330 290 2356 οἱ
319 2329 412 2363 δήμιοι
437 2327 507 2354 ἰατὰ
532 2327 563 2354 τὸ
590 2329 827 2362 προστεταγμένον
855 2329 906 2355 ὑπὸ
933 2329 978 2355 τοῦ

194 2376 335 2411 τυράννου.
352 2375 421 2409 ξίφει
431 2375 481 2408 τὴν
493 2373 615 2407 κεφαλὴν
629 2373 826 2408 ἀφαιροῦνται·
844 2375 891 2401 καὶ
905 2374 980 2409 ήτοῦ

196 2419 320 2453 Εὺδοξίου
337 2420 490 2454 πρόρρησις
506 2419 577 2445 οὕτω
591 2419 660 2453 ταχὺ
677 2420 707 2445 τὸ
723 2419 811 2453 πέρας
829 2419 961 2454 λαμϐάνει
973 2441 980 2452 ,

196 2466 241 2491 καὶ
259 2465 306 2491 τὸν
331 2464 407 2498 φίλον
431 2463 482 2499 6ρᾷ
508 2463 618 2497 Ζήνωνα
639 2462 679 2498 τῷ
707 2464 850 2499 μαρτυριῳ
871 2464 982 2491 τελειω-

198 2510 284 2538 θέντα.

231 2557 279 2583 lZ'.
299 2555 378 2582 Οὕτω
397 2555 431 2582 τὰ
447 2555 496 2590 τῆς
514 2555 916 2590 φιλίαςπραγματευσάμενος.
935 2557 984 2584 καὶ

200 2603 307 2637 cum-.129
328 2603 398 2628 τέλει
420 2602 465 2628 τὸν
487 2602 598 2636 Ζήνωνα
620 2601 797 2628 τελειωθέντα
826 2601 898 2635 ἰδὼν,
923 2602 984 2629 ἐπεὶ

200 2648 244 2674 καὶ
258 2649 339 2675 αὺτδν
358 2649 432 2682 φωνή
448 2656 489 2678 τις
507 2647 610 2674 ἄνωθεν
626 2647 758 2674 καὶκατὰ
776 2648 857 2679 πόδας
874 2648 982 2680 ἐκάλει,

201 2695 245 2720 καὶ
262 2694 358 2728 ὥσπερ
374 2694 433 2719 τινὰ
449 2693 497 2719 καὶ
512 2690 588 2724 οὗτος
602 2693 719 2727 εὐωχίαν
733 2692 834 2728 ἀπῄτει
846 2693 891 2719 τὸν
903 2693 983 2719 θάνα-

202 2747 260 2765 τον·
284 2740 356 2772 ξίφει
379 2739 428 2774 τὴν
451 2740 591 2775 μακαρίαν
618 2739 708 2773 αὐτοῦ
723 2739 845 2774 κεφαλὴν
863 2739 982 2774 ἄσμενος

235 2807 288 2842 (I8)
298 2808 498 2844 Αηιίηηιαῃυῑε
510 2809 585 2835 locus
601 2808 691 2841 fuerit,
718 2808 789 2844 apud
816 2808 982 2844 geographos

205 2849 255 2868 non
290 2843 392 2870 inveni.
425 2843 525 2870 Meoaza
558 2848 662 2870 tantum
720 2843 827 2870 habent
857 2844 984 2877 ἆμνημον

205 2877 296 2912 τάφον,
315 2878 387 2914 quod
406 2877 503 2905 citatus
519 2879 640 2906 Itadcrus
657 2882 863 2906 monumentum
885 2877 987 2905 humile

1033 2272 1244 2312 [Christianum]
1265 2276 1307 2299 est
1319 2276 1495 2306 protestatus.
1509 2270 1619 2296 Interim
1643 2273 1733 2296 autem
1752 2268 1817 2295 dum

1030 2321 1070 2349 sic
1096 2319 1229 2347 clamabat
1255 2319 1362 2350 libere,
1395 2324 1458 2344 eum
1487 2315 1755 2350 comprehendentes
1781 2314 1815 2340 li-

1031 2371 1134 2397 ctores,
1150 2370 1179 2392 ut
1195 2365 1234 2391 eis
1250 2364 1368 2398 iusserat
1380 2368 1520 2398 tyrannus,
1533 2366 1614 2396 caput
1626 2361 1665 2388 illi
1683 2360 1817 2388 adimunt.

1032 2413 1124 2446 Itaque
1143 2410 1256 2438 Eudoxii
1289 2409 1426 2443 prmdictio
1454 2412 1509 2436 tam
1540 2408 1595 2435 cito
1625 2407 1749 2434 eﬂ'cclum
1776 2410 1819 2434 est

1032 2458 1127 2486 sortita
1141 2477 1148 2489 ,
1162 2461 1189 2484 ct
1202 2457 1259 2491 ipse
1274 2456 1392 2482 amicum
1406 2455 1544 2482 Zenonem
1561 2455 1653 2482 statim
1665 2454 1737 2481 videt
1749 2460 1818 2480 cun-

1032 2508 1196 2532 summatum
1214 2501 1352 2537 martyrio.

1068 2549 1148 2576 XVII.
1182 2548 1250 2576 Cum
1282 2547 1321 2575 sic
1357 2548 1448 2575 amico
1479 2547 1660 2582 providisset,
1691 2547 1818 2582 quoniam

1032 2604 1095 2624 eum
1131 2602 1238 2630 quoque
1275 2601 1327 2622 vox
1366 2594 1490 2628 quaedam
1530 2601 1545 2620 e
1585 2593 1698 2629 vestigio
1737 2601 1819 2620 voca-

1034 2643 1090 2674 bat,
1129 2642 1188 2676 ipse
1214 2648 1278 2668 vero
1311 2644 1437 2674 tanquam
1469 2636 1638 2666 convivium
1683 2638 1818 2673 quoddam

1033 2692 1148 2717 mortem
1175 2687 1318 2721 poscebat;
1347 2687 1427 2714 beato
1455 2693 1505 2713 suo
1532 2686 1620 2719 capite
1659 2685 1717 2712 ensi
1745 2685 1818 2717 dato,

1037 2733 1151 2763 moritur
1175 2736 1236 2766 post
1259 2732 1376 2759 amicum
1401 2731 1469 2766 (I9).
1500 2730 1567 2765 Ejus
1600 2735 1691 2758 autem
1720 2730 1819 2765 conjux

1037 2806 1243 2838 interpretatur,

1073 2834 1127 2874 (19)
1138 2839 1166 2867 In
1183 2834 1290 2866 Menmis
1301 2837 1401 2864 dicitur
1415 2835 1503 2874 capite
1522 2839 1668 2874 truncatus
1685 2834 1760 2874 perdt
1773 2834 1821 2874 τοῦ

1042 2869 1172 2910 φιλτάτου
1191 2874 1272 2901 αὐτοῦ
1289 2869 1668 2908 Ζήνωνος...ἶὰποτμηθέντος
1683 2869 1754 2904 ξίφει
1771 2869 1823 2903 τὴν
