  <div class='ocr_page' id='page_1' title='image "/cluster/home/n/w/nwhite01/storage/ocr_20150623/115/njp.32101077772976/365.png"; bbox 0 0 2034 3152; ppageno 0'>
   <div class='ocr_carea' id='block_1_1' title="bbox 289 178 342 207">
    <p class='ocr_par' dir='ltr' id='par_1_1' title="bbox 289 178 342 207">
     <span class='ocr_line' id='line_1_1' title="bbox 289 178 342 207; baseline 0.019 -1"><span class='ocrx_word' id='word_1_1' title='bbox 289 178 342 207; x_wconf 67' lang='grc' dir='ltr'><strong>(ἱλὸ</strong></span> 
     </span>
    </p>
   </div>
   <div class='ocr_carea' id='block_1_2' title="bbox 899 177 1290 212">
    <p class='ocr_par' dir='ltr' id='par_1_2' title="bbox 899 177 1290 212">
     <span class='ocr_line' id='line_1_2' title="bbox 899 177 1290 212; baseline 0.005 -2"><span class='ocrx_word' id='word_1_2' title='bbox 899 181 924 210; x_wconf 85' lang='grc' dir='ltr'>Μ</span> <span class='ocrx_word' id='word_1_3' title='bbox 932 179 1012 210; x_wconf 71' lang='lat' dir='ltr'><strong>ENSl</strong></span> <span class='ocrx_word' id='word_1_4' title='bbox 1021 179 1041 209; x_wconf 89' lang='lat' dir='ltr'><strong>S</strong></span> <span class='ocrx_word' id='word_1_5' title='bbox 1056 177 1200 209; x_wconf 83' lang='lat' dir='ltr'><strong>SEPTEM</strong></span> <span class='ocrx_word' id='word_1_6' title='bbox 1206 180 1290 212; x_wconf 81' lang='lat' dir='ltr'><strong>BER.</strong></span> 
     </span>
    </p>
   </div>
   <div class='ocr_carea' id='block_1_3' title="bbox 1856 186 1909 218">
    <p class='ocr_par' dir='ltr' id='par_1_3' title="bbox 1856 186 1909 218">
     <span class='ocr_line' id='line_1_3' title="bbox 1856 186 1909 218; baseline 0 0"><span class='ocrx_word' id='word_1_7' title='bbox 1856 186 1909 218; x_wconf 80' lang='lat'><strong>636</strong></span> 
     </span>
    </p>
   </div>
   <div class='ocr_carea' id='block_1_4' title="bbox 290 222 1079 277">
    <p class='ocr_par' dir='ltr' id='par_1_4' title="bbox 290 233 1076 273">
     <span class='ocr_line' id='line_1_4' title="bbox 290 233 1076 273; baseline 0.008 -14"><span class='ocrx_word' id='word_1_8' title='bbox 290 238 348 259; x_wconf 84' lang='lat' dir='ltr'><strong>erat</strong></span> <span class='ocrx_word' id='word_1_9' title='bbox 372 233 445 266; x_wconf 77' lang='lat' dir='ltr'><strong>juxta</strong></span> <span class='ocrx_word' id='word_1_10' title='bbox 459 233 572 266; x_wconf 82' lang='lat' dir='ltr'><strong>fontem,</strong></span> <span class='ocrx_word' id='word_1_11' title='bbox 602 243 709 270; x_wconf 73' lang='lat' dir='ltr'><strong>gregem</strong></span> <span class='ocrx_word' id='word_1_12' title='bbox 742 241 877 273; x_wconf 86' lang='lat' dir='ltr'><strong>pasceret,</strong></span> <span class='ocrx_word' id='word_1_13' title='bbox 905 245 968 265; x_wconf 89' lang='lat' dir='ltr'><strong>eum</strong></span> <span class='ocrx_word' id='word_1_14' title='bbox 999 236 1076 264; x_wconf 84' lang='lat' dir='ltr'><strong>valde</strong></span> 
     </span>
    </p>
   </div>
   <div class='ocr_carea' id='block_1_5' title="bbox 1131 222 1911 277">
    <p class='ocr_par' dir='ltr' id='par_1_5' title="bbox 1131 222 1911 277">
     <span class='ocr_line' id='line_1_5' title="bbox 1131 222 1911 277; baseline 0.009 -15"><span class='ocrx_word' id='word_1_15' title='bbox 1131 236 1180 271; x_wconf 78' lang='grc' dir='ltr'>γὴν</span> <span class='ocrx_word' id='word_1_16' title='bbox 1194 237 1248 272; x_wconf 69' lang='grc' dir='ltr'><strong>πόᾳ</strong></span> <span class='ocrx_word' id='word_1_17' title='bbox 1271 237 1302 264; x_wconf 80' lang='grc' dir='ltr'><strong>τὸ</strong></span> <span class='ocrx_word' id='word_1_18' title='bbox 1325 222 1450 274; x_wconf 79' lang='grc' dir='ltr'>ποίμνιον</span> <span class='ocrx_word' id='word_1_19' title='bbox 1475 240 1611 273; x_wconf 62' lang='grc' dir='ltr'>ἐστιῶντι,</span> <span class='ocrx_word' id='word_1_20' title='bbox 1630 238 1714 273; x_wconf 76' lang='grc' dir='ltr'>ὕπνος</span> <span class='ocrx_word' id='word_1_21' title='bbox 1736 241 1812 276; x_wconf 74' lang='grc' dir='ltr'>αὐτῷ</span> <span class='ocrx_word' id='word_1_22' title='bbox 1838 242 1911 277; x_wconf 80' lang='grc' dir='ltr'>μάλα</span> 
     </span>
    </p>
   </div>
   <div class='ocr_carea' id='block_1_6' title="bbox 290 281 1075 314">
    <p class='ocr_par' dir='ltr' id='par_1_6' title="bbox 290 281 1075 314">
     <span class='ocr_line' id='line_1_6' title="bbox 290 281 1075 314; baseline 0.009 -11"><span class='ocrx_word' id='word_1_23' title='bbox 290 281 460 311; x_wconf 86' lang='lat' dir='ltr'><strong>opportunus</strong></span> <span class='ocrx_word' id='word_1_24' title='bbox 481 283 509 306; x_wconf 74' lang='lat' dir='ltr'><strong>et</strong></span> <span class='ocrx_word' id='word_1_25' title='bbox 527 281 618 307; x_wconf 80' lang='lat' dir='ltr'><strong>suavis</strong></span> <span class='ocrx_word' id='word_1_26' title='bbox 646 288 761 308; x_wconf 83' lang='lat' dir='ltr'><strong>somnus</strong></span> <span class='ocrx_word' id='word_1_27' title='bbox 798 282 906 314; x_wconf 87' lang='lat' dir='ltr'><strong>invasit,</strong></span> <span class='ocrx_word' id='word_1_28' title='bbox 932 287 959 309; x_wconf 91' lang='lat' dir='ltr'><strong>et</strong></span> <span class='ocrx_word' id='word_1_29' title='bbox 984 283 1075 310; x_wconf 86' lang='lat' dir='ltr'><strong>divina</strong></span> 
     </span>
    </p>
   </div>
   <div class='ocr_carea' id='block_1_7' title="bbox 290 323 1074 357">
    <p class='ocr_par' dir='ltr' id='par_1_7' title="bbox 290 323 1074 357">
     <span class='ocr_line' id='line_1_7' title="bbox 290 323 1074 357; baseline 0.008 -8"><span class='ocrx_word' id='word_1_30' title='bbox 290 323 412 357; x_wconf 60' lang='lat' dir='ltr'><strong>quadam</strong></span> <span class='ocrx_word' id='word_1_31' title='bbox 423 324 455 351; x_wconf 85' lang='lat' dir='ltr'><strong>ad</strong></span> <span class='ocrx_word' id='word_1_32' title='bbox 471 333 533 352; x_wconf 91' lang='lat' dir='ltr'><strong>eum</strong></span> <span class='ocrx_word' id='word_1_33' title='bbox 553 327 657 353; x_wconf 79' lang='lat' dir='ltr'><strong>accedit</strong></span> <span class='ocrx_word' id='word_1_34' title='bbox 674 327 752 354; x_wconf 88' lang='lat' dir='ltr'><strong>visio.</strong></span> <span class='ocrx_word' id='word_1_35' title='bbox 792 326 868 354; x_wconf 83' lang='lat' dir='ltr'><strong>Visio</strong></span> <span class='ocrx_word' id='word_1_36' title='bbox 894 332 984 355; x_wconf 91' lang='lat' dir='ltr'><strong>autem</strong></span> <span class='ocrx_word' id='word_1_37' title='bbox 1011 336 1074 356; x_wconf 89' lang='lat' dir='ltr'><strong>eum</strong></span> 
     </span>
    </p>
   </div>
   <div class='ocr_carea' id='block_1_8' title="bbox 290 369 1074 409">
    <p class='ocr_par' dir='ltr' id='par_1_8' title="bbox 290 369 1074 409">
     <span class='ocr_line' id='line_1_8' title="bbox 290 369 1074 409; baseline 0.01 -15"><span class='ocrx_word' id='word_1_38' title='bbox 290 369 376 404; x_wconf 81' lang='lat' dir='ltr'><strong>magis</strong></span> <span class='ocrx_word' id='word_1_39' title='bbox 394 369 547 402; x_wconf 78' lang='lat' dir='ltr'><strong>confirmat,</strong></span> <span class='ocrx_word' id='word_1_40' title='bbox 568 376 594 398; x_wconf 92' lang='lat' dir='ltr'><strong>et</strong></span> <span class='ocrx_word' id='word_1_41' title='bbox 611 372 634 399; x_wconf 84' lang='lat' dir='ltr'><strong>ei</strong></span> <span class='ocrx_word' id='word_1_42' title='bbox 654 373 774 400; x_wconf 91' lang='lat' dir='ltr'><strong>animum</strong></span> <span class='ocrx_word' id='word_1_43' title='bbox 792 374 868 401; x_wconf 88' lang='lat' dir='ltr'><strong>addit</strong></span> <span class='ocrx_word' id='word_1_44' title='bbox 891 374 923 401; x_wconf 90' lang='lat' dir='ltr'><strong>ad</strong></span> <span class='ocrx_word' id='word_1_45' title='bbox 936 374 1074 409; x_wconf 78' lang='lat' dir='ltr'><strong>pietatem.</strong></span> 
     </span>
    </p>
   </div>
   <div class='ocr_carea' id='block_1_9' title="bbox 292 413 1076 454">
    <p class='ocr_par' dir='ltr' id='par_1_9' title="bbox 292 413 1076 454">
     <span class='ocr_line' id='line_1_9' title="bbox 292 413 1076 454; baseline 0.01 -15"><span class='ocrx_word' id='word_1_46' title='bbox 292 413 395 441; x_wconf 82' lang='lat' dir='ltr'><strong>Deinde</strong></span> <span class='ocrx_word' id='word_1_47' title='bbox 412 416 493 443; x_wconf 86' lang='lat' dir='ltr'><strong>etiam</strong></span> <span class='ocrx_word' id='word_1_48' title='bbox 510 418 610 444; x_wconf 86' lang='lat' dir='ltr'><strong>revelat</strong></span> <span class='ocrx_word' id='word_1_49' title='bbox 623 419 748 453; x_wconf 80' lang='lat' dir='ltr'><strong>gratiam,</strong></span> <span class='ocrx_word' id='word_1_50' title='bbox 767 427 828 454; x_wconf 80' lang='lat' dir='ltr'><strong>quze</strong></span> <span class='ocrx_word' id='word_1_51' title='bbox 842 420 875 447; x_wconf 87' lang='lat' dir='ltr'><strong>ad</strong></span> <span class='ocrx_word' id='word_1_52' title='bbox 892 420 983 447; x_wconf 88' lang='lat' dir='ltr'><strong>locum</strong></span> <span class='ocrx_word' id='word_1_53' title='bbox 1016 424 1076 447; x_wconf 88' lang='lat' dir='ltr'><strong>erat</strong></span> 
     </span>
    </p>
   </div>
   <div class='ocr_carea' id='block_1_10' title="bbox 291 460 1077 500">
    <p class='ocr_par' dir='ltr' id='par_1_10' title="bbox 291 460 1077 500">
     <span class='ocr_line' id='line_1_10' title="bbox 291 460 1077 500; baseline 0.01 -15"><span class='ocrx_word' id='word_1_54' title='bbox 291 460 409 494; x_wconf 79' lang='lat' dir='ltr'><strong>desuper</strong></span> <span class='ocrx_word' id='word_1_55' title='bbox 437 462 604 491; x_wconf 80' lang='lat' dir='ltr'><strong>devolatura.</strong></span> <span class='ocrx_word' id='word_1_56' title='bbox 642 464 794 497; x_wconf 80' lang='lat' dir='ltr'><strong>Eriteuim,</strong></span> <span class='ocrx_word' id='word_1_57' title='bbox 811 465 912 499; x_wconf 80' lang='lat' dir='ltr'><strong>inquit,</strong></span> <span class='ocrx_word' id='word_1_58' title='bbox 942 465 985 493; x_wconf 90' lang='lat' dir='ltr'><strong>bie</strong></span> <span class='ocrx_word' id='word_1_59' title='bbox 1008 474 1077 500; x_wconf 84' lang='lat' dir='ltr'><strong>prae-</strong></span> 
     </span>
    </p>
   </div>
   <div class='ocr_carea' id='block_1_11' title="bbox 293 507 1075 546">
    <p class='ocr_par' dir='ltr' id='par_1_11' title="bbox 293 507 1075 546">
     <span class='ocr_line' id='line_1_11' title="bbox 293 507 1075 546; baseline 0.009 -14"><span class='ocrx_word' id='word_1_60' title='bbox 293 514 356 534; x_wconf 80' lang='lat' dir='ltr'><strong>sens</strong></span> <span class='ocrx_word' id='word_1_61' title='bbox 373 507 448 534; x_wconf 83' lang='lat' dir='ltr'><strong>locus</strong></span> <span class='ocrx_word' id='word_1_62' title='bbox 463 509 555 536; x_wconf 87' lang='lat' dir='ltr'><strong>multis</strong></span> <span class='ocrx_word' id='word_1_63' title='bbox 583 510 667 542; x_wconf 76' lang='lat' dir='ltr'><strong>utilis,</strong></span> <span class='ocrx_word' id='word_1_64' title='bbox 695 515 722 538; x_wconf 87' lang='lat' dir='ltr'><strong>et</strong></span> <span class='ocrx_word' id='word_1_65' title='bbox 749 512 821 546; x_wconf 89' lang='lat' dir='ltr'><strong>apud</strong></span> <span class='ocrx_word' id='word_1_66' title='bbox 842 512 929 546; x_wconf 91' lang='lat' dir='ltr'><strong>ipsum</strong></span> <span class='ocrx_word' id='word_1_67' title='bbox 961 513 1075 539; x_wconf 80' lang='lat' dir='ltr'><strong>salutem</strong></span> 
     </span>
    </p>
   </div>
   <div class='ocr_carea' id='block_1_12' title="bbox 292 549 1077 588">
    <p class='ocr_par' dir='ltr' id='par_1_12' title="bbox 292 549 1077 588">
     <span class='ocr_line' id='line_1_12' title="bbox 292 549 1077 588; baseline 0.01 -11"><span class='ocrx_word' id='word_1_68' title='bbox 292 549 444 584; x_wconf 72' lang='lat' dir='ltr'><strong>invenient,</strong></span> <span class='ocrx_word' id='word_1_69' title='bbox 457 558 484 580; x_wconf 90' lang='lat' dir='ltr'><strong>et</strong></span> <span class='ocrx_word' id='word_1_70' title='bbox 497 554 684 588; x_wconf 71' lang='lat' dir='ltr'><strong>gloriﬁcabunt</strong></span> <span class='ocrx_word' id='word_1_71' title='bbox 698 556 876 585; x_wconf 66' lang='lat' dir='ltr'><strong>,Trinitatem.</strong></span> <span class='ocrx_word' id='word_1_72' title='bbox 905 558 973 585; x_wconf 86' lang='lat' dir='ltr'><strong>Cum</strong></span> <span class='ocrx_word' id='word_1_73' title='bbox 1003 559 1077 586; x_wconf 86' lang='lat' dir='ltr'><strong>illinc</strong></span> 
     </span>
    </p>
   </div>
   <div class='ocr_carea' id='block_1_13' title="bbox 293 600 1076 638">
    <p class='ocr_par' dir='ltr' id='par_1_13' title="bbox 293 600 1076 638">
     <span class='ocr_line' id='line_1_13' title="bbox 293 600 1076 638; baseline 0.01 -15"><span class='ocrx_word' id='word_1_74' title='bbox 293 602 383 624; x_wconf 90' lang='lat' dir='ltr'><strong>autem</strong></span> <span class='ocrx_word' id='word_1_75' title='bbox 400 600 564 627; x_wconf 74' lang='lat' dir='ltr'><strong>surrexisset</strong></span> <span class='ocrx_word' id='word_1_76' title='bbox 582 603 706 636; x_wconf 75' lang='lat' dir='ltr'><strong>egregius</strong></span> <span class='ocrx_word' id='word_1_77' title='bbox 729 603 772 629; x_wconf 90' lang='lat' dir='ltr'><strong>ille</strong></span> <span class='ocrx_word' id='word_1_78' title='bbox 788 609 892 638; x_wconf 78' lang='lat' dir='ltr'><strong>pastor,</strong></span> <span class='ocrx_word' id='word_1_79' title='bbox 911 604 1076 631; x_wconf 73' lang='lat' dir='ltr'><strong>venitl‘om-</strong></span> 
     </span>
    </p>
   </div>
   <div class='ocr_carea' id='block_1_14' title="bbox 292 645 1076 683">
    <p class='ocr_par' dir='ltr' id='par_1_14' title="bbox 292 645 1076 683">
     <span class='ocr_line' id='line_1_14' title="bbox 292 645 1076 683; baseline 0.011 -14"><span class='ocrx_word' id='word_1_80' title='bbox 292 645 449 678; x_wconf 82' lang='lat' dir='ltr'><strong>peiopolitn,</strong></span> <span class='ocrx_word' id='word_1_81' title='bbox 476 651 577 674; x_wconf 86' lang='lat' dir='ltr'><strong>etcum</strong></span> <span class='ocrx_word' id='word_1_82' title='bbox 598 648 625 674; x_wconf 91' lang='lat' dir='ltr'><strong>in</strong></span> <span class='ocrx_word' id='word_1_83' title='bbox 653 657 683 675; x_wconf 85' lang='lat' dir='ltr'><strong>ea</strong></span> <span class='ocrx_word' id='word_1_84' title='bbox 704 650 812 683; x_wconf 85' lang='lat' dir='ltr'><strong>quidem</strong></span> <span class='ocrx_word' id='word_1_85' title='bbox 841 650 953 678; x_wconf 83' lang='lat' dir='ltr'><strong>vidisset</strong></span> <span class='ocrx_word' id='word_1_86' title='bbox 978 651 1076 678; x_wconf 80' lang='lat' dir='ltr'><strong>florere</strong></span> 
     </span>
    </p>
   </div>
   <div class='ocr_carea' id='block_1_15' title="bbox 293 689 1075 730">
    <p class='ocr_par' dir='ltr' id='par_1_15' title="bbox 293 689 1075 730">
     <span class='ocr_line' id='line_1_15' title="bbox 293 689 1075 730; baseline 0.014 -14"><span class='ocrx_word' id='word_1_87' title='bbox 293 689 469 725; x_wconf 81' lang='lat' dir='ltr'><strong>impietatem,</strong></span> <span class='ocrx_word' id='word_1_88' title='bbox 488 699 668 730; x_wconf 87' lang='lat' dir='ltr'><strong>comtemptas</strong></span> <span class='ocrx_word' id='word_1_89' title='bbox 683 701 773 724; x_wconf 88' lang='lat' dir='ltr'><strong>autem</strong></span> <span class='ocrx_word' id='word_1_90' title='bbox 791 705 851 725; x_wconf 83' lang='lat' dir='ltr'><strong>esse</strong></span> <span class='ocrx_word' id='word_1_91' title='bbox 873 706 917 726; x_wconf 81' lang='lat' dir='ltr'><strong>res</strong></span> <span class='ocrx_word' id='word_1_92' title='bbox 942 699 1075 727; x_wconf 85' lang='lat' dir='ltr'><strong>Christia-</strong></span> 
     </span>
    </p>
   </div>
   <div class='ocr_carea' id='block_1_16' title="bbox 293 741 1077 778">
    <p class='ocr_par' dir='ltr' id='par_1_16' title="bbox 293 741 1077 778">
     <span class='ocr_line' id='line_1_16' title="bbox 293 741 1077 778; baseline 0.015 -17"><span class='ocrx_word' id='word_1_93' title='bbox 293 743 401 767; x_wconf 86' lang='lat' dir='ltr'><strong>norum,</strong></span> <span class='ocrx_word' id='word_1_94' title='bbox 416 742 443 764; x_wconf 89' lang='lat' dir='ltr'><strong>et</strong></span> <span class='ocrx_word' id='word_1_95' title='bbox 457 741 718 776; x_wconf 74' lang='lat' dir='ltr'><strong>summenegleclas,</strong></span> <span class='ocrx_word' id='word_1_96' title='bbox 750 751 804 770; x_wconf 88' lang='lat' dir='ltr'><strong>non</strong></span> <span class='ocrx_word' id='word_1_97' title='bbox 837 745 927 778; x_wconf 89' lang='lat' dir='ltr'><strong>potuit</strong></span> <span class='ocrx_word' id='word_1_98' title='bbox 958 745 983 772; x_wconf 90' lang='lat' dir='ltr'><strong>id</strong></span> <span class='ocrx_word' id='word_1_99' title='bbox 1005 745 1077 774; x_wconf 75' lang='lat' dir='ltr'><strong>ferre</strong></span> 
     </span>
    </p>
   </div>
   <div class='ocr_carea' id='block_1_17' title="bbox 293 781 1077 825">
    <p class='ocr_par' dir='ltr' id='par_1_17' title="bbox 293 781 1077 825">
     <span class='ocr_line' id='line_1_17' title="bbox 293 781 1077 825; baseline 0.013 -17"><span class='ocrx_word' id='word_1_100' title='bbox 293 781 420 816; x_wconf 72' lang='lat' dir='ltr'><strong>placide;</strong></span> <span class='ocrx_word' id='word_1_101' title='bbox 440 785 487 812; x_wconf 88' lang='lat' dir='ltr'><strong>sed</strong></span> <span class='ocrx_word' id='word_1_102' title='bbox 503 792 550 812; x_wconf 91' lang='lat' dir='ltr'><strong>cor</strong></span> <span class='ocrx_word' id='word_1_103' title='bbox 563 786 635 814; x_wconf 89' lang='lat' dir='ltr'><strong>illius</strong></span> <span class='ocrx_word' id='word_1_104' title='bbox 655 793 767 822; x_wconf 81' lang='lat' dir='ltr'><strong>repente</strong></span> <span class='ocrx_word' id='word_1_105' title='bbox 783 788 882 817; x_wconf 80' lang='lat' dir='ltr'><strong>invasit</strong></span> <span class='ocrx_word' id='word_1_106' title='bbox 903 790 1028 825; x_wconf 84' lang='lat' dir='ltr'><strong>impetus,</strong></span> <span class='ocrx_word' id='word_1_107' title='bbox 1051 797 1077 818; x_wconf 88' lang='lat' dir='ltr'><strong>et</strong></span> 
     </span>
    </p>
   </div>
   <div class='ocr_carea' id='block_1_18' title="bbox 294 830 1076 869">
    <p class='ocr_par' dir='ltr' id='par_1_18' title="bbox 294 830 1076 869">
     <span class='ocr_line' id='line_1_18' title="bbox 294 830 1076 869; baseline 0.014 -16"><span class='ocrx_word' id='word_1_108' title='bbox 294 834 354 853; x_wconf 88' lang='lat' dir='ltr'><strong>cutn</strong></span> <span class='ocrx_word' id='word_1_109' title='bbox 370 830 488 857; x_wconf 82' lang='lat' dir='ltr'><strong>venisset</strong></span> <span class='ocrx_word' id='word_1_110' title='bbox 508 831 541 858; x_wconf 91' lang='lat' dir='ltr'><strong>ad</strong></span> <span class='ocrx_word' id='word_1_111' title='bbox 566 833 707 866; x_wconf 85' lang='lat' dir='ltr'><strong>templum,</strong></span> <span class='ocrx_word' id='word_1_112' title='bbox 738 833 766 860; x_wconf 91' lang='lat' dir='ltr'><strong>in</strong></span> <span class='ocrx_word' id='word_1_113' title='bbox 797 842 851 869; x_wconf 90' lang='lat' dir='ltr'><strong>quo</strong></span> <span class='ocrx_word' id='word_1_114' title='bbox 875 836 964 862; x_wconf 82' lang='lat' dir='ltr'><strong>stabat</strong></span> <span class='ocrx_word' id='word_1_115' title='bbox 995 844 1076 864; x_wconf 86' lang='lat' dir='ltr'><strong>aurea</strong></span> 
     </span>
    </p>
   </div>
   <div class='ocr_carea' id='block_1_19' title="bbox 294 875 1075 914">
    <p class='ocr_par' dir='ltr' id='par_1_19' title="bbox 294 875 1075 914">
     <span class='ocr_line' id='line_1_19' title="bbox 294 875 1075 914; baseline 0.017 -17"><span class='ocrx_word' id='word_1_116' title='bbox 294 876 393 905; x_wconf 76' lang='lat' dir='ltr'><strong>statua,</strong></span> <span class='ocrx_word' id='word_1_117' title='bbox 415 875 560 910; x_wconf 77' lang='lat' dir='ltr'><strong>confringit</strong></span> <span class='ocrx_word' id='word_1_118' title='bbox 572 885 681 904; x_wconf 89' lang='lat' dir='ltr'><strong>manum</strong></span> <span class='ocrx_word' id='word_1_119' title='bbox 698 879 756 913; x_wconf 84' lang='lat' dir='ltr'><strong>ejus</strong></span> <span class='ocrx_word' id='word_1_120' title='bbox 772 880 932 914; x_wconf 82' lang='lat' dir='ltr'><strong>dexteram;</strong></span> <span class='ocrx_word' id='word_1_121' title='bbox 962 887 989 909; x_wconf 90' lang='lat' dir='ltr'><strong>et</strong></span> <span class='ocrx_word' id='word_1_122' title='bbox 1015 891 1075 909; x_wconf 90' lang='lat' dir='ltr'><strong>cum</strong></span> 
     </span>
    </p>
   </div>
   <div class='ocr_carea' id='block_1_20' title="bbox 294 919 1074 960">
    <p class='ocr_par' dir='ltr' id='par_1_20' title="bbox 294 919 1074 960">
     <span class='ocr_line' id='line_1_20' title="bbox 294 919 1074 960; baseline 0.015 -17"><span class='ocrx_word' id='word_1_123' title='bbox 294 924 353 944; x_wconf 83' lang='lat' dir='ltr'><strong>eam</strong></span> <span class='ocrx_word' id='word_1_124' title='bbox 371 919 544 952; x_wconf 81' lang='lat' dir='ltr'><strong>vendidisset,</strong></span> <span class='ocrx_word' id='word_1_125' title='bbox 565 924 811 957; x_wconf 87' lang='lat' dir='ltr'><strong>succurritmultis,</strong></span> <span class='ocrx_word' id='word_1_126' title='bbox 835 927 880 960; x_wconf 89' lang='lat' dir='ltr'><strong>qui</strong></span> <span class='ocrx_word' id='word_1_127' title='bbox 907 927 961 955; x_wconf 90' lang='lat' dir='ltr'><strong>illic</strong></span> <span class='ocrx_word' id='word_1_128' title='bbox 986 933 1074 960; x_wconf 78' lang='lat' dir='ltr'><strong>erant.</strong></span> 
     </span>
    </p>
   </div>
   <div class='ocr_carea' id='block_1_21' title="bbox 295 964 1076 1008">
    <p class='ocr_par' dir='ltr' id='par_1_21' title="bbox 295 964 1076 1008">
     <span class='ocr_line' id='line_1_21' title="bbox 295 964 1076 1008; baseline 0.015 -20"><span class='ocrx_word' id='word_1_129' title='bbox 295 964 445 997; x_wconf 77' lang='lat' dir='ltr'><strong>egentibus.</strong></span> <span class='ocrx_word' id='word_1_130' title='bbox 467 966 525 993; x_wconf 85' lang='lat' dir='ltr'><strong>Non</strong></span> <span class='ocrx_word' id='word_1_131' title='bbox 541 968 618 995; x_wconf 84' lang='lat' dir='ltr'><strong>latuit</strong></span> <span class='ocrx_word' id='word_1_132' title='bbox 638 969 687 997; x_wconf 89' lang='lat' dir='ltr'><strong>hoc</strong></span> <span class='ocrx_word' id='word_1_133' title='bbox 707 971 840 1002; x_wconf 66' lang='lat' dir='ltr'><strong>aedituos;</strong></span> <span class='ocrx_word' id='word_1_134' title='bbox 857 973 904 1000; x_wconf 83' lang='lat' dir='ltr'><strong>sed</strong></span> <span class='ocrx_word' id='word_1_135' title='bbox 929 978 1076 1008; x_wconf 85' lang='lat' dir='ltr'><strong>propterea</strong></span> 
     </span>
    </p>
   </div>
   <div class='ocr_carea' id='block_1_22' title="bbox 295 1009 1077 1046">
    <p class='ocr_par' dir='ltr' id='par_1_22' title="bbox 295 1009 1077 1046">
     <span class='ocr_line' id='line_1_22' title="bbox 295 1009 1077 1046; baseline 0.014 -13"><span class='ocrx_word' id='word_1_136' title='bbox 295 1009 367 1041; x_wconf 87' lang='lat' dir='ltr'><strong>quod</strong></span> <span class='ocrx_word' id='word_1_137' title='bbox 384 1011 587 1046; x_wconf 87' lang='lat' dir='ltr'><strong>nescirentquis</strong></span> <span class='ocrx_word' id='word_1_138' title='bbox 612 1013 731 1044; x_wconf 77' lang='lat' dir='ltr'><strong>fecisset.</strong></span> <span class='ocrx_word' id='word_1_139' title='bbox 767 1016 844 1042; x_wconf 88' lang='lat' dir='ltr'><strong>multi</strong></span> <span class='ocrx_word' id='word_1_140' title='bbox 877 1017 968 1043; x_wconf 76' lang='lat' dir='ltr'><strong>statim</strong></span> <span class='ocrx_word' id='word_1_141' title='bbox 1002 1025 1077 1044; x_wconf 87' lang='lat' dir='ltr'><strong>com-</strong></span> 
     </span>
    </p>
   </div>
   <div class='ocr_carea' id='block_1_23' title="bbox 295 1055 1079 1093">
    <p class='ocr_par' dir='ltr' id='par_1_23' title="bbox 295 1055 1079 1093">
     <span class='ocr_line' id='line_1_23' title="bbox 295 1055 1079 1093; baseline 0.014 -14"><span class='ocrx_word' id='word_1_142' title='bbox 295 1055 646 1090; x_wconf 78' lang='lat' dir='ltr'><strong>prehendebanturmiseri,</strong></span> <span class='ocrx_word' id='word_1_143' title='bbox 663 1059 788 1092; x_wconf 66' lang='grc' dir='ltr'><strong>(μιίηἱὶιίί</strong></span> <span class='ocrx_word' id='word_1_144' title='bbox 819 1061 871 1087; x_wconf 80' lang='lat' dir='ltr'><strong>tale</strong></span> <span class='ocrx_word' id='word_1_145' title='bbox 899 1061 1031 1093; x_wconf 75' lang='lat' dir='ltr'><strong>fecerant,</strong></span> <span class='ocrx_word' id='word_1_146' title='bbox 1051 1067 1079 1090; x_wconf 86' lang='lat' dir='ltr'><strong>et</strong></span> 
     </span>
    </p>
   </div>
   <div class='ocr_carea' id='block_1_24' title="bbox 295 1100 1077 1139">
    <p class='ocr_par' dir='ltr' id='par_1_24' title="bbox 295 1100 1077 1139">
     <span class='ocr_line' id='line_1_24' title="bbox 295 1100 1077 1139; baseline 0.015 -16"><span class='ocrx_word' id='word_1_147' title='bbox 295 1100 492 1128; x_wconf 86' lang='lat' dir='ltr'><strong>accusabantur</strong></span> <span class='ocrx_word' id='word_1_148' title='bbox 503 1103 646 1138; x_wconf 78' lang='lat' dir='ltr'><strong>sacrilegii,</strong></span> <span class='ocrx_word' id='word_1_149' title='bbox 662 1106 778 1139; x_wconf 89' lang='lat' dir='ltr'><strong>reputati</strong></span> <span class='ocrx_word' id='word_1_150' title='bbox 804 1106 987 1134; x_wconf 77' lang='lat' dir='ltr'><strong>maleficorum</strong></span> <span class='ocrx_word' id='word_1_151' title='bbox 1017 1115 1077 1135; x_wconf 91' lang='lat' dir='ltr'><strong>0m-</strong></span> 
     </span>
    </p>
   </div>
   <div class='ocr_carea' id='block_1_25' title="bbox 296 1143 1078 1185">
    <p class='ocr_par' dir='ltr' id='par_1_25' title="bbox 296 1143 1078 1185">
     <span class='ocr_line' id='line_1_25' title="bbox 296 1143 1078 1185; baseline 0.015 -16"><span class='ocrx_word' id='word_1_152' title='bbox 296 1143 371 1170; x_wconf 83' lang='lat' dir='ltr'><strong>niuin</strong></span> <span class='ocrx_word' id='word_1_153' title='bbox 398 1147 610 1182; x_wconf 79' lang='lat' dir='ltr'><strong>sceleratissimi,</strong></span> <span class='ocrx_word' id='word_1_154' title='bbox 632 1155 660 1177; x_wconf 92' lang='lat' dir='ltr'><strong>ut</strong></span> <span class='ocrx_word' id='word_1_155' title='bbox 677 1151 722 1185; x_wconf 87' lang='lat' dir='ltr'><strong>qui</strong></span> <span class='ocrx_word' id='word_1_156' title='bbox 753 1152 877 1179; x_wconf 82' lang='lat' dir='ltr'><strong>suffurati</strong></span> <span class='ocrx_word' id='word_1_157' title='bbox 905 1158 996 1180; x_wconf 90' lang='lat' dir='ltr'><strong>essent</strong></span> <span class='ocrx_word' id='word_1_158' title='bbox 1034 1154 1078 1181; x_wconf 89' lang='lat' dir='ltr'><strong>dei</strong></span> 
     </span>
    </p>
   </div>
   <div class='ocr_carea' id='block_1_26' title="bbox 297 1189 1077 1235">
    <p class='ocr_par' dir='ltr' id='par_1_26' title="bbox 297 1189 1077 1235">
     <span class='ocr_line' id='line_1_26' title="bbox 297 1189 1077 1235; baseline 0.015 -20"><span class='ocrx_word' id='word_1_159' title='bbox 297 1189 454 1225; x_wconf 75' lang='lat' dir='ltr'><strong>imaginem.</strong></span> <span class='ocrx_word' id='word_1_160' title='bbox 468 1192 552 1220; x_wconf 83' lang='lat' dir='ltr'><strong>Nemo</strong></span> <span class='ocrx_word' id='word_1_161' title='bbox 569 1200 660 1222; x_wconf 90' lang='lat' dir='ltr'><strong>autem</strong></span> <span class='ocrx_word' id='word_1_162' title='bbox 672 1197 711 1223; x_wconf 88' lang='lat' dir='ltr'><strong>eis</strong></span> <span class='ocrx_word' id='word_1_163' title='bbox 725 1205 803 1231; x_wconf 90' lang='lat' dir='ltr'><strong>opem</strong></span> <span class='ocrx_word' id='word_1_164' title='bbox 821 1197 926 1226; x_wconf 83' lang='lat' dir='ltr'><strong>ferebat</strong></span> <span class='ocrx_word' id='word_1_165' title='bbox 942 1207 949 1230; x_wconf 86' lang='lat'><strong>;</strong></span> <span class='ocrx_word' id='word_1_166' title='bbox 969 1199 1017 1226; x_wconf 92' lang='lat' dir='ltr'><strong>sed</strong></span> <span class='ocrx_word' id='word_1_167' title='bbox 1031 1200 1077 1235; x_wconf 92' lang='lat' dir='ltr'><strong>qui</strong></span> 
     </span>
    </p>
   </div>
   <div class='ocr_carea' id='block_1_27' title="bbox 297 1239 1079 1276">
    <p class='ocr_par' dir='ltr' id='par_1_27' title="bbox 297 1239 1079 1276">
     <span class='ocr_line' id='line_1_27' title="bbox 297 1239 1079 1276; baseline 0.015 -15"><span class='ocrx_word' id='word_1_168' title='bbox 297 1241 376 1263; x_wconf 90' lang='lat' dir='ltr'><strong>erant</strong></span> <span class='ocrx_word' id='word_1_169' title='bbox 391 1239 466 1271; x_wconf 87' lang='lat' dir='ltr'><strong>prius</strong></span> <span class='ocrx_word' id='word_1_170' title='bbox 477 1240 556 1266; x_wconf 90' lang='lat' dir='ltr'><strong>amici</strong></span> <span class='ocrx_word' id='word_1_171' title='bbox 581 1248 627 1269; x_wconf 87' lang='lat' dir='ltr'><strong>eos</strong></span> <span class='ocrx_word' id='word_1_172' title='bbox 652 1244 871 1276; x_wconf 87' lang='lat' dir='ltr'><strong>aversabantur;</strong></span> <span class='ocrx_word' id='word_1_173' title='bbox 899 1248 926 1271; x_wconf 89' lang='lat' dir='ltr'><strong>et</strong></span> <span class='ocrx_word' id='word_1_174' title='bbox 952 1246 1079 1273; x_wconf 79' lang='lat' dir='ltr'><strong>custodes</strong></span> 
     </span>
    </p>
   </div>
   <div class='ocr_carea' id='block_1_28' title="bbox 298 1282 1079 1327">
    <p class='ocr_par' dir='ltr' id='par_1_28' title="bbox 298 1282 1079 1327">
     <span class='ocr_line' id='line_1_28' title="bbox 298 1282 1079 1327; baseline 0.015 -21"><span class='ocrx_word' id='word_1_175' title='bbox 298 1282 415 1309; x_wconf 86' lang='lat' dir='ltr'><strong>carceris</strong></span> <span class='ocrx_word' id='word_1_176' title='bbox 433 1283 478 1317; x_wconf 84' lang='lat' dir='ltr'><strong>(ita</strong></span> <span class='ocrx_word' id='word_1_177' title='bbox 495 1285 567 1312; x_wconf 89' lang='lat' dir='ltr'><strong>enim</strong></span> <span class='ocrx_word' id='word_1_178' title='bbox 583 1287 775 1315; x_wconf 83' lang='lat' dir='ltr'><strong>existimabant</strong></span> <span class='ocrx_word' id='word_1_179' title='bbox 791 1297 819 1316; x_wconf 90' lang='lat' dir='ltr'><strong>se</strong></span> <span class='ocrx_word' id='word_1_180' title='bbox 835 1289 887 1316; x_wconf 88' lang='lat' dir='ltr'><strong>diis</strong></span> <span class='ocrx_word' id='word_1_181' title='bbox 902 1298 963 1317; x_wconf 90' lang='lat' dir='ltr'><strong>esse</strong></span> <span class='ocrx_word' id='word_1_182' title='bbox 996 1292 1079 1327; x_wconf 76' lang='lat' dir='ltr'><strong>grati-</strong></span> 
     </span>
    </p>
   </div>
   <div class='ocr_carea' id='block_1_29' title="bbox 298 1326 1079 1371">
    <p class='ocr_par' dir='ltr' id='par_1_29' title="bbox 298 1326 1079 1371">
     <span class='ocr_line' id='line_1_29' title="bbox 298 1326 1079 1371; baseline 0.018 -20"><span class='ocrx_word' id='word_1_183' title='bbox 298 1326 437 1363; x_wconf 73' lang='lat' dir='ltr'><strong>ticatums)</strong></span> <span class='ocrx_word' id='word_1_184' title='bbox 450 1331 566 1364; x_wconf 77' lang='lat' dir='ltr'><strong>graviter</strong></span> <span class='ocrx_word' id='word_1_185' title='bbox 581 1332 735 1368; x_wconf 78' lang='lat' dir='ltr'><strong>ailligebaut</strong></span> <span class='ocrx_word' id='word_1_186' title='bbox 760 1342 818 1368; x_wconf 87' lang='lat' dir='ltr'><strong>eos,</strong></span> <span class='ocrx_word' id='word_1_187' title='bbox 851 1336 898 1370; x_wconf 91' lang='lat' dir='ltr'><strong>qui</strong></span> <span class='ocrx_word' id='word_1_188' title='bbox 925 1326 1079 1371; x_wconf 19' lang='lat' dir='ltr'><strong>captirfue-</strong></span> 
     </span>
    </p>
   </div>
   <div class='ocr_carea' id='block_1_30' title="bbox 298 1378 370 1400">
    <p class='ocr_par' dir='ltr' id='par_1_30' title="bbox 298 1378 370 1400">
     <span class='ocr_line' id='line_1_30' title="bbox 298 1378 370 1400; baseline 0.028 -2"><span class='ocrx_word' id='word_1_189' title='bbox 298 1378 370 1400; x_wconf 85' lang='lat' dir='ltr'><strong>rant.</strong></span> 
     </span>
    </p>
   </div>
   <div class='ocr_carea' id='block_1_31' title="bbox 275 858 291 877">
    <p class='ocr_par' dir='ltr' id='par_1_31' title="bbox 275 858 291 877">
     <span class='ocr_line' id='line_1_31' title="bbox 275 858 291 877; baseline 0 -7"><span class='ocrx_word' id='word_1_190' title='bbox 275 858 291 877; x_wconf 59' lang='grc' dir='ltr'>,ι</span> 
     </span>
    </p>
   </div>
   <div class='ocr_carea' id='block_1_32' title="bbox 333 1429 1078 1474">
    <p class='ocr_par' dir='ltr' id='par_1_32' title="bbox 333 1429 1078 1474">
     <span class='ocr_line' id='line_1_32' title="bbox 333 1429 1078 1474; baseline 0.015 -18"><span class='ocrx_word' id='word_1_191' title='bbox 333 1429 378 1457; x_wconf 88' lang='lat' dir='ltr'><strong>lll.</strong></span> <span class='ocrx_word' id='word_1_192' title='bbox 394 1431 548 1461; x_wconf 83' lang='lat' dir='ltr'><strong>Gcnerosus</strong></span> <span class='ocrx_word' id='word_1_193' title='bbox 562 1439 652 1463; x_wconf 86' lang='lat' dir='ltr'><strong>autent</strong></span> <span class='ocrx_word' id='word_1_194' title='bbox 669 1436 758 1464; x_wconf 78' lang='lat' dir='ltr'><strong>Sozon</strong></span> <span class='ocrx_word' id='word_1_195' title='bbox 772 1437 857 1465; x_wconf 88' lang='lat' dir='ltr'><strong>libere</strong></span> <span class='ocrx_word' id='word_1_196' title='bbox 873 1439 966 1466; x_wconf 87' lang='lat' dir='ltr'><strong>volens</strong></span> <span class='ocrx_word' id='word_1_197' title='bbox 999 1440 1078 1474; x_wconf 84' lang='lat' dir='ltr'><strong>proﬁ-</strong></span> 
     </span>
    </p>
   </div>
   <div class='ocr_carea' id='block_1_33' title="bbox 299 1475 1080 1516">
    <p class='ocr_par' dir='ltr' id='par_1_33' title="bbox 299 1475 1080 1516">
     <span class='ocr_line' id='line_1_33' title="bbox 299 1475 1080 1516; baseline 0.015 -16"><span class='ocrx_word' id='word_1_198' title='bbox 299 1475 349 1501; x_wconf 86' lang='lat' dir='ltr'><strong>teri</strong></span> <span class='ocrx_word' id='word_1_199' title='bbox 370 1476 508 1510; x_wconf 78' lang='lat' dir='ltr'><strong>pietatem,</strong></span> <span class='ocrx_word' id='word_1_200' title='bbox 528 1484 556 1506; x_wconf 88' lang='lat' dir='ltr'><strong>et</strong></span> <span class='ocrx_word' id='word_1_201' title='bbox 569 1488 615 1507; x_wconf 87' lang='lat' dir='ltr'><strong>eos</strong></span> <span class='ocrx_word' id='word_1_202' title='bbox 635 1481 760 1514; x_wconf 85' lang='lat' dir='ltr'><strong>liberare,</strong></span> <span class='ocrx_word' id='word_1_203' title='bbox 776 1483 822 1516; x_wconf 90' lang='lat' dir='ltr'><strong>qui</strong></span> <span class='ocrx_word' id='word_1_204' title='bbox 851 1483 920 1510; x_wconf 87' lang='lat' dir='ltr'><strong>nihil</strong></span> <span class='ocrx_word' id='word_1_205' title='bbox 956 1485 1080 1512; x_wconf 85' lang='lat' dir='ltr'><strong>sciebant</strong></span> 
     </span>
    </p>
   </div>
   <div class='ocr_carea' id='block_1_34' title="bbox 297 1521 1079 1562">
    <p class='ocr_par' dir='ltr' id='par_1_34' title="bbox 297 1521 1079 1562">
     <span class='ocr_line' id='line_1_34' title="bbox 297 1521 1079 1562; baseline 0.014 -16"><span class='ocrx_word' id='word_1_206' title='bbox 297 1527 331 1546; x_wconf 76' lang='lat' dir='ltr'><strong>ex</strong></span> <span class='ocrx_word' id='word_1_207' title='bbox 348 1521 382 1547; x_wconf 86' lang='lat' dir='ltr'><strong>iis</strong></span> <span class='ocrx_word' id='word_1_208' title='bbox 397 1530 456 1556; x_wconf 58' lang='lat' dir='ltr'><strong>quis</strong></span> <span class='ocrx_word' id='word_1_209' title='bbox 471 1524 538 1551; x_wconf 85' lang='lat' dir='ltr'><strong>facta</strong></span> <span class='ocrx_word' id='word_1_210' title='bbox 559 1525 676 1559; x_wconf 82' lang='lat' dir='ltr'><strong>fuerant,</strong></span> <span class='ocrx_word' id='word_1_211' title='bbox 702 1528 821 1562; x_wconf 84' lang='lat' dir='ltr'><strong>seipsum</strong></span> <span class='ocrx_word' id='word_1_212' title='bbox 847 1529 943 1561; x_wconf 82' lang='lat' dir='ltr'><strong>defert,</strong></span> <span class='ocrx_word' id='word_1_213' title='bbox 967 1531 1079 1557; x_wconf 89' lang='lat' dir='ltr'><strong>veniens</strong></span> 
     </span>
    </p>
   </div>
   <div class='ocr_carea' id='block_1_35' title="bbox 1128 279 1912 320">
    <p class='ocr_par' dir='ltr' id='par_1_35' title="bbox 1128 279 1912 320">
     <span class='ocr_line' id='line_1_35' title="bbox 1128 279 1912 320; baseline 0.01 -14"><span class='ocrx_word' id='word_1_214' title='bbox 1128 279 1257 317; x_wconf 75' lang='grc' dir='ltr'><strong>εὔκαιρος</strong></span> <span class='ocrx_word' id='word_1_215' title='bbox 1274 283 1389 317; x_wconf 80' lang='grc' dir='ltr'>ἀφίκετο</span> <span class='ocrx_word' id='word_1_216' title='bbox 1404 285 1452 312; x_wconf 83' lang='grc' dir='ltr'>καὶ</span> <span class='ocrx_word' id='word_1_217' title='bbox 1467 284 1571 319; x_wconf 82' lang='grc' dir='ltr'>γλυκὺς</span> <span class='ocrx_word' id='word_1_218' title='bbox 1586 286 1633 312; x_wconf 85' lang='grc' dir='ltr'>καὶ</span> <span class='ocrx_word' id='word_1_219' title='bbox 1649 285 1711 320; x_wconf 71' lang='grc' dir='ltr'>ὄψις</span> <span class='ocrx_word' id='word_1_220' title='bbox 1727 287 1912 320; x_wconf 79' lang='grc' dir='ltr'>παραγίνεται</span> 
     </span>
    </p>
   </div>
   <div class='ocr_carea' id='block_1_36' title="bbox 1129 326 1914 369">
    <p class='ocr_par' dir='ltr' id='par_1_36' title="bbox 1129 326 1914 369">
     <span class='ocr_line' id='line_1_36' title="bbox 1129 326 1914 369; baseline 0.009 -16"><span class='ocrx_word' id='word_1_221' title='bbox 1129 326 1263 362; x_wconf 81' lang='grc' dir='ltr'>θειοτέρα.</span> <span class='ocrx_word' id='word_1_222' title='bbox 1287 329 1319 355; x_wconf 82' lang='grc' dir='ltr'><strong>Ἢ</strong></span> <span class='ocrx_word' id='word_1_223' title='bbox 1334 330 1363 356; x_wconf 78' lang='grc' dir='ltr'>δὲ</span> <span class='ocrx_word' id='word_1_224' title='bbox 1377 330 1439 365; x_wconf 75' lang='grc' dir='ltr'>δψις</span> <span class='ocrx_word' id='word_1_225' title='bbox 1454 331 1572 366; x_wconf 72' lang='grc' dir='ltr'>ῥώννυσι</span> <span class='ocrx_word' id='word_1_226' title='bbox 1587 340 1616 358; x_wconf 88' lang='grc' dir='ltr'><strong>τε</strong></span> <span class='ocrx_word' id='word_1_227' title='bbox 1631 332 1732 366; x_wconf 80' lang='grc' dir='ltr'>μᾶλλον</span> <span class='ocrx_word' id='word_1_228' title='bbox 1748 332 1831 360; x_wconf 77' lang='grc' dir='ltr'>αῠτδν</span> <span class='ocrx_word' id='word_1_229' title='bbox 1843 334 1914 369; x_wconf 78' lang='grc' dir='ltr'>πρὸς</span> 
     </span>
    </p>
   </div>
   <div class='ocr_carea' id='block_1_37' title="bbox 1127 373 1912 413">
    <p class='ocr_par' dir='ltr' id='par_1_37' title="bbox 1127 373 1912 413">
     <span class='ocr_line' id='line_1_37' title="bbox 1127 373 1912 413; baseline 0.01 -15"><span class='ocrx_word' id='word_1_230' title='bbox 1127 373 1278 407; x_wconf 76' lang='grc' dir='ltr'>εὐσέϐειαν,</span> <span class='ocrx_word' id='word_1_231' title='bbox 1290 375 1336 401; x_wconf 85' lang='grc' dir='ltr'>καὶ</span> <span class='ocrx_word' id='word_1_232' title='bbox 1352 375 1452 410; x_wconf 83' lang='grc' dir='ltr'>θάρσος</span> <span class='ocrx_word' id='word_1_233' title='bbox 1469 376 1581 411; x_wconf 72' lang='grc' dir='ltr'>ἐνίησιν.</span> <span class='ocrx_word' id='word_1_234' title='bbox 1597 375 1664 404; x_wconf 86' lang='grc' dir='ltr'>Εἶτα</span> <span class='ocrx_word' id='word_1_235' title='bbox 1680 378 1728 404; x_wconf 74' lang='grc' dir='ltr'>καὶ</span> <span class='ocrx_word' id='word_1_236' title='bbox 1743 379 1824 413; x_wconf 83' lang='grc' dir='ltr'><strong>χάριν</strong></span> <span class='ocrx_word' id='word_1_237' title='bbox 1838 379 1912 406; x_wconf 78' lang='grc' dir='ltr'>ἀνω-</span> 
     </span>
    </p>
   </div>
   <div class='ocr_carea' id='block_1_38' title="bbox 1127 418 1911 459">
    <p class='ocr_par' dir='ltr' id='par_1_38' title="bbox 1127 418 1911 459">
     <span class='ocr_line' id='line_1_38' title="bbox 1127 418 1911 459; baseline 0.011 -15"><span class='ocrx_word' id='word_1_238' title='bbox 1127 418 1173 445; x_wconf 85' lang='grc' dir='ltr'><strong>θεν</strong></span> <span class='ocrx_word' id='word_1_239' title='bbox 1195 421 1367 455; x_wconf 86' lang='grc' dir='ltr'>καταπτῆναι</span> <span class='ocrx_word' id='word_1_240' title='bbox 1392 422 1432 457; x_wconf 88' lang='grc' dir='ltr'>τῷ</span> <span class='ocrx_word' id='word_1_241' title='bbox 1451 423 1526 459; x_wconf 84' lang='grc' dir='ltr'><strong>τόπῳ</strong></span> <span class='ocrx_word' id='word_1_242' title='bbox 1550 423 1702 458; x_wconf 85' lang='grc' dir='ltr'>μέλλουσαν</span> <span class='ocrx_word' id='word_1_243' title='bbox 1731 426 1911 454; x_wconf 70' lang='grc' dir='ltr'>ἑκκαλύπτει.</span> 
     </span>
    </p>
   </div>
   <div class='ocr_carea' id='block_1_39' title="bbox 1129 464 1913 504">
    <p class='ocr_par' dir='ltr' id='par_1_39' title="bbox 1129 464 1913 504">
     <span class='ocr_line' id='line_1_39' title="bbox 1129 464 1913 504; baseline 0.01 -14"><span class='ocrx_word' id='word_1_244' title='bbox 1129 464 1227 491; x_wconf 86' lang='grc' dir='ltr'>Ἔσται</span> <span class='ocrx_word' id='word_1_245' title='bbox 1241 466 1295 501; x_wconf 83' lang='grc' dir='ltr'><strong>γὰρ</strong></span> <span class='ocrx_word' id='word_1_246' title='bbox 1308 467 1322 493; x_wconf 86' lang='grc' dir='ltr'><strong>ὁ</strong></span> <span class='ocrx_word' id='word_1_247' title='bbox 1349 468 1444 503; x_wconf 88' lang='grc' dir='ltr'>παρὼν</span> <span class='ocrx_word' id='word_1_248' title='bbox 1460 466 1547 500; x_wconf 80' lang='grc' dir='ltr'>οὗτος,</span> <span class='ocrx_word' id='word_1_249' title='bbox 1565 469 1628 504; x_wconf 74' lang='grc' dir='ltr'>ἔφη,</span> <span class='ocrx_word' id='word_1_250' title='bbox 1647 470 1728 502; x_wconf 73' lang='grc' dir='ltr'>τόπος</span> <span class='ocrx_word' id='word_1_251' title='bbox 1744 471 1852 503; x_wconf 76' lang='grc' dir='ltr'><strong>πολλοῖς</strong></span> <span class='ocrx_word' id='word_1_252' title='bbox 1870 473 1913 504; x_wconf 80' lang='grc' dir='ltr'>εἰς</span> 
     </span>
    </p>
   </div>
   <div class='ocr_carea' id='block_1_40' title="bbox 1127 510 1910 551">
    <p class='ocr_par' dir='ltr' id='par_1_40' title="bbox 1127 510 1910 551">
     <span class='ocr_line' id='line_1_40' title="bbox 1127 510 1910 551; baseline 0.011 -15"><span class='ocrx_word' id='word_1_253' title='bbox 1127 510 1273 545; x_wconf 81' lang='grc' dir='ltr'>ὠφέλειαν,</span> <span class='ocrx_word' id='word_1_254' title='bbox 1297 515 1437 548; x_wconf 80' lang='grc' dir='ltr'><strong>σωτηρίαν</strong></span> <span class='ocrx_word' id='word_1_255' title='bbox 1458 523 1486 541; x_wconf 85' lang='grc' dir='ltr'><strong>τε</strong></span> <span class='ocrx_word' id='word_1_256' title='bbox 1508 515 1572 549; x_wconf 83' lang='grc' dir='ltr'>παρ’</span> <span class='ocrx_word' id='word_1_257' title='bbox 1593 515 1668 551; x_wconf 85' lang='grc' dir='ltr'>αὐτῷ</span> <span class='ocrx_word' id='word_1_258' title='bbox 1681 516 1842 551; x_wconf 79' lang='grc' dir='ltr'>εὑρήσουσι,</span> <span class='ocrx_word' id='word_1_259' title='bbox 1859 518 1910 545; x_wconf 78' lang='grc' dir='ltr'>καὶ</span> 
     </span>
    </p>
   </div>
   <div class='ocr_carea' id='block_1_41' title="bbox 1127 555 1913 592">
    <p class='ocr_par' dir='ltr' id='par_1_41' title="bbox 1127 555 1913 592">
     <span class='ocr_line' id='line_1_41' title="bbox 1127 555 1913 592; baseline 0.01 -10"><span class='ocrx_word' id='word_1_260' title='bbox 1127 555 1176 591; x_wconf 83' lang='grc' dir='ltr'>τὴν</span> <span class='ocrx_word' id='word_1_261' title='bbox 1191 557 1294 592; x_wconf 85' lang='grc' dir='ltr'>Τριάδα</span> <span class='ocrx_word' id='word_1_262' title='bbox 1319 558 1476 591; x_wconf 76' lang='grc' dir='ltr'><strong>δοξάζοντες</strong></span> <span class='ocrx_word' id='word_1_263' title='bbox 1498 559 1617 588; x_wconf 75' lang='grc' dir='ltr'>ἔσονται.</span> <span class='ocrx_word' id='word_1_264' title='bbox 1649 561 1770 589; x_wconf 78' lang='grc' dir='ltr'><strong>Ἐκεῖθεν</strong></span> <span class='ocrx_word' id='word_1_265' title='bbox 1789 563 1881 590; x_wconf 80' lang='grc' dir='ltr'>τοίνυν</span> <span class='ocrx_word' id='word_1_266' title='bbox 1897 564 1913 590; x_wconf 76' lang='grc'>6</span> 
     </span>
    </p>
   </div>
   <div class='ocr_carea' id='block_1_42' title="bbox 1128 603 1915 643">
    <p class='ocr_par' dir='ltr' id='par_1_42' title="bbox 1128 603 1915 643">
     <span class='ocr_line' id='line_1_42' title="bbox 1128 603 1915 643; baseline 0.01 -15"><span class='ocrx_word' id='word_1_267' title='bbox 1128 603 1212 635; x_wconf 79' lang='grc' dir='ltr'>καλὸς</span> <span class='ocrx_word' id='word_1_268' title='bbox 1225 604 1329 636; x_wconf 77' lang='grc' dir='ltr'>ἐκεῖνος</span> <span class='ocrx_word' id='word_1_269' title='bbox 1342 605 1445 641; x_wconf 74' lang='grc' dir='ltr'>ποιμὴν</span> <span class='ocrx_word' id='word_1_270' title='bbox 1465 607 1586 638; x_wconf 82' lang='grc' dir='ltr'>ἀναστὰς</span> <span class='ocrx_word' id='word_1_271' title='bbox 1600 608 1640 639; x_wconf 79' lang='grc' dir='ltr'>εἰς</span> <span class='ocrx_word' id='word_1_272' title='bbox 1654 607 1703 643; x_wconf 83' lang='grc' dir='ltr'><strong>τὴν</strong></span> <span class='ocrx_word' id='word_1_273' title='bbox 1719 609 1915 643; x_wconf 81' lang='grc' dir='ltr'>Πομπειούπο-</span> 
     </span>
    </p>
   </div>
   <div class='ocr_carea' id='block_1_43' title="bbox 1128 647 1914 689">
    <p class='ocr_par' dir='ltr' id='par_1_43' title="bbox 1128 647 1914 689">
     <span class='ocr_line' id='line_1_43' title="bbox 1128 647 1914 689; baseline 0.009 -15"><span class='ocrx_word' id='word_1_274' title='bbox 1128 647 1169 674; x_wconf 84' lang='grc' dir='ltr'><strong>λιν</strong></span> <span class='ocrx_word' id='word_1_275' title='bbox 1184 647 1246 685; x_wconf 81' lang='grc' dir='ltr'>ἧκε,</span> <span class='ocrx_word' id='word_1_276' title='bbox 1271 651 1318 676; x_wconf 74' lang='grc' dir='ltr'>καὶ</span> <span class='ocrx_word' id='word_1_277' title='bbox 1339 651 1472 678; x_wconf 80' lang='grc' dir='ltr'><strong>ἀνθοῦντα</strong></span> <span class='ocrx_word' id='word_1_278' title='bbox 1498 652 1548 687; x_wconf 74' lang='grc' dir='ltr'>μὲν</span> <span class='ocrx_word' id='word_1_279' title='bbox 1570 653 1641 679; x_wconf 80' lang='grc' dir='ltr'>οὕτω</span> <span class='ocrx_word' id='word_1_280' title='bbox 1658 654 1692 679; x_wconf 78' lang='grc' dir='ltr'><strong>τὰ</strong></span> <span class='ocrx_word' id='word_1_281' title='bbox 1709 654 1760 689; x_wconf 85' lang='grc' dir='ltr'><strong>τῆς</strong></span> <span class='ocrx_word' id='word_1_282' title='bbox 1783 655 1914 687; x_wconf 75' lang='grc' dir='ltr'>ἀσεϐείας</span> 
     </span>
    </p>
   </div>
   <div class='ocr_carea' id='block_1_44' title="bbox 1131 695 1916 734">
    <p class='ocr_par' dir='ltr' id='par_1_44' title="bbox 1131 695 1916 734">
     <span class='ocr_line' id='line_1_44' title="bbox 1131 695 1916 734; baseline 0.009 -13"><span class='ocrx_word' id='word_1_283' title='bbox 1131 695 1192 721; x_wconf 77' lang='grc' dir='ltr'>ἰδὼν</span> <span class='ocrx_word' id='word_1_284' title='bbox 1206 697 1235 721; x_wconf 83' lang='grc' dir='ltr'>ἐν</span> <span class='ocrx_word' id='word_1_285' title='bbox 1251 696 1330 732; x_wconf 76' lang='grc' dir='ltr'>αὐτῇ,</span> <span class='ocrx_word' id='word_1_286' title='bbox 1345 698 1549 732; x_wconf 79' lang='grc' dir='ltr'>παρεωραμένα</span> <span class='ocrx_word' id='word_1_287' title='bbox 1562 699 1590 725; x_wconf 78' lang='grc' dir='ltr'>δὲ</span> <span class='ocrx_word' id='word_1_288' title='bbox 1610 700 1644 725; x_wconf 74' lang='grc' dir='ltr'><strong>τὰ</strong></span> <span class='ocrx_word' id='word_1_289' title='bbox 1663 700 1848 734; x_wconf 83' lang='grc' dir='ltr'>Χριστιανῶν,</span> <span class='ocrx_word' id='word_1_290' title='bbox 1866 702 1916 728; x_wconf 71' lang='grc' dir='ltr'>καὶ</span> 
     </span>
    </p>
   </div>
   <div class='ocr_carea' id='block_1_45' title="bbox 1129 740 1918 780">
    <p class='ocr_par' dir='ltr' id='par_1_45' title="bbox 1129 740 1918 780">
     <span class='ocr_line' id='line_1_45' title="bbox 1129 740 1918 780; baseline 0.011 -15"><span class='ocrx_word' id='word_1_291' title='bbox 1129 741 1169 771; x_wconf 80' lang='grc' dir='ltr'>εἰς</span> <span class='ocrx_word' id='word_1_292' title='bbox 1184 740 1298 775; x_wconf 81' lang='grc' dir='ltr'>ἔσχατον</span> <span class='ocrx_word' id='word_1_293' title='bbox 1322 742 1510 777; x_wconf 79' lang='grc' dir='ltr'>ἀμελούμενα,</span> <span class='ocrx_word' id='word_1_294' title='bbox 1531 744 1580 770; x_wconf 73' lang='grc' dir='ltr'><strong>οὐκ</strong></span> <span class='ocrx_word' id='word_1_295' title='bbox 1593 745 1714 780; x_wconf 73' lang='grc' dir='ltr'>ἠδυνήθη</span> <span class='ocrx_word' id='word_1_296' title='bbox 1738 747 1833 780; x_wconf 78' lang='grc' dir='ltr'>πράως</span> <span class='ocrx_word' id='word_1_297' title='bbox 1848 747 1918 773; x_wconf 81' lang='grc' dir='ltr'>ὑπε-</span> 
     </span>
    </p>
   </div>
   <div class='ocr_carea' id='block_1_46' title="bbox 1129 787 1917 826">
    <p class='ocr_par' dir='ltr' id='par_1_46' title="bbox 1129 787 1917 826">
     <span class='ocr_line' id='line_1_46' title="bbox 1129 787 1917 826; baseline 0.011 -15"><span class='ocrx_word' id='word_1_298' title='bbox 1129 788 1246 819; x_wconf 83' lang='grc' dir='ltr'>νεγκεῖν,</span> <span class='ocrx_word' id='word_1_299' title='bbox 1266 787 1324 813; x_wconf 82' lang='grc' dir='ltr'>ἀλλ’</span> <span class='ocrx_word' id='word_1_300' title='bbox 1348 789 1419 824; x_wconf 82' lang='grc' dir='ltr'>όρμή</span> <span class='ocrx_word' id='word_1_301' title='bbox 1441 797 1472 815; x_wconf 84' lang='grc' dir='ltr'><strong>τε</strong></span> <span class='ocrx_word' id='word_1_302' title='bbox 1497 789 1545 824; x_wconf 85' lang='grc' dir='ltr'><strong>τὴν</strong></span> <span class='ocrx_word' id='word_1_303' title='bbox 1563 791 1666 817; x_wconf 77' lang='grc' dir='ltr'>ἐκείνου</span> <span class='ocrx_word' id='word_1_304' title='bbox 1691 792 1806 826; x_wconf 78' lang='grc' dir='ltr'>καρδίαν</span> <span class='ocrx_word' id='word_1_305' title='bbox 1831 793 1917 825; x_wconf 70' lang='grc' dir='ltr'>εὐθὺς</span> 
     </span>
    </p>
   </div>
   <div class='ocr_carea' id='block_1_47' title="bbox 1129 831 1918 875">
    <p class='ocr_par' dir='ltr' id='par_1_47' title="bbox 1129 831 1918 875">
     <span class='ocr_line' id='line_1_47' title="bbox 1129 831 1918 875; baseline 0.011 -18"><span class='ocrx_word' id='word_1_306' title='bbox 1129 831 1203 864; x_wconf 72' lang='grc' dir='ltr'>ὀξεῖα</span> <span class='ocrx_word' id='word_1_307' title='bbox 1219 833 1320 875; x_wconf 67' lang='grc' dir='ltr'>είσέδυ,</span> <span class='ocrx_word' id='word_1_308' title='bbox 1339 834 1386 860; x_wconf 79' lang='grc' dir='ltr'><strong>καὶ</strong></span> <span class='ocrx_word' id='word_1_309' title='bbox 1414 835 1488 870; x_wconf 72' lang='grc' dir='ltr'>παρὰ</span> <span class='ocrx_word' id='word_1_310' title='bbox 1511 836 1556 862; x_wconf 78' lang='grc' dir='ltr'>τὲν</span> <span class='ocrx_word' id='word_1_311' title='bbox 1574 839 1636 863; x_wconf 63' lang='grc' dir='ltr'>ναὸν</span> <span class='ocrx_word' id='word_1_312' title='bbox 1665 837 1729 864; x_wconf 82' lang='grc' dir='ltr'>ἔνθα</span> <span class='ocrx_word' id='word_1_313' title='bbox 1745 838 1776 864; x_wconf 83' lang='grc' dir='ltr'>τὸ</span> <span class='ocrx_word' id='word_1_314' title='bbox 1799 838 1918 875; x_wconf 77' lang='grc' dir='ltr'>ἄγαλμα</span> 
     </span>
    </p>
   </div>
   <div class='ocr_carea' id='block_1_48' title="bbox 1131 872 1918 920">
    <p class='ocr_par' dir='ltr' id='par_1_48' title="bbox 1131 872 1918 920">
     <span class='ocr_line' id='line_1_48' title="bbox 1131 872 1918 920; baseline 0.011 -17"><span class='ocrx_word' id='word_1_315' title='bbox 1131 879 1254 914; x_wconf 73' lang='grc' dir='ltr'>εἱστήκει</span> <span class='ocrx_word' id='word_1_316' title='bbox 1272 872 1434 914; x_wconf 71' lang='grc' dir='ltr'>ἰδ’χρυσοῦν</span> <span class='ocrx_word' id='word_1_317' title='bbox 1459 882 1623 916; x_wconf 69' lang='grc' dir='ltr'>ἀφικόμενος</span> <span class='ocrx_word' id='word_1_318' title='bbox 1650 884 1700 918; x_wconf 83' lang='grc' dir='ltr'>τὴν</span> <span class='ocrx_word' id='word_1_319' title='bbox 1711 885 1790 920; x_wconf 80' lang='grc' dir='ltr'>χεῖρα</span> <span class='ocrx_word' id='word_1_320' title='bbox 1817 886 1918 912; x_wconf 77' lang='grc' dir='ltr'>τούτου</span> 
     </span>
    </p>
   </div>
   <div class='ocr_carea' id='block_1_49' title="bbox 1130 924 1920 965">
    <p class='ocr_par' dir='ltr' id='par_1_49' title="bbox 1130 924 1920 965">
     <span class='ocr_line' id='line_1_49' title="bbox 1130 924 1920 965; baseline 0.011 -15"><span class='ocrx_word' id='word_1_321' title='bbox 1130 924 1219 956; x_wconf 77' lang='grc' dir='ltr'>δ;ξιὰν</span> <span class='ocrx_word' id='word_1_322' title='bbox 1235 925 1394 959; x_wconf 79' lang='grc' dir='ltr'>ἁποθραύει,</span> <span class='ocrx_word' id='word_1_323' title='bbox 1414 928 1460 953; x_wconf 73' lang='grc' dir='ltr'>καὶ</span> <span class='ocrx_word' id='word_1_324' title='bbox 1475 929 1556 962; x_wconf 74' lang='grc' dir='ltr'>τιμῆς</span> <span class='ocrx_word' id='word_1_325' title='bbox 1574 929 1657 964; x_wconf 75' lang='grc' dir='ltr'>αὐτὴν</span> <span class='ocrx_word' id='word_1_326' title='bbox 1671 930 1838 965; x_wconf 75' lang='grc' dir='ltr'>ἀποδόμενος</span> <span class='ocrx_word' id='word_1_327' title='bbox 1851 933 1920 958; x_wconf 85' lang='grc' dir='ltr'>πολ-</span> 
     </span>
    </p>
   </div>
   <div class='ocr_carea' id='block_1_50' title="bbox 1129 970 1921 1009">
    <p class='ocr_par' dir='ltr' id='par_1_50' title="bbox 1129 970 1921 1009">
     <span class='ocr_line' id='line_1_50' title="bbox 1129 970 1921 1009; baseline 0.011 -13"><span class='ocrx_word' id='word_1_328' title='bbox 1129 970 1186 1002; x_wconf 76' lang='grc' dir='ltr'>λοῖς</span> <span class='ocrx_word' id='word_1_329' title='bbox 1202 972 1307 998; x_wconf 79' lang='grc' dir='ltr'>ἐκεῖθεν</span> <span class='ocrx_word' id='word_1_330' title='bbox 1322 973 1377 999; x_wconf 84' lang='grc' dir='ltr'><strong>τῶν</strong></span> <span class='ocrx_word' id='word_1_331' title='bbox 1396 973 1493 1000; x_wconf 78' lang='grc' dir='ltr'>ἐνδεῶν</span> <span class='ocrx_word' id='word_1_332' title='bbox 1509 975 1634 1009; x_wconf 76' lang='grc' dir='ltr'>ἐπαρκεῖ.</span> <span class='ocrx_word' id='word_1_333' title='bbox 1660 976 1717 1002; x_wconf 73' lang='grc' dir='ltr'>Οὖκ</span> <span class='ocrx_word' id='word_1_334' title='bbox 1733 976 1813 1004; x_wconf 77' lang='grc' dir='ltr'>ἔλαθε</span> <span class='ocrx_word' id='word_1_335' title='bbox 1835 978 1921 1006; x_wconf 79' lang='grc' dir='ltr'>τοῦτο</span> 
     </span>
    </p>
   </div>
   <div class='ocr_carea' id='block_1_51' title="bbox 1130 1018 1922 1058">
    <p class='ocr_par' dir='ltr' id='par_1_51' title="bbox 1130 1018 1922 1058">
     <span class='ocr_line' id='line_1_51' title="bbox 1130 1018 1922 1058; baseline 0.011 -15"><span class='ocrx_word' id='word_1_336' title='bbox 1130 1018 1194 1049; x_wconf 67' lang='grc' dir='ltr'>τοὺς</span> <span class='ocrx_word' id='word_1_337' title='bbox 1207 1019 1369 1053; x_wconf 78' lang='grc' dir='ltr'>νεωκόρους,</span> <span class='ocrx_word' id='word_1_338' title='bbox 1391 1020 1450 1046; x_wconf 80' lang='grc' dir='ltr'>ἀλλ’</span> <span class='ocrx_word' id='word_1_339' title='bbox 1464 1021 1561 1056; x_wconf 79' lang='grc' dir='ltr'>ἀγνοίᾳ</span> <span class='ocrx_word' id='word_1_340' title='bbox 1576 1021 1623 1048; x_wconf 83' lang='grc' dir='ltr'>τοῦ</span> <span class='ocrx_word' id='word_1_341' title='bbox 1644 1022 1803 1058; x_wconf 69' lang='grc' dir='ltr'>δράσαντος,</span> <span class='ocrx_word' id='word_1_342' title='bbox 1820 1027 1922 1053; x_wconf 81' lang='grc' dir='ltr'>πολλοὶ</span> 
     </span>
    </p>
   </div>
   <div class='ocr_carea' id='block_1_52' title="bbox 1131 1064 1921 1107">
    <p class='ocr_par' dir='ltr' id='par_1_52' title="bbox 1131 1064 1921 1107">
     <span class='ocr_line' id='line_1_52' title="bbox 1131 1064 1921 1107; baseline 0.011 -18"><span class='ocrx_word' id='word_1_343' title='bbox 1131 1064 1229 1091; x_wconf 78' lang='grc' dir='ltr'>αὐτίκα</span> <span class='ocrx_word' id='word_1_344' title='bbox 1254 1065 1488 1099; x_wconf 70' lang='grc' dir='ltr'>σννελαμόάιοντο</span> <span class='ocrx_word' id='word_1_345' title='bbox 1516 1067 1614 1100; x_wconf 78' lang='grc' dir='ltr'>ἄθλιοι,</span> <span class='ocrx_word' id='word_1_346' title='bbox 1631 1069 1715 1104; x_wconf 77' lang='grc' dir='ltr'>μηδὲν</span> <span class='ocrx_word' id='word_1_347' title='bbox 1734 1070 1840 1097; x_wconf 80' lang='grc' dir='ltr'>τοιοῦτο</span> <span class='ocrx_word' id='word_1_348' title='bbox 1858 1073 1921 1107; x_wconf 81' lang='grc' dir='ltr'>εἰρ-</span> 
     </span>
    </p>
   </div>
   <div class='ocr_carea' id='block_1_53' title="bbox 1131 1109 1923 1149">
    <p class='ocr_par' dir='ltr' id='par_1_53' title="bbox 1131 1109 1923 1149">
     <span class='ocr_line' id='line_1_53' title="bbox 1131 1109 1923 1149; baseline 0.014 -15"><span class='ocrx_word' id='word_1_349' title='bbox 1131 1109 1275 1144; x_wconf 74' lang='grc' dir='ltr'>γασμένοι,</span> <span class='ocrx_word' id='word_1_350' title='bbox 1296 1112 1341 1136; x_wconf 73' lang='grc' dir='ltr'>καὶ</span> <span class='ocrx_word' id='word_1_351' title='bbox 1355 1112 1508 1145; x_wconf 73' lang='grc' dir='ltr'>ἱεροσυλίας</span> <span class='ocrx_word' id='word_1_352' title='bbox 1523 1113 1679 1149; x_wconf 80' lang='grc' dir='ltr'>ἀπῃτοῦντο</span> <span class='ocrx_word' id='word_1_353' title='bbox 1693 1115 1769 1147; x_wconf 82' lang='grc' dir='ltr'>δίκας</span> <span class='ocrx_word' id='word_1_354' title='bbox 1787 1117 1923 1145; x_wconf 74' lang='grc' dir='ltr'>ἁπάντων</span> 
     </span>
    </p>
   </div>
   <div class='ocr_carea' id='block_1_54' title="bbox 1128 1155 1923 1197">
    <p class='ocr_par' dir='ltr' id='par_1_54' title="bbox 1128 1155 1923 1197">
     <span class='ocr_line' id='line_1_54' title="bbox 1128 1155 1923 1197; baseline 0.004 -16"><span class='ocrx_word' id='word_1_355' title='bbox 1128 1155 1183 1182; x_wconf 87' lang='grc' dir='ltr'><strong>τῶν</strong></span> <span class='ocrx_word' id='word_1_356' title='bbox 1195 1155 1225 1181; x_wconf 83' lang='grc' dir='ltr'>ἐν</span> <span class='ocrx_word' id='word_1_357' title='bbox 1237 1155 1275 1190; x_wconf 82' lang='grc' dir='ltr'>τῷ</span> <span class='ocrx_word' id='word_1_358' title='bbox 1290 1156 1468 1192; x_wconf 73' lang='grc' dir='ltr'>δεσμωτηρίῳ</span> <span class='ocrx_word' id='word_1_359' title='bbox 1481 1159 1642 1193; x_wconf 64' lang='grc' dir='ltr'>κακούργων</span> <span class='ocrx_word' id='word_1_360' title='bbox 1659 1161 1826 1195; x_wconf 83' lang='grc' dir='ltr'>μιαρώτατοι</span> <span class='ocrx_word' id='word_1_361' title='bbox 1841 1162 1923 1197; x_wconf 78' lang='grc' dir='ltr'>λογι-</span> 
     </span>
    </p>
   </div>
   <div class='ocr_carea' id='block_1_55' title="bbox 1131 1200 1921 1244">
    <p class='ocr_par' dir='ltr' id='par_1_55' title="bbox 1131 1200 1921 1244">
     <span class='ocr_line' id='line_1_55' title="bbox 1131 1200 1921 1244; baseline 0.014 -18"><span class='ocrx_word' id='word_1_362' title='bbox 1131 1200 1250 1232; x_wconf 86' lang='grc' dir='ltr'>σθέντες,</span> <span class='ocrx_word' id='word_1_363' title='bbox 1277 1201 1315 1232; x_wconf 86' lang='grc' dir='ltr'><strong>ὡς</strong></span> <span class='ocrx_word' id='word_1_364' title='bbox 1345 1201 1393 1227; x_wconf 82' lang='grc' dir='ltr'>τοῦ</span> <span class='ocrx_word' id='word_1_365' title='bbox 1427 1202 1488 1229; x_wconf 81' lang='grc' dir='ltr'>θεοῦ</span> <span class='ocrx_word' id='word_1_366' title='bbox 1522 1204 1700 1240; x_wconf 81' lang='grc' dir='ltr'>σεσυληκότες</span> <span class='ocrx_word' id='word_1_367' title='bbox 1732 1207 1763 1234; x_wconf 79' lang='grc' dir='ltr'><strong>τὸ</strong></span> <span class='ocrx_word' id='word_1_368' title='bbox 1789 1208 1921 1244; x_wconf 76' lang='grc' dir='ltr'>ἄγαλμα.</span> 
     </span>
    </p>
   </div>
   <div class='ocr_carea' id='block_1_56' title="bbox 1137 1246 1923 1288">
    <p class='ocr_par' dir='ltr' id='par_1_56' title="bbox 1137 1246 1923 1288">
     <span class='ocr_line' id='line_1_56' title="bbox 1137 1246 1923 1288; baseline 0.013 -17"><span class='ocrx_word' id='word_1_369' title='bbox 1137 1246 1260 1281; x_wconf 80' lang='grc' dir='ltr'>Ἐὃοήθει</span> <span class='ocrx_word' id='word_1_370' title='bbox 1273 1247 1301 1272; x_wconf 77' lang='grc' dir='ltr'>δὲ</span> <span class='ocrx_word' id='word_1_371' title='bbox 1319 1247 1416 1279; x_wconf 73' lang='grc' dir='ltr'>οὐδεὶς,</span> <span class='ocrx_word' id='word_1_372' title='bbox 1430 1248 1499 1274; x_wconf 70' lang='grc' dir='ltr'>ἀλλὰ</span> <span class='ocrx_word' id='word_1_373' title='bbox 1515 1250 1561 1276; x_wconf 73' lang='grc' dir='ltr'>καὶ</span> <span class='ocrx_word' id='word_1_374' title='bbox 1574 1251 1598 1276; x_wconf 76' lang='lat' dir='ltr'><strong>oi</strong></span> <span class='ocrx_word' id='word_1_375' title='bbox 1613 1252 1683 1282; x_wconf 82' lang='grc' dir='ltr'>τέως</span> <span class='ocrx_word' id='word_1_376' title='bbox 1701 1252 1803 1288; x_wconf 81' lang='grc' dir='ltr'>ἑταῖροι</span> <span class='ocrx_word' id='word_1_377' title='bbox 1816 1254 1923 1286; x_wconf 69' lang='grc' dir='ltr'>αὐτοὺς</span> 
     </span>
    </p>
   </div>
   <div class='ocr_carea' id='block_1_57' title="bbox 1130 1291 1923 1335">
    <p class='ocr_par' dir='ltr' id='par_1_57' title="bbox 1130 1291 1923 1335">
     <span class='ocr_line' id='line_1_57' title="bbox 1130 1291 1923 1335; baseline 0.013 -18"><span class='ocrx_word' id='word_1_378' title='bbox 1130 1291 1343 1327; x_wconf 76' lang='grc' dir='ltr'>ἀπεστρέφοντο,</span> <span class='ocrx_word' id='word_1_379' title='bbox 1369 1293 1416 1319; x_wconf 73' lang='grc' dir='ltr'>καὶ</span> <span class='ocrx_word' id='word_1_380' title='bbox 1437 1294 1461 1320; x_wconf 81' lang='grc' dir='ltr'>οἱ</span> <span class='ocrx_word' id='word_1_381' title='bbox 1482 1295 1529 1320; x_wconf 77' lang='grc' dir='ltr'><strong>ἐπὶ</strong></span> <span class='ocrx_word' id='word_1_382' title='bbox 1557 1295 1612 1321; x_wconf 86' lang='grc' dir='ltr'><strong>τῶν</strong></span> <span class='ocrx_word' id='word_1_383' title='bbox 1637 1296 1744 1331; x_wconf 78' lang='grc' dir='ltr'>δεσμῶν</span> <span class='ocrx_word' id='word_1_384' title='bbox 1762 1298 1845 1332; x_wconf 80' lang='grc' dir='ltr'>(οὕτω</span> <span class='ocrx_word' id='word_1_385' title='bbox 1865 1301 1923 1335; x_wconf 79' lang='grc' dir='ltr'><strong>γὰρ</strong></span> 
     </span>
    </p>
   </div>
   <div class='ocr_carea' id='block_1_58' title="bbox 1131 1336 1924 1376">
    <p class='ocr_par' dir='ltr' id='par_1_58' title="bbox 1131 1336 1924 1376">
     <span class='ocr_line' id='line_1_58' title="bbox 1131 1336 1924 1376; baseline 0.011 -13"><span class='ocrx_word' id='word_1_386' title='bbox 1131 1336 1215 1372; x_wconf 74' lang='grc' dir='ltr'>ᾤοντο</span> <span class='ocrx_word' id='word_1_387' title='bbox 1238 1338 1398 1373; x_wconf 79' lang='grc' dir='ltr'>χαρίζεσθαι</span> <span class='ocrx_word' id='word_1_388' title='bbox 1418 1338 1456 1374; x_wconf 85' lang='grc' dir='ltr'>τῷ</span> <span class='ocrx_word' id='word_1_389' title='bbox 1481 1339 1547 1375; x_wconf 75' lang='grc' dir='ltr'>θεῷ)</span> <span class='ocrx_word' id='word_1_390' title='bbox 1572 1341 1666 1376; x_wconf 80' lang='grc' dir='ltr'>βαρεῖς</span> <span class='ocrx_word' id='word_1_391' title='bbox 1695 1345 1750 1375; x_wconf 80' lang='grc' dir='ltr'>τοῖς</span> <span class='ocrx_word' id='word_1_392' title='bbox 1765 1344 1924 1372; x_wconf 75' lang='grc' dir='ltr'>ἑαλωκόσιν</span> 
     </span>
    </p>
   </div>
   <div class='ocr_carea' id='block_1_59' title="bbox 1129 1384 1292 1416">
    <p class='ocr_par' dir='ltr' id='par_1_59' title="bbox 1129 1384 1292 1416">
     <span class='ocr_line' id='line_1_59' title="bbox 1129 1384 1292 1416; baseline 0.012 -6"><span class='ocrx_word' id='word_1_393' title='bbox 1129 1384 1292 1416; x_wconf 76' lang='grc' dir='ltr'>ἐφεστῶτες.</span> 
     </span>
    </p>
   </div>
   <div class='ocr_carea' id='block_1_60' title="bbox 1165 1430 1923 1471">
    <p class='ocr_par' dir='ltr' id='par_1_60' title="bbox 1165 1430 1923 1471">
     <span class='ocr_line' id='line_1_60' title="bbox 1165 1430 1923 1471; baseline 0.012 -15"><span class='ocrx_word' id='word_1_394' title='bbox 1165 1430 1202 1457; x_wconf 89' lang='grc' dir='ltr'><strong>Γ¹.</strong></span> <span class='ocrx_word' id='word_1_395' title='bbox 1222 1430 1255 1457; x_wconf 85' lang='lat'><strong>&#39;0</strong></span> <span class='ocrx_word' id='word_1_396' title='bbox 1276 1440 1307 1464; x_wconf 88' lang='grc' dir='ltr'><strong>γε</strong></span> <span class='ocrx_word' id='word_1_397' title='bbox 1333 1434 1387 1467; x_wconf 83' lang='grc' dir='ltr'>μὴν</span> <span class='ocrx_word' id='word_1_398' title='bbox 1411 1435 1533 1465; x_wconf 77' lang='grc' dir='ltr'>γενναῖος</span> <span class='ocrx_word' id='word_1_399' title='bbox 1557 1434 1654 1467; x_wconf 76' lang='grc' dir='ltr'>Σώζων</span> <span class='ocrx_word' id='word_1_400' title='bbox 1672 1436 1923 1471; x_wconf 79' lang='grc' dir='ltr'>παῤῥησιάσασθαί</span> 
     </span>
    </p>
   </div>
   <div class='ocr_carea' id='block_1_61' title="bbox 1130 1476 1924 1513">
    <p class='ocr_par' dir='ltr' id='par_1_61' title="bbox 1130 1476 1924 1513">
     <span class='ocr_line' id='line_1_61' title="bbox 1130 1476 1924 1513; baseline 0.013 -12"><span class='ocrx_word' id='word_1_401' title='bbox 1130 1484 1158 1501; x_wconf 92' lang='grc' dir='ltr'><strong>τε</strong></span> <span class='ocrx_word' id='word_1_402' title='bbox 1167 1476 1216 1511; x_wconf 88' lang='grc' dir='ltr'>τὴν</span> <span class='ocrx_word' id='word_1_403' title='bbox 1230 1477 1381 1511; x_wconf 73' lang='grc' dir='ltr'>εὐσέϐειαν,</span> <span class='ocrx_word' id='word_1_404' title='bbox 1397 1480 1443 1505; x_wconf 69' lang='grc' dir='ltr'><strong>κοιλ⁴</strong></span> <span class='ocrx_word' id='word_1_405' title='bbox 1454 1479 1589 1506; x_wconf 85' lang='grc' dir='ltr'>ἀπολῦσαι</span> <span class='ocrx_word' id='word_1_406' title='bbox 1602 1481 1712 1513; x_wconf 82' lang='grc' dir='ltr'>τούτους</span> <span class='ocrx_word' id='word_1_407' title='bbox 1725 1482 1824 1509; x_wconf 80' lang='grc' dir='ltr'>ἐθέλων</span> <span class='ocrx_word' id='word_1_408' title='bbox 1837 1485 1924 1511; x_wconf 65' lang='grc' dir='ltr'>οὐδὲν</span> 
     </span>
    </p>
   </div>
   <div class='ocr_carea' id='block_1_62' title="bbox 1129 1521 1925 1562">
    <p class='ocr_par' dir='ltr' id='par_1_62' title="bbox 1129 1521 1925 1562">
     <span class='ocr_line' id='line_1_62' title="bbox 1129 1521 1925 1562; baseline 0.013 -15"><span class='ocrx_word' id='word_1_409' title='bbox 1129 1521 1185 1547; x_wconf 85' lang='grc' dir='ltr'><strong>τῶν</strong></span> <span class='ocrx_word' id='word_1_410' title='bbox 1199 1523 1390 1558; x_wconf 79' lang='grc' dir='ltr'>γεγενημένων</span> <span class='ocrx_word' id='word_1_411' title='bbox 1405 1525 1519 1557; x_wconf 75' lang='grc' dir='ltr'>εἰδότας,</span> <span class='ocrx_word' id='word_1_412' title='bbox 1539 1527 1736 1562; x_wconf 75' lang='grc' dir='ltr'>προσαγγέλλει</span> <span class='ocrx_word' id='word_1_413' title='bbox 1753 1529 1852 1556; x_wconf 78' lang='grc' dir='ltr'>ἑαυτὸν</span> <span class='ocrx_word' id='word_1_414' title='bbox 1880 1531 1925 1557; x_wconf 84' lang='grc' dir='ltr'><strong>ὲλ-</strong></span> 
     </span>
    </p>
   </div>
   <div class='ocr_carea' id='block_1_63' title="bbox 299 1566 1079 1611">
    <p class='ocr_par' dir='ltr' id='par_1_63' title="bbox 299 1566 1078 1609">
     <span class='ocr_line' id='line_1_63' title="bbox 299 1566 1078 1609; baseline 0.014 -17"><span class='ocrx_word' id='word_1_415' title='bbox 299 1566 332 1593; x_wconf 84' lang='lat' dir='ltr'><strong>ad</strong></span> <span class='ocrx_word' id='word_1_416' title='bbox 347 1567 472 1601; x_wconf 69' lang='lat' dir='ltr'><strong>aedituos,</strong></span> <span class='ocrx_word' id='word_1_417' title='bbox 488 1574 515 1597; x_wconf 89' lang='lat' dir='ltr'><strong>et</strong></span> <span class='ocrx_word' id='word_1_418' title='bbox 529 1570 623 1599; x_wconf 86' lang='lat' dir='ltr'><strong>dicens</strong></span> <span class='ocrx_word' id='word_1_419' title='bbox 643 1580 673 1599; x_wconf 90' lang='lat' dir='ltr'><strong>se</strong></span> <span class='ocrx_word' id='word_1_420' title='bbox 687 1581 748 1600; x_wconf 88' lang='lat' dir='ltr'><strong>eum</strong></span> <span class='ocrx_word' id='word_1_421' title='bbox 768 1581 838 1606; x_wconf 88' lang='lat' dir='ltr'><strong>esse,</strong></span> <span class='ocrx_word' id='word_1_422' title='bbox 855 1575 899 1609; x_wconf 93' lang='lat' dir='ltr'><strong>qui</strong></span> <span class='ocrx_word' id='word_1_423' title='bbox 917 1575 1078 1604; x_wconf 79' lang='lat' dir='ltr'><strong>maleficium</strong></span> 
     </span>
    </p>
   </div>
   <div class='ocr_carea' id='block_1_64' title="bbox 1131 1566 1925 1611">
    <p class='ocr_par' dir='ltr' id='par_1_64' title="bbox 1132 1567 1925 1611">
     <span class='ocr_line' id='line_1_64' title="bbox 1132 1567 1925 1611; baseline 0.014 -18"><span class='ocrx_word' id='word_1_424' title='bbox 1132 1567 1186 1594; x_wconf 87' lang='grc' dir='ltr'>θὼν</span> <span class='ocrx_word' id='word_1_425' title='bbox 1200 1569 1240 1598; x_wconf 85' lang='grc' dir='ltr'><strong>εἰς</strong></span> <span class='ocrx_word' id='word_1_426' title='bbox 1253 1569 1316 1600; x_wconf 70' lang='grc' dir='ltr'>τοὺς</span> <span class='ocrx_word' id='word_1_427' title='bbox 1329 1571 1481 1604; x_wconf 85' lang='grc' dir='ltr'>νεωκόρους</span> <span class='ocrx_word' id='word_1_428' title='bbox 1502 1571 1540 1602; x_wconf 81' lang='grc' dir='ltr'>ὡς</span> <span class='ocrx_word' id='word_1_429' title='bbox 1563 1573 1605 1608; x_wconf 77' lang='grc' dir='ltr'>εἴη</span> <span class='ocrx_word' id='word_1_430' title='bbox 1624 1574 1774 1610; x_wconf 74' lang='grc' dir='ltr'>αὐτουργὸς</span> <span class='ocrx_word' id='word_1_431' title='bbox 1793 1577 1845 1611; x_wconf 83' lang='grc' dir='ltr'><strong>τῆς</strong></span> <span class='ocrx_word' id='word_1_432' title='bbox 1876 1578 1925 1604; x_wconf 76' lang='grc' dir='ltr'><strong>ἐπὶ</strong></span> 
     </span>
    </p>
   </div>
   <div class='ocr_carea' id='block_1_65' title="bbox 297 1612 1079 1654">
    <p class='ocr_par' dir='ltr' id='par_1_65' title="bbox 297 1612 1079 1654">
     <span class='ocr_line' id='line_1_65' title="bbox 297 1612 1079 1654; baseline 0.015 -17"><span class='ocrx_word' id='word_1_433' title='bbox 297 1612 406 1639; x_wconf 83' lang='lat' dir='ltr'><strong>admisit</strong></span> <span class='ocrx_word' id='word_1_434' title='bbox 422 1613 448 1640; x_wconf 91' lang='lat' dir='ltr'><strong>in</strong></span> <span class='ocrx_word' id='word_1_435' title='bbox 474 1614 625 1650; x_wconf 73' lang='lat' dir='ltr'><strong>imaginem.</strong></span> <span class='ocrx_word' id='word_1_436' title='bbox 651 1616 793 1652; x_wconf 84' lang='lat' dir='ltr'><strong>Postquam</strong></span> <span class='ocrx_word' id='word_1_437' title='bbox 816 1625 906 1646; x_wconf 87' lang='lat' dir='ltr'><strong>autem</strong></span> <span class='ocrx_word' id='word_1_438' title='bbox 928 1620 980 1648; x_wconf 88' lang='lat' dir='ltr'><strong>hoc</strong></span> <span class='ocrx_word' id='word_1_439' title='bbox 1002 1621 1079 1654; x_wconf 86' lang='lat' dir='ltr'><strong>dixit,</strong></span> 
     </span>
    </p>
   </div>
   <div class='ocr_carea' id='block_1_66' title="bbox 299 1656 1081 1700">
    <p class='ocr_par' dir='ltr' id='par_1_66' title="bbox 299 1656 1081 1700">
     <span class='ocr_line' id='line_1_66' title="bbox 299 1656 1081 1700; baseline 0.014 -18"><span class='ocrx_word' id='word_1_440' title='bbox 299 1656 433 1685; x_wconf 81' lang='lat' dir='ltr'><strong>abductus</strong></span> <span class='ocrx_word' id='word_1_441' title='bbox 448 1661 570 1693; x_wconf 86' lang='lat' dir='ltr'><strong>protinus</strong></span> <span class='ocrx_word' id='word_1_442' title='bbox 589 1660 639 1688; x_wconf 87' lang='lat' dir='ltr'><strong>fuit</strong></span> <span class='ocrx_word' id='word_1_443' title='bbox 655 1663 689 1690; x_wconf 87' lang='lat' dir='ltr'><strong>ad</strong></span> <span class='ocrx_word' id='word_1_444' title='bbox 702 1663 905 1692; x_wconf 71' lang='lat' dir='ltr'><strong>Maximianum.</strong></span> <span class='ocrx_word' id='word_1_445' title='bbox 936 1665 994 1700; x_wconf 90' lang='lat' dir='ltr'><strong>Ipse</strong></span> <span class='ocrx_word' id='word_1_446' title='bbox 1017 1674 1081 1693; x_wconf 89' lang='lat' dir='ltr'><strong>vero</strong></span> 
     </span>
    </p>
   </div>
   <div class='ocr_carea' id='block_1_67' title="bbox 299 1702 1082 1741">
    <p class='ocr_par' dir='ltr' id='par_1_67' title="bbox 299 1702 1082 1741">
     <span class='ocr_line' id='line_1_67' title="bbox 299 1702 1082 1741; baseline 0.014 -12"><span class='ocrx_word' id='word_1_447' title='bbox 299 1702 326 1728; x_wconf 96' lang='lat' dir='ltr'><strong>ln</strong></span> <span class='ocrx_word' id='word_1_448' title='bbox 345 1703 399 1731; x_wconf 88' lang='lat' dir='ltr'><strong>alto</strong></span> <span class='ocrx_word' id='word_1_449' title='bbox 414 1705 513 1732; x_wconf 83' lang='lat' dir='ltr'><strong>sedens</strong></span> <span class='ocrx_word' id='word_1_450' title='bbox 533 1706 671 1741; x_wconf 85' lang='lat' dir='ltr'><strong>tribunali,</strong></span> <span class='ocrx_word' id='word_1_451' title='bbox 690 1717 751 1736; x_wconf 90' lang='lat' dir='ltr'><strong>cum</strong></span> <span class='ocrx_word' id='word_1_452' title='bbox 766 1718 827 1736; x_wconf 88' lang='lat' dir='ltr'><strong>eum</strong></span> <span class='ocrx_word' id='word_1_453' title='bbox 840 1716 961 1738; x_wconf 84' lang='lat' dir='ltr'><strong>curasset</strong></span> <span class='ocrx_word' id='word_1_454' title='bbox 981 1711 1082 1740; x_wconf 84' lang='lat' dir='ltr'><strong>sisten-</strong></span> 
     </span>
    </p>
   </div>
   <div class='ocr_carea' id='block_1_68' title="bbox 298 1748 1081 1792">
    <p class='ocr_par' dir='ltr' id='par_1_68' title="bbox 298 1748 1081 1792">
     <span class='ocr_line' id='line_1_68' title="bbox 298 1748 1081 1792; baseline 0.015 -17"><span class='ocrx_word' id='word_1_455' title='bbox 298 1748 374 1781; x_wconf 86' lang='lat' dir='ltr'><strong>dum,</strong></span> <span class='ocrx_word' id='word_1_456' title='bbox 403 1755 430 1778; x_wconf 83' lang='lat' dir='ltr'><strong>et</strong></span> <span class='ocrx_word' id='word_1_457' title='bbox 460 1759 521 1778; x_wconf 91' lang='lat' dir='ltr'><strong>cum</strong></span> <span class='ocrx_word' id='word_1_458' title='bbox 551 1758 654 1788; x_wconf 85' lang='lat' dir='ltr'><strong>quanto</strong></span> <span class='ocrx_word' id='word_1_459' title='bbox 688 1755 773 1790; x_wconf 92' lang='lat' dir='ltr'><strong>potuit</strong></span> <span class='ocrx_word' id='word_1_460' title='bbox 801 1756 869 1783; x_wconf 91' lang='lat' dir='ltr'><strong>fastu</strong></span> <span class='ocrx_word' id='word_1_461' title='bbox 899 1759 1081 1792; x_wconf 85' lang='lat' dir='ltr'><strong>apparuisset,</strong></span> 
     </span>
    </p>
   </div>
   <div class='ocr_carea' id='block_1_69' title="bbox 299 1795 1083 1838">
    <p class='ocr_par' dir='ltr' id='par_1_69' title="bbox 299 1795 1083 1838">
     <span class='ocr_line' id='line_1_69' title="bbox 299 1795 1083 1838; baseline 0.014 -17"><span class='ocrx_word' id='word_1_462' title='bbox 299 1795 416 1829; x_wconf 87' lang='lat' dir='ltr'><strong>primum</strong></span> <span class='ocrx_word' id='word_1_463' title='bbox 448 1797 557 1832; x_wconf 69' lang='lat' dir='ltr'><strong>quidem</strong></span> <span class='ocrx_word' id='word_1_464' title='bbox 583 1807 692 1833; x_wconf 87' lang='lat' dir='ltr'><strong>nomen,</strong></span> <span class='ocrx_word' id='word_1_465' title='bbox 717 1801 815 1829; x_wconf 87' lang='lat' dir='ltr'><strong>deinde</strong></span> <span class='ocrx_word' id='word_1_466' title='bbox 851 1803 1018 1838; x_wconf 74' lang='lat' dir='ltr'><strong>religionem,</strong></span> <span class='ocrx_word' id='word_1_467' title='bbox 1055 1809 1083 1833; x_wconf 86' lang='lat' dir='ltr'><strong>et</strong></span> 
     </span>
    </p>
   </div>
   <div class='ocr_carea' id='block_1_70' title="bbox 299 1844 1083 1884">
    <p class='ocr_par' dir='ltr' id='par_1_70' title="bbox 299 1844 1083 1884">
     <span class='ocr_line' id='line_1_70' title="bbox 299 1844 1083 1884; baseline 0.014 -17"><span class='ocrx_word' id='word_1_468' title='bbox 299 1846 437 1875; x_wconf 84' lang='lat' dir='ltr'><strong>postremo</strong></span> <span class='ocrx_word' id='word_1_469' title='bbox 450 1844 576 1877; x_wconf 86' lang='lat' dir='ltr'><strong>patriam,</strong></span> <span class='ocrx_word' id='word_1_470' title='bbox 596 1853 655 1880; x_wconf 62' lang='lat' dir='ltr'><strong>qua;</strong></span> <span class='ocrx_word' id='word_1_471' title='bbox 672 1853 734 1874; x_wconf 87' lang='lat' dir='ltr'><strong>eum</strong></span> <span class='ocrx_word' id='word_1_472' title='bbox 753 1847 868 1879; x_wconf 83' lang='lat' dir='ltr'><strong>tulisset,</strong></span> <span class='ocrx_word' id='word_1_473' title='bbox 897 1851 1009 1884; x_wconf 82' lang='lat' dir='ltr'><strong>rogavit.</strong></span> <span class='ocrx_word' id='word_1_474' title='bbox 1036 1850 1083 1879; x_wconf 90' lang='lat' dir='ltr'><strong>Ille</strong></span> 
     </span>
    </p>
   </div>
   <div class='ocr_carea' id='block_1_71' title="bbox 299 1889 1081 1929">
    <p class='ocr_par' dir='ltr' id='par_1_71' title="bbox 299 1889 1081 1929">
     <span class='ocr_line' id='line_1_71' title="bbox 299 1889 1081 1929; baseline 0.013 -15"><span class='ocrx_word' id='word_1_475' title='bbox 299 1891 406 1916; x_wconf 83' lang='lat' dir='ltr'><strong>autem:</strong></span> <span class='ocrx_word' id='word_1_476' title='bbox 424 1889 514 1917; x_wconf 87' lang='lat' dir='ltr'><strong>Patria</strong></span> <span class='ocrx_word' id='word_1_477' title='bbox 526 1891 634 1925; x_wconf 91' lang='lat' dir='ltr'><strong>quidem</strong></span> <span class='ocrx_word' id='word_1_478' title='bbox 649 1893 715 1919; x_wconf 90' lang='lat' dir='ltr'><strong>mihi</strong></span> <span class='ocrx_word' id='word_1_479' title='bbox 733 1897 775 1920; x_wconf 82' lang='lat' dir='ltr'><strong>est</strong></span> <span class='ocrx_word' id='word_1_480' title='bbox 791 1893 932 1929; x_wconf 79' lang='lat' dir='ltr'><strong>Lycaonia,</strong></span> <span class='ocrx_word' id='word_1_481' title='bbox 952 1903 983 1922; x_wconf 89' lang='lat' dir='ltr'><strong>ea</strong></span> <span class='ocrx_word' id='word_1_482' title='bbox 1002 1897 1081 1924; x_wconf 66' lang='lat' dir='ltr'><strong>enim</strong></span> 
     </span>
    </p>
   </div>
   <div class='ocr_carea' id='block_1_72' title="bbox 299 1935 1084 1972">
    <p class='ocr_par' dir='ltr' id='par_1_72' title="bbox 299 1935 1084 1972">
     <span class='ocr_line' id='line_1_72' title="bbox 299 1935 1084 1972; baseline 0.011 -11"><span class='ocrx_word' id='word_1_483' title='bbox 299 1942 344 1962; x_wconf 89' lang='lat' dir='ltr'><strong>me</strong></span> <span class='ocrx_word' id='word_1_484' title='bbox 365 1935 445 1969; x_wconf 90' lang='lat' dir='ltr'><strong>tulit;</strong></span> <span class='ocrx_word' id='word_1_485' title='bbox 463 1942 591 1972; x_wconf 88' lang='lat' dir='ltr'><strong>parentes</strong></span> <span class='ocrx_word' id='word_1_486' title='bbox 611 1946 674 1965; x_wconf 78' lang='lat' dir='ltr'><strong>vero</strong></span> <span class='ocrx_word' id='word_1_487' title='bbox 691 1939 725 1966; x_wconf 88' lang='lat' dir='ltr'><strong>ab</strong></span> <span class='ocrx_word' id='word_1_488' title='bbox 738 1944 799 1966; x_wconf 90' lang='lat' dir='ltr'><strong>ortu</strong></span> <span class='ocrx_word' id='word_1_489' title='bbox 816 1941 881 1967; x_wconf 89' lang='lat' dir='ltr'><strong>mihi</strong></span> <span class='ocrx_word' id='word_1_490' title='bbox 901 1949 999 1969; x_wconf 90' lang='lat' dir='ltr'><strong>nomen</strong></span> <span class='ocrx_word' id='word_1_491' title='bbox 1034 1943 1084 1970; x_wconf 90' lang='lat' dir='ltr'><strong>im-</strong></span> 
     </span>
    </p>
   </div>
   <div class='ocr_carea' id='block_1_73' title="bbox 299 1982 1083 2017">
    <p class='ocr_par' dir='ltr' id='par_1_73' title="bbox 299 1982 1083 2017">
     <span class='ocr_line' id='line_1_73' title="bbox 299 1982 1083 2017; baseline 0.013 -11"><span class='ocrx_word' id='word_1_492' title='bbox 299 1986 462 2015; x_wconf 88' lang='lat' dir='ltr'><strong>posuerunt,</strong></span> <span class='ocrx_word' id='word_1_493' title='bbox 479 1982 625 2017; x_wconf 83' lang='lat' dir='ltr'><strong>Tarasius;</strong></span> <span class='ocrx_word' id='word_1_494' title='bbox 644 1984 788 2013; x_wconf 87' lang='lat' dir='ltr'><strong>Sozontem</strong></span> <span class='ocrx_word' id='word_1_495' title='bbox 813 1991 901 2014; x_wconf 86' lang='lat' dir='ltr'><strong>autem</strong></span> <span class='ocrx_word' id='word_1_496' title='bbox 932 1988 959 2014; x_wconf 93' lang='lat' dir='ltr'><strong>in</strong></span> <span class='ocrx_word' id='word_1_497' title='bbox 991 1989 1083 2017; x_wconf 87' lang='lat' dir='ltr'><strong>divino</strong></span> 
     </span>
    </p>
   </div>
   <div class='ocr_carea' id='block_1_74' title="bbox 299 2028 1082 2067">
    <p class='ocr_par' dir='ltr' id='par_1_74' title="bbox 299 2028 1082 2067">
     <span class='ocr_line' id='line_1_74' title="bbox 299 2028 1082 2067; baseline 0.011 -15"><span class='ocrx_word' id='word_1_498' title='bbox 299 2032 342 2052; x_wconf 88' lang='lat' dir='ltr'><strong>me</strong></span> <span class='ocrx_word' id='word_1_499' title='bbox 356 2033 486 2055; x_wconf 89' lang='lat' dir='ltr'><strong>vocarunt</strong></span> <span class='ocrx_word' id='word_1_500' title='bbox 503 2028 674 2064; x_wconf 87' lang='lat' dir='ltr'><strong>baptismate.</strong></span> <span class='ocrx_word' id='word_1_501' title='bbox 706 2030 770 2057; x_wconf 82' lang='lat' dir='ltr'><strong>Sunt</strong></span> <span class='ocrx_word' id='word_1_502' title='bbox 796 2031 868 2058; x_wconf 89' lang='lat' dir='ltr'><strong>enim</strong></span> <span class='ocrx_word' id='word_1_503' title='bbox 898 2033 1082 2067; x_wconf 76' lang='lat' dir='ltr'><strong>Christianus,</strong></span> 
     </span>
    </p>
   </div>
   <div class='ocr_carea' id='block_1_75' title="bbox 299 2071 1084 2112">
    <p class='ocr_par' dir='ltr' id='par_1_75' title="bbox 299 2071 1084 2112">
     <span class='ocr_line' id='line_1_75' title="bbox 299 2071 1084 2112; baseline 0.011 -15"><span class='ocrx_word' id='word_1_504' title='bbox 299 2071 434 2099; x_wconf 80' lang='lat' dir='ltr'><strong>Christum</strong></span> <span class='ocrx_word' id='word_1_505' title='bbox 450 2073 538 2101; x_wconf 77' lang='lat' dir='ltr'><strong>soluat</strong></span> <span class='ocrx_word' id='word_1_506' title='bbox 558 2083 654 2102; x_wconf 85' lang='lat' dir='ltr'><strong>verum</strong></span> <span class='ocrx_word' id='word_1_507' title='bbox 668 2075 754 2102; x_wconf 90' lang='lat' dir='ltr'><strong>Deum</strong></span> <span class='ocrx_word' id='word_1_508' title='bbox 770 2077 896 2110; x_wconf 87' lang='lat' dir='ltr'><strong>adorans,</strong></span> <span class='ocrx_word' id='word_1_509' title='bbox 914 2078 959 2112; x_wconf 92' lang='lat' dir='ltr'><strong>qui</strong></span> <span class='ocrx_word' id='word_1_510' title='bbox 982 2081 1084 2107; x_wconf 86' lang='lat' dir='ltr'><strong>creavit</strong></span> 
     </span>
    </p>
   </div>
   <div class='ocr_carea' id='block_1_76' title="bbox 298 2117 1083 2159">
    <p class='ocr_par' dir='ltr' id='par_1_76' title="bbox 298 2117 1083 2159">
     <span class='ocr_line' id='line_1_76' title="bbox 298 2117 1083 2159; baseline 0.013 -17"><span class='ocrx_word' id='word_1_511' title='bbox 298 2117 398 2143; x_wconf 57' lang='lat' dir='ltr'><strong>caelum</strong></span> <span class='ocrx_word' id='word_1_512' title='bbox 412 2122 440 2144; x_wconf 89' lang='lat' dir='ltr'><strong>et</strong></span> <span class='ocrx_word' id='word_1_513' title='bbox 455 2123 566 2145; x_wconf 87' lang='lat' dir='ltr'><strong>terram.</strong></span> <span class='ocrx_word' id='word_1_514' title='bbox 585 2120 733 2155; x_wconf 84' lang='lat' dir='ltr'><strong>Cujusnani</strong></span> <span class='ocrx_word' id='word_1_515' title='bbox 745 2126 835 2148; x_wconf 83' lang='lat' dir='ltr'><strong>autem</strong></span> <span class='ocrx_word' id='word_1_516' title='bbox 851 2123 889 2149; x_wconf 81' lang='lat' dir='ltr'><strong>rei</strong></span> <span class='ocrx_word' id='word_1_517' title='bbox 905 2131 979 2156; x_wconf 85' lang='lat' dir='ltr'><strong>usus,</strong></span> <span class='ocrx_word' id='word_1_518' title='bbox 997 2125 1083 2159; x_wconf 89' lang='lat' dir='ltr'><strong>inquit</strong></span> 
     </span>
    </p>
   </div>
   <div class='ocr_carea' id='block_1_77' title="bbox 300 2162 1082 2204">
    <p class='ocr_par' dir='ltr' id='par_1_77' title="bbox 300 2162 1082 2204">
     <span class='ocr_line' id='line_1_77' title="bbox 300 2162 1082 2204; baseline 0.014 -16"><span class='ocrx_word' id='word_1_519' title='bbox 300 2162 487 2195; x_wconf 82' lang='lat' dir='ltr'><strong>Maximianus.</strong></span> <span class='ocrx_word' id='word_1_520' title='bbox 522 2169 548 2191; x_wconf 87' lang='lat' dir='ltr'><strong>te</strong></span> <span class='ocrx_word' id='word_1_521' title='bbox 575 2166 627 2192; x_wconf 86' lang='lat' dir='ltr'><strong>huc</strong></span> <span class='ocrx_word' id='word_1_522' title='bbox 655 2167 790 2193; x_wconf 55' lang='lat' dir='ltr'><strong>adduxit?</strong></span> <span class='ocrx_word' id='word_1_523' title='bbox 822 2167 952 2200; x_wconf 66' lang='lat' dir='ltr'><strong>I’rtcsutu,</strong></span> <span class='ocrx_word' id='word_1_524' title='bbox 985 2169 1082 2204; x_wconf 87' lang='lat' dir='ltr'><strong>inquit,</strong></span> 
     </span>
    </p>
   </div>
   <div class='ocr_carea' id='block_1_78' title="bbox 299 2208 1083 2247">
    <p class='ocr_par' dir='ltr' id='par_1_78' title="bbox 299 2208 1083 2247">
     <span class='ocr_line' id='line_1_78' title="bbox 299 2208 1083 2247; baseline 0.01 -12"><span class='ocrx_word' id='word_1_525' title='bbox 299 2208 397 2241; x_wconf 77' lang='lat' dir='ltr'><strong>Solon,</strong></span> <span class='ocrx_word' id='word_1_526' title='bbox 414 2210 487 2245; x_wconf 77' lang='lat' dir='ltr'><strong>gregi</strong></span> <span class='ocrx_word' id='word_1_527' title='bbox 501 2211 591 2237; x_wconf 78' lang='lat' dir='ltr'><strong>ovium</strong></span> <span class='ocrx_word' id='word_1_528' title='bbox 607 2220 614 2238; x_wconf 86' lang='lat'>:</span> <span class='ocrx_word' id='word_1_529' title='bbox 630 2217 656 2238; x_wconf 89' lang='lat' dir='ltr'><strong>et</strong></span> <span class='ocrx_word' id='word_1_530' title='bbox 679 2220 739 2246; x_wconf 68' lang='lat' dir='ltr'><strong>quae</strong></span> <span class='ocrx_word' id='word_1_531' title='bbox 760 2213 824 2240; x_wconf 86' lang='lat' dir='ltr'><strong>mihi</strong></span> <span class='ocrx_word' id='word_1_532' title='bbox 853 2214 912 2241; x_wconf 86' lang='lat' dir='ltr'><strong>loca</strong></span> <span class='ocrx_word' id='word_1_533' title='bbox 931 2214 1036 2247; x_wconf 76' lang='lat' dir='ltr'><strong>ﬂetida,</strong></span> <span class='ocrx_word' id='word_1_534' title='bbox 1057 2221 1083 2243; x_wconf 91' lang='lat' dir='ltr'><strong>ct</strong></span> 
     </span>
    </p>
   </div>
   <div class='ocr_carea' id='block_1_79' title="bbox 299 2257 1082 2293">
    <p class='ocr_par' dir='ltr' id='par_1_79' title="bbox 299 2257 1082 2293">
     <span class='ocr_line' id='line_1_79' title="bbox 299 2257 1082 2293; baseline 0.013 -12"><span class='ocrx_word' id='word_1_535' title='bbox 299 2263 368 2290; x_wconf 86' lang='lat' dir='ltr'><strong>aqua</strong></span> <span class='ocrx_word' id='word_1_536' title='bbox 389 2257 567 2289; x_wconf 85' lang='lat' dir='ltr'><strong>abundantia,</strong></span> <span class='ocrx_word' id='word_1_537' title='bbox 582 2262 610 2285; x_wconf 90' lang='lat' dir='ltr'><strong>et</strong></span> <span class='ocrx_word' id='word_1_538' title='bbox 637 2259 669 2285; x_wconf 87' lang='lat' dir='ltr'><strong>ad</strong></span> <span class='ocrx_word' id='word_1_539' title='bbox 689 2261 854 2293; x_wconf 87' lang='lat' dir='ltr'><strong>pascendum</strong></span> <span class='ocrx_word' id='word_1_540' title='bbox 879 2262 989 2289; x_wconf 81' lang='lat' dir='ltr'><strong>herbida</strong></span> <span class='ocrx_word' id='word_1_541' title='bbox 1019 2265 1082 2291; x_wconf 85' lang='lat' dir='ltr'><strong>anni</strong></span> 
     </span>
    </p>
   </div>
   <div class='ocr_carea' id='block_1_80' title="bbox 299 2303 1082 2341">
    <p class='ocr_par' dir='ltr' id='par_1_80' title="bbox 299 2303 1082 2341">
     <span class='ocr_line' id='line_1_80' title="bbox 299 2303 1082 2341; baseline 0.01 -13"><span class='ocrx_word' id='word_1_542' title='bbox 299 2306 419 2336; x_wconf 88' lang='lat' dir='ltr'><strong>tempora</strong></span> <span class='ocrx_word' id='word_1_543' title='bbox 435 2303 624 2337; x_wconf 86' lang='lat' dir='ltr'><strong>ostenderunt,</strong></span> <span class='ocrx_word' id='word_1_544' title='bbox 648 2304 681 2331; x_wconf 83' lang='lat' dir='ltr'><strong>ad</strong></span> <span class='ocrx_word' id='word_1_545' title='bbox 708 2312 738 2332; x_wconf 85' lang='lat' dir='ltr'><strong>ea</strong></span> <span class='ocrx_word' id='word_1_546' title='bbox 765 2313 814 2341; x_wconf 81' lang='lat' dir='ltr'><strong>ago</strong></span> <span class='ocrx_word' id='word_1_547' title='bbox 836 2314 909 2334; x_wconf 80' lang='lat' dir='ltr'><strong>ovcs.</strong></span> <span class='ocrx_word' id='word_1_548' title='bbox 946 2307 1048 2336; x_wconf 84' lang='lat' dir='ltr'><strong>Deinde</strong></span> <span class='ocrx_word' id='word_1_549' title='bbox 1075 2319 1082 2336; x_wconf 72' lang='grc' dir='ltr'><strong>ε</strong></span> 
     </span>
    </p>
   </div>
   <div class='ocr_carea' id='block_1_81' title="bbox 298 2347 1085 2388">
    <p class='ocr_par' dir='ltr' id='par_1_81' title="bbox 298 2347 1085 2388">
     <span class='ocr_line' id='line_1_81' title="bbox 298 2347 1085 2388; baseline 0.01 -14"><span class='ocrx_word' id='word_1_550' title='bbox 298 2347 440 2380; x_wconf 84' lang='lat' dir='ltr'><strong>Quomodo</strong></span> <span class='ocrx_word' id='word_1_551' title='bbox 468 2354 570 2383; x_wconf 88' lang='lat' dir='ltr'><strong>autem,</strong></span> <span class='ocrx_word' id='word_1_552' title='bbox 589 2350 677 2384; x_wconf 86' lang='lat' dir='ltr'><strong>inquit</strong></span> <span class='ocrx_word' id='word_1_553' title='bbox 708 2351 895 2384; x_wconf 79' lang='lat' dir='ltr'><strong>Maximianus,</strong></span> <span class='ocrx_word' id='word_1_554' title='bbox 915 2360 948 2380; x_wconf 89' lang='lat' dir='ltr'><strong>eo</strong></span> <span class='ocrx_word' id='word_1_555' title='bbox 976 2362 1085 2388; x_wconf 84' lang='lat' dir='ltr'><strong>proces-</strong></span> 
     </span>
    </p>
   </div>
   <div class='ocr_carea' id='block_1_82' title="bbox 298 2394 943 2426">
    <p class='ocr_par' dir='ltr' id='par_1_82' title="bbox 298 2394 943 2426">
     <span class='ocr_line' id='line_1_82' title="bbox 298 2394 943 2426; baseline 0.009 -7"><span class='ocrx_word' id='word_1_556' title='bbox 298 2394 355 2420; x_wconf 81' lang='lat' dir='ltr'><strong>sisti</strong></span> <span class='ocrx_word' id='word_1_557' title='bbox 372 2395 500 2426; x_wconf 82' lang='lat' dir='ltr'><strong>audaciae,</strong></span> <span class='ocrx_word' id='word_1_558' title='bbox 516 2399 545 2422; x_wconf 88' lang='lat' dir='ltr'><strong>ut</strong></span> <span class='ocrx_word' id='word_1_559' title='bbox 567 2396 610 2422; x_wconf 92' lang='lat' dir='ltr'><strong>dei</strong></span> <span class='ocrx_word' id='word_1_560' title='bbox 625 2396 762 2423; x_wconf 73' lang='lat' dir='ltr'><strong>dexteram</strong></span> <span class='ocrx_word' id='word_1_561' title='bbox 778 2397 943 2425; x_wconf 86' lang='lat' dir='ltr'><strong>abstuleris?</strong></span> 
     </span>
    </p>
   </div>
   <div class='ocr_carea' id='block_1_83' title="bbox 336 2439 1083 2476">
    <p class='ocr_par' dir='ltr' id='par_1_83' title="bbox 336 2439 1083 2476">
     <span class='ocr_line' id='line_1_83' title="bbox 336 2439 1083 2476; baseline 0.009 -10"><span class='ocrx_word' id='word_1_562' title='bbox 336 2439 379 2467; x_wconf 84' lang='lat' dir='ltr'><strong>IV.</strong></span> <span class='ocrx_word' id='word_1_563' title='bbox 396 2441 539 2475; x_wconf 77' lang='lat' dir='ltr'><strong>Excipiens</strong></span> <span class='ocrx_word' id='word_1_564' title='bbox 560 2449 625 2469; x_wconf 84' lang='lat' dir='ltr'><strong>vero</strong></span> <span class='ocrx_word' id='word_1_565' title='bbox 647 2442 735 2469; x_wconf 86' lang='lat' dir='ltr'><strong>Sozou</strong></span> <span class='ocrx_word' id='word_1_566' title='bbox 753 2452 760 2470; x_wconf 90' lang='lat'><strong>:</strong></span> <span class='ocrx_word' id='word_1_567' title='bbox 793 2443 870 2476; x_wconf 78' lang='lat' dir='ltr'><strong>Quod</strong></span> <span class='ocrx_word' id='word_1_568' title='bbox 899 2452 952 2472; x_wconf 84' lang='lat' dir='ltr'><strong>non</strong></span> <span class='ocrx_word' id='word_1_569' title='bbox 973 2446 1083 2476; x_wconf 71' lang='lat' dir='ltr'><strong>audacis</strong></span> 
     </span>
    </p>
   </div>
   <div class='ocr_carea' id='block_1_84' title="bbox 300 2485 1083 2526">
    <p class='ocr_par' dir='ltr' id='par_1_84' title="bbox 300 2485 1083 2526">
     <span class='ocr_line' id='line_1_84' title="bbox 300 2485 1083 2526; baseline 0.011 -16"><span class='ocrx_word' id='word_1_570' title='bbox 300 2485 407 2519; x_wconf 78' lang='lat' dir='ltr'><strong>quidem</strong></span> <span class='ocrx_word' id='word_1_571' title='bbox 422 2487 502 2520; x_wconf 73' lang='lat' dir='ltr'><strong>empti</strong></span> <span class='ocrx_word' id='word_1_572' title='bbox 516 2487 560 2517; x_wconf 85' lang='lat' dir='ltr'><strong>sit.</strong></span> <span class='ocrx_word' id='word_1_573' title='bbox 588 2487 659 2521; x_wconf 89' lang='lat' dir='ltr'><strong>qttod</strong></span> <span class='ocrx_word' id='word_1_574' title='bbox 675 2487 776 2514; x_wconf 81' lang='lat' dir='ltr'><strong>factum</strong></span> <span class='ocrx_word' id='word_1_575' title='bbox 797 2494 848 2520; x_wconf 92' lang='lat' dir='ltr'><strong>est,</strong></span> <span class='ocrx_word' id='word_1_576' title='bbox 868 2497 956 2524; x_wconf 80' lang='lat' dir='ltr'><strong>neque</strong></span> <span class='ocrx_word' id='word_1_577' title='bbox 979 2492 1005 2517; x_wconf 90' lang='lat' dir='ltr'><strong>id</strong></span> <span class='ocrx_word' id='word_1_578' title='bbox 1019 2500 1083 2526; x_wconf 63' lang='lat' dir='ltr'><strong>pt-c-</strong></span> 
     </span>
    </p>
   </div>
   <div class='ocr_carea' id='block_1_85' title="bbox 300 2531 1081 2570">
    <p class='ocr_par' dir='ltr' id='par_1_85' title="bbox 300 2531 1081 2570">
     <span class='ocr_line' id='line_1_85' title="bbox 300 2531 1081 2570; baseline 0.009 -12"><span class='ocrx_word' id='word_1_579' title='bbox 300 2536 359 2558; x_wconf 87' lang='lat' dir='ltr'><strong>cato</strong></span> <span class='ocrx_word' id='word_1_580' title='bbox 374 2531 472 2559; x_wconf 86' lang='lat' dir='ltr'><strong>debeat</strong></span> <span class='ocrx_word' id='word_1_581' title='bbox 485 2533 621 2567; x_wconf 79' lang='lat' dir='ltr'><strong>imputari,</strong></span> <span class='ocrx_word' id='word_1_582' title='bbox 641 2538 703 2560; x_wconf 92' lang='lat' dir='ltr'><strong>tuus</strong></span> <span class='ocrx_word' id='word_1_583' title='bbox 716 2542 832 2568; x_wconf 87' lang='lat' dir='ltr'><strong>quoque.</strong></span> <span class='ocrx_word' id='word_1_584' title='bbox 849 2539 878 2562; x_wconf 91' lang='lat' dir='ltr'><strong>ut</strong></span> <span class='ocrx_word' id='word_1_585' title='bbox 893 2536 957 2562; x_wconf 86' lang='lat' dir='ltr'><strong>mihi</strong></span> <span class='ocrx_word' id='word_1_586' title='bbox 973 2537 1081 2570; x_wconf 70' lang='lat' dir='ltr'><strong>quidem</strong></span> 
     </span>
    </p>
   </div>
   <div class='ocr_carea' id='block_1_86' title="bbox 301 2577 1084 2616">
    <p class='ocr_par' dir='ltr' id='par_1_86' title="bbox 301 2577 1084 2616">
     <span class='ocr_line' id='line_1_86' title="bbox 301 2577 1084 2616; baseline 0.005 -10"><span class='ocrx_word' id='word_1_587' title='bbox 301 2577 417 2610; x_wconf 74' lang='lat' dir='ltr'><strong>videtur,</strong></span> <span class='ocrx_word' id='word_1_588' title='bbox 438 2579 506 2606; x_wconf 87' lang='lat' dir='ltr'><strong>deus</strong></span> <span class='ocrx_word' id='word_1_589' title='bbox 521 2583 646 2606; x_wconf 85' lang='lat' dir='ltr'><strong>testatur.</strong></span> <span class='ocrx_word' id='word_1_590' title='bbox 667 2579 760 2613; x_wconf 83' lang='lat' dir='ltr'><strong>Neque</strong></span> <span class='ocrx_word' id='word_1_591' title='bbox 772 2581 844 2607; x_wconf 89' lang='lat' dir='ltr'><strong>enim</strong></span> <span class='ocrx_word' id='word_1_592' title='bbox 860 2588 930 2616; x_wconf 68' lang='lat' dir='ltr'><strong>aegre</strong></span> <span class='ocrx_word' id='word_1_593' title='bbox 947 2582 1010 2613; x_wconf 92' lang='lat' dir='ltr'><strong>fert,</strong></span> <span class='ocrx_word' id='word_1_594' title='bbox 1032 2590 1084 2610; x_wconf 87' lang='lat' dir='ltr'><strong>nec</strong></span> 
     </span>
    </p>
   </div>
   <div class='ocr_carea' id='block_1_87' title="bbox 300 2625 1083 2662">
    <p class='ocr_par' dir='ltr' id='par_1_87' title="bbox 300 2625 1083 2662">
     <span class='ocr_line' id='line_1_87' title="bbox 300 2625 1083 2662; baseline 0.003 -9"><span class='ocrx_word' id='word_1_595' title='bbox 300 2631 428 2660; x_wconf 82' lang='lat' dir='ltr'><strong>tanquam</strong></span> <span class='ocrx_word' id='word_1_596' title='bbox 443 2625 541 2661; x_wconf 87' lang='lat' dir='ltr'><strong>injuria</strong></span> <span class='ocrx_word' id='word_1_597' title='bbox 556 2625 680 2658; x_wconf 85' lang='lat' dir='ltr'><strong>affectus,</strong></span> <span class='ocrx_word' id='word_1_598' title='bbox 707 2634 802 2661; x_wconf 84' lang='lat' dir='ltr'><strong>aspere</strong></span> <span class='ocrx_word' id='word_1_599' title='bbox 815 2627 965 2662; x_wconf 84' lang='lat' dir='ltr'><strong>quidquam</strong></span> <span class='ocrx_word' id='word_1_600' title='bbox 994 2629 1083 2662; x_wconf 88' lang='lat' dir='ltr'><strong>loqui-</strong></span> 
     </span>
    </p>
   </div>
   <div class='ocr_carea' id='block_1_88' title="bbox 299 2672 1084 2708">
    <p class='ocr_par' dir='ltr' id='par_1_88' title="bbox 299 2672 1084 2708">
     <span class='ocr_line' id='line_1_88' title="bbox 299 2672 1084 2708; baseline 0 -8"><span class='ocrx_word' id='word_1_601' title='bbox 299 2677 352 2700; x_wconf 90' lang='lat' dir='ltr'><strong>tur.</strong></span> <span class='ocrx_word' id='word_1_602' title='bbox 373 2673 450 2706; x_wconf 85' lang='lat' dir='ltr'><strong>Quod</strong></span> <span class='ocrx_word' id='word_1_603' title='bbox 465 2673 487 2700; x_wconf 88' lang='lat' dir='ltr'><strong>si</strong></span> <span class='ocrx_word' id='word_1_604' title='bbox 502 2680 553 2700; x_wconf 81' lang='lat' dir='ltr'><strong>vox</strong></span> <span class='ocrx_word' id='word_1_605' title='bbox 568 2680 677 2708; x_wconf 87' lang='lat' dir='ltr'><strong>quoque</strong></span> <span class='ocrx_word' id='word_1_606' title='bbox 692 2672 718 2699; x_wconf 89' lang='lat' dir='ltr'><strong>ei</strong></span> <span class='ocrx_word' id='word_1_607' title='bbox 732 2673 823 2707; x_wconf 87' lang='lat' dir='ltr'><strong>aliqua</strong></span> <span class='ocrx_word' id='word_1_608' title='bbox 838 2673 956 2704; x_wconf 87' lang='lat' dir='ltr'><strong>adesset,</strong></span> <span class='ocrx_word' id='word_1_609' title='bbox 976 2674 1084 2700; x_wconf 86' lang='lat' dir='ltr'><strong>videtur</strong></span> 
     </span>
    </p>
   </div>
   <div class='ocr_carea' id='block_1_89' title="bbox 300 2719 1084 2754">
    <p class='ocr_par' dir='ltr' id='par_1_89' title="bbox 300 2719 1084 2754">
     <span class='ocr_line' id='line_1_89' title="bbox 300 2719 1084 2754; baseline -0.001 -8"><span class='ocrx_word' id='word_1_610' title='bbox 300 2719 366 2746; x_wconf 88' lang='lat' dir='ltr'><strong>mihi</strong></span> <span class='ocrx_word' id='word_1_611' title='bbox 382 2719 472 2754; x_wconf 80' lang='lat' dir='ltr'><strong>potius</strong></span> <span class='ocrx_word' id='word_1_612' title='bbox 487 2727 535 2746; x_wconf 88' lang='lat' dir='ltr'><strong>vos</strong></span> <span class='ocrx_word' id='word_1_613' title='bbox 552 2726 612 2746; x_wconf 88' lang='lat' dir='ltr'><strong>esse</strong></span> <span class='ocrx_word' id='word_1_614' title='bbox 627 2724 818 2751; x_wconf 84' lang='lat' dir='ltr'><strong>accusaturus,</strong></span> <span class='ocrx_word' id='word_1_615' title='bbox 828 2722 854 2745; x_wconf 91' lang='lat' dir='ltr'><strong>et</strong></span> <span class='ocrx_word' id='word_1_616' title='bbox 869 2723 962 2752; x_wconf 88' lang='lat' dir='ltr'><strong>aperte</strong></span> <span class='ocrx_word' id='word_1_617' title='bbox 990 2725 1084 2752; x_wconf 57' lang='lat' dir='ltr'><strong>repre-</strong></span> 
     </span>
    </p>
   </div>
   <div class='ocr_carea' id='block_1_90' title="bbox 300 2764 1082 2800">
    <p class='ocr_par' dir='ltr' id='par_1_90' title="bbox 300 2764 1082 2800">
     <span class='ocr_line' id='line_1_90' title="bbox 300 2764 1082 2800; baseline 0 -8"><span class='ocrx_word' id='word_1_618' title='bbox 300 2765 446 2798; x_wconf 82' lang='lat' dir='ltr'><strong>hcnsurus,</strong></span> <span class='ocrx_word' id='word_1_619' title='bbox 467 2766 539 2800; x_wconf 80' lang='lat' dir='ltr'><strong>quod</strong></span> <span class='ocrx_word' id='word_1_620' title='bbox 552 2765 646 2792; x_wconf 89' lang='lat' dir='ltr'><strong>relicto</strong></span> <span class='ocrx_word' id='word_1_621' title='bbox 664 2765 785 2792; x_wconf 89' lang='lat' dir='ltr'><strong>omnium</strong></span> <span class='ocrx_word' id='word_1_622' title='bbox 802 2764 915 2798; x_wconf 82' lang='lat' dir='ltr'><strong>Opiﬁce.</strong></span> <span class='ocrx_word' id='word_1_623' title='bbox 937 2764 1082 2792; x_wconf 84' lang='lat' dir='ltr'><strong>inanimam</strong></span> 
     </span>
    </p>
   </div>
   <div class='ocr_carea' id='block_1_91' title="bbox 301 2809 1083 2845">
    <p class='ocr_par' dir='ltr' id='par_1_91' title="bbox 301 2809 1083 2845">
     <span class='ocr_line' id='line_1_91' title="bbox 301 2809 1083 2845; baseline -0.001 -8"><span class='ocrx_word' id='word_1_624' title='bbox 301 2811 456 2845; x_wconf 84' lang='lat' dir='ltr'><strong>suspieiatis</strong></span> <span class='ocrx_word' id='word_1_625' title='bbox 469 2811 623 2842; x_wconf 88' lang='lat' dir='ltr'><strong>materiam,</strong></span> <span class='ocrx_word' id='word_1_626' title='bbox 643 2816 670 2838; x_wconf 88' lang='lat' dir='ltr'><strong>et</strong></span> <span class='ocrx_word' id='word_1_627' title='bbox 684 2817 744 2836; x_wconf 85' lang='lat' dir='ltr'><strong>eam</strong></span> <span class='ocrx_word' id='word_1_628' title='bbox 760 2809 839 2836; x_wconf 90' lang='lat' dir='ltr'><strong>deum</strong></span> <span class='ocrx_word' id='word_1_629' title='bbox 860 2816 921 2836; x_wconf 88' lang='lat' dir='ltr'><strong>esse</strong></span> <span class='ocrx_word' id='word_1_630' title='bbox 943 2809 1083 2836; x_wconf 69' lang='lat' dir='ltr'><strong>existime-</strong></span> 
     </span>
    </p>
   </div>
   <div class='ocr_carea' id='block_1_92' title="bbox 303 2854 1083 2890">
    <p class='ocr_par' dir='ltr' id='par_1_92' title="bbox 303 2854 1083 2890">
     <span class='ocr_line' id='line_1_92' title="bbox 303 2854 1083 2890; baseline 0.003 -9"><span class='ocrx_word' id='word_1_631' title='bbox 303 2856 347 2887; x_wconf 78' lang='lat' dir='ltr'><strong>tis,</strong></span> <span class='ocrx_word' id='word_1_632' title='bbox 364 2862 413 2882; x_wconf 83' lang='lat' dir='ltr'><strong>vos</strong></span> <span class='ocrx_word' id='word_1_633' title='bbox 426 2856 452 2882; x_wconf 90' lang='lat' dir='ltr'><strong>in</strong></span> <span class='ocrx_word' id='word_1_634' title='bbox 479 2856 680 2884; x_wconf 86' lang='lat' dir='ltr'><strong>benefactorem</strong></span> <span class='ocrx_word' id='word_1_635' title='bbox 706 2854 886 2882; x_wconf 51' lang='lat' dir='ltr'><strong>ostendentes.</strong></span> <span class='ocrx_word' id='word_1_636' title='bbox 913 2855 1034 2890; x_wconf 80' lang='lat' dir='ltr'><strong>ingratos</strong></span> <span class='ocrx_word' id='word_1_637' title='bbox 1055 2861 1083 2883; x_wconf 87' lang='lat' dir='ltr'><strong>et</strong></span> 
     </span>
    </p>
   </div>
   <div class='ocr_carea' id='block_1_93' title="bbox 303 2899 1074 2935">
    <p class='ocr_par' dir='ltr' id='par_1_93' title="bbox 303 2899 1074 2935">
     <span class='ocr_line' id='line_1_93' title="bbox 303 2899 1074 2935; baseline 0.001 -7"><span class='ocrx_word' id='word_1_638' title='bbox 303 2907 482 2929; x_wconf 77' lang='lat' dir='ltr'><strong>immemores.</strong></span> <span class='ocrx_word' id='word_1_639' title='bbox 505 2901 558 2929; x_wconf 87' lang='lat' dir='ltr'><strong>Sed</strong></span> <span class='ocrx_word' id='word_1_640' title='bbox 579 2902 601 2930; x_wconf 84' lang='lat' dir='ltr'><strong>si</strong></span> <span class='ocrx_word' id='word_1_641' title='bbox 617 2900 667 2934; x_wconf 83' lang='lat' dir='ltr'><strong>vis,</strong></span> <span class='ocrx_word' id='word_1_642' title='bbox 682 2899 770 2934; x_wconf 83' lang='lat' dir='ltr'><strong>inquit</strong></span> <span class='ocrx_word' id='word_1_643' title='bbox 787 2907 896 2935; x_wconf 80' lang='lat' dir='ltr'><strong>praeses,</strong></span> <span class='ocrx_word' id='word_1_644' title='bbox 915 2909 968 2928; x_wconf 90' lang='lat' dir='ltr'><strong>non</strong></span> <span class='ocrx_word' id='word_1_645' title='bbox 989 2902 1074 2929; x_wconf 84' lang='lat' dir='ltr'><strong>solum</strong></span> 
     </span>
    </p>
   </div>
   <div class='ocr_carea' id='block_1_94' title="bbox 1131 1614 1924 1655">
    <p class='ocr_par' dir='ltr' id='par_1_94' title="bbox 1131 1614 1924 1655">
     <span class='ocr_line' id='line_1_94' title="bbox 1131 1614 1924 1655; baseline 0.013 -16"><span class='ocrx_word' id='word_1_646' title='bbox 1131 1614 1161 1639; x_wconf 77' lang='grc' dir='ltr'>τὸ</span> <span class='ocrx_word' id='word_1_647' title='bbox 1177 1614 1287 1649; x_wconf 74' lang='grc' dir='ltr'>ἄγαλμα</span> <span class='ocrx_word' id='word_1_648' title='bbox 1310 1616 1411 1648; x_wconf 83' lang='grc' dir='ltr'>ἐκεῖνος</span> <span class='ocrx_word' id='word_1_649' title='bbox 1430 1617 1589 1652; x_wconf 78' lang='grc' dir='ltr'>ὲπιῦουλῆς.</span> <span class='ocrx_word' id='word_1_650' title='bbox 1613 1620 1657 1651; x_wconf 88' lang='grc' dir='ltr'>Ὠς</span> <span class='ocrx_word' id='word_1_651' title='bbox 1678 1620 1707 1646; x_wconf 79' lang='grc' dir='ltr'>δὲ</span> <span class='ocrx_word' id='word_1_652' title='bbox 1727 1622 1807 1648; x_wconf 82' lang='grc' dir='ltr'>τοῦτο</span> <span class='ocrx_word' id='word_1_653' title='bbox 1827 1621 1924 1655; x_wconf 79' lang='grc' dir='ltr'>εἶπεν,</span> 
     </span>
    </p>
   </div>
   <div class='ocr_carea' id='block_1_95' title="bbox 1132 1661 1924 1704">
    <p class='ocr_par' dir='ltr' id='par_1_95' title="bbox 1132 1661 1924 1704">
     <span class='ocr_line' id='line_1_95' title="bbox 1132 1661 1924 1704; baseline 0.014 -18"><span class='ocrx_word' id='word_1_654' title='bbox 1132 1661 1255 1695; x_wconf 77' lang='grc' dir='ltr'>ἀπήγετο</span> <span class='ocrx_word' id='word_1_655' title='bbox 1271 1662 1351 1694; x_wconf 84' lang='grc' dir='ltr'>εὐθὺς</span> <span class='ocrx_word' id='word_1_656' title='bbox 1365 1663 1432 1698; x_wconf 78' lang='grc' dir='ltr'>πρὸς</span> <span class='ocrx_word' id='word_1_657' title='bbox 1448 1664 1493 1690; x_wconf 77' lang='grc' dir='ltr'><strong>τὸν</strong></span> <span class='ocrx_word' id='word_1_658' title='bbox 1509 1665 1692 1700; x_wconf 77' lang='grc' dir='ltr'>Μαξιμιανόν.</span> <span class='ocrx_word' id='word_1_659' title='bbox 1712 1668 1766 1694; x_wconf 70' lang='grc' dir='ltr'><strong>Καὶ</strong></span> <span class='ocrx_word' id='word_1_660' title='bbox 1778 1669 1866 1700; x_wconf 71' lang='grc' dir='ltr'>αὐτὸς</span> <span class='ocrx_word' id='word_1_661' title='bbox 1879 1671 1924 1704; x_wconf 73' lang='grc' dir='ltr'><strong>ἐφ’</strong></span> 
     </span>
    </p>
   </div>
   <div class='ocr_carea' id='block_1_96' title="bbox 1133 1705 1924 1746">
    <p class='ocr_par' dir='ltr' id='par_1_96' title="bbox 1133 1705 1924 1746">
     <span class='ocr_line' id='line_1_96' title="bbox 1133 1705 1924 1746; baseline 0.014 -15"><span class='ocrx_word' id='word_1_662' title='bbox 1133 1705 1236 1740; x_wconf 74' lang='grc' dir='ltr'>ὑψηλοῦ</span> <span class='ocrx_word' id='word_1_663' title='bbox 1252 1707 1371 1741; x_wconf 83' lang='grc' dir='ltr'>μάλιστα</span> <span class='ocrx_word' id='word_1_664' title='bbox 1385 1708 1432 1734; x_wconf 86' lang='grc' dir='ltr'>τοῦ</span> <span class='ocrx_word' id='word_1_665' title='bbox 1447 1708 1570 1743; x_wconf 82' lang='grc' dir='ltr'>βήματος</span> <span class='ocrx_word' id='word_1_666' title='bbox 1585 1711 1764 1746; x_wconf 84' lang='grc' dir='ltr'>προκαθίσας,</span> <span class='ocrx_word' id='word_1_667' title='bbox 1789 1714 1878 1740; x_wconf 79' lang='grc' dir='ltr'>αὐτόν</span> <span class='ocrx_word' id='word_1_668' title='bbox 1895 1724 1924 1742; x_wconf 76' lang='grc' dir='ltr'><strong>τε</strong></span> 
     </span>
    </p>
   </div>
   <div class='ocr_carea' id='block_1_97' title="bbox 1134 1753 1924 1794">
    <p class='ocr_par' dir='ltr' id='par_1_97' title="bbox 1134 1753 1924 1794">
     <span class='ocr_line' id='line_1_97' title="bbox 1134 1753 1924 1794; baseline 0.011 -17"><span class='ocrx_word' id='word_1_669' title='bbox 1134 1753 1379 1788; x_wconf 79' lang='grc' dir='ltr'>παραστησάμενος</span> <span class='ocrx_word' id='word_1_670' title='bbox 1406 1755 1453 1781; x_wconf 82' lang='grc' dir='ltr'>καὶ</span> <span class='ocrx_word' id='word_1_671' title='bbox 1471 1755 1509 1786; x_wconf 84' lang='grc' dir='ltr'><strong>ὡς</strong></span> <span class='ocrx_word' id='word_1_672' title='bbox 1529 1753 1584 1782; x_wconf 76' lang='grc' dir='ltr'>οἷόν</span> <span class='ocrx_word' id='word_1_673' title='bbox 1613 1766 1643 1783; x_wconf 89' lang='grc' dir='ltr'><strong>τε</strong></span> <span class='ocrx_word' id='word_1_674' title='bbox 1671 1758 1785 1794; x_wconf 71' lang='grc' dir='ltr'>σοϐαρὸς</span> <span class='ocrx_word' id='word_1_675' title='bbox 1811 1760 1924 1794; x_wconf 73' lang='grc' dir='ltr'>ὀφθεὶς,</span> 
     </span>
    </p>
   </div>
   <div class='ocr_carea' id='block_1_98' title="bbox 1133 1797 1926 1842">
    <p class='ocr_par' dir='ltr' id='par_1_98' title="bbox 1133 1797 1926 1842">
     <span class='ocr_line' id='line_1_98' title="bbox 1133 1797 1926 1842; baseline 0.014 -20"><span class='ocrx_word' id='word_1_676' title='bbox 1133 1797 1229 1831; x_wconf 85' lang='grc' dir='ltr'>πρῶτα</span> <span class='ocrx_word' id='word_1_677' title='bbox 1243 1799 1291 1832; x_wconf 80' lang='grc' dir='ltr'>μὲν</span> <span class='ocrx_word' id='word_1_678' title='bbox 1304 1800 1353 1834; x_wconf 83' lang='grc' dir='ltr'>τὴν</span> <span class='ocrx_word' id='word_1_679' title='bbox 1366 1800 1470 1835; x_wconf 82' lang='grc' dir='ltr'>κλῆσιν,</span> <span class='ocrx_word' id='word_1_680' title='bbox 1484 1799 1543 1828; x_wconf 73' lang='grc' dir='ltr'>εἶτα</span> <span class='ocrx_word' id='word_1_681' title='bbox 1553 1802 1584 1828; x_wconf 74' lang='grc' dir='ltr'><strong>τὸ</strong></span> <span class='ocrx_word' id='word_1_682' title='bbox 1598 1803 1690 1836; x_wconf 78' lang='grc' dir='ltr'>σέϐας,</span> <span class='ocrx_word' id='word_1_683' title='bbox 1702 1803 1796 1831; x_wconf 79' lang='grc' dir='ltr'>ἔπειτα</span> <span class='ocrx_word' id='word_1_684' title='bbox 1808 1808 1860 1833; x_wconf 75' lang='grc' dir='ltr'><strong>καί</strong></span> <span class='ocrx_word' id='word_1_685' title='bbox 1876 1808 1926 1842; x_wconf 81' lang='grc' dir='ltr'>τὴν</span> 
     </span>
    </p>
   </div>
   <div class='ocr_carea' id='block_1_99' title="bbox 1133 1843 1926 1885">
    <p class='ocr_par' dir='ltr' id='par_1_99' title="bbox 1133 1843 1926 1885">
     <span class='ocr_line' id='line_1_99' title="bbox 1133 1843 1926 1885; baseline 0.013 -16"><span class='ocrx_word' id='word_1_686' title='bbox 1133 1843 1320 1879; x_wconf 78' lang='grc' dir='ltr'>ὲνεγκαμένην</span> <span class='ocrx_word' id='word_1_687' title='bbox 1337 1846 1512 1874; x_wconf 75' lang='grc' dir='ltr'>ἐπυνθάνετο.</span> <span class='ocrx_word' id='word_1_688' title='bbox 1545 1847 1575 1874; x_wconf 91' lang='lat'><strong>&#39;0</strong></span> <span class='ocrx_word' id='word_1_689' title='bbox 1593 1848 1640 1881; x_wconf 85' lang='grc' dir='ltr'>δὲ,</span> <span class='ocrx_word' id='word_1_690' title='bbox 1661 1849 1698 1875; x_wconf 78' lang='grc' dir='ltr'><strong>Τὸ</strong></span> <span class='ocrx_word' id='word_1_691' title='bbox 1715 1851 1765 1885; x_wconf 73' lang='grc' dir='ltr'><strong>μὲν</strong></span> <span class='ocrx_word' id='word_1_692' title='bbox 1780 1853 1828 1885; x_wconf 78' lang='grc' dir='ltr'><strong>τῆς</strong></span> <span class='ocrx_word' id='word_1_693' title='bbox 1841 1855 1926 1885; x_wconf 79' lang='grc' dir='ltr'>γενέ-</span> 
     </span>
    </p>
   </div>
   <div class='ocr_carea' id='block_1_100' title="bbox 1134 1889 1928 1928">
    <p class='ocr_par' dir='ltr' id='par_1_100' title="bbox 1134 1889 1928 1928">
     <span class='ocr_line' id='line_1_100' title="bbox 1134 1889 1928 1928; baseline 0.011 -13"><span class='ocrx_word' id='word_1_694' title='bbox 1134 1898 1212 1922; x_wconf 81' lang='grc' dir='ltr'>σεως,</span> <span class='ocrx_word' id='word_1_695' title='bbox 1241 1889 1304 1925; x_wconf 79' lang='grc' dir='ltr'>ἔφη,</span> <span class='ocrx_word' id='word_1_696' title='bbox 1321 1891 1457 1926; x_wconf 87' lang='grc' dir='ltr'>Ταράσιον</span> <span class='ocrx_word' id='word_1_697' title='bbox 1474 1893 1499 1919; x_wconf 81' lang='grc' dir='ltr'><strong>οι</strong></span> <span class='ocrx_word' id='word_1_698' title='bbox 1526 1894 1650 1925; x_wconf 82' lang='grc' dir='ltr'>τεκόντες</span> <span class='ocrx_word' id='word_1_699' title='bbox 1668 1895 1775 1928; x_wconf 78' lang='grc' dir='ltr'>ἔθεσαν,</span> <span class='ocrx_word' id='word_1_700' title='bbox 1791 1897 1928 1927; x_wconf 73' lang='grc' dir='ltr'>Σιῦζοντα</span> 
     </span>
    </p>
   </div>
   <div class='ocr_carea' id='block_1_101' title="bbox 1133 1935 1926 1975">
    <p class='ocr_par' dir='ltr' id='par_1_101' title="bbox 1133 1935 1926 1975">
     <span class='ocr_line' id='line_1_101' title="bbox 1133 1935 1926 1975; baseline 0.014 -14"><span class='ocrx_word' id='word_1_701' title='bbox 1133 1935 1161 1961; x_wconf 79' lang='grc' dir='ltr'>δέ</span> <span class='ocrx_word' id='word_1_702' title='bbox 1176 1944 1210 1970; x_wconf 85' lang='grc' dir='ltr'><strong>με</strong></span> <span class='ocrx_word' id='word_1_703' title='bbox 1225 1936 1263 1971; x_wconf 85' lang='grc' dir='ltr'>τῷ</span> <span class='ocrx_word' id='word_1_704' title='bbox 1276 1937 1341 1972; x_wconf 85' lang='grc' dir='ltr'>θείῳ</span> <span class='ocrx_word' id='word_1_705' title='bbox 1365 1937 1533 1974; x_wconf 81' lang='grc' dir='ltr'>βαπτίσματι</span> <span class='ocrx_word' id='word_1_706' title='bbox 1551 1941 1758 1975; x_wconf 80' lang='grc' dir='ltr'>μετωνόμασαν,</span> <span class='ocrx_word' id='word_1_707' title='bbox 1778 1944 1926 1972; x_wconf 70' lang='grc' dir='ltr'>Λυκαονία</span> 
     </span>
    </p>
   </div>
   <div class='ocr_carea' id='block_1_102' title="bbox 1133 1979 1928 2022">
    <p class='ocr_par' dir='ltr' id='par_1_102' title="bbox 1133 1979 1928 2022">
     <span class='ocr_line' id='line_1_102' title="bbox 1133 1979 1928 2022; baseline 0.013 -16"><span class='ocrx_word' id='word_1_708' title='bbox 1133 1979 1161 2006; x_wconf 82' lang='grc' dir='ltr'><strong>δέ</strong></span> <span class='ocrx_word' id='word_1_709' title='bbox 1176 1989 1221 2014; x_wconf 88' lang='grc' dir='ltr'><strong>μοι</strong></span> <span class='ocrx_word' id='word_1_710' title='bbox 1236 1983 1347 2016; x_wconf 72' lang='grc' dir='ltr'>πατρὶς,</span> <span class='ocrx_word' id='word_1_711' title='bbox 1360 1981 1428 2018; x_wconf 78' lang='grc' dir='ltr'>αὕτη</span> <span class='ocrx_word' id='word_1_712' title='bbox 1446 1983 1499 2018; x_wconf 71' lang='grc' dir='ltr'><strong>γάρ</strong></span> <span class='ocrx_word' id='word_1_713' title='bbox 1512 1992 1545 2018; x_wconf 93' lang='grc' dir='ltr'><strong>με</strong></span> <span class='ocrx_word' id='word_1_714' title='bbox 1561 1985 1607 2010; x_wconf 73' lang='grc' dir='ltr'><strong>καὶ</strong></span> <span class='ocrx_word' id='word_1_715' title='bbox 1622 1986 1720 2019; x_wconf 73' lang='grc' dir='ltr'>ἤνεγκε</span> <span class='ocrx_word' id='word_1_716' title='bbox 1731 1995 1738 2002; x_wconf 75' lang='grc'><strong><em>⁸</em></strong></span> <span class='ocrx_word' id='word_1_717' title='bbox 1755 1988 1928 2022; x_wconf 76' lang='grc' dir='ltr'>Χριστιανὸς</span> 
     </span>
    </p>
   </div>
   <div class='ocr_carea' id='block_1_103' title="bbox 1132 2025 1925 2068">
    <p class='ocr_par' dir='ltr' id='par_1_103' title="bbox 1132 2025 1925 2068">
     <span class='ocr_line' id='line_1_103' title="bbox 1132 2025 1925 2068; baseline 0.013 -16"><span class='ocrx_word' id='word_1_718' title='bbox 1132 2025 1160 2052; x_wconf 78' lang='grc' dir='ltr'>δέ</span> <span class='ocrx_word' id='word_1_719' title='bbox 1177 2027 1245 2061; x_wconf 87' lang='grc' dir='ltr'>είμι,</span> <span class='ocrx_word' id='word_1_720' title='bbox 1263 2028 1381 2061; x_wconf 75' lang='grc' dir='ltr'>Χριστὸν</span> <span class='ocrx_word' id='word_1_721' title='bbox 1398 2029 1480 2063; x_wconf 73' lang='grc' dir='ltr'>μόνον</span> <span class='ocrx_word' id='word_1_722' title='bbox 1493 2030 1537 2056; x_wconf 77' lang='grc' dir='ltr'><strong>τὸν</strong></span> <span class='ocrx_word' id='word_1_723' title='bbox 1556 2030 1643 2066; x_wconf 73' lang='grc' dir='ltr'>ἀληθῆ</span> <span class='ocrx_word' id='word_1_724' title='bbox 1662 2033 1728 2059; x_wconf 80' lang='grc' dir='ltr'>Θεὸν</span> <span class='ocrx_word' id='word_1_725' title='bbox 1745 2037 1925 2068; x_wconf 74' lang='grc' dir='ltr'>προσκυνῶν,</span> 
     </span>
    </p>
   </div>
   <div class='ocr_carea' id='block_1_104' title="bbox 1132 2071 1926 2116">
    <p class='ocr_par' dir='ltr' id='par_1_104' title="bbox 1132 2071 1926 2116">
     <span class='ocr_line' id='line_1_104' title="bbox 1132 2071 1926 2116; baseline 0.015 -19"><span class='ocrx_word' id='word_1_726' title='bbox 1132 2071 1161 2103; x_wconf 80' lang='grc' dir='ltr'>ὃς</span> <span class='ocrx_word' id='word_1_727' title='bbox 1177 2072 1268 2099; x_wconf 80' lang='grc' dir='ltr'>ἔκτισε</span> <span class='ocrx_word' id='word_1_728' title='bbox 1283 2073 1327 2100; x_wconf 83' lang='grc' dir='ltr'><strong>τδν</strong></span> <span class='ocrx_word' id='word_1_729' title='bbox 1341 2074 1457 2110; x_wconf 81' lang='grc' dir='ltr'>οὐρανὸν</span> <span class='ocrx_word' id='word_1_730' title='bbox 1472 2076 1518 2102; x_wconf 80' lang='grc' dir='ltr'>καὶ</span> <span class='ocrx_word' id='word_1_731' title='bbox 1527 2075 1576 2111; x_wconf 81' lang='grc' dir='ltr'>τὴν</span> <span class='ocrx_word' id='word_1_732' title='bbox 1587 2077 1650 2111; x_wconf 84' lang='grc' dir='ltr'>γῆν,</span> <span class='ocrx_word' id='word_1_733' title='bbox 1662 2078 1709 2109; x_wconf 86' lang='grc' dir='ltr'>Τίς</span> <span class='ocrx_word' id='word_1_734' title='bbox 1721 2079 1748 2105; x_wconf 82' lang='grc' dir='ltr'>δὲ</span> <span class='ocrx_word' id='word_1_735' title='bbox 1760 2079 1813 2114; x_wconf 74' lang='grc' dir='ltr'>ἄρα</span> <span class='ocrx_word' id='word_1_736' title='bbox 1828 2083 1926 2116; x_wconf 78' lang='grc' dir='ltr'>χρεία,</span> 
     </span>
    </p>
   </div>
   <div class='ocr_carea' id='block_1_105' title="bbox 1133 2118 1925 2162">
    <p class='ocr_par' dir='ltr' id='par_1_105' title="bbox 1133 2118 1925 2162">
     <span class='ocr_line' id='line_1_105' title="bbox 1133 2118 1925 2162; baseline 0.015 -19"><span class='ocrx_word' id='word_1_737' title='bbox 1133 2118 1304 2152; x_wconf 76' lang='grc' dir='ltr'>Μαξιμιανὺς</span> <span class='ocrx_word' id='word_1_738' title='bbox 1316 2119 1379 2154; x_wconf 77' lang='grc' dir='ltr'>ἔφη,</span> <span class='ocrx_word' id='word_1_739' title='bbox 1396 2120 1514 2147; x_wconf 68' lang='grc' dir='ltr'>ἐνταῦθά</span> <span class='ocrx_word' id='word_1_740' title='bbox 1526 2131 1554 2147; x_wconf 85' lang='grc' dir='ltr'><strong>σε</strong></span> <span class='ocrx_word' id='word_1_741' title='bbox 1568 2123 1674 2158; x_wconf 75' lang='grc' dir='ltr'>ἤγαγες</span> <span class='ocrx_word' id='word_1_742' title='bbox 1690 2125 1821 2159; x_wconf 73' lang='grc' dir='ltr'>Ποὶμνης.</span> <span class='ocrx_word' id='word_1_743' title='bbox 1839 2130 1925 2162; x_wconf 63' lang='grc' dir='ltr'>φησι,</span> 
     </span>
    </p>
   </div>
   <div class='ocr_carea' id='block_1_106' title="bbox 1134 2164 1928 2209">
    <p class='ocr_par' dir='ltr' id='par_1_106' title="bbox 1134 2164 1928 2209">
     <span class='ocr_line' id='line_1_106' title="bbox 1134 2164 1928 2209; baseline 0.013 -20"><span class='ocrx_word' id='word_1_744' title='bbox 1134 2164 1287 2198; x_wconf 70' lang='grc' dir='ltr'>προϐάτων,</span> <span class='ocrx_word' id='word_1_745' title='bbox 1299 2165 1312 2190; x_wconf 84' lang='grc' dir='ltr'><strong>ό</strong></span> <span class='ocrx_word' id='word_1_746' title='bbox 1326 2165 1432 2199; x_wconf 81' lang='grc' dir='ltr'>Σώζων,</span> <span class='ocrx_word' id='word_1_747' title='bbox 1443 2167 1620 2201; x_wconf 71' lang='grc' dir='ltr'>προΐσταμαι,</span> <span class='ocrx_word' id='word_1_748' title='bbox 1636 2170 1680 2195; x_wconf 71' lang='grc' dir='ltr'>καὶ</span> <span class='ocrx_word' id='word_1_749' title='bbox 1692 2170 1763 2205; x_wconf 74' lang='grc' dir='ltr'>ἅπερ</span> <span class='ocrx_word' id='word_1_750' title='bbox 1775 2171 1807 2197; x_wconf 85' lang='grc' dir='ltr'>ἂν</span> <span class='ocrx_word' id='word_1_751' title='bbox 1819 2173 1928 2209; x_wconf 69' lang='grc' dir='ltr'>εὐανθῆ</span> 
     </span>
    </p>
   </div>
   <div class='ocr_carea' id='block_1_107' title="bbox 1135 2208 1946 2254">
    <p class='ocr_par' dir='ltr' id='par_1_107' title="bbox 1135 2208 1946 2254">
     <span class='ocr_line' id='line_1_107' title="bbox 1135 2208 1946 2254; baseline 0.016 -21"><span class='ocrx_word' id='word_1_752' title='bbox 1135 2208 1189 2234; x_wconf 86' lang='grc' dir='ltr'><strong>τῶν</strong></span> <span class='ocrx_word' id='word_1_753' title='bbox 1205 2210 1322 2243; x_wconf 83' lang='grc' dir='ltr'>χωρίων,</span> <span class='ocrx_word' id='word_1_754' title='bbox 1335 2211 1382 2236; x_wconf 81' lang='grc' dir='ltr'>καὶ</span> <span class='ocrx_word' id='word_1_755' title='bbox 1396 2211 1505 2247; x_wconf 77' lang='grc' dir='ltr'>ἔνυδρα,</span> <span class='ocrx_word' id='word_1_756' title='bbox 1517 2216 1564 2239; x_wconf 82' lang='grc' dir='ltr'>καὶ</span> <span class='ocrx_word' id='word_1_757' title='bbox 1579 2215 1688 2249; x_wconf 69' lang='grc' dir='ltr'>χλοερὸν</span> <span class='ocrx_word' id='word_1_758' title='bbox 1700 2217 1741 2247; x_wconf 83' lang='grc' dir='ltr'><strong>είς</strong></span> <span class='ocrx_word' id='word_1_759' title='bbox 1756 2219 1841 2251; x_wconf 75' lang='grc' dir='ltr'>νομὴν</span> <span class='ocrx_word' id='word_1_760' title='bbox 1859 2219 1946 2254; x_wconf 33' lang='lat' dir='ltr'><strong>Odia</strong></span> 
     </span>
    </p>
   </div>
   <div class='ocr_carea' id='block_1_108' title="bbox 1135 2255 1928 2298">
    <p class='ocr_par' dir='ltr' id='par_1_108' title="bbox 1135 2255 1928 2298">
     <span class='ocr_line' id='line_1_108' title="bbox 1135 2255 1928 2298; baseline 0.014 -18"><span class='ocrx_word' id='word_1_761' title='bbox 1135 2255 1214 2282; x_wconf 77' lang='grc' dir='ltr'>λοιτα</span> <span class='ocrx_word' id='word_1_762' title='bbox 1232 2256 1355 2290; x_wconf 71' lang='grc' dir='ltr'>δείξωσιν</span> <span class='ocrx_word' id='word_1_763' title='bbox 1380 2258 1406 2284; x_wconf 87' lang='grc' dir='ltr'><strong>αί</strong></span> <span class='ocrx_word' id='word_1_764' title='bbox 1422 2255 1502 2294; x_wconf 84' lang='grc' dir='ltr'>ὧραι.</span> <span class='ocrx_word' id='word_1_765' title='bbox 1519 2260 1609 2286; x_wconf 79' lang='grc' dir='ltr'>ἐκεῖσε</span> <span class='ocrx_word' id='word_1_766' title='bbox 1625 2261 1656 2295; x_wconf 82' lang='grc' dir='ltr'>δὴ</span> <span class='ocrx_word' id='word_1_767' title='bbox 1676 2262 1722 2288; x_wconf 78' lang='grc' dir='ltr'>καὶ</span> <span class='ocrx_word' id='word_1_768' title='bbox 1742 2264 1775 2288; x_wconf 65' lang='grc' dir='ltr'>τὰ</span> <span class='ocrx_word' id='word_1_769' title='bbox 1794 2264 1928 2298; x_wconf 76' lang='grc' dir='ltr'>πρὸῦατα</span> 
     </span>
    </p>
   </div>
   <div class='ocr_carea' id='block_1_109' title="bbox 1135 2303 1926 2344">
    <p class='ocr_par' dir='ltr' id='par_1_109' title="bbox 1135 2303 1926 2344">
     <span class='ocr_line' id='line_1_109' title="bbox 1135 2303 1926 2344; baseline 0.01 -14"><span class='ocrx_word' id='word_1_770' title='bbox 1135 2303 1293 2330; x_wconf 79' lang='grc' dir='ltr'>εἰςελαύνω.</span> <span class='ocrx_word' id='word_1_771' title='bbox 1308 2303 1392 2337; x_wconf 77' lang='grc' dir='ltr'>Εἶτα,</span> <span class='ocrx_word' id='word_1_772' title='bbox 1423 2306 1475 2331; x_wconf 70' lang='grc' dir='ltr'><strong>Καὶ</strong></span> <span class='ocrx_word' id='word_1_773' title='bbox 1492 2307 1549 2337; x_wconf 63' lang='grc' dir='ltr'>πῖλς</span> <span class='ocrx_word' id='word_1_774' title='bbox 1564 2307 1629 2341; x_wconf 61' lang='grc' dir='ltr'>ἄρα,</span> <span class='ocrx_word' id='word_1_775' title='bbox 1648 2309 1714 2342; x_wconf 76' lang='grc' dir='ltr'>φησὶ</span> <span class='ocrx_word' id='word_1_776' title='bbox 1734 2309 1926 2344; x_wconf 69' lang='grc' dir='ltr'>Μαξιμιανὸς,</span> 
     </span>
    </p>
   </div>
   <div class='ocr_carea' id='block_1_110' title="bbox 1135 2349 1927 2392">
    <p class='ocr_par' dir='ltr' id='par_1_110' title="bbox 1135 2349 1927 2392">
     <span class='ocr_line' id='line_1_110' title="bbox 1135 2349 1927 2392; baseline 0.011 -17"><span class='ocrx_word' id='word_1_777' title='bbox 1135 2350 1174 2381; x_wconf 81' lang='grc' dir='ltr'><strong>είς</strong></span> <span class='ocrx_word' id='word_1_778' title='bbox 1190 2349 1269 2376; x_wconf 84' lang='grc' dir='ltr'>τοῦτο</span> <span class='ocrx_word' id='word_1_779' title='bbox 1283 2351 1384 2385; x_wconf 79' lang='grc' dir='ltr'>τόλμης</span> <span class='ocrx_word' id='word_1_780' title='bbox 1399 2351 1551 2387; x_wconf 72' lang='grc' dir='ltr'>είλήλυθας,</span> <span class='ocrx_word' id='word_1_781' title='bbox 1568 2353 1606 2384; x_wconf 82' lang='grc' dir='ltr'><strong>ὡς</strong></span> <span class='ocrx_word' id='word_1_782' title='bbox 1624 2353 1672 2380; x_wconf 73' lang='grc' dir='ltr'>καὶ</span> <span class='ocrx_word' id='word_1_783' title='bbox 1700 2355 1749 2390; x_wconf 82' lang='grc' dir='ltr'>τὴν</span> <span class='ocrx_word' id='word_1_784' title='bbox 1763 2356 1854 2389; x_wconf 71' lang='grc' dir='ltr'>δεξιὰν</span> <span class='ocrx_word' id='word_1_785' title='bbox 1869 2358 1927 2392; x_wconf 72' lang='grc' dir='ltr'><strong>ἀφ-</strong></span> 
     </span>
    </p>
   </div>
   <div class='ocr_carea' id='block_1_111' title="bbox 1135 2394 1360 2428">
    <p class='ocr_par' dir='ltr' id='par_1_111' title="bbox 1135 2394 1360 2428">
     <span class='ocr_line' id='line_1_111' title="bbox 1135 2394 1360 2428; baseline 0.009 -8"><span class='ocrx_word' id='word_1_786' title='bbox 1135 2394 1206 2422; x_wconf 83' lang='grc' dir='ltr'>ελεῖν</span> <span class='ocrx_word' id='word_1_787' title='bbox 1222 2395 1269 2422; x_wconf 83' lang='grc' dir='ltr'>τοῦ</span> <span class='ocrx_word' id='word_1_788' title='bbox 1283 2395 1344 2422; x_wconf 82' lang='grc' dir='ltr'>θεοῦ</span> <span class='ocrx_word' id='word_1_789' title='bbox 1354 2405 1360 2428; x_wconf 84' lang='grc'><strong>;</strong></span> 
     </span>
    </p>
   </div>
   <div class='ocr_carea' id='block_1_112' title="bbox 1169 2439 1926 2478">
    <p class='ocr_par' dir='ltr' id='par_1_112' title="bbox 1169 2439 1926 2478">
     <span class='ocr_line' id='line_1_112' title="bbox 1169 2439 1926 2478; baseline 0.009 -11"><span class='ocrx_word' id='word_1_790' title='bbox 1169 2439 1206 2468; x_wconf 89' lang='grc' dir='ltr'><strong>Δ¹.</strong></span> <span class='ocrx_word' id='word_1_791' title='bbox 1227 2441 1386 2468; x_wconf 75' lang='grc' dir='ltr'>’Υπολαὸὼν</span> <span class='ocrx_word' id='word_1_792' title='bbox 1397 2441 1486 2468; x_wconf 88' lang='grc' dir='ltr'>τοίνυν</span> <span class='ocrx_word' id='word_1_793' title='bbox 1498 2443 1512 2468; x_wconf 87' lang='grc' dir='ltr'><strong>ό</strong></span> <span class='ocrx_word' id='word_1_794' title='bbox 1524 2441 1622 2474; x_wconf 78' lang='grc' dir='ltr'>Σώζων</span> <span class='ocrx_word' id='word_1_795' title='bbox 1632 2451 1638 2458; x_wconf 93' lang='grc'><strong>·</strong></span> <span class='ocrx_word' id='word_1_796' title='bbox 1653 2443 1715 2469; x_wconf 88' lang='grc' dir='ltr'><strong>Ὅτι</strong></span> <span class='ocrx_word' id='word_1_797' title='bbox 1732 2444 1781 2478; x_wconf 81' lang='grc' dir='ltr'>μὲν</span> <span class='ocrx_word' id='word_1_798' title='bbox 1794 2446 1845 2472; x_wconf 74' lang='grc' dir='ltr'>οὐκ</span> <span class='ocrx_word' id='word_1_799' title='bbox 1862 2447 1926 2474; x_wconf 77' lang='grc' dir='ltr'>ἔστι</span> 
     </span>
    </p>
   </div>
   <div class='ocr_carea' id='block_1_113' title="bbox 1133 2489 1928 2526">
    <p class='ocr_par' dir='ltr' id='par_1_113' title="bbox 1133 2489 1928 2526">
     <span class='ocr_line' id='line_1_113' title="bbox 1133 2489 1928 2526; baseline 0.006 -12"><span class='ocrx_word' id='word_1_800' title='bbox 1133 2489 1234 2522; x_wconf 78' lang='grc' dir='ltr'>τόλμης</span> <span class='ocrx_word' id='word_1_801' title='bbox 1253 2489 1282 2514; x_wconf 79' lang='grc' dir='ltr'>τὸ</span> <span class='ocrx_word' id='word_1_802' title='bbox 1298 2489 1491 2524; x_wconf 85' lang='grc' dir='ltr'><strong>γεγενημένον⁹</strong></span> <span class='ocrx_word' id='word_1_803' title='bbox 1508 2489 1570 2523; x_wconf 81' lang='grc' dir='ltr'>ἔφη,</span> <span class='ocrx_word' id='word_1_804' title='bbox 1591 2489 1645 2516; x_wconf 77' lang='grc' dir='ltr'>οὐδ’</span> <span class='ocrx_word' id='word_1_805' title='bbox 1667 2492 1696 2517; x_wconf 84' lang='grc' dir='ltr'>ἐν</span> <span class='ocrx_word' id='word_1_806' title='bbox 1720 2490 1928 2526; x_wconf 75' lang='grc' dir='ltr'>ἁμαρτήματος</span> 
     </span>
    </p>
   </div>
   <div class='ocr_carea' id='block_1_114' title="bbox 1133 2535 1926 2572">
    <p class='ocr_par' dir='ltr' id='par_1_114' title="bbox 1133 2535 1926 2572">
     <span class='ocr_line' id='line_1_114' title="bbox 1133 2535 1926 2572; baseline 0.004 -11"><span class='ocrx_word' id='word_1_807' title='bbox 1133 2535 1204 2570; x_wconf 71' lang='grc' dir='ltr'>λόγῳ</span> <span class='ocrx_word' id='word_1_808' title='bbox 1222 2535 1293 2562; x_wconf 83' lang='grc' dir='ltr'>Θεῖτο</span> <span class='ocrx_word' id='word_1_809' title='bbox 1321 2535 1354 2562; x_wconf 78' lang='grc' dir='ltr'>ἄν</span> <span class='ocrx_word' id='word_1_810' title='bbox 1375 2544 1418 2566; x_wconf 83' lang='grc' dir='ltr'><strong>τις</strong></span> <span class='ocrx_word' id='word_1_811' title='bbox 1441 2535 1516 2567; x_wconf 77' lang='grc' dir='ltr'>αὐτὸ,</span> <span class='ocrx_word' id='word_1_812' title='bbox 1534 2536 1581 2562; x_wconf 76' lang='grc' dir='ltr'><strong>καὶ</strong></span> <span class='ocrx_word' id='word_1_813' title='bbox 1598 2536 1611 2562; x_wconf 83' lang='grc' dir='ltr'><strong>ό</strong></span> <span class='ocrx_word' id='word_1_814' title='bbox 1637 2536 1693 2570; x_wconf 78' lang='grc' dir='ltr'>σὸς,</span> <span class='ocrx_word' id='word_1_815' title='bbox 1718 2536 1811 2570; x_wconf 80' lang='grc' dir='ltr'>ἔμοιγε</span> <span class='ocrx_word' id='word_1_816' title='bbox 1835 2537 1926 2572; x_wconf 77' lang='grc' dir='ltr'>δοκεῖ,</span> 
     </span>
    </p>
   </div>
   <div class='ocr_carea' id='block_1_115' title="bbox 1135 2580 1927 2618">
    <p class='ocr_par' dir='ltr' id='par_1_115' title="bbox 1135 2580 1927 2618">
     <span class='ocr_line' id='line_1_115' title="bbox 1135 2580 1927 2618; baseline 0.003 -10"><span class='ocrx_word' id='word_1_817' title='bbox 1135 2583 1196 2613; x_wconf 81' lang='grc' dir='ltr'>θεὸς</span> <span class='ocrx_word' id='word_1_818' title='bbox 1221 2583 1364 2617; x_wconf 84' lang='grc' dir='ltr'>μαρτυρεῖ.</span> <span class='ocrx_word' id='word_1_819' title='bbox 1383 2580 1452 2607; x_wconf 72' lang='grc' dir='ltr'>Οὔτε</span> <span class='ocrx_word' id='word_1_820' title='bbox 1478 2580 1532 2615; x_wconf 74' lang='grc' dir='ltr'>γὰρ</span> <span class='ocrx_word' id='word_1_821' title='bbox 1557 2582 1678 2617; x_wconf 79' lang='grc' dir='ltr'>νεμεσᾷ,</span> <span class='ocrx_word' id='word_1_822' title='bbox 1700 2582 1757 2608; x_wconf 70' lang='grc' dir='ltr'>οὗθ’</span> <span class='ocrx_word' id='word_1_823' title='bbox 1776 2582 1815 2614; x_wconf 86' lang='grc' dir='ltr'><strong>ῶς</strong></span> <span class='ocrx_word' id='word_1_824' title='bbox 1840 2592 1927 2618; x_wconf 82' lang='grc' dir='ltr'>περι-</span> 
     </span>
    </p>
   </div>
   <div class='ocr_carea' id='block_1_116' title="bbox 1135 2627 1928 2666">
    <p class='ocr_par' dir='ltr' id='par_1_116' title="bbox 1135 2627 1928 2666">
     <span class='ocr_line' id='line_1_116' title="bbox 1135 2627 1928 2666; baseline -0.001 -11"><span class='ocrx_word' id='word_1_825' title='bbox 1135 2628 1298 2664; x_wconf 74' lang='grc' dir='ltr'>υὸρισμένος</span> <span class='ocrx_word' id='word_1_826' title='bbox 1309 2627 1395 2654; x_wconf 63' lang='grc' dir='ltr'>δεινόν</span> <span class='ocrx_word' id='word_1_827' title='bbox 1416 2627 1485 2658; x_wconf 77' lang='grc' dir='ltr'>ὅλως</span> <span class='ocrx_word' id='word_1_828' title='bbox 1508 2627 1674 2661; x_wconf 74' lang='grc' dir='ltr'>φθέγγεται·</span> <span class='ocrx_word' id='word_1_829' title='bbox 1693 2630 1717 2655; x_wconf 84' lang='grc' dir='ltr'><strong>εί</strong></span> <span class='ocrx_word' id='word_1_830' title='bbox 1729 2629 1758 2655; x_wconf 75' lang='grc' dir='ltr'>δὲ</span> <span class='ocrx_word' id='word_1_831' title='bbox 1772 2637 1845 2661; x_wconf 84' lang='grc' dir='ltr'>τινος</span> <span class='ocrx_word' id='word_1_832' title='bbox 1867 2631 1928 2666; x_wconf 83' lang='grc' dir='ltr'>ἄρα</span> 
     </span>
    </p>
   </div>
   <div class='ocr_carea' id='block_1_117' title="bbox 1134 2671 1928 2708">
    <p class='ocr_par' dir='ltr' id='par_1_117' title="bbox 1134 2671 1928 2708">
     <span class='ocr_line' id='line_1_117' title="bbox 1134 2671 1928 2708; baseline 0.003 -9"><span class='ocrx_word' id='word_1_833' title='bbox 1134 2674 1180 2699; x_wconf 61' lang='grc' dir='ltr'>καὶ</span> <span class='ocrx_word' id='word_1_834' title='bbox 1200 2673 1292 2706; x_wconf 73' lang='grc' dir='ltr'>φωνῆς</span> <span class='ocrx_word' id='word_1_835' title='bbox 1307 2672 1480 2706; x_wconf 81' lang='grc' dir='ltr'>εὐπορήσειε,</span> <span class='ocrx_word' id='word_1_836' title='bbox 1509 2671 1584 2698; x_wconf 81' lang='grc' dir='ltr'>δοκεῖ</span> <span class='ocrx_word' id='word_1_837' title='bbox 1612 2681 1657 2706; x_wconf 89' lang='grc' dir='ltr'><strong>μοι</strong></span> <span class='ocrx_word' id='word_1_838' title='bbox 1687 2673 1787 2707; x_wconf 83' lang='grc' dir='ltr'>μᾶλλον</span> <span class='ocrx_word' id='word_1_839' title='bbox 1803 2673 1836 2700; x_wconf 86' lang='grc' dir='ltr'><strong>ἃν</strong></span> <span class='ocrx_word' id='word_1_840' title='bbox 1855 2674 1928 2708; x_wconf 81' lang='grc' dir='ltr'>ὑμῖν</span> 
     </span>
    </p>
   </div>
   <div class='ocr_carea' id='block_1_118' title="bbox 1134 2717 1927 2752">
    <p class='ocr_par' dir='ltr' id='par_1_118' title="bbox 1134 2717 1927 2752">
     <span class='ocr_line' id='line_1_118' title="bbox 1134 2717 1927 2752; baseline 0 -7"><span class='ocrx_word' id='word_1_841' title='bbox 1134 2719 1214 2750; x_wconf 74' lang='grc' dir='ltr'>αὐτὸς</span> <span class='ocrx_word' id='word_1_842' title='bbox 1230 2717 1376 2750; x_wconf 76' lang='grc' dir='ltr'>ἐγκαλέσαι</span> <span class='ocrx_word' id='word_1_843' title='bbox 1400 2717 1445 2743; x_wconf 67' lang='grc' dir='ltr'>καὶ</span> <span class='ocrx_word' id='word_1_844' title='bbox 1469 2717 1593 2752; x_wconf 80' lang='grc' dir='ltr'>φανερῶς</span> <span class='ocrx_word' id='word_1_845' title='bbox 1618 2717 1789 2752; x_wconf 72' lang='grc' dir='ltr'>μέμψασθαι,</span> <span class='ocrx_word' id='word_1_846' title='bbox 1813 2719 1853 2745; x_wconf 78' lang='grc' dir='ltr'>ὅτι</span> <span class='ocrx_word' id='word_1_847' title='bbox 1876 2722 1927 2746; x_wconf 74' lang='grc' dir='ltr'>τ’,ν</span> 
     </span>
    </p>
   </div>
   <div class='ocr_carea' id='block_1_119' title="bbox 1135 2761 1928 2799">
    <p class='ocr_par' dir='ltr' id='par_1_119' title="bbox 1135 2761 1928 2799">
     <span class='ocr_line' id='line_1_119' title="bbox 1135 2761 1928 2799; baseline 0.005 -12"><span class='ocrx_word' id='word_1_848' title='bbox 1135 2762 1306 2797; x_wconf 78' lang='grc' dir='ltr'>Δημιουργὺν</span> <span class='ocrx_word' id='word_1_849' title='bbox 1333 2761 1387 2788; x_wconf 92' lang='grc' dir='ltr'><strong>τῶν</strong></span> <span class='ocrx_word' id='word_1_850' title='bbox 1412 2761 1481 2788; x_wconf 83' lang='grc' dir='ltr'>ὅλων</span> <span class='ocrx_word' id='word_1_851' title='bbox 1498 2763 1613 2796; x_wconf 76' lang='grc' dir='ltr'>ἀφέντες</span> <span class='ocrx_word' id='word_1_852' title='bbox 1642 2763 1710 2798; x_wconf 84' lang='grc' dir='ltr'>πρὸς</span> <span class='ocrx_word' id='word_1_853' title='bbox 1738 2765 1788 2798; x_wconf 85' lang='grc' dir='ltr'>τὴν</span> <span class='ocrx_word' id='word_1_854' title='bbox 1817 2764 1928 2799; x_wconf 68' lang='grc' dir='ltr'>ἄψυχον</span> 
     </span>
    </p>
   </div>
   <div class='ocr_carea' id='block_1_120' title="bbox 1135 2807 1928 2845">
    <p class='ocr_par' dir='ltr' id='par_1_120' title="bbox 1135 2807 1928 2845">
     <span class='ocr_line' id='line_1_120' title="bbox 1135 2807 1928 2845; baseline 0.003 -11"><span class='ocrx_word' id='word_1_855' title='bbox 1135 2807 1202 2843; x_wconf 70' lang='grc' dir='ltr'>ὕλην</span> <span class='ocrx_word' id='word_1_856' title='bbox 1220 2809 1365 2841; x_wconf 79' lang='grc' dir='ltr'>ὲπτόησθε,</span> <span class='ocrx_word' id='word_1_857' title='bbox 1381 2808 1428 2834; x_wconf 66' lang='grc' dir='ltr'>καὶ</span> <span class='ocrx_word' id='word_1_858' title='bbox 1442 2808 1543 2842; x_wconf 77' lang='grc' dir='ltr'>ταύτην</span> <span class='ocrx_word' id='word_1_859' title='bbox 1556 2808 1666 2843; x_wconf 82' lang='grc' dir='ltr'>ἡγεῖσθε</span> <span class='ocrx_word' id='word_1_860' title='bbox 1688 2808 1760 2840; x_wconf 75' lang='grc' dir='ltr'>θεὸν,</span> <span class='ocrx_word' id='word_1_861' title='bbox 1779 2809 1928 2845; x_wconf 78' lang='grc' dir='ltr'>ἀχάριστοι</span> 
     </span>
    </p>
   </div>
   <div class='ocr_carea' id='block_1_121' title="bbox 1135 2853 1930 2890">
    <p class='ocr_par' dir='ltr' id='par_1_121' title="bbox 1135 2853 1930 2890">
     <span class='ocr_line' id='line_1_121' title="bbox 1135 2853 1930 2890; baseline 0 -10"><span class='ocrx_word' id='word_1_862' title='bbox 1135 2853 1235 2889; x_wconf 82' lang='grc' dir='ltr'>δηλαδὴ</span> <span class='ocrx_word' id='word_1_863' title='bbox 1252 2853 1299 2879; x_wconf 75' lang='grc' dir='ltr'>καὶ</span> <span class='ocrx_word' id='word_1_864' title='bbox 1314 2853 1472 2888; x_wconf 75' lang='grc' dir='ltr'>ἀγνώμονες</span> <span class='ocrx_word' id='word_1_865' title='bbox 1495 2855 1558 2889; x_wconf 81' lang='grc' dir='ltr'>περὶ</span> <span class='ocrx_word' id='word_1_866' title='bbox 1585 2854 1631 2881; x_wconf 86' lang='grc' dir='ltr'>τὸν</span> <span class='ocrx_word' id='word_1_867' title='bbox 1654 2853 1804 2890; x_wconf 83' lang='grc' dir='ltr'>εὐεργέτην</span> <span class='ocrx_word' id='word_1_868' title='bbox 1819 2855 1930 2888; x_wconf 66' lang='grc' dir='ltr'>ἀναφαμ</span> 
     </span>
    </p>
   </div>
   <div class='ocr_carea' id='block_1_122' title="bbox 1135 2896 1930 2933">
    <p class='ocr_par' dir='ltr' id='par_1_122' title="bbox 1135 2896 1930 2933">
     <span class='ocr_line' id='line_1_122' title="bbox 1135 2896 1930 2933; baseline -0.004 -8"><span class='ocrx_word' id='word_1_869' title='bbox 1135 2899 1236 2930; x_wconf 77' lang='grc' dir='ltr'>νέντες.</span> <span class='ocrx_word' id='word_1_870' title='bbox 1261 2898 1330 2924; x_wconf 81' lang='grc' dir='ltr'>Ἀλλ’</span> <span class='ocrx_word' id='word_1_871' title='bbox 1344 2898 1399 2931; x_wconf 73' lang='grc' dir='ltr'>εἴγε</span> <span class='ocrx_word' id='word_1_872' title='bbox 1415 2898 1513 2933; x_wconf 69' lang='grc' dir='ltr'>βούλει,</span> <span class='ocrx_word' id='word_1_873' title='bbox 1531 2898 1613 2932; x_wconf 69' lang='grc' dir='ltr'>φησὶν</span> <span class='ocrx_word' id='word_1_874' title='bbox 1628 2898 1642 2924; x_wconf 80' lang='grc' dir='ltr'><strong><em>ὁ</em></strong></span> <span class='ocrx_word' id='word_1_875' title='bbox 1658 2897 1782 2932; x_wconf 54' lang='grc' dir='ltr'>ἡγεμὼν),</span> <span class='ocrx_word' id='word_1_876' title='bbox 1800 2896 1836 2933; x_wconf 84' lang='grc' dir='ltr'>μὴ</span> <span class='ocrx_word' id='word_1_877' title='bbox 1853 2904 1930 2931; x_wconf 72' lang='grc' dir='ltr'>συγ-</span> 
     </span>
    </p>
   </div>
  </div>
