2034 3152
156 194 209 225 σότ

732 185 965 219 MARTYRIUM
984 185 1015 215 ς.
1037 185 1229 217 SOZONTIS.

1731 185 1783 218 638

156 249 273 285 γνώμης
301 248 382 282 μόνον
406 247 507 283 τυχεῖν,
527 246 596 274 ἀλλά
618 253 689 278 τινος
719 245 870 280 ἀξιωθῆναι
894 243 942 271 καὶ

1000 242 1126 277 :onsequi
1156 242 1274 275 veniam,
1306 240 1354 270 sed
1377 242 1494 278 aliquam
1520 242 1600 270 etiam
1623 249 1784 270 remunera-

157 293 291 330 ἀμοιϐῆς,
308 293 363 320 τῶν
380 293 471 329 λήρων
486 293 590 320 τούτων
609 292 756 328 ἀφέμενος,
774 291 872 324 σῶσον,
888 289 946 317 Σώ-

157 342 225 373 ζων,
237 338 364 372 σεαυτδν,
375 339 422 366 καὶ
434 337 592 374 προσελθὼν
602 337 683 365 θῦσον
693 338 749 369 τοῖς
759 336 841 369 θεοῖς.
858 335 888 363 '0
900 336 944 363 δέ·

155 387 213 414 Καί
223 385 284 418 πῶς
298 386 329 413 οὗ
344 384 442 421 μακρῷ
456 385 504 412 καὶ
520 383 604 412 αὐτοῦ
619 392 651 419 γε
667 384 700 411 ἂν
715 383 776 420 εἵην
786 382 947 417 ἀναισθητό-

156 441 239 468 τερος
258 431 307 458 τοῦ
322 431 457 467 ὑμετέρου
477 430 550 465 θεοῦ,
570 431 634 466 ἔφη,
653 429 734 457 τοῦτο
750 431 835 465 τιμᾷν
851 429 947 464 ἐλόμε-

156 487 213 511 νος,
225 477 257 509 ὃς
269 477 330 504 οὐδὲ
341 476 421 509 αὐτὸς
433 476 556 512 πάσχων,
569 477 684 512 ἀμύνειν
691 475 747 508 οἷός
757 485 788 503 τε
797 474 832 512 ἦν
844 475 945 511 ἑαυτῷ,

157 524 219 551 οὐδὲ
235 525 328 560 φωνήν
342 532 403 550 τινα
418 523 560 559 προέσθαι,
574 524 634 551 οὐδὲ
646 522 760 550 καλέσαι
769 523 833 554 τοὺς
846 522 945 558 βοηθή-

158 579 268 602 σοντας,
286 570 347 597 οὐδὲ
363 589 371 601 .
389 569 421 597 τὸ
436 570 546 598 πάντων
561 569 628 604 γοῦν
641 569 818 601 ἀθλιώτατον,
836 567 880 596 οἵα
893 568 947 596 πά-

158 617 203 643 θοι
214 615 473 651 διαμαρτύρασθαις
490 615 561 651 Ὠρα
571 615 636 650 γοῦν
652 624 694 642 σοι
708 615 820 642 τοιαῦτα
831 614 946 650 τιμῶντι

157 659 207 685 καὶ
222 659 351 686 πλάττειν
365 659 484 695 ἑκάστης
500 659 607 696 ἡμέρας
617 659 715 696 θεοὺς,
730 659 777 687 καὶ
792 659 946 695 μεταπλάτο

157 713 216 731 τειν
230 704 338 737 ἄλλους,
358 705 387 732 ὲν
405 706 438 741 τῇ
452 705 506 732 τῶν
521 707 620 742 χειρῶν
641 706 724 743 τέχνῃ
745 706 795 742 τὴν
816 706 947 742 δημιουρ-

159 751 223 784 γίαν
241 751 297 778 τῶν
310 751 379 778 Θεῶν
393 751 538 787 τιθεμένῳ.

197 798 236 824 Ε’.
256 797 368 829 Τούτοις
392 798 494 833 θερμὸν
511 798 592 831 ζέσας
605 799 620 824 ὁ
640 799 812 834 Μαειμιανδς
834 799 947 832 πικραῖς

161 845 206 870 τὸν
219 844 347 879 μάρτυρα
365 844 535 879 παραδίδωσι
550 844 706 880 τιμωρίαις,
722 845 770 872 καὶ
782 845 878 881 πρῶτα
897 846 947 879 μὲν

161 889 281 924 σιδηροῖς
295 888 369 920 ὄνυξι
384 889 523 921 διαξαίνει.
545 890 657 925 Ἐπειδὴ
670 890 698 917 δὲ
719 891 735 926 ή
764 891 812 924 μὲν
831 891 946 926 βάσανος

161 934 208 959 καὶ
222 934 277 960 τῶν
291 934 394 979 οστὲων
408 935 499 962 αὐτῶν
515 936 679 968 καθικνεῖτο,
704 938 718 964 ὁ
747 936 775 963 δὲ
801 937 946 972 σύμμαχον

161 980 264 1014 ἀγαθὸν
276 980 306 1007 τδ
325 980 403 1007 Θεῖον
423 981 525 1015 ἐκάλει,
546 983 593 1009 καὶ
614 983 740 1019 καθάπερ
756 984 809 1011 ἀπὸ
835 984 945 1019 σιδήρου

162 1026 344 1060 συγκείμενον
371 1026 441 1061 ἔχων
465 1027 496 1054 τδ
515 1027 606 1062 σῶμα,
632 1027 704 1054 οὕτω
728 1028 837 1062 κούφως
865 1029 946 1064 ἔφερε

162 1070 209 1096 καὶ
223 1069 278 1097 τῶν
295 1070 413 1102 ζεόντων
428 1071 617 1106 ἀπαθέστερος
631 1070 676 1107 ἦν,
695 1073 739 1107 ἐφ’
754 1073 835 1108 ἕτερα
857 1074 948 1106 Mail-

166 1116 262 1151 μιανὸς
275 1116 357 1143 πάλιν
370 1117 509 1152 ἐτρέπετο,
522 1119 569 1145 καὶ
584 1118 755 1154 ὑποδήμασιν
769 1120 844 1155 ἣλοις
857 1119 947 1152 ὃΕεσιν

164 1162 391 1197 ἐμπεπαρμένοις
405 1163 450 1189 τὸν
461 1163 579 1198 ἀθλητὴν
596 1164 699 1195 ὑποδεῖ,
717 1165 762 1191 καὶ
775 1165 879 1197 τούτοις
895 1166 946 1200 ἐμ-

163 1209 327 1242 πριπατείν
353 1207 435 1234 αὑτὸν
463 1209 625 1243 ἀναγκάζει.
647 1210 676 1237 'O
701 1210 730 1237 δὲ
750 1211 789 1242 ὡς
813 1211 859 1237 ἐπὶ
886 1211 948 1246 ῥόδα

165 1253 265 1287 μᾶλλον
277 1253 384 1288 ἔτρεχε,
403 1256 450 1281 καὶ
463 1254 567 1290 ῥύακας
582 1255 653 1290 ὀρῶν
667 1256 780 1290 αἵματος
793 1257 846 1283 τῶν
861 1257 949 1284 ποδῶν

165 1294 317 1330 κατιόντας,
347 1300 536 1335 περιρρεῖσθαι
549 1309 603 1327 τινι
619 1301 674 1328 τῶν
688 1302 774 1336 ἡδέων
791 1302 888 1334 ἐδόκει,
901 1303 949 1330 καὶ

164 1343 225 1375 τοὺς
239 1344 288 1370 τοῦ
300 1345 435 1380 τυράννου
448 1347 495 1372 καὶ
506 1346 561 1372 τῶν
575 1347 765 1382 περιεστώτων
778 1348 950 1383 χλευασμοὺς

165 1390 303 1424 εὐφημίαν
316 1392 419 1424 ἠγεῖτο.
436 1392 490 1418 Καὶ
506 1392 706 1425 ἐκαλλωπίζετο
721 1393 807 1430 ταύτῃ
822 1394 922 1428 μᾶλλον
935 1395 950 1421 ὁ

164 1435 286 1470 ἀθλητὴς
305 1436 320 1470 ἢ
335 1438 367 1472 τῇ
382 1437 498 1472 χλαμύδι
517 1439 622 1470 ἐκεῖνος
634 1439 681 1465 τοῦ
703 1440 869 1474 ἀξιώματος.
884 1438 950 1467 Εἶτα

166 1483 432 1518 κατειρωνευόμενος
471 1484 554 1511 αὑτοῦ
590 1485 780 1520 Μαξιμιανός·
815 1486 948 1521 Δῦλησον,

166 1529 243 1562 φησὶ,
268 1528 378 1562 Σώζων,
402 1529 496 1563 αὔριον
519 1531 643 1566 ἐξιούσης
659 1532 711 1566 τῆς
730 1529 849 1567 μεγάλης
872 1532 947 1565 θεᾶς,

997 287 1109 320 tionem,
1124 288 1215 316 missis
1234 288 1277 316 his
1301 287 1390 323 nugis,
1406 296 1483 316 serva
1503 293 1530 316 te
1558 289 1658 324 ipsum,
1681 288 1782 321 Sozon,

997 338 1024 362 et
1048 334 1183 362 accedens
1209 334 1263 362 diis
1284 334 1419 362 sacriﬁca.
1444 334 1480 361 Et
1508 333 1653 368 quomodo,
1682 333 1784 368 inquit,

996 387 1052 407 non
1072 387 1161 408 essem
1179 380 1223 408 vel
1243 380 1303 415 ipso
1325 383 1418 406 vestro
1432 379 1484 406 deo
1501 379 1594 406 minus
1609 386 1691 406 sensu
1712 386 1783 413 prae-

996 426 1080 459 ditus,
1099 426 1122 454 si
1155 434 1217 454 eum
1249 430 1397 454 statuerem
1412 425 1512 458 colere,
1527 424 1571 459 qui
1587 432 1638 451 nec
1653 425 1674 451 si
1694 425 1718 452 ei
1737 424 1785 451 ali.

995 473 1062 508 quid
1076 472 1134 506 ﬁat,
1150 481 1180 500 se
1203 477 1294 508 potest
1320 471 1478 504 defendere,
1507 478 1593 505 neque
1619 478 1712 497 vocem
1734 469 1785 496 ali-

996 527 1078 555 quam
1101 519 1238 551 emittere,
1256 526 1346 553 neque
1368 525 1468 546 vocare
1485 524 1532 544 eos
1552 516 1599 550 qui
1619 515 1675 542 sint
1706 522 1784 549 opem

996 565 1088 598 laturi,
1103 573 1205 600 neque,
1223 564 1296 600 quod
1316 568 1358 592 est
1376 563 1497 591 omnium
1510 561 1705 593 miserrimum,
1718 567 1785 594 qua-

996 611 1031 639 lia
1048 611 1177 646 patiatur.
1216 609 1381 646 protestari?
1401 609 1448 636 Est
1465 608 1556 642 itaque
1584 607 1611 633 in
1633 611 1679 633 tua
1706 610 1785 640 pote-

999 662 1081 689 state.
1097 659 1143 692 qui
1158 657 1216 684 haec
1228 656 1304 688 colis,
1316 655 1381 683 deos
1395 654 1516 690 quotidie
1543 653 1657 688 ﬁngere,
1670 655 1698 679 et
1719 650 1786 677 alios

997 708 1092 728 rursus
1105 700 1248 736 reﬁngere.
1261 707 1324 727 cum
1339 699 1365 726 in
1385 703 1443 726 arte
1456 704 1585 725 manuum
1614 702 1701 731 ponas
1721 693 1787 722 deo-

998 755 1058 774 rum
1075 747 1295 775 fabricationem.

1035 803 1068 831 ν.
1086 803 1275 834 Maximianus,
1290 809 1351 829 cum
1370 802 1412 828 his
1423 801 1447 828 ei
1470 799 1646 828 etl‘erbuisset
1663 796 1784 827 animus,

998 850 1083 878 tradit
1110 855 1255 885 martyrem
1280 848 1408 884 gravibus
1429 851 1456 875 et
1480 846 1585 874 acerbis
1609 843 1784 872 cruciatibus.

999 896 1032 923 Et
1047 897 1167 931 primum
1184 895 1292 930 quidem
1306 894 1403 922 ferreis
1429 900 1492 920 eum
1525 892 1610 918 laniat
1639 889 1785 924 unguibus.

997 941 1130 975 Quoniam
1143 947 1233 969 autem
1262 940 1363 972 Sozon,
1397 939 1448 966 etsi
1475 942 1639 965 tormentum
1676 934 1786 970 quidem

997 989 1030 1015 ad
1050 989 1107 1023 ipsa
1127 995 1213 1022 usque
1241 994 1302 1014 ossa
1326 985 1499 1021 pervadebat,
1528 983 1573 1010 Dei
1593 987 1680 1009 tamen
1709 980 1786 1007 invo-

997 1042 1063 1062 cans
1087 1033 1230 1066 auxilitum,
1258 1032 1295 1060 ita
1323 1031 1426 1059 ferebat
1464 1029 1571 1061 leviter,
1594 1032 1623 1054 ut
1649 1026 1787 1053 videretur

998 1080 1098 1107 habere
1117 1086 1216 1112 corpus
1232 1085 1265 1104 ex
1281 1077 1356 1104 [erro
1384 1075 1586 1110 compositum;
1617 1071 1788 1100 convertitur

998 1133 1094 1153 rursus
1114 1124 1147 1151 ad
1163 1125 1214 1151 alia
1235 1123 1427 1153 Maximianus,
1443 1125 1471 1148 et
1484 1120 1582 1148 calceis
1593 1119 1681 1146 scutis
1701 1116 1787 1144 clavis

998 1170 1114 1198 conﬁxis
1128 1169 1216 1197 induit
1229 1169 1370 1200 athletam,
1386 1173 1412 1195 et
1447 1174 1509 1195 cum
1529 1165 1594 1200 ipsis
1624 1171 1686 1191 eum
1716 1163 1788 1198 cogit

999 1216 1148 1244 ambulare.
1175 1214 1223 1242 llle
1249 1218 1341 1241 autem
1369 1213 1508 1244 currebat,
1537 1215 1663 1245 tanquam
1707 1215 1789 1242 super

999 1270 1075 1290 rosas
1095 1261 1240 1293 incedens;
1259 1265 1285 1287 et
1306 1259 1402 1286 videns
1420 1258 1493 1285 rivos
1506 1255 1649 1291 sanguinis
1675 1254 1788 1281 descen-

999 1309 1096 1336 dentes
1110 1315 1143 1334 ει
1161 1306 1287 1341 pedibus,
1304 1305 1447 1332 videbatur
1464 1303 1594 1330 suavibus
1627 1300 1707 1327 rebus
1735 1299 1789 1325 cir-

999 1353 1169 1385 cumﬂuere;
1185 1351 1346 1387 tyrannique
1367 1355 1394 1378 et
1407 1357 1500 1376 eorum
1512 1346 1787 1382 quicircumstahant,

1001 1399 1144 1427 irrisiones
1168 1397 1286 1425 ducebat
1309 1403 1370 1423 esse
1401 1394 1607 1425 laudationem;
1641 1397 1668 1420 et
1695 1399 1726 1418 ea
1759 1398 1789 1417 re

1000 1445 1086 1480 magis
1101 1443 1266 1479 gloriabatur
1276 1442 1388 1474 athleta,
1403 1448 1482 1475 quam
1498 1440 1542 1467 ille
1550 1439 1690 1474 chlamyde
1702 1437 1789 1472 digni-

1002 1489 1075 1516 tatis.
1105 1488 1209 1516 Deinde
1232 1495 1294 1515 eum
1310 1486 1428 1513 illudens
1454 1484 1632 1512 Maximianus
1661 1491 1668 1509 :
1699 1481 1787 1514 Tihia,

1002 1535 1100 1570 inquit,
1117 1541 1195 1565 cane,
1212 1534 1313 1565 Solon.
1338 1539 1399 1560 cras
1425 1538 1521 1566 magna
1537 1528 1702 1564 procedente
1726 1527 1787 1558 dea.

165 1575 212 1601 καὶ
225 1575 311 1610 αὐτὴν
323 1575 431 1609 ἐκείνην
451 1576 563 1612 ὄμνυμι,
594 1577 683 1613 πάσης
707 1578 822 1613 εὐθύνης
846 1579 946 1606 αὐτίκα

1004 1584 1032 1607 et
1043 1588 1092 1615 per
1110 1579 1181 1606 illam
1196 1579 1284 1613 ipsam
1298 1578 1372 1613 juro.
1391 1575 1463 1611 quod
1488 1575 1522 1603 ab
1550 1573 1624 1602 omni
1650 1572 1789 1599 examina-

165 1621 213 1648 καὶ
236 1622 375 1656 τιμωρίας
393 1622 557 1659 ἁπολαλύσῃ,
578 1623 633 1650 Καὶ
659 1625 674 1650 ὀ
691 1624 812 1659 μάρτυς·
836 1625 872 1651 Σὺ
899 1624 948 1660 μὲν

165 1667 338 1701 καταγελῶν,
369 1668 432 1702 ἔφη,
458 1670 506 1695 καὶ
522 1669 673 1701 διαπαίζων
689 1670 762 1705 ἡμᾶς
779 1670 814 1696 τὰ
836 1670 950 1697 τοιαῦτα

164 1712 285 1747 φθέγγῃ,
312 1712 358 1739 τοῦ
391 1713 574 1747 συμπνέοντός
605 1722 646 1741 σοι
679 1714 799 1749 πονηροῦ
825 1715 952 1750 δαίμονος

164 1759 251 1786 ταῦτα
268 1759 331 1786 καθ’
345 1759 425 1795 ήμῶν
441 1759 671 1795 ὕποὸεὸληκότος.
696 1760 766 1795 Ἐγὼ
778 1761 807 1788 δὲ
823 1763 869 1788 καὶ
883 1762 951 1796 πρό-

164 1813 244 1839 τερον
260 1804 310 1839 μὲν
324 1805 355 1831 τὸ
374 1805 455 1831 καλὸν
468 1804 574 1840 ηὗλησα
594 1806 634 1837 είς
650 1806 746 1841 ἀγρὸν,
765 1807 889 1840 συνάγων
905 1807 952 1833 καὶ

165 1851 311 1877 ἀνακαλῶν
327 1851 361 1878 τὶ
382 1851 436 1886 ἐμὰ
459 1850 600 1887 πρόϐατα·
617 1853 664 1879 καὶ
675 1851 722 1878 νῦν
734 1852 763 1879 δὲ
775 1852 829 1888 ᾄδω
843 1852 880 1886 τῷ
896 1853 950 1879 Κυ-

168 1894 219 1929 ρίῳ
247 1903 299 1929 μου
325 1892 405 1931 ᾆσμα
427 1895 531 1926 καινὸν,
561 1895 805 1930 εὐαγγελιζόμενος
836 1897 903 1923 πᾶσι
921 1897 951 1924 τὸ

165 1941 261 1967 τούτου
278 1942 424 1976 σωτήριον.
446 1941 477 1968 ΊΙ
486 1941 514 1968 δὲ
523 1941 555 1976 σὴ
569 1941 628 1972 θεὸς
645 1941 705 1972 ὄνος
718 1941 751 1967 ἂν
769 1942 810 1976 εἴη
828 1943 948 1976 πάντως,

165 1987 198 2013 τὸ
209 1986 254 2013 τοῦ
269 1987 362 2020 λόγος),
378 1987 444 2022 πρὸς
455 1987 501 2013 τὸν
517 1986 606 2019 αὐλὸν,
621 1986 724 2021 ἄψυχός
734 1995 763 2012 τε
772 1985 840 2014 οὖσα
854 1996 953 2014 παντε-

166 2033 220 2066 λῶς
236 2036 283 2061 καὶ
302 2033 475 2068 ἀναίσθητος.

203 2082 248 2114 ς’.
265 2081 338 2115 Πρὸς
364 2081 450 2107 ταῦτα
475 2081 558 2108 πλέον
583 2082 598 2109 ὁ
616 2081 786 2117 Μαξιμιανὸς
809 2080 850 2116 τῷ
874 2081 953 2117 θυμῷ

167 2127 227 2154 κατ’
249 2127 332 2154 αὑτοῦ
348 2127 529 2161 διανίσταται,
549 2128 596 2154 καὶ
613 2128 795 2163 σφοδροτέρας
810 2127 885 2162 αὑτῷ
899 2128 952 2163 μά-

167 2182 263 2208 στιγας
283 2174 338 2200 τῶν
353 2174 494 2209 προτέρων
506 2174 615 2208 ἐπάγει,
633 2174 666 2201 ἶν’
680 2174 762 2205 οὕτω,
778 2175 871 2209 φησὶν.
888 2175 953 2201 ἁνα-

169 2218 304 2253 μοχλευοῇ
324 2218 373 2252 μὲν
391 2218 464 2253 αὐτῷ
475 2218 509 2245 τὰ
530 2218 631 2253 ἄρθρα,
648 2218 790 2254 παρεθῶσι
812 2219 840 2245 δὲ
857 2220 902 2245 καὶ
924 2219 951 2246 αἱ

166 2264 308 2299 ἁρμονίαι,
323 2265 369 2291 καὶ
388 2265 505 2300 διαρρυῇ
526 2264 560 2291 τὰ
576 2264 680 2298 ἔγκατα
696 2265 761 2291 ὡσεὶ
784 2265 867 2300 ὕδωρ.
884 2264 950 2292 Εἶτα
966 2255 989 2282 D

167 2310 214 2336 καὶ
229 2310 286 2345 πῦρ
305 2310 421 2344 ἀνάψας,
442 2311 505 2337 εἴτι
521 2311 575 2337 τῶν
593 2310 681 2346 μελῶν
695 2310 883 2345 ὑπολειφθείη,
905 2320 954 2337 κα-

167 2356 317 2383 τακαύσειν
339 2357 386 2383 καὶ
407 2356 489 2383 τοῦτο
501 2357 621 2392 ¹ιγιτείλει,
642 2357 679 2388 ὡς
695 2357 728 2383 ἂν
744 2357 810 2392 μηδὲ
827 2357 876 2391 τῆς
894 2365 953 2383 κοι-

168 2404 215 2437 νῆς
237 2403 367 2429 ἁπάντων
385 2403 461 2437 τύχοι
486 2403 585 2438 ταφῆς.
614 2402 786 2436 Μαξιμιανὸς
814 2400 861 2429 οὖν
882 2402 954 2429 οὕτω

168 2449 405 2484 παρεσκεύασατο,
417 2449 464 2475 καὶ
487 2449 574 2480 οὕτως
593 2449 694 2475 ἐποίει*
716 2449 762 2475 καὶ
777 2448 815 2483 τῷ
833 2449 952 2484 μάρτυρι

170 2495 216 2530 μὲν
233 2496 260 2522 αἱ
278 2495 380 2530 σάρκες
395 2496 454 2526 ταῖς
468 2495 586 2529 πληγαῖς
603 2495 786 2525 διεκόπη-ιντο,
804 2497 851 2521 καὶ
872 2495 888 2530 ἡ
910 2494 953 2520 ἔν-

167 2541 211 2568 δον
224 2541 376 2576 ὲγυμνοῦτο
400 2540 555 2572 διάπλασις.
581 2541 610 2566 '0
631 2540 659 2566 δὲ
674 2540 769 2575 ὥσπερ
793 2542 822 2567 ἐν
838 2541 953 2575 λειμῶνι

169 2587 272 2622 χλοερῷ
303 2586 466 2621 διατρέΰων,
491 2588 538 2613 καὶ
567 2587 659 2621 ἡρέμα
684 2587 853 2621 δρεπόμενος
870 2587 949 2622 ἄνθη,

171 2632 240 2660 οὕτω
255 2632 382 2665 διέκειτο,
399 2633 446 2660 καὶ
465 2632 568 2669 χαίρων
588 2632 733 2659 ἀποδίδωσι
748 2632 797 2668 τὴν
812 2632 900 2668 ψυχὴν
915 2633 954 2668 τῷ

169 2678 239 2713 θεῷ.

205 2725 244 2751 Z’.
264 2724 309 2750 Ὠς
322 2723 350 2750 δὲ
361 2723 409 2750 καὶ
426 2725 442 2758 ἡ
455 2723 522 2758 φλὸξ
535 2723 582 2749 ἐπὶ
595 2723 666 2758 μέγα
681 2723 763 2758 ἤρετο
774 2723 836 2758 ἤδη,
853 2723 952 2760 βροντὴ

170 2769 273 2796 ἄνωθεν
296 2769 434 2804 φρικῶδες
455 2778 483 2796 τι
504 2770 551 2796 καὶ
567 2769 681 2804 φοϐερὸν
704 2769 881 2804 ἀπηχὴσασα,
907 2771 953 2798 καὶ

172 2815 257 2841 πολὺν
272 2815 375 2850 δμὸρον
399 2816 447 2842 καὶ
470 2815 593 2850 χάλαζαν
614 2815 881 2849 συγκατενεγκοῦσα,
899 2817 952 2843 διε-

173 2861 288 2887 σκέδασε
304 2861 351 2894 μὲν
365 2861 430 2892 τοὺς
445 2861 558 2896 δημίους
578 2863 625 2888 καὶ
643 2861 675 2887 ἐκ
694 2861 776 2896 μέσου
792 2861 951 2897 πεποίηκεν.

173 2905 205 2934 Οῑ
221 2906 250 2933 δὲ
265 2907 464 2941 φιλομάρτυρες
491 2907 537 2933 καὶ
555 2907 673 2941 μάλιστα
694 2906 796 2934 τούτων
819 2907 844 2934 οῑ
863 2916 944 2935 σπου-

1003 1627 1076 1653 tione
1094 1629 1123 1652 et
1135 1624 1256 1652 cruciatu
1271 1623 1361 1650 statim
1378 1620 1546 1648 liberaberis.
1562 1618 1662 1653 Martyr
1676 1621 1766 1643 autem
1781 1623 1788 1642 :

1002 1672 1043 1699 Tu
1058 1678 1112 1704 me,
1127 1669 1226 1704 inquit,
1244 1668 1362 1696 irridens
1382 1667 1443 1694 haec
1467 1665 1597 1700 loqueris.
1613 1671 1646 1691 ea
1669 1662 1790 1696 maligno

1002 1717 1125 1745 daemone
1149 1716 1177 1743 in
1206 1722 1257 1742 nos
1284 1713 1332 1741 tibi
1361 1715 1534 1748 suggerente.
1564 1709 1621 1745 Ego
1648 1712 1738 1735 autem
1761 1711 1790 1734 et

1003 1763 1078 1798 prius
1093 1761 1201 1797 quidem
1216 1760 1282 1788 tibia
1302 1760 1330 1787 in
1346 1766 1411 1793 agro
1435 1762 1509 1784 recte
1539 1755 1639 1786 cecini,
1669 1760 1786 1788 congre‘

1002 1815 1068 1844 gans
1083 1812 1111 1834 et
1125 1813 1257 1834 revocans
1275 1812 1349 1831 meas
1364 1810 1440 1835 ονοβ.
1457 1805 1485 1829 et
1499 1808 1572 1828 nunc
1587 1806 1695 1834 quoque
1720 1803 1789 1824 cano

1003 1852 1117 1880 Domino
1135 1859 1196 1878 meo
1212 1850 1349 1878 canticum
1367 1855 1480 1879 novum,
1496 1846 1556 1881 ejus
1566 1845 1684 1872 salutare
1701 1841 1790 1869 omni-

1002 1899 1053 1926 bus
1068 1897 1246 1925 annuntians.
1262 1895 1320 1922 Tua
1337 1899 1426 1921 autem
1448 1893 1499 1920 dea
1510 1892 1591 1919 fuerit
1612 1891 1734 1922 omnino,
1760 1892 1790 1916 ut

1003 1949 1045 1972 est
1063 1945 1090 1971 in
1110 1943 1264 1979 proverbio,
1283 1942 1376 1969 asinus
1387 1941 1420 1968 ad
1434 1940 1539 1971 tibiam,
1556 1943 1652 1972 utquze
1660 1937 1695 1964 sit
1710 1935 1788 1971 plane

1004 1990 1135 2023 inanima,
1153 1993 1181 2017 et
1196 1988 1271 2015 nullo
1288 1994 1373 2015 sensu
1387 1985 1512 2021 praedita.

1040 2091 1084 2119 Vl.
1097 2090 1143 2118 His
1162 2088 1341 2117 Maximianus
1360 2086 1447 2121 magis
1470 2084 1498 2111 in
1511 2089 1573 2111 eum
1600 2081 1732 2113 irritatur,
1761 2083 1790 2107 et

1004 2137 1140 2172 prioribus
1148 2132 1366 2163 vehementiores
1377 2131 1402 2158 ei
1416 2130 1509 2165 plagas
1521 2126 1641 2162 imponit
1656 2135 1665 2153 :
1695 2129 1725 2152 ιιι
1750 2124 1791 2152 sic

1005 2171 1114 2216 quidem
1127 2181 1151 2208 ei
1165 2182 1338 2207 moverentur
1361 2175 1480 2206 articuli,
1517 2178 1543 2200 et
1569 2171 1790 2199 dissolverentur

1005 2235 1159 2262 compages,
1176 2230 1203 2253 et
1230 2224 1358 2253 intestina
1378 2227 1508 2256 tauquam
1522 2227 1593 2254 aqua
1623 2216 1788 2244 diﬁluerent.

1005 2261 1113 2302 Deinde,
1123 2281 1184 2300 cum
1193 2273 1281 2307 ignem
1296 2271 1378 2297 etiam
1396 2267 1576 2296 accendisset,
1597 2265 1620 2292 si
1631 2262 1703 2298 quod
1723 2261 1789 2288 reli-

1004 2326 1087 2354 quum
1102 2321 1174 2345 esset
1203 2315 1366 2345 membrum,
1396 2313 1424 2340 id
1449 2317 1557 2346 quoque
1575 2317 1605 2336 se
1634 2307 1790 2334 minabatur

1004 2364 1223 2392 combusturum,
1239 2364 1269 2387 ut
1287 2367 1322 2386 ne
1341 2358 1451 2393 quidem
1472 2355 1596 2383 omnium
1613 2358 1789 2381 communem

1003 2412 1194 2443 assequeretur
1212 2405 1390 2439 sepulturam.
1409 2402 1455 2429 Sic
1469 2408 1533 2436 ergo
1550 2408 1579 2427 se
1597 2399 1712 2434 parabat
1733 2397 1790 2424 Ma-

1004 2455 1149 2483 ximianus.
1165 2457 1193 2479 et
1207 2452 1246 2478 sic
1255 2450 1372 2478 faciebat
1389 2458 1396 2476 :
1411 2453 1438 2475 et
1449 2447 1559 2482 martyri
1570 2446 1680 2480 quidem
1694 2450 1789 2471 carnes

1004 2501 1088 2537 plagis
1099 2499 1282 2528 laniabantur,
1294 2500 1322 2523 et
1336 2495 1441 2522 interna
1457 2493 1650 2528 aperiebantur
1667 2490 1786 2522 viscera;

1005 2547 1050 2573 ille
1074 2549 1166 2572 autem
1192 2547 1319 2577 tanquam
1339 2540 1365 2567 in
1379 2539 1492 2567 herbido
1507 2543 1585 2573 prato
1606 2543 1729 2568 versans,
1763 2537 1790 2561 et

1004 2597 1104 2618 vernos
1117 2588 1197 2616 ﬂores
1212 2587 1372 2621 decerpens,
1387 2590 1445 2613 erat
1455 2584 1580 2615 allectus,
1597 2587 1626 2610 et
1642 2582 1721 2609 laztus
1733 2579 1790 2606 Deo

1004 2635 1094 2664 reddit
1107 2634 1238 2662 animam.

1040 2723 1096 2753 VII.
1110 2723 1178 2753 Cum
1192 2728 1283 2751 autem
1295 2720 1350 2756 jam
1365 2720 1471 2748 ﬂamma
1489 2719 1515 2746 in
1531 2718 1613 2745 altum
1631 2719 1705 2743 esset
1725 2713 1790 2742 sub-

1004 2772 1070 2802 lata.
1085 2770 1207 2798 terribile
1232 2767 1436 2796 ethorrendum
1448 2765 1549 2792 tonitru
1562 2769 1706 2792 resonans,
1719 2761 1790 2787 mul-

1005 2821 1118 2852 tumque
1141 2816 1256 2843 imbrem
1282 2818 1310 2841 et
1346 2812 1505 2848 grandinem
1534 2810 1615 2836 simul
1646 2806 1788 2841 dejiciens,

1007 2863 1118 2890 lictores
1134 2862 1243 2897 quidem
1261 2859 1366 2895 depulit
1381 2863 1409 2886 et
1426 2856 1572 2893 dispersit;
1592 2854 1671 2882 amici
1698 2857 1788 2880 autem

1006 2914 1165 2940 martyrum,
1179 2913 1205 2935 et
1220 2907 1337 2934 maxime
1369 2905 1386 2932 ii
1414 2904 1458 2940 qui
1487 2905 1566 2931 erant
1594 2899 1787 2938 diligentiores,
