2034 3152
249 155 302 185 643

862 144 1006 175 MENSIS
1025 144 1265 175 SEPTEMBER.

1826 136 1883 172 ιιι

247 217 322 237 careo
343 206 506 243 prmlucens,
530 209 557 232 et
581 202 665 231 surdo
681 201 804 229 canens?
819 201 847 227 Si
874 201 948 227 enim
976 207 1031 234 non

1100 202 1113 228 ιε
1133 202 1187 236 γάρ
1203 201 1302 232 οὕτως,
1313 195 1334 225 ὦ
1346 198 1471 229 δικαστά,
1484 197 1521 233 μὴ
1545 196 1676 228 διάκεισαι
1695 194 1817 227 συνεῖδες
1845 195 1882 222 ἂν

248 256 289 283 sic
305 254 418 281 allectus
427 258 512 283 esses,
528 258 544 278 ο
557 249 651 285 judex,
667 246 852 275 intellexisses
865 245 964 273 Clll'iSll
974 253 1034 280 gra-

249 301 316 328 tiam
333 303 362 327 et
380 298 522 328 virtutem,
538 303 598 330 quae
615 302 658 322 me
679 293 832 320 conﬁrmat.
863 291 932 318 Num
962 290 1034 317 enim

249 351 330 382 putus
345 345 403 372 sine
420 351 451 371 ea
467 348 521 370 tam
539 341 619 370 facile
634 340 761 366 allectum
774 338 807 365 iri
822 345 885 372 erga
901 341 1036 364 tormenta

249 399 359 420 carnem
375 395 402 417 et
414 386 598 424 sanguinem?
614 384 643 411 Si
657 391 720 418 ergo
733 383 774 410 sic
786 382 882 414 sentis,
897 382 919 408 si
932 389 963 408 ea
977 388 1037 415 quae

249 443 314 465 sunt
338 444 395 471 pne
423 435 549 470 pedibus,
576 440 631 459 non
657 435 735 465 potes
760 429 872 459 intueri,
899 427 1037 463 quomodo

252 492 308 512 non
334 487 400 510 sunt
425 480 516 508 omnia
541 483 587 505 tua
613 477 705 508 surda,
723 478 751 502 et
774 482 856 508 caeca,
874 478 902 501 et
915 473 966 501 diis
983 473 1037 500 tuis

251 529 371 557 similia?

285 575 329 602 ιν.
349 574 406 601 Dux
430 579 520 600 autem
541 571 618 599 valde
634 569 737 601 ridens,
758 568 809 596 etsi
829 570 933 602 martyr
967 573 1038 593 non-

251 623 315 650 dum
332 624 467 648 cessasset
481 619 573 646 dicere
588 626 595 644 ε
608 616 724 643 Tantum
742 615 829 647 abest,
847 613 947 648 inquit,
966 616 994 638 ut
1012 616 1038 638 te

251 673 323 696 recte
344 666 447 694 sentire
461 664 626 694 existimem,
640 665 668 689 et
689 661 798 688 credam
824 660 857 687 iis
881 666 943 694 quae
968 665 983 685 a
1011 663 1038 684 te

251 715 390 745 dicuntur,
417 716 446 739 ut
472 710 571 738 futuris
590 707 734 736 tormentis
751 707 801 733 sim
827 705 983 735 eﬂccturus,
1009 709 1038 729 ut

252 759 399 788 modestior
416 757 537 785 reddaris
554 760 580 782 et
595 754 757 789 sapientior.
771 752 875 779 Rursus
889 756 980 778 autem
996 749 1040 776 ὁὶ-

252 807 289 834 cit
311 810 410 840 martyr
427 814 434 831 :
450 803 511 830 Haec
531 802 613 829 verba
635 805 661 827 te
684 807 790 834 magna:
811 802 929 832 arguunt
946 803 1041 824 amen-

253 854 316 885 tiae;
336 852 383 879 sed
401 850 530 885 quoniam
550 847 666 875 conﬁdis
683 846 710 872 in
733 845 885 876 tormentis,
902 848 930 870 et
951 842 1041 870 eri-dis

1088 249 1137 284 τὴν
1152 247 1329 283 ἐνισχύουσάν
1345 254 1379 281 με
1394 245 1440 271 τοῦ
1459 243 1579 280 Χριστοῦ
1595 244 1676 278 χάριν
1690 243 1738 269 καὶ
1753 241 1881 276 δύναμιν.

1090 291 1161 328 Ἀρα
1175 293 1230 328 γάρ
1245 292 1294 319 οῐει
1307 291 1409 325 ταύτης
1424 290 1508 325 χωρὶς
1528 289 1593 325 ῥᾷον
1610 287 1683 314 οὕτω
1706 287 1775 322 πρὸς
1793 286 1882 322 βασά‹

1089 347 1151 369 νους
1164 336 1234 372 αἷμα
1250 337 1298 364 καὶ
1317 336 1406 371 σάρκα
1419 334 1577 369 διατεθῆναι
1590 343 1597 367 ;
1613 334 1644 360 El
1661 332 1733 359 οὕτω
1756 332 1880 368 φρονεῖς.

1090 385 1114 410 ει
1128 385 1162 410 τὶ
1186 384 1215 410 ἐν
1234 383 1298 410 ποσὶ
1326 382 1413 408 ταῦτα
1441 381 1551 415 βλέπειν
1578 380 1732 410 ἁδυνατείς,
1746 378 1803 409 πῶς
1817 377 1883 412 οὐχὶ

1091 429 1180 456 πάντα
1198 437 1244 455 σου
1260 428 1340 462 κωψά
1352 426 1399 453 καὶ
1410 425 1499 460 τυφλὰ
1514 424 1562 458 καὶ
1582 426 1638 456 τοῖς
1654 425 1726 455 Θεοῖς
1740 425 1798 455 τοῖς
1822 424 1882 453 σοῖς

1091 475 1190 509 ὅμοιας

1127 566 1164 591 Δ’.
1181 564 1211 591 '0
1229 563 1258 590 δὲ
1276 563 1348 599 μάλα
1376 562 1495 596 γελάσας
1507 560 1521 586 6
1534 559 1607 592 δοὺξ,
1623 559 1708 594 μήπω
1725 557 1770 584 τοῦ
1788 557 1883 590 λέγειν

1094 610 1271 645 παυσαμένου
1288 609 1335 636 τοῦ
1352 609 1490 643 μάρτυρος
1501 627 1508 640 ,
1520 605 1664 638 Τοσοῦτον,
1680 604 1774 639 φησὶν)
1782 603 1884 637 ἀπέχω

1092 657 1139 683 τοῦ
1160 656 1250 687 καλῶς
1273 664 1302 682 σε
1330 655 1440 690 φρονεῖν
1471 652 1587 683 οἴεσθαι,
1602 651 1648 678 καὶ
1663 652 1719 681 τοῖς
1738 649 1812 684 παρὰ
1831 647 1882 674 σοῦ

1093 702 1250 736 λεγομένοις
1274 701 1431 735 πεισθῆναι,
1445 699 1486 726 ὅτι
1503 698 1552 725 καὶ
1573 697 1603 724 σὲ
1625 696 1727 731 μᾶλλον
1745 693 1883 729 ἀγωνιοῦ-

1095 758 1145 785 μαι
1165 750 1226 780 ταῖς
1245 747 1404 783 μελλούσαις
1426 745 1554 780 βασάνοις
1574 743 1737 778 μεταϐαλεῖν
1761 742 1830 776 προς
1850 740 1885 766 τδ

1094 792 1415 830 οωφρονέστερον.Καὶό
1433 793 1539 826 μάρτυς
1565 788 1644 821 αὖθις
1670 795 1757 824 φησι·
1778 786 1886 821 Πολλὴν

1095 843 1187 870 ᾶνοιάν
1202 850 1248 868 σου
1263 839 1414 875 κατηγορεῖ
1425 839 1460 864 τα
1477 838 1587 873 ῥήματα
1603 836 1704 862 ταῦτα·
1720 834 1791 869 πλὴν
1820 832 1886 859 επεὶ

256 875 316 885 ....,
336 875 383 879 _-_
403 875 464 885 γη

256 899 314 926 ﬁeri
338 904 419 932 posse
435 900 463 922 ut
479 895 521 921 his
537 901 580 921 me
597 891 774 928 persuadeas,
790 898 839 925 ego
855 889 963 924 quidem
981 895 1040 915 sum

1100 888 1222 918 Ξασάνοις
1237 886 1267 912 τδ
1283 885 1396 920 θαρρεῖν
1418 881 1558 917 ἕχεις,καὶ
1583 880 1695 910 ταύταις
1710 878 1759 904 οἴει
1779 886 1812 910 με
1836 884 1887 910 μεο

255 951 342 979 prope
358 952 364 969 :
380 949 479 969 manus
499 947 590 967 autem
617 939 744 965 lii-torum
771 944 826 963 non
851 939 916 963 sunt
935 934 1040 969 procul.

255 990 354 1018 Libere
370 996 433 1023 ergo
451 987 546 1021 loquar
565 986 591 1012 in
608 984 773 1011 necessitate
789 982 905 1016 spiritus
921 980 985 1013 mei,
1004 985 1041 1013 et,

256 1041 285 1064 ut
300 1036 338 1062 ait
352 1034 462 1062 divinus
478 1032 529 1060 Job
545 1032 565 1063 ³,
581 1031 702 1065 aperiam
716 1038 747 1056 os
763 1036 866 1060 meum,
881 1027 952 1062 quod
966 1035 1043 1054 ama-

257 1079 378 1108 ritudine
403 1077 502 1104 anima:
522 1079 678 1102 coarctatur
694 1083 700 1101 :
716 1078 744 1101 et
758 1073 863 1101 videbis
888 1079 931 1099 me
948 1071 1043 1106 quavis

256 1131 344 1153 statua
367 1122 534 1153 solidiorem.
561 1125 589 1148 et
617 1119 720 1154 patibili
747 1122 844 1145 natura
862 1117 1043 1151 superiorem.

256 1171 332 1206 Apud
345 1169 429 1196 Deum
443 1168 517 1195 enim
532 1173 623 1194 meum
639 1171 681 1192 est
693 1165 781 1192 virtus
796 1169 823 1191 et
838 1162 957 1198 potentia
973 1169 1044 1195 mea,

257 1222 285 1244 et
304 1217 330 1243 in
353 1217 412 1251 ipso
437 1219 479 1242 est
502 1221 565 1248 spes
582 1219 642 1239 mea
667 1216 695 1238 et
723 1210 865 1237 auxilium.
890 1209 958 1236 Cum
988 1209 1045 1235 hac

259 1263 342 1291 verba
362 1261 514 1296 accepisset
549 1259 663 1294 Lysias:
679 1257 725 1289 Es,
751 1257 849 1292 inquit,
869 1256 956 1282 audax
977 1262 1044 1282 cnn-

259 1309 396 1340 cionator,
416 1311 441 1333 et
459 1306 487 1333 in
511 1312 561 1332 nos
586 1304 673 1331 ﬂuens
698 1310 796 1338 magna
823 1301 928 1328 dicendi
957 1301 1044 1335 copia,

259 1358 287 1381 et
324 1353 458 1379 adversus
493 1351 559 1377 deos
585 1348 704 1384 glorians
726 1353 752 1375 te
778 1347 893 1382 jactitas.
925 1345 1046 1372 Tuamne

261 1404 380 1427 mentem
401 1397 480 1432 fugit,
502 1401 527 1424 te
550 1395 648 1429 alloqui
673 1393 827 1428 praesidem.
851 1392 897 1427 qui
915 1396 967 1418 tute
984 1391 1046 1418 vitae

261 1446 344 1473 habet
362 1447 537 1479 potestatem,
552 1449 614 1469 eum
631 1441 668 1468 sis
686 1447 756 1467 unus
769 1447 801 1466 ex
816 1438 920 1470 multis,
936 1441 964 1465 et
977 1437 1048 1464 rela-

262 1497 307 1519 tus
334 1491 372 1518 sis
398 1490 426 1517 in
454 1495 601 1516 numerum
630 1487 769 1514 militum?
798 1485 844 1512 llle
871 1491 959 1511 vero:
989 1483 1049 1510 Non

261 1538 368 1573 ignoro,
394 1534 492 1569 inquit,
517 1533 565 1561 scd
588 1533 616 1559 in
640 1532 781 1559 Christum
810 1530 896 1565 pictas
919 1529 964 1556 dat
980 1528 1047 1556 mihi

263 1587 365 1609 tantam
390 1579 542 1609 audaciam.
569 1582 598 1605 et
621 1577 749 1612 loquendi
770 1576 934 1602 libertatem.
959 1576 1049 1610 Angor

262 1633 353 1655 autem
369 1627 471 1657 animo,
487 1623 557 1659 quod
575 1631 630 1650 non
649 1623 684 1650 sit
697 1622 794 1656 aliquis
815 1622 874 1649 sine
894 1621 1048 1654 aﬂcctione,

266 1673 348 1701 simul
382 1677 409 1699 et
437 1671 575 1705 sapienter
607 1669 789 1704 iudicaturus.
818 1667 899 1694 Forte
926 1668 1009 1699 enini,
1033 1675 1050 1694 o

265 1717 354 1753 Lysia.
387 1716 432 1743 Dei
447 1716 570 1742 omnium
587 1713 725 1741 etl'ectoris
739 1713 895 1748 agnovisses
908 1714 1049 1744 virtutem,

265 1768 294 1791 et
320 1763 385 1790 deos
420 1761 503 1788 lalsos
531 1760 755 1794 contempsisses.
780 1758 833 1786 Sed
858 1767 906 1785 cur
930 1758 1050 1786 studium

268 1814 398 1837 nostrum
422 1807 499 1835 nihili
523 1806 631 1833 fecisti?
646 1806 676 1832 In
689 1812 806 1840 quonam
827 1809 917 1832 autem
932 1806 990 1839 ipse
1005 1804 1051 1831 tibi

265 1856 367 1892 places,
383 1859 411 1882 et
430 1853 559 1888 praeclare
575 1853 609 1880 de
624 1857 651 1879 te
671 1851 776 1879 sentis?
793 1851 827 1878 Es
843 1851 916 1878 enim
940 1857 1050 1886 praeses,

266 1906 294 1929 et
318 1909 351 1928 ex
366 1899 539 1929 sublimibus.
558 1905 612 1925 non
633 1898 659 1925 id
683 1897 858 1932 negaverim;
877 1895 945 1922 nihil
961 1900 1052 1922 tamen

267 1956 282 1975 a
300 1952 393 1974 nostra
411 1946 504 1973 diﬂers
525 1944 665 1972 communi
682 1948 790 1972 natura.
813 1942 879 1969 Nam
897 1946 925 1968 tu
942 1948 1053 1976 quoque

267 2001 298 2021 es
313 1994 405 2024 homo,
422 1992 449 2018 in
470 1998 550 2026 quem
576 1997 649 2017 mors
665 1989 738 2016 cadit
759 1992 787 2016 et
804 1987 941 2014 interitus.
958 1987 987 2014 In
1003 1995 1054 2014 nos

269 2044 362 2066 autem
403 2037 554 2064 absolutam
592 2043 647 2062 non
666 2035 750 2061 babes
765 2038 939 2068 polrSlalem,
956 2038 1055 2067 praeter

270 2093 350 2119 quam
374 2084 401 2109 in
428 2083 515 2109 solum
540 2089 650 2115 corpus.
681 2080 741 2115 lpsa
766 2084 858 2106 autem
884 2086 928 2106 me
955 2079 1055 2105 docent

271 2130 363 2157 divina
382 2129 493 2162 Eloquia
508 2128 529 2159 ⁸,
545 2135 600 2154 non
617 2127 713 2154 timere
727 2134 786 2158 eos,
801 2126 849 2161 qui
865 2133 965 2160 corpus
981 2125 1055 2152 occi-

272 2177 351 2205 dunt,
375 2176 493 2200 animam
519 2176 610 2199 autem
628 2178 682 2197 non
707 2175 822 2205 possunt
846 2169 980 2200 occidere,
1006 2169 1056 2196 sed

1092 920 1247 962 ταπείσειν,
1263 930 1344 964 ἔγγὺς
1367 929 1416 963 μὲν
1437 926 1494 961 ἐγὼ
1505 946 1512 959 ,
1528 927 1557 952 αἱ
1571 925 1600 951 δὲ
1614 924 1718 958 δημίων
1739 923 1830 957 χεῖρες
1851 920 1885 946 οὺ

1094 977 1248 1014 πόρρωθεν.
1261 974 1492 1011 Παρρησιὰσομαι
1505 971 1569 1006 γοῦν
1585 973 1614 997 ὲν
1626 970 1733 1005 ἀνάγκῃ
1741 968 1788 994 τοῦ
1800 967 1886 994 ﬁve-5.

1095 1025 1179 1061 μαῖός
1194 1031 1256 1059 μου,
1270 1023 1328 1054 καὶ,
1341 1021 1412 1047 κατὰ
1422 1020 1468 1045 τὸν
1483 1017 1554 1051 Ὶὼὸ,
1568 1016 1666 1049 ἁνοίξω
1673 1015 1703 1042 τὸ
1722 1014 1809 1048 στόμα
1831 1021 1886 1048 μου

1095 1059 1193 1106 πικρίᾳ
1208 1071 1295 1105 τύχης
1309 1067 1488 1102 συνεχόμενος
1500 1072 1508 1080 ·
1526 1064 1586 1098 δψει
1600 1072 1632 1098 με
1646 1061 1745 1092 παντὸς
1755 1059 1887 1094 a269th-

1094 1127 1139 1149 τος
1171 1116 1361 1152 στερῤότερον,
1377 1113 1424 1139 καὶ
1447 1111 1572 1146 παθητῆς
1598 1108 1736 1143 ἀνώτερον
1763 1106 1886 1140 φύσεως.

1095 1165 1174 1199 Παρὰ
1194 1165 1248 1199 γὰρ
1267 1163 1306 1197 τῷ
1328 1159 1388 1195 Θεῷ
1410 1168 1459 1195 μου
1474 1159 1491 1194 ἡ
1510 1157 1584 1192 ἰσχὺς
1598 1155 1688 1182 καὶτὸ
1701 1154 1801 1189 κράτος
1820 1160 1886 1199 μου,

1095 1198 1147 1238 και
1158 1211 1223 1245 παρ’
1236 1209 1311 1243 αὐτῷ
1326 1209 1343 1243 ή
1368 1206 1445 1237 ἐλπίς
1467 1213 1518 1240 μου
1540 1204 1588 1230 καὶ
1602 1203 1619 1237 ἡ
1636 1200 1761 1236 βοήθεια.
1782 1198 1888 1245 Τοῦτον

1096 1259 1111 1284 ὁ
1127 1242 1228 1288 Λυσίας
1245 1242 1386 1288 τδνγλόγον
1400 1249 1569 1288 παραλαὸὠν
1583 1256 1590 1264 ·
1609 1248 1718 1283 Θρασὺς
1735 1254 1777 1276 τις
1798 1242 1822 1270 εἶ
1835 1243 1888 1278 δη-

1099 1304 1229 1340 μηγόρος,
1243 1302 1306 1336 ἔφη,
1322 1300 1369 1327 καὶ
1386 1298 1447 1326 καθ’
1462 1296 1542 1332 ἡμῶν
1558 1294 1639 1325 πολὺς
1656 1291 1814 1328 ρἐν,κατὰ
1829 1288 1888 1315 τῶν

1099 1336 1179 1376 θειῐιν-
1191 1347 1405 1383 φρυαττόμενος.
1422 1345 1459 1372 Ἢ
1471 1341 1638 1377 διαπέφευγέ
1649 1348 1696 1366 σου
1708 1339 1753 1365 τὸν
1767 1337 1830 1364 νοῦν
1842 1336 1887 1362 ὅτι

1098 1397 1210 1432 ἄρχοντι
1234 1394 1348 1429 διαλέγῃ
1362 1393 1411 1427 τῆς
1424 1391 1473 1426 σῆς
1489 1389 1613 1424 κεφαλῆς
1635 1383 1887 1417 κατεξουσιάζοντι,

1099 1428 1169 1477 άνῆρ
1194 1440 1248 1468 τῶν
1266 1428 1372 1466 πολλῶν
1389 1437 1438 1470 ὢν,
1462 1437 1511 1463 καὶ¹
1528 1436 1653 1469 τάγμασι
1675 1428 1889 1466 στρατιωτικοῖς

1101 1474 1275 1524 supremo“
1300 1484 1416 1517 Καὶδς,
1443 1483 1500 1510 Οὐκ
1519 1480 1620 1515 ἀγνοῶ,
1635 1478 1699 1513 εφη,
1714 1475 1826 1524 ἀλλὰ-τ’)
1843 1474 1891 1524 εἰς

1061 1539 1084 1570 c
1100 1520 1217 1570 Χριστόν
1239 1531 1349 1562 εὐσεϐὲς
1363 1529 1434 1556 οὕτω
1447 1527 1559 1563 θαρρεῖν
1575 1526 1624 1552 καὶ
1647 1520 1891 1559 παρρησιάζεσθαι

1101 1567 1202 1607 δίδωσι.
1218 1579 1328 1614 Πλήρης
1347 1577 1375 1603 δὲ
1392 1576 1503 1610 γίνομαι
1520 1573 1620 1607 λύπης,
1631 1572 1672 1598 ὃτι
1688 1570 1726 1605 μή
1742 1567 1800 1594 ἐστί
1820 1575 1862 1597 τις
1875 1567 1892 1592 ό

1101 1626 1219 1654 δικάσων
1233 1612 1299 1659 ἠμέν
1321 1622 1434 1653 ἀπαθῶς
1459 1622 1518 1656 ἅμα
1533 1620 1582 1646 καὶ
1599 1616 1736 1647 συνετῶς·
1750 1615 1810 1641 ἐπεὶ
1826 1612 1891 1647 τάχ’

1101 1668 1175 1704 ἂν,ὧ
1191 1670 1291 1702 Λυσία,
1303 1669 1350 1696 καὶ
1365 1665 1539 1702 παντουργοῦ
1554 1663 1622 1691 Θεοῦ
1637 1662 1790 1697 ὲγνώρισας
1805 1659 1893 1686 δύνα-

1103 1726 1161 1753 μιν,
1192 1717 1240 1743 καὶ
1255 1715 1362 1750 ψευδῶν
1385 1714 1456 1741 θεῶν
1484 1711 1705 1747 κατεφρόνησας.
1722 1708 1796 1742 Πλὴν
1809 1708 1849 1738 εἰς
1863 1706 1894 1732 τι

1102 1751 1151 1791 καὶ
1172 1763 1203 1790 τὸ
1219 1762 1390 1797 ἐπιτήδευμα
1409 1758 1513 1795 τούμὸν
1540 1758 1739 1790 ὲξουδένωσας;
1754 1754 1782 1780 ἐν
1795 1753 1849 1779 τίνι
1860 1751 1894 1778 δὲ

1103 1811 1150 1837 καὶ
1175 1809 1255 1840 αὐτὸς
1274 1807 1481 1843 μεγαφρονεῐς;
1509 1805 1620 1840 ’Ᾱρχων
1649 1802 1698 1837 μὲν
1723 1801 1778 1835 γάρ
1796 1797 1831 1832 εῐ,
1844 1798 1895 1824 καὶ

1102 1856 1157 1883 τῶν
1176 1855 1300 1890 ὑψηλῶν,
1324 1854 1374 1879 οὐκ
1391 1854 1567 1889 ἀρνήσομαι·
1586 1848 1661 1875 οὐδὲν
1691 1848 1720 1874 δὲ
1745 1848 1778 1881 τῇ
1810 1845 1894 1879 κοινῇ

1104 1904 1185 1938 φύσει
1199 1901 1397 1938 παραλλάττων
1413 1899 1503 1936 ἡμῶν·
1521 1897 1583 1926 ἐπεὶ
1596 1897 1642 1924 καὶ
1656 1897 1737 1927 αὐτὸς
1748 1894 1897 1929 ἄνθρωπος

1105 1951 1213 1986 θανάτῳ
1222 1950 1401 1984 ὑποκείμενος
1417 1949 1463 1975 καὶ
1479 1947 1575 1983 φθορᾷ.
1601 1945 1784 1979 Ἐεουσιὰζεις
1798 1943 1828 1970 δὲ
1842 1942 1896 1977 οὐχ

1103 1997 1183 2033 ἡμῶν
1200 1996 1304 2027 ἁπλῶς,
1333 1995 1402 2022 ἀλλὰ
1419 1995 1500 2029 μόνον
1514 1993 1562 2020 τοῦ
1585 1992 1730 2027 σώματος·
1743 1990 1812 2018 αὑτὰ
1839 1990 1896 2024 γάρ

1107 2051 1140 2079 με
1156 2042 1191 2069 τὰ
1205 2043 1265 2069 θεῖα
1281 2041 1438 2068 διδάσκουσι
1450 2040 1530 2074 λόγια
1557 2039 1596 2075 μὴ
1618 2037 1760 2073 φοὸεῖσθαι
1773 2036 1828 2064 ἀπὸ
1839 2035 1898 2079 τᾶξν

1106 2073 1323 2115 άποκτεινόντων
1347 2086 1377 2113 τὸ
1402 2073 1601 2121 σῶμαςτὴν-δὲ
1627 2083 1716 2119 ψυχὴν
1732 2073 1898 2110 ἀποκτεῖναι

1108 2135 1145 2170 μὴ
1157 2135 1331 2169 δυναμένων
1343 2134 1449 2159 ἐκεῖνον
1466 2132 1494 2159 δὲ
1512 2130 1612 2167 μᾶλλον
1637 2129 1761 2165 φρίττειν
1787 2128 1835 2154 καὶ
1849 2127 1899 2154 δε-

1107 2179 1228 2205 δοικέναι
1243 2178 1288 2205 τὸν
1312 2178 1360 2204 καὶ
1384 2177 1474 2213 ψυχὴν
1501 2176 1549 2203 καὶ
1578 2176 1660 2210 σῶμα
1682 2174 1833 2208 δυνάμενον
1860 2173 1899 2208 τῇ

272 2221 348 2247 illum
369 2220 460 2254 potius
480 2219 670 2248 extimescere,
695 2216 743 2251 qui
763 2223 864 2250 corpus
886 2219 914 2242 et
936 2215 1047 2241 animan

1109 2224 1205 2260 γεέννῃ
1218 2212 1498 2258 καταδικάζεινςήτις
1508 2220 1648 2253 ἐκδέξεταί
1665 2229 1694 2246 σε
1707 2220 1753 2246 τὶν
1765 2220 1899 2254 ἀμέτρως

272 2271 361 2302 potest
394 2265 518 2300 gehenna
547 2263 756 2290 condemnare:
785 2268 846 2296 quae
874 2265 900 2288 te
929 2261 1054 2295 accipiet,

273 2313 337 2339 licet
363 2318 438 2338 nunc
457 2309 605 2337 immodice
633 2308 804 2344 gloriantem,
829 2314 891 2333 cum
916 2306 984 2341 ipsis
1003 2306 1057 2333 diis

273 2359 327 2385 tuis
345 2362 372 2385 et
386 2356 558 2384 daemonibus
574 2357 601 2381 in
630 2360 762 2381 aaternum
778 2352 958 2387 puniendum.

312 2403 343 2430 ν.
373 2403 419 2429 llis
440 2403 526 2437 magis
541 2402 572 2428 ad
590 2401 657 2428 iram
678 2401 831 2427 concitatus
863 2398 966 2433 Lysias,
980 2397 1059 2433 jubet

275 2453 422 2484 martyrem
446 2448 515 2474 trabi
540 2454 691 2481 appensum
715 2446 811 2473 ferreis
830 2444 924 2471 laniari
941 2443 1058 2478 ungulis.

274 2494 424 2528 Postquam
440 2497 530 2519 autem
547 2495 648 2526 martyr
666 2490 752 2517 sensit
769 2493 934 2517 tormentum
950 2491 1060 2523 gravius

276 2537 433 2575 (quomodo
458 2538 531 2563 enim
558 2541 651 2563 essent
675 2543 794 2567 coronae,
822 2535 873 2561 nisi
901 2534 1060 2568 exciperent

277 2584 386 2611 labores
395 2588 422 2610 et
436 2583 545 2610 dolores
558 2582 595 2616 ἲ),
611 2582 675 2609 Jesu
692 2580 810 2612 Christe,
826 2579 996 2612 exclamavit,
1014 2577 1060 2614 qui

280 2631 354 2658 solus
384 2629 452 2656 facis
481 2636 495 2655 a
525 2628 627 2655 saaculo
651 2627 798 2658 mirabilia,
833 2626 879 2661 qui
911 2632 1062 2660 suspensus

279 2677 354 2705 luisti
374 2676 402 2702 in
421 2683 512 2706 cruce,
539 2678 566 2701 et
582 2675 622 2701 sic
640 2674 789 2707 superbum
806 2671 928 2706 deiecisti
946 2680 953 2698 :
972 2670 1017 2705 qui
1034 2670 1061 2697 in

281 2723 447 2751 hodiernum
465 2728 552 2756 usque
568 2720 639 2747 diem
654 2718 781 2754 nlagnil‘is
797 2721 825 2746 et
841 2717 980 2745 extolleris
1000 2723 1063 2750 pro-

281 2774 341 2805 pter
360 2775 443 2803 opera
466 2772 512 2794 tua
532 2765 702 2794 admirabili:
718 2772 727 2792 :
750 2764 812 2792 veni
828 2763 861 2790 ad
893 2770 936 2789 me
952 2770 1063 2788 Serum-

334 2870 344 2884 ‘
359 2868 410 2895 Job
423 2875 470 2901 vn,
483 2866 528 2894 Η.
596 2865 607 2882 ⁸
621 2864 716 2893 Matth.
730 2871 758 2898 x,
772 2863 816 2891 28.

1110 2270 1158 2298 νῦν
1185 2269 1400 2305 φροαττόμενον,
1421 2269 1514 2300 αὐτοῖς
1541 2268 1612 2298 θεοῖς
1629 2275 1676 2293 σου
1700 2265 1748 2292 καὶ
1770 2265 1902 2300 δαίμοσιν

1111 2315 1229 2347 αἱωνίως
1246 2314 1494 2350 κολασθησόμενον.

1147 2407 1185 2434 Ε’.
1196 2405 1309 2438 Τούτοις
1324 2406 1364 2438 εἰς
1376 2405 1460 2441 ὀργὴν
1476 2404 1586 2432 πλείονα
1600 2406 1613 2432 6
1626 2404 1730 2435 Λυσίας
1743 2403 1901 2438 ἐξενεχθεὶς

1112 2453 1220 2481 κελεύει
1242 2453 1288 2479 τὸν
1306 2453 1433 2488 μάρτυρα
1459 2452 1539 2487 ἰκρίῳ
1565 2451 1753 2487 άναρτηθὲντα
1773 2450 1850 2483 ὗνυξι
1872 2450 1905 2476 τὸ

1114 2499 1194 2533 σῶμα
1227 2498 1347 2533 σιδηροῖς
1375 2497 1491 2530 ξέεσθαι.
1521 2497 1565 2529 Ὦς
1586 2495 1632 2524 οὖν
1645 2497 1659 2523 ό
1678 2499 1784 2532 μάρτυς
1801 2496 1904 2531 δριμυ⁴

1113 2545 1194 2580 τέρας
1211 2545 1310 2581 ᾔσθετο
1326 2545 1376 2580 τῆς
1403 2544 1520 2580 βασάνου
1535 2543 1594 2580 (καὶ
1609 2544 1667 2576 πῶς
1676 2545 1731 2578 γὰρ
1743 2545 1776 2569 ἂν
1787 2543 1905 2574 διχαῖωι

1114 2590 1140 2617 ol.
1160 2591 1298 2625 στέφανοι,
1312 2591 1336 2617 sl.
1359 2590 1398 2626 μὴ
1422 2591 1520 2622 πόνους
1544 2590 1691 2625 ὴμείῦοντο
1713 2590 1760 2616 καὶ
1774 2589 1905 2622 όόύνας;)

1121 2632 1209 2668 Ἰησοῦ
1234 2633 1347 2669 Χριστὲ,
1371 2633 1495 2668 ὲὸόησεν,
1509 2633 1523 2658 ό
1546 2633 1631 2659 ποιῶν
1657 2633 1737 2667 μὸνος
1758 2631 1789 2664 ἑξ
1805 2631 1906 2661 αἰῶνος

1117 2679 1266 2715 θαυμάσια,
1279 2680 1294 2706 ό
1311 2679 1357 2706 ἐπὶ
1373 2679 1421 2706 τοῦ
1449 2679 1568 2714 σταυροῦ
1586 2679 1766 2714 κρεμασθεὶς,
1792 2678 1842 2704 καὶ
1858 2679 1906 2704 τὴν

1118 2727 1293 2763 ὑπερήφανον
1305 2726 1376 2752 οὓτω
1391 2725 1564 2758 καταϐαλὼν,
1581 2726 1595 2752 ὁ
1614 2726 1695 2760 μέχρι
1717 2725 1764 2751 καὶ
1779 2724 1828 2750 νῦν
1847 2725 1907 2755 τοῖς

1119 2772 1279 2807 παραδὸξοις
1296 2771 1351 2798 τῶν
1377 2771 1466 2807 ἔργων
1491 2771 1722 2806 μεγαλυνόμενος,
1738 2769 1798 2796 ἐλθὲ
1815 2769 1857 2800 εις
1875 2770 1908 2795 τὸ
