2034 3152
117 163 169 197 ιιι»

670 160 907 193 MARTYRIUM
927 160 958 190 S.
978 160 1196 193 SEVERIANI.

1687 164 1739 196 6ίῦ

117 218 203 246 σῶσαί
225 218 329 254 μι,κα“ι
344 218 390 245 τὸν
409 219 458 254 μιν
471 202 603 254 βραχιονα
616 217 664 244 τοῦ
678 217 842 253 ἁμαρτω)ιοῦ
858 214 904 242 καὶ

960 214 1035 247 dum,
1063 219 1091 242 et
1115 215 1257 243 brachium
1284 216 1394 251 quidem
1413 215 1567 252 peccatoris
1586 220 1613 243 ct
1635 216 1743 253 maligni

117 264 236 300 πονηροῦ
255 265 415 300 σύντριψον,
437 265 471 291 τά
485 264 514 290 δὲ
531 264 587 291 τῶν
615 263 690 299 ὲμῶν
705 263 794 298 ἄρθρα
815 261 905 297 μελῶν

117 310 252 345 λελυμένα
272 311 434 345 σύσφιγξον,
445 309 541 344 ἀγαθὲ,
564 309 612 336 καὶ
626 310 670 342 δός
688 318 733 344 μοι
748 309 795 335 τὸν
812 308 906 342 άγιῖινα

115 355 210 382 τοῦτον
240 356 367 384 διανῦσαι
384 357 432 383 τοῦ
451 357 621 392 μαρτυρίου·
639 356 720 382 λῦσον
737 355 766 381 δὲ
787 356 836 381 καὶ.
856 354 906 389 τὴν

116 403 298 438 ἐπικειμένην
322 403 362 437 τῷ
382 403 464 430 παντί
497 411 545 429 σου
574 402 693 437 ποιμνίῳ
709 401 904 436 σκοτὸμαιναν.

121 448 203 484 Ὁρᾷς
218 451 258 481 εις
273 450 426 485 δσονῆρθη,
440 451 487 477 καὶ
499 450 574 481 ὅπως
591 450 681 477 πάντα
699 449 794 484 σχεδὸν
809 446 904 483 περιέ-

114 494 206 522 λαϐεν.
223 494 287 530 Εἶχε
305 496 355 530 μὲν
373 494 420 523 οὗν
437 495 522 528 οὕτως
532 495 621 530 ,εὐχῆς
636 497 649 522 ὁ
672 495 779 530 μάρτυς
805 492 907 529 κρεμά-

115 549 197 575 μενος
212 548 219 555 ·
237 543 251 567 ὁ
267 542 398 577 τύραννος
413 542 441 569 δὲ
456 542 551 573 ἄλλους
564 543 608 568 ἐπ’
621 541 712 571 ἄλλοις
731 541 838 575 ἔπεμπε
849 539 904 566 τῶν

113 587 230 621 δημίων,
248 588 299 619 τὰς
311 588 409 620 ὀδύνας
425 589 458 614 ἐκ
467 589 563 615 τούτου
577 587 743 623 δριμυτέρας
755 585 906 621 ἐπιτεχνώ-

114 640 207 665 μενος.
227 633 305 659 Ἐπεὶ
323 633 352 659 δὲ
369 632 443 669 ἑώρα
453 634 498 659 τὸν
516 635 593 667 ἅγιον
608 633 737 668 ἀτρέπτῳ
761 632 807 658 καὶ
829 640 907 658 συνε-

114 679 198 704 στῶτι
213 678 252 713 τῷ
268 679 406 715 προσώπῳ
422 680 456 706 τὰ
471 680 630 713 ὲπαγόμενα
640 679 765 714 φέροντα,
776 679 906 712 διαπορησ

112 723 171 754 Θεὶς
186 724 314 758 ἀνεθῆναι
329 726 379 759 μὲν
390 725 443 752 τῶν
455 726 596 760 μαστίγων
613 725 705 758 αὐτὸν,
721 727 753 760 τῇ
769 725 864 758 εἱρκτῇ
876 724 905 749 δὲ

111 771 506 804 παραδοθῆναιδιαχελεύεται.
513 771 542 798 Ὀ
553 773 657 807 μάρτυς
664 772 709 798 οὖν
718 771 904 805 ἀπαγόμενος,

110 817 160 840 καὶ
180 812 223 841 οἷα
250 817 347 848 αὑταῖς
376 818 494 851 πληγαῖς
521 818 722 853 σεμνυνόμενος
749 817 792 843 διὰ
820 817 903 852 μέσου

109 861 180 888 ἐϐόα
194 863 244 896 τῆς
259 863 376 895 πόλεως·
400 864 433 889 Ol.
447 864 480 890 τὰ
497 864 644 899 τραύματα
656 864 711 890 τῶν
725 865 770 890 τοὺ
785 862 902 898 Χριστοῦ

957 265 1080 294 contere,
1095 268 1219 288 meorum
1235 265 1326 289 autem
1343 262 1526 289 membrorum
1541 262 1672 290 articulos
1687 263 1744 291 d‘s-

957 307 1061 334 solutos
1081 307 1178 342 colliga
1195 312 1222 334 et
1244 308 1303 339 uni.
1328 315 1344 335 ο
1362 308 1433 335 bone
1448 316 1454 333 :
1470 313 1499 335 et
1521 309 1642 336 concede
1666 309 1744 340 mihi.

957 357 988 380 ut
1007 353 1110 387 possim
1127 361 1257 388 peragere
1279 353 1332 381 hoc
1353 357 1494 380 certamen
1512 354 1646 389 martyrii.
1665 354 1745 382 Solve

956 404 1048 426 autem
1070 399 1153 426 etiam
1170 407 1240 431 eam,
1264 407 1324 434 quze
1341 403 1388 426 tuo
1403 399 1477 435 gregi
1501 399 1637 431 imminet,
1653 400 1744 435 caligi-

957 451 1032 472 nem.
1049 443 1132 471 Vides
1145 452 1225 479 quam
1241 445 1276 471 sit
1290 444 1318 470 in
1334 443 1418 470 altum
1435 443 1516 475 elata,
1530 448 1557 470 et
1568 445 1744 477 quemadmo-

957 490 1020 517 dum
1036 490 1128 517 omnia
1144 490 1202 517 fere
1223 490 1442 524 comprehendit.
1469 489 1559 524 Atque
1582 489 1621 516 sie
1635 489 1744 524 quidem

957 537 1120 571 precabatur
1147 542 1249 572 martyr
1283 543 1444 570 suspensus.
1480 536 1624 571 Tyrannus
1654 541 1744 562 autent

957 584 1027 610 alios
1043 588 1104 617 post
1118 583 1186 610 alios
1205 583 1328 610 mittebat
1346 582 1467 612 lictores.
1483 583 1624 617 graviores
1638 589 1670 609 ex
1691 582 1743 609 hoc

956 629 1066 656 dolores
1081 629 1252 657 machtnans.
1266 629 1414 663 Postquam
1429 632 1522 655 autem
1537 628 1604 655 vidit
1619 633 1744 655 sam-tum

957 675 1120 702 immutabili
1132 681 1159 701 et
1172 676 1309 702 constanti
1326 674 1402 701 vultu
1418 674 1553 700 terentem
1569 681 1601 700 ea
1617 681 1677 708 quae
1701 673 1744 700 in-

958 722 1145 754 tentabantur,
1175 721 1258 748 animi
1287 721 1398 752 dubius,
1431 721 1510 755 jubet
1541 728 1603 746 eum
1634 721 1745 754 quidem

957 768 1072 794 relaxari
1101 775 1116 794 a
1143 767 1269 797 vinculis.
1296 763 1397 800 conjici
1423 772 1514 794 autem
1539 766 1566 793 in
1592 773 1744 794 carcerem.

956 813 1056 848 Martyr
1072 821 1136 849 ergo
1153 814 1218 840 dum
1231 812 1430 843 abducebatur,
1447 817 1475 839 et
1490 811 1659 847 gloriabatur
1674 819 1744 845 quo-

956 859 1101 886 dammodo
1115 859 1213 894 plagis,
1235 866 1283 893 per
1297 858 1414 885 inediam
1433 857 1568 884 clamabat
1583 857 1718 884 civitatem
1736 866 1743 884 :

108 907 260 941 βλέποντες
277 909 414 943 ἀθλητῶν,
439 909 558 935 ἐννοεῖτε
587 910 690 935 τούτων
708 910 757 940 τὰς
785 909 903 943 ἀμοιϐὰς

955 905 1005 938 Qui
1034 893 1200 932 athletarum
1232 904 1335 931 Christi
1366 903 1465 930 videtis
1492 903 1615 934 vulnera,
1648 910 1744 930 eorum

108 954 158 979 καὶ
177 954 209 979 τὰ
220 954 338 980 ἒπαολα.
348 953 419 980 Οὗτε
433 955 487 989 γὰρ
502 954 539 989 νῷ
551 955 652 989 ληπτὰ,
661 953 722 980 οὕτε
735 955 805 989 λόγῳ
820 954 900 988 ῥητὰ,

107 999 159 1024 ὃσα
177 999 191 1025 δ
206 999 340 1031 ἀθάνατος
358 1000 491 1031 Βασιλεὺς
511 1001 566 1031 τοῖς
583 1000 652 1034 ὑπὲρ
667 1000 749 1026 αὑτοῦ
766 1000 902 1035 πάσχουσι

106 1046 155 1070 καὶ
175 1045 222 1071 νῦν
236 1046 327 1072 δίδωσι
346 1046 448 1080 ἀγαθὰ,
473 1046 522 1072 καὶ
533 1047 573 1078 είς
595 1046 625 1072 τὸ
641 1046 716 1073 ιπιδν
732 1047 760 1073 ὲν
776 1046 902 1082 οὐρανοῖς

105 1091 285 1125 ταμιεύεται.
300 1092 354 1118 Καὶ
369 1092 435 1118 αὐτὸ
451 1091 531 1118 τοῦτο
544 1092 574 1118 τὸ
595 1092 666 1127 ὑπὲρ
681 1092 764 1119 αὑτοῦ
785 1093 901 1126 πάσχειν

105 1138 217 1171 γλυκύ·
239 1138 268 1164 τὸ
295 1138 322 1164 δὲ
341 1139 388 1164 καὶ
404 1138 438 1164 δι’
459 1139 541 1165 αὑτὸν
568 1138 716 1165 ἀποθανεῖν
743 1138 829 1173 ἣδιον.
846 1138 901 1164 Καὶ

106 1183 171 1217 iga.
197 1184 364 1219 παρείποντο
390 1185 484 1211 πολλοὶ
509 1185 547 1220 τῷ
568 1185 656 1219 ἀνδρὶ,
680 1185 794 1220 ἐπέρρει
807 1185 835 1211 δὲ
853 1186 901 1211 καὶ

105 1230 215 1256 πλείων
229 1231 243 1256 ὸ
255 1230 334 1265 ὄχλος
351 1231 384 1257 τὰ
401 1231 522 1265 σωτήρια
535 1231 580 1257 ὑπ’
594 1229 677 1257 αὑτοῦ
699 1230 900 1264 διδασκόμενοι,

105 1276 163 1307 ἕως
180 1277 227 1311 τῆς
241 1276 365 1311 φυλακῆς
379 1276 464 1312 ἐπέϐη
478 1277 524 1302 καὶ
541 1277 626 1312 αὐτῆς
639 1277 705 1303 εἴσω
720 1278 864 1312 γεγένητο.

143 1404 197 1437 φ.
211 1402 328 1438 Πέμπτη
342 1402 432 1430 τοίνυν
449 1403 518 1438 μετὰ
541 1403 590 1439 τὴν
613 1403 734 1439 φρουρὰν
754 1403 901 1439 περιῆλθεν

103 1451 277 1485 ἡμέραηιαὶ
304 1450 365 1483 ἄγει
390 1450 471 1476 πάλιν
485 1450 530 1476 τὸν
556 1450 676 1485 ἀθλητὴν
693 1451 707 1476 6
725 1451 841 1482 Λυσίας,
853 1451 901 1477 καὶ

105 1496 231 1527 ἀναιδῶς
245 1496 290 1522 τὸν
303 1497 390 1530 πρᾶον
417 1497 647 1531 ὑποκρινάμενος,
667 1496 753 1532 ταύτῃ
771 1505 902 1531 μετενεγ-

954 952 1192 979 remunerationes
1219 952 1337 984 cegilate
1363 954 1390 976 et
1414 950 1536 983 praemia.
1558 948 1651 983 Neque
1671 956 1743 976 enim

954 1005 1046 1026 meme
1058 997 1267 1032 comprehendi,
1283 1003 1373 1030 neque
1387 996 1479 1023 verbis
1493 996 1611 1029 exprimi
1629 999 1744 1030 possunt

953 1043 1036 1076 bona,
1067 1050 1128 1077 quae
1153 1042 1209 1069 Rex
1238 1042 1401 1069 immortalis
1426 1045 1454 1068 et
1480 1049 1552 1068 nunc
1572 1041 1618 1068 dat
1644 1042 1677 1068 iis
1697 1041 1743 1077 qui

953 1097 1002 1124 pro
1025 1090 1084 1124 ipso
1102 1090 1257 1123 patiuntur,
1275 1093 1302 1115 et
1319 1089 1346 1115 in
1362 1088 1441 1115 caslis
1456 1092 1632 1114 reservantur
1647 1087 1674 1114 in
1694 1096 1744 1122 po-

953 1141 1073 1162 sterum.
1093 1135 1163 1168 Quin
1180 1135 1262 1162 etiam
1286 1134 1376 1169 ipsum
1397 1141 1505 1169 quoque
1521 1141 1572 1168 pro
1596 1135 1654 1169 ipso
1676 1134 1743 1168 pati,

953 1187 995 1209 est
1008 1182 1174 1216 jucundum,
1198 1187 1309 1215 propter
1325 1181 1415 1215 ipsum
1436 1184 1527 1206 autem
1544 1180 1624 1210 mori,
1641 1184 1682 1206 cst
1697 1179 1743 1214 ju-

953 1228 1081 1255 cundius.
1107 1226 1173 1254 Eum
1194 1232 1286 1253 autem
1305 1226 1385 1253 multi
1401 1226 1595 1260 sequi'bantur,
1614 1231 1641 1252 et
1657 1226 1743 1260 major

953 1273 1082 1300 attinebat
1100 1273 1189 1305 turba,
1209 1281 1271 1307 quae
1288 1272 1322 1299 ab
1336 1280 1369 1299 eo
1389 1272 1539 1299 docebatur
1554 1279 1586 1298 ea
1602 1279 1662 1306 qua:
1678 1277 1743 1299 sunt

953 1320 1095 1351 salutaria,
1114 1320 1204 1347 donec
1222 1319 1348 1347 ascendit
1365 1319 1393 1346 in
1411 1319 1577 1351 custodiam,
1604 1323 1631 1345 et
1653 1318 1741 1353 ipsam

952 1372 995 1395 est
1010 1367 1158 1402 ingressus.
1298 1390 1301 1393 .

989 1412 1032 1438 νι.
1059 1411 1179 1444 Quintus
1196 1410 1255 1438 dies
1271 1410 1454 1445 prmterierat,
1471 1417 1504 1437 ex
1531 1417 1585 1444 quo
1601 1411 1742 1444 conjectus

952 1457 1043 1485 fuerat
1070 1459 1097 1484 in
1128 1457 1293 1489 custodiam,
1324 1460 1351 1483 et
1371 1457 1500 1482 athlelam
1522 1463 1617 1481 rursus
1636 1455 1741 1482 curarit

953 1504 1146 1532 adducendum
1174 1502 1287 1538 Lysias;
1327 1507 1355 1529 et
1384 1502 1558 1536 impudenter
1587 1508 1616 1528 se
1646 1502 1739 1528 lltlLI'lll

105 1544 172 1569 κεῖν
190 1543 272 1569 αὑτὸν
289 1543 338 1576 τῆς
361 1542 504 1574 εὐσεὸείας
529 1544 695 1584 ἐμηχανᾶτο.
716 1543 771 1570 Καὶ
783 1563 789 1574 ,
805 1543 900 1570 Ἴστω-

955 1559 1014 1579 esse
1034 1550 1186 1581 simulans,
1213 1549 1253 1576 sic
1277 1556 1340 1575 eum
1367 1548 1529 1574 moliebatur
1558 1549 1699 1574 traducere
1724 1555 1740 1575 ει

107 1596 162 1614 σαν
185 1589 209 1614 ol
236 1587 292 1613 θεοὶ
316 1587 448 1618 ἅπαντες,
477 1587 564 1621 ἔλεγε,
584 1587 744 1622 Σευηριανὲ,
769 1587 810 1614 ὁτι
828 1589 899 1614 πάνυ

107 1633 218 1668 σφέδρα
248 1632 446 1667 ὲκττλήττομαι,
476 1633 706 1667 ἀναλογιζόμενος
733 1633 807 1665 ὅπως
832 1634 900 1669 ἀνὴρ

106 1679 134 1706 οὗ
141 1688 183 1705 τω
198 1679 248 1713 μὲν
269 1679 371 1712 ἀγαθὸς
386 1678 434 1714 τὴν
452 1678 537 1713 ὥραν,
550 1680 596 1706 καὶ
611 1679 660 1705 ὅσα
682 1679 745 1706 ίδεῖν
759 1680 899 1714 ἀνδρείως,

106 1726 183 1752 οὕτω
196 1725 227 1751 δὲ
243 1726 405 1760 ἐμπειρίαις
423 1725 595 1760 πραγμάτων
608 1725 829 1760 μεμελετημένος
852 1726 898 1752 Oci-

106 1780 193 1799 νατον
213 1771 340 1807 προφανῆ
363 1771 410 1797 τοῦ
434 1771 513 1805 ἡδέος
535 1771 630 1797 τούτου
655 1772 774 1807 ἀλλάττῃ
801 1772 899 1804 φωτᾶς.

112 1818 239 1846 Ἐπαινῶ
261 1826 308 1844 σου
323 1818 353 1843 τὸ
368 1816 510 1853 σταθερὸν,
525 1817 582 1843 ἀλλ’
599 1818 623 1843 εἰ
640 1817 711 1843 κατὰ
727 1817 781 1843 τῶν
794 1817 901 1852 ἐχθρῶν

107 1865 248 1900 ἑκέχρησο
269 1863 308 1898 τῷ
324 1864 554 1898 πλεονεκτήματι.
564 1863 601 1889 Τὸ
617 1863 645 1889 δὲ
659 1863 705 1890 καὶ
722 1864 836 1898 σιδήρῳ,
853 1864 901 1889 καὶ

107 1912 192 1947 πυρὶ,
205 1911 252 1937 καὶ
266 1910 358 1945 θηρσὶ,
369 1910 416 1936 καὶ
429 1909 514 1941 λίθοις
532 1910 659 1937 παλαίειν
681 1909 785 1944 ἠλίθιον
802 1910 900 1944 κομιδῇ

108 1959 158 1984 καὶ
183 1957 244 1984 οὐδὲ
263 1955 361 1991 μανίας
391 1955 543 1990 ἐλεύθερον.
571 1956 606 1982 Ἦ
622 1957 670 1990 οὐχ
691 1957 756 1991 ὁρᾷς
772 1957 796 1982 εἰ
820 1957 857 1990 μή
876 1964 902 1982 τι

108 2005 190 2036 ἀλλο,
205 2004 244 2034 ὡς
259 2003 389 2038 παρεῖται
402 2002 452 2037 μέν
483 2010 524 2028 σοι
547 2001 578 2028 τὸ
593 2003 718 2036 γενναῖον
734 2003 784 2036 τῆς
806 2003 902 2038 ῥώμης

109 2053 161 2078 καὶ
174 2051 303 2083 ulta-tat;
321 2049 428 2084 διαρρεῖ
441 2049 469 2075 δὲ
494 2049 541 2075 καὶ
565 2048 632 2075 αὐτὸ
649 2048 699 2084 ήδη
715 2048 745 2074 τὸ
760 2048 840 2083 σῶμα
856 2049 903 2075 καὶ

109 2099 239 2132 οἰχετιι;
258 2096 363 2127 τούτοις
383 2097 397 2122 ό
410 2095 515 2126 Λυσίας
541 2094 656 2122 ἐκλῦσαι
677 2093 837 2129 πανούργως
857 2095 902 2120 τὸν

110 2145 191 2170 τόνον
208 2142 284 2177 αὐτῷ
298 2141 447 2176 ἐπεχείρει.
473 2141 504 2168 '0
516 2141 557 2174 δι,
579 2141 625 2176 Μὴ
639 2141 708 2176 πρὸς
719 2142 767 2172 τὰς
783 2141 905 2176 δαπανη-

110 2190 209 2221 Θείσας
225 2190 285 2220 ταῖς
298 2188 408 2224 μάστιξι
423 2189 528 2223 σάρκας
541 2188 649 2220 σκόπει,
663 2187 757 2222 φησίν·
771 2187 802 2218 ﬁ,-
818 2188 842 2213 εί
855 2187 903 2213 καὶ

112 2237 154 2272 μὴ
187 2236 272 2267 αὐτὸς
300 2234 461 2267 ἀναλώσας,
484 2234 542 2261 ἀλλ’
558 2235 572 2261 ὁ
586 2234 701 2266 θάνατος
726 2234 848 2261 ἐπελθὼν
871 2235 901 2261 οὐ
919 2234 940 2262 D

111 2284 239 2317 φείσεται
254 2282 364 2313 πάντως
376 2289 383 2297 ⁸
395 2281 453 2308 ἀλλ’
464 2281 523 2307 tati
541 2289 586 2316 μοι
603 2281 777 2316 προαίρεσις,
791 2281 825 2317 ἢν
841 2281 903 2308 οὕτε

112 2329 214 2364 ἀπειλὴ
231 2326 412 2363 καταπλήξει,
424 2326 488 2354 οὔτι
507 2327 624 2362 βάσανος
648 2327 747 2362 ἅψεται
759 2335 766 2342 ·
793 2327 905 2354 τούναν-

113 2375 171 2401 τίον
187 2376 237 2410 μὲν
251 2373 299 2400 οὖν
314 2375 388 2401 ἅπαν
401 2393 410 2406 ,
426 2374 473 2400 καὶ
490 2373 607 2408 ῥώννυσι
623 2374 724 2408 μᾶλλον
734 2373 820 2407 αὐτὴν
835 2373 905 2408 ὑπὲρ

114 2421 236 2456 Χριστοῦ
258 2422 307 2448 καὶ
336 2419 548 2455 προθυμοτέραν
573 2419 732 2455 ἐργάζεται.
757 2419 838 2445 Ὅθεν
866 2419 905 2454 μὴ

117 2467 246 2502 μάστιξι,
278 2467 347 2501 μηδὲ
366 2466 485 2501 ἁνάρτα,
508 2466 575 2500 μηδὲ
594 2465 713 2498 διὰξαινε
732 2465 825 2500 μόνον,
837 2465 906 2491 ἀλλὰ

115 2513 166 2540 aut
177 2514 260 2545 λίθοις
275 2513 422 2548 βάλλε,καὶ
433 2513 500 2547 πυρὶ
513 2512 594 2544 δίδου,
614 2512 662 2538 καὶ
681 2512 737 2537 πᾶν
754 2511 824 2545 ὅπερ
839 2510 873 2537 ἂν

118 2561 273 2596 βουλομένῳ
289 2569 332 2587 σοι
353 2559 477 2593 δυνατὸν,
498 2559 612 2592 ἐπάγειν
633 2559 671 2594 μὴ
693 2558 842 2593 ἀναϐάλλῃ.
863 2558 906 2589 Ὦς

119 2606 216 2633 θᾶττον
233 2606 267 2633 ἂν
282 2607 315 2633 σὺ
345 2606 468 2638 κολάζων
497 2606 707 2641 ἁπαγορεύσῃς,
721 2605 738 2638 ἢ
752 2604 834 2636 αὐτὸς
863 2605 908 2631 διὰ

118 2653 236 2687 Χριστὸν
258 2652 381 2688 ἐμαυτοῦ
404 2652 545 2687 φείσομαι.
565 2650 677 2686 Ἐχθρὸς
698 2651 727 2677 δὲ
756 2652 848 2682 ὁποῖος
873 2650 907 2677 ἂν

120 2700 214 2733 ἱτερος
239 2700 303 2734 ἐμοὶ
329 2698 378 2725 σοῦ
399 2698 591 2734 χαλεπώτερος
615 2698 702 2729 ἐσται,
719 2698 834 2724 συνιδεῖν
858 2697 908 2723 οὐκ

122 2746 180 2779 ἔχω
189 2753 196 2760 ·
209 2747 236 2777 ὃς
248 2754 278 2779 γε
287 2747 319 2773 οὐ
333 2745 474 2780 πόρρωθεν
490 2744 692 2779 ἀκροϐολίζεις,
703 2744 763 2770 οίδὲ
779 2744 849 2771 κατὰ
860 2743 908 2770 τοῦ

122 2791 250 2825 σώματος
265 2792 349 2826 ἀφίης
366 2791 397 2817 τδ
415 2791 502 2826 βέλος,
518 2790 575 2816 ἀλλ’
591 2791 676 2825 αὐτὴν
701 2789 848 2816 σκυλεῦσαι
863 2798 908 2824 φι-

121 2838 251 2869 levatur,-
260 2839 308 2874 τῆς
321 2839 463 2871 εὐσεϐείας
475 2839 565 2866 ὃπλων
579 2839 732 2875 γυμνῶσαι,
742 2838 791 2865 καὶ
811 2837 909 2873 δούλην

124 2886 137 2911 ἐ
150 2887 278 2917 ττιγτγεῖν
294 2888 342 2912 καὶ
359 2886 546 2921 αἰχμάλωτον.

953 1599 1067 1632 pietate.
1079 1597 1122 1629 Et,
1151 1596 1245 1622 Sciant
1260 1602 1355 1621 omnes
1369 1594 1419 1625 dii,
1437 1594 1554 1625 dicebat,
1578 1596 1739 1626 Severiano,

953 1644 1033 1671 valde
1051 1644 1147 1674 miror,
1165 1646 1298 1677 rcputaus
1314 1640 1388 1675 quod
1413 1641 1454 1667 vir
1469 1640 1579 1674 quidem
1595 1641 1663 1667 adeo
1687 1640 1742 1666 ior-

953 1699 996 1718 ma
1018 1691 1139 1726 elegans,
1158 1694 1186 1717 et
1211 1690 1284 1723 quod
1309 1688 1397 1716 videri
1422 1693 1520 1722 potest,
1539 1687 1627 1719 fortis,
1650 1692 1677 1713 et
1694 1687 1741 1721 qui

953 1745 1044 1764 rerum
1080 1740 1182 1763 tantam
1213 1739 1312 1762 nactus
1343 1742 1372 1761 es
1402 1734 1615 1767 experientiam,
1646 1738 1739 1767 aperta

953 1789 1071 1811 mortea
1101 1783 1178 1810 suavi
1209 1782 1260 1809 hac
1287 1781 1349 1808 luce
1377 1781 1514 1808 discedas.
1544 1779 1637 1806 Laudo
1667 1785 1740 1806 tuam

953 1830 1130 1858 stabilitatem
1156 1834 1183 1856 et
1203 1829 1398 1859 constantiam,
1418 1827 1441 1854 si
1464 1835 1496 1854 ea
1515 1835 1580 1854 usus
1603 1834 1678 1853 essr-s
1694 1826 1743 1852 ad-

953 1884 1050 1903 versus
1068 1877 1171 1902 hostes.
1194 1874 1264 1902 Cum
1291 1874 1364 1901 ferro
1388 1878 1489 1905 autem,
1505 1873 1578 1908 igne,
1601 1871 1697 1899 bestiis
1711 1877 1740 1899 et

953 1922 1094 1957 lapidibus
1111 1922 1263 1953 decertare,
1280 1924 1322 1947 est
1347 1921 1428 1954 plane
1449 1919 1574 1950 stultum,
1593 1923 1620 1944 et
1641 1918 1739 1944 nonni-

954 1967 991 1994 hil
1017 1967 1098 1993 aliine
1125 1966 1248 1992 insaniai.
1277 1966 1318 1991 An
1343 1972 1397 1991 non
1423 1964 1500 1991 vides
1516 1964 1537 1990 si
1562 1963 1630 1990 nihil
1654 1964 1740 1992 aliud.

954 2012 1037 2039 robur
1055 2012 1165 2046 quidem
1186 2014 1262 2036 tuum
1279 2017 1340 2036 esse
1360 2009 1478 2035 fraetum
1511 2013 1540 2035 et
1566 2009 1741 2039 dissolutum,

954 2059 1044 2093 ipsum
1062 2061 1154 2084 autem
1175 2063 1276 2090 corpus
1290 2055 1348 2087 jam
1371 2054 1494 2082 diilluere
1511 2061 1538 2081 et
1563 2054 1671 2089 perire?
1694 2054 1742 2080 llis

955 2104 1050 2140 Lysias
1091 2101 1189 2130 callide
1211 2101 1364 2128 conabatur
1383 2101 1443 2134 ejus
1463 2107 1594 2127 enervare
1615 2105 1742 2127 constan-

955 2153 1032 2180 tiam.
1059 2151 1106 2178 llle
1128 2155 1221 2178 autem
1239 2158 1246 2177 :
1261 2149 1302 2177 Ne
1326 2150 1495 2181 consideres,
1523 2149 1621 2183 iiiqmt,
1646 2155 1743 2174 carnes

955 2203 1135 2234 consumptas
1150 2197 1271 2233 ﬂagellis,
1295 2204 1361 2232 quas
1376 2196 1398 2224 si
1415 2200 1444 2222 tu
1458 2202 1511 2222 non
1527 2194 1742 2227 consumpseris,

955 2250 982 2272 at
998 2253 1072 2272 mors
1090 2244 1240 2271 adveniens
1256 2244 1369 2270 minime
1392 2242 1504 2269 omnino
1520 2241 1560 2268 eis
1583 2239 1742 2275 parcet.$ed

954 2296 997 2319 est
1012 2291 1079 2318 mihi
1101 2291 1188 2318 libera
1203 2290 1287 2317 animi
1303 2290 1440 2319 voluntas,
1457 2294 1539 2322 quam
1555 2293 1645 2319 neque
1661 2285 1744 2311 mina:

957 2338 1109 2368 terrebunt,
1125 2343 1215 2370 neque
1229 2339 1395 2362 tormentum
1420 2334 1534 2366 attinget
1551 2340 1557 2358 :
1574 2336 1669 2358 contra
1691 2338 1743 2356 auo

957 2387 1010 2410 tem
1031 2390 1091 2409 eam
1118 2381 1206 2415 magis
1231 2380 1345 2406 omnino
1364 2386 1414 2413 pro
1439 2377 1547 2404 Christo
1571 2376 1744 2407 conﬁrmant,

957 2427 1210 2464 promptioremque
1228 2425 1350 2452 eﬂit‘iunt
1365 2429 1392 2451 et
1417 2423 1587 2450 alacriorem.
1611 2422 1744 2455 Quocirca

956 2479 1011 2498 non
1027 2471 1116 2498 solum
1131 2469 1221 2503 ﬂagris
1243 2467 1328 2498 caede,
1352 2466 1491 2501 suspende
1507 2469 1535 2492 et
1557 2465 1647 2491 lacera
1674 2473 1681 2490 ι
1696 2464 1743 2490 sed

957 2517 1039 2545 etiam
1055 2517 1143 2543 obrue
1167 2514 1314 2549 lapidibus,
1332 2517 1360 2540 et
1375 2513 1433 2547 iace
1451 2512 1478 2538 iu
1502 2511 1604 2547 ignem,
1622 2516 1649 2538 et
1664 2511 1744 2545 quid-

957 2563 1034 2598 quid,
1050 2562 1123 2596 quod
1142 2561 1183 2588 vis
1196 2565 1224 2587 et
1243 2564 1321 2594 potes
1335 2558 1436 2590 facere,
1453 2559 1482 2585 in
1499 2565 1543 2585 me
1560 2565 1594 2584 ne
1609 2555 1745 2583 cuncteris

958 2609 1103 2636 intentare.
1123 2607 1190 2634 Nam
1212 2611 1241 2633 tu
1261 2606 1315 2633 eris
1338 2606 1420 2632 citius
1441 2603 1567 2632 defessus
1592 2601 1744 2637 puniendo,

958 2663 1039 2691 quam
1055 2663 1105 2689 ego
1134 2653 1200 2681 mihi
1228 2660 1337 2687 parcam
1362 2655 1475 2686 propter
1494 2649 1646 2677 Christum.
1665 2647 1746 2680 Quis-

959 2709 1022 2728 nam
1045 2704 1136 2728 autem
1154 2706 1179 2727 Ie
1196 2699 1263 2726 mihi
1291 2699 1399 2732 gravior
1417 2697 1526 2724 futurus
1553 2696 1589 2722 sit
1605 2694 1743 2725 inimicus,

959 2755 1014 2775 non
1039 2754 1149 2781 possum
1175 2746 1357 2780 perspicere:
1381 2743 1427 2778 qui
1448 2750 1503 2769 non
1529 2741 1616 2768 solum
1636 2741 1747 2768 eminus

958 2793 1098 2829 jacularis,
1118 2799 1150 2819 ac
1167 2793 1249 2818 telum
1270 2791 1298 2817 in
1316 2797 1415 2824 corpus
1440 2788 1575 2819 immittis,
1588 2787 1635 2814 sed
1652 2787 1747 2814 studes

961 2840 1045 2874 ipsam
1063 2839 1180 2873 spoliare
1208 2837 1340 2868 animam.
1369 2841 1395 2863 et
1415 2830 1474 2862 eam
1500 2834 1612 2862 omnino
1637 2834 1742 2860 nudare

962 2885 1045 2913 armis
1075 2885 1193 2920 pietatis,
1219 2887 1248 2912 et
1273 2891 1380 2911 servam
1398 2883 1534 2910 abducere
1554 2885 1582 2909 et
1598 2880 1742 2916 captivam.
