2034 3152
228 168 282 202 £55

842 167 984 200 MENSIS
1005 169 1239 202 SEPTEMBER.

1798 171 1854 201 Cb‘i

229 234 310 255 wum
333 234 500 255 assessorem
534 234 596 254 cum
636 226 768 255 ministris
799 233 825 255 ct
852 229 1016 256 satellitibus

1071 230 1227 264 διέποντος·
1255 231 1302 259 καὶ
1319 232 1424 267 πέμπει
1440 231 1485 259 τὸν
1512 232 1706 268 συμπάρεδρον
1735 233 1815 265 εὐθὺς
1840 235 1857 261 6

227 273 326 309 iubens
336 278 364 300 ut
373 277 506 308 quaereret
520 272 635 308 virgines
644 294 650 300 .

265 417 399 446 HLCum
429 420 519 444 autem
547 416 663 444 inventae
709 415 822 442 fuissent
838 414 1011 448 ,Undenam,

231 464 338 491 dicebat
353 463 447 496 judcx,
463 466 535 489 tanta
551 466 592 489 est
619 461 694 488 vohis
715 461 838 493 audacia,
868 465 908 491 ut,
935 459 1013 486 mitto

230 515 339 542 caetera,
356 509 439 536 Deum
468 508 572 540 colatis,
599 515 678 541 quem
709 514 799 540 neque
824 506 880 540 ipse
897 511 1011 539 magnus

231 555 422 585 Maximianus,
443 560 531 587 neque
555 559 604 578 nos
617 551 782 578 honorantes
798 551 825 577 in
851 548 1012 575 hodiernum

232 610 319 637 usque
343 601 415 628 diem
438 598 577 634 conspecti
601 596 716 624 sumus?
732 596 905 630 Nequaquam
922 598 1012 620 autem

231 647 406 683 perturbata},
433 644 479 672 sed
505 645 532 671 in
544 644 640 671 eodem
664 643 760 669 anima:
789 645 862 668 statu
875 644 1015 666 manvnlcs

230 694 350 729 virgines
368 691 455 722 .Nos,
498 698 514 717 ο
534 690 629 725 judex.
656 689 793 721 dixerunt,
818 695 872 714 non
897 687 1015 713 humano

231 741 342 768 decreto
364 738 448 765 Deum
464 744 544 763 nosse
559 735 719 767 didicimus;
749 733 796 761 sed
824 739 887 760 eutn
910 732 1013 766 utique,

230 788 277 822 qui
315 792 423 820 semper
441 787 493 814 est,
528 787 555 810 et
577 781 734 808 universum
759 780 889 811 intuetur,
902 778 1017 805 conﬁte-

231 832 372 868 mur:qui
398 831 480 859 etiam
500 830 572 856 hunc
607 827 728 855 continet
760 825 883 854 ordinem
907 825 1016 851 univer-

231 887 334 912 sorum,
349 882 377 906 et
393 881 535 913 potestate,
554 883 608 902 non
625 874 752 903 essentia,
768 877 859 899 mente
893 877 1017 904 compre-

1066 277 1189 311 Φρόντων
1204 278 1273 313 μετὰ
1288 277 1388 314 πολλῆς
1409 278 1459 314 τῆς
1480 279 1723 314 ὑπερασπισάντων
1739 280 1786 307 καὶ
1801 279 1858 306 τῶν

1066 322 1221 357 δορυφόρων
1250 323 1370 359 πληθύος
1393 323 1427 351 τὰ
1444 324 1514 352 κατὰ
1540 325 1588 356 τὰς
1612 325 1762 356 παρθένους
1781 325 1858 360 αὐτῷ

1065 369 1126 395 ἐπιτ
1131 369 1225 404 ρέψας.

1102 413 1140 441 I".
1160 414 1190 442 '0
1205 415 1234 442 δὲ
1253 415 1299 442 διὰ
1322 415 1378 443 τῶν
1405 416 1637 452 ὑπηρετουμένων
1659 417 1734 452 αὕτῷ
1749 418 1858 453 δημίων

1069 461 1316 496 μεταστειλάμενος
1339 462 1451 495 ταύτας,
1468 463 1554 489 Πόθεν
1588 464 1651 498 ὑμῖν
1672 464 1688 498 ἡ
1716 467 1847 499 τοσαύτη,

1068 507 1157 541 ἔλεγε,
1171 507 1270 541 τόλμα,
1287 508 1336 541 ὡς,
1359 506 1403 535 ἵνα
1426 509 1508 536 τᾶλλα
1525 508 1614 543 παρῶ,
1629 507 1695 535 Θεὸν
1709 510 1812 542 σέϐειν,
1828 510 1860 536 ὃν

1068 551 1129 578 οὔτε
1145 552 1317 587 Μαξιμιανὸς
1330 553 1410 585 αὑτδς
1421 555 1434 580 ὁ
1451 554 1536 588 μέγας
1558 554 1614 580 οὗθ’
1630 555 1712 589 ἡμεῖς
1722 555 1858 589 τιμῶντες

1068 597 1132 631 ἄχρι
1146 598 1194 623 καὶ
1213 598 1261 624 νῦν
1275 598 1425 632 ὢφῡημενς
1450 598 1520 625 Ὑπὸ
1533 599 1572 633 τῷ
1587 599 1662 634 αὐτῴ
1684 599 1774 626 τοίνυν
1791 599 1859 626 καθα

1068 642 1140 677 άπερ
1154 643 1202 678 τῆς
1217 643 1305 678 ψυχῆς
1318 645 1511 679 παραστήματι
1537 646 1564 672 al
1581 645 1725 679 παρθένοι,
1748 646 1860 680 Ἡμεῖς,

1068 689 1090 716 ὦ
1103 690 1207 725 ἄρχων,
1237 691 1354 726 ἔφησαν,
1373 693 1423 719 οὐκ
1441 693 1604 728 ἀνθρωπίνῳ
1625 693 1740 728 δόγματι
1756 701 1859 719 πεπαι-

1069 735 1186 770 δεύμεθα
1211 736 1312 764 εἰδέναι
1333 737 1410 770 Θεὺν,
1436 738 1503 765 ἀλλὰ
1517 738 1613 765 τοῦτον
1631 738 1717 773 δήπου
1743 738 1787 764 τὸν
1814 739 1860 764 ἀεὶ

1069 782 1133 808 ὄντα
1145 783 1230 808 καὶτὸ
1242 783 1296 809 πᾶν
1311 783 1451 818 ἐφορῶντα
1463 784 1662 820 ὁμολογοῦμεν,
1673 785 1702 816 ὃς
1713 785 1761 811 καὶ
1776 785 1858 819 τήνδε

1070 828 1118 864 τὴν
1133 829 1186 854 τῶν
1206 829 1274 855 ὅλων
1301 831 1451 864 συγκρατεῖ
1469 830 1545 862 τάξιν
1569 831 1616 857 καὶ
1643 831 1757 865 δυνάμει
1776 832 1806 857 οὑ
1823 833 1859 866 τῇ

1072 875 1151 910 οὐσίᾳ
1180 876 1363 905 κατανοεῖται,
1391 875 1420 907 ὃς
1448 876 1556 911 καθαρᾷ
1570 884 1599 902 τε
1624 876 1860 912 ἥδεταιποὶιτείᾳ

233 910 361 954 hendilur
385 910 454 958 :tqui
484 921 585 949 munda
606 920 660 947 vita
687 919 837 946 delectatur
863 922 890 944 ct
905 917 1015 948 virtute,

1071 921 1116 946 tta".
1143 921 1239 955 ἀρετῇ,
1270 921 1315 946 καὶ
1347 922 1403 952 τοῖς
1431 922 1502 948 οὕτω
1532 922 1582 956 μὲν
1611 922 1750 957 καθαρῶς,
1785 923 1861 949 οῦτω

228 978 258 1000 et
280 973 313 999 iis
343 970 389 1006 qui
418 969 456 996 sic
478 977 510 994 ex
525 967 626 994 virtute
642 965 724 992 vitam
758 967 844 998 agunt
869 970 925 989 suae
940 961 1016 988 boni-

224 1019 297 1046 "tatis
323 1016 409 1052 gratia
450 1014 519 1041 solet
547 1018 677 1047 apparere
699 1020 705 1037 :
726 1014 754 1036 et
792 1008 843 1036 sub
868 1015 922 1042 quo
939 1014 1017 1041 rcges

233 1065 378 1099 imperant,
403 1065 430 1088 et
454 1059 563 1095 tyranni
614 1063 713 1084 terram
745 1063 793 1082 sua
827 1054 950 1081 ohtiuent
975 1052 1012 1078 di-

234 1098 317 1137 tione.
336 1106 460 1142 Virgines
485 1105 543 1132 haec
571 1102 649 1130 valde
665 1105 821 1129 constanter
832 1104 859 1126 et
885 1098 1017 1126 concinne

231 1154 433 1190 respondentes
462 1156 565 1186 praeses
580 1149 701 1180 intuens,
717 1151 744 1174 et
769 1145 927 1173 modestiam
940 1143 1018 1170 val'de

233 1188 452 1229 est'admiratus,
473 1200 501 1223 et
510 1201 702 1229 responsorum
720 1190 888 1226 sapientiam.
907 1188 1017 1216 Diuita-

233 1256 287 1283 que
332 1252 434 1277 tacens,
453 1242 553 1269 etharc
587 1241 689 1268 ducens
712 1246 763 1274 pro
802 1236 943 1266 miraculo,
973 1234 1016 1260 vix

235 1281 344 1320 tandem
362 1288 506 1317 secundam
523 1285 617 1312 intulit
649 1281 898 1318 interrogationem,
921 1286 1020 1313 rogans

233 1344 356 1372 quaenam
391 1337 484 1361 essent
510 1338 603 1359 earum
628 1329 749 1360 nomina,
776 1332 804 1354 et
833 1333 893 1360 qua:
921 1324 1018 1359 patﬁa.

234 1385 288 1412 Ill-.e
312 1387 403 1410 autem
419 1388 426 1407 :
445 1378 566 1405 Primum
595 1375 714 1410 quidem,
740 1381 755 1400 ιι
783 1372 892 1400 Christo
918 1375 1020 1398 vocatae

234 1436 339 1462 sumus,
357 1427 493 1454 dixerunt.
516 1422 594 1455 Quod
615 1421 638 1448 si
656 1421 738 1447 etiam
757 1416 1020 1451 nomenabaptismo

235 1461 389 1511 impositum
409 1473 533 1506 oporteat
547 1468 658 1498 addere,
674 1473 728 1493 una
747 1464 855 1499 quidem
864 1461 1020 1493 Menodora,

234 1508 319 1549 altera
346 1524 437 1546 autem
463 1515 625 1545 Metrodora,
645 1512 745 1539 deinde
778 1510 855 1537 tertia
884 1508 1021 1544 Nympho-

234 1570 312 1598 dora,
331 1565 460 1593 dicimur.
493 1561 583 1588 Patria
611 1565 700 1587 autem
729 1557 807 1584 nobis
825 1561 866 1583 est
880 1553 1020 1588 Bithynia.

237 1585 312 1598 uului,
332 1585 460 1593 νιν-μη...
494 1585 583 1588 __._.__
613 1585 638 1587 ην
942 1585 949 1588 _

237 1615 274 1641 Ex
302 1612 398 1640 eodem
428 1616 493 1636 vero
508 1607 610 1634 semine
630 1605 768 1640 productae
801 1609 904 1633 sumus,
933 1604 960 1627 et
988 1585 1055 1626 abc'

235 1659 329 1687 cadent
369 1658 455 1682 matre
495 1659 588 1680 sumus
629 1650 761 1681 educatae,
783 1654 810 1675 et
833 1647 866 1673 ah
919 1645 1020 1672 eisdem

237 1704 396 1741 parentibus
421 1700 526 1728 dilectae
559 1703 664 1728 sumus,
686 1700 711 1723 et
743 1694 866 1722 eamdem
907 1696 1020 1719 matrem

236 1740 263 1780 et
277 1750 402 1778 eumdem
417 1751 520 1782 patrem
536 1743 741 1779 appellavimus.
769 1740 897 1767 Eamdem
914 1745 1020 1773 quoque

229 1798 298 1824 ιινὶιαι
324 1794 456 1822 rationem
487 1795 587 1818 secutae
623 1795 729 1820 sumus,
749 1791 777 1814 et
794 1785 919 1813 eamdem
933 1783 1021 1811 adhuc

227 1847 361 1870 vtenemus
387 1837 561 1866 sententiam.

258 1897 317 1926 ειν.
332 1897 436 1924 Moram
463 1894 552 1928 itaque
573 1897 600 1919 et
615 1891 757 1919 verborum
774 1887 961 1916 liberalitatem
977 1885 1020 1912 ille

227 1943 345 1973 ‘silentio
363 1941 523 1973 admiratus,
555 1939 663 1967 curiose
697 1937 843 1965 admodum
870 1941 898 1962 et
924 1934 1021 1963 callide

227 1993 311 2021 'vafer
340 1991 385 2018 ille
401 1993 514 2017 conatus
529 1991 570 2014 est
587 1986 711 2021 protinus
728 1984 846 2019 virgines
871 1983 1020 2010 seducere:

233 2040 274 2067 Ne
289 2046 362 2074 ergo,
373 2036 476 2068 dicens,
491 2042 550 2069 quae
564 2034 601 2061 dii
615 2033 649 2060 ad
664 2032 835 2060 concordiam
851 2031 922 2058 bona
937 2029 1022 2056 dede-

231 2089 310 2115 runt,
327 2090 388 2115 vos,
403 2089 419 2108 ο
432 2081 521 2108 chara:
535 2078 643 2114 puellae,
653 2078 777 2105 'reddatis
794 2084 862 2105 vana
873 2080 901 2104 et
919 2076 1020 2109 inania,

232 2129 284 2157 sed
303 2135 386 2163 super
409 2126 474 2153 'haee
507 2125 589 2151 etiam
627 2123 678 2150 alia
724 2123 864 2156 aediﬁcate,
902 2128 930 2151 et
956 2123 1021 2150 mihi

232 2172 445 2210 parentes,'diil
481 2177 589 2206 quoque
620 2170 799 2197 communiter
832 2169 982 2196 sacriﬁcate
995 2172 1023 2196 et

238 2226 365 2256 tanquam
394 2224 503 2246 sorores
530 2217 558 2243 iu
580 2215 775 2244 benevolentia
811 2223 874 2250 erga
896 2223 943 2242 eos
955 2222 1022 2242 con-

1066 965 1094 992 δὲ
1122 966 1258 1000 ἐναρέτως
1288 966 1389 1000 βιοῦσι,
1414 969 1448 1002 τῇ
1475 967 1526 1002 τῆς
1550 968 1656 999 οἰκείας
1687 968 1861 1004 ἀγαθότητος

1067 1012 1157 1047 χάριτι
1173 1012 1245 1045 φιλεῖ
1264 1012 1465 1047 ἐπιφαίνεσθαι,
1498 1015 1545 1041 καὶ
1561 1015 1606 1049 ὑφ’
1621 1011 1653 1041 οῦ
1686 1014 1804 1049 βασιλεῖς
1828 1024 1862 1041 τε

1068 1058 1181 1093 ἄρχουσι
1196 1058 1243 1084 καὶ
1260 1058 1383 1093 τύραννοι
1398 1059 1528 1094 κρατοῦσι
1546 1061 1596 1095 τῆς
1608 1061 1669 1095 γῆς.
1696 1060 1789 1087 Ταῦτα
1808 1061 1862 1091 τὰς

1068 1103 1220 1138 παρθένους
1237 1103 1378 1138 ἀτρέπτως
1397 1104 1467 1131 πάνυ
1484 1106 1531 1131 καὶ
1557 1105 1684 1140 ἐμμελῶς
1703 1106 1859 1140 ἀποκρινα-

1070 1149 1187 1191 μέναςό
1206 1150 1299 1184 ἄρχων
1322 1150 1470 1184 ἐμϐλέψας,
1496 1151 1674 1186 ὑπερηγάσθη
1700 1151 1750 1186 τήν
1769 1159 1799 1177 τε
1813 1159 1863 1177 7.0-

1069 1195 1152 1229 σμίαν
1167 1196 1338 1230 παράστασιν
1353 1196 1399 1221 καὶ
1424 1195 1454 1221 τὸ
1476 1195 1531 1222 τῶν
1546 1197 1717 1230 ἀποκρίσεων
1734 1196 1862 1230 vomeri};

1070 1240 1117 1266 καὶ
1132 1240 1286 1267 εὐσύνετον.
1303 1241 1359 1267 Καὶ
1375 1240 1462 1272 οὕτως
1477 1238 1511 1276 ἦν
1523 1241 1568 1267 ἐπὶ
1584 1242 1651 1268 πολὺ
1671 1242 1791 1274 σιωπῶν,
1809 1242 1862 1266 καὶ

1069 1286 1099 1312 ὲν
1114 1285 1233 1320 θαύματι
1244 1286 1345 1317 ταύτας
1360 1286 1534 1321 ποιούμενος,
1549 1285 1612 1320 Ὀψὲ
1627 1287 1650 1313 δ’
1667 1285 1713 1312 οὖν
1723 1288 1795 1321 ὅμως
1810 1295 1862 1312 και.

1070 1332 1203 1366 δευτέραν
1218 1331 1354 1367 ἐρώτησιν
1368 1333 1467 1366 ἐπῆγε,
1483 1333 1543 1360 τινα
1562 1342 1592 1358 τε
1609 1333 1642 1358 τὰ
1657 1332 1788 1366 ὀνόματα,
1809 1334 1859 1357 καὶ

1071 1378 1131 1412 ἥτις
1145 1378 1239 1409 αὑταῖς
1267 1377 1468 1412 πυνθανόμενος
1491 1379 1507 1413 ή
1525 1378 1634 1412 πατρίς.
1652 1378 1685 1404 Al
1700 1379 1740 1410 δὲ,
1758 1377 1861 1412 Πρῶτα

1073 1423 1122 1458 μὲν
1145 1423 1199 1450 ἀπὸ
1221 1423 1342 1457 Χριστοῦ
1366 1423 1535 1458 κεκλήμεθα,
1553 1422 1639 1450 εἷπον.
1657 1424 1688 1449 Ει
1710 1424 1738 1450 δὲ
1764 1423 1860 1449 καὶτὸ

1071 1468 1125 1494 ἀει-ιδ
1146 1468 1193 1494 τοῦ
1215 1468 1403 1502 βαπτίσματος
1420 1468 1506 1502 ὄνομα
1520 1468 1561 1494 δεῖ
1584 1469 1754 1502 προσθεῖναι,
1771 1469 1786 1501 ή
1807 1468 1861 1502 μὲν

1077 1514 1240 1549 Μηνοδώρα,
1259 1515 1276 1549 ἡ
1299 1514 1327 1540 δὲ
1342 1514 1522 1549 Μητροδὼρα,
1547 1516 1593 1540 καὶ
1611 1515 1627 1549 ή
1643 1515 1701 1546 μετ’
1722 1514 1806 1549 αὐτὴν
1830 1514 1862 1540 δὲ

1072 1559 1265 1595 Νυμφαδώρα,
1294 1559 1439 1594 λεγόμεθα.
1467 1559 1598 1593 Πατρίδος
1625 1559 1776 1593 ὁρμώμεθα
1805 1559 1862 1593 τῆς

1073 1605 1205 1633 Βιθυνῶν.
1222 1606 1347 1641 Ἔφυμεν
1359 1606 1386 1632 δὲ
1398 1606 1451 1632 ἀπὸ
1466 1605 1513 1631 τοῦ
1530 1605 1612 1632 αὐτοῦ
1628 1606 1796 1641 σπέρματος,
1809 1607 1863 1631 καὶ.

1074 1653 1126 1680 ὑπὸ
1143 1653 1191 1687 τῆς
1202 1653 1286 1688 αὐτῆς
1303 1653 1404 1688 μητρὸς
1420 1653 1592 1687 ἐτράφημεν,
1610 1653 1658 1678 καὶ
1674 1652 1726 1679 ὑπὸ
1739 1653 1794 1678 τῶν
1810 1653 1864 1678 αὑ-

1074 1699 1128 1726 τῶν
1144 1699 1245 1733 γονέων
1260 1698 1440 1734 ὴγαπὴμεθα,
1457 1699 1504 1725 καὶ
1518 1700 1568 1734 τὴν
1592 1699 1676 1734 αὐτὴν
1691 1699 1797 1734 μητέρα
1811 1699 1863 1725 καὶ

1073 1745 1117 1772 τὸν
1133 1745 1214 1772 αὑτὸν
1230 1745 1336 1779 πατέρα
1349 1745 1626 1780 προσηγορεὺσαμεν.
1643 1746 1696 1771 Καὶ
1720 1744 1863 1774 πολιτείας

1073 1791 1102 1817 δὲ
1120 1790 1249 1826 ἡψάμεθα
1265 1791 1314 1826 τῆς
1335 1791 1432 1826 αὐτῆς,
1458 1791 1506 1818 καὶ
1533 1792 1583 1827 τῆς
1604 1791 1664 1827 ἴσης
1684 1791 1724 1817 ἔτι
1739 1791 1863 1826 ἐχόμεθα

1072 1837 1195 1872 γνώμης-

1106 1885 1142 1911 Δ¹.
1169 1883 1206 1910 Τὸ
1230 1883 1386 1918 ἐλευθέριον
1399 1883 1490 1910 τοίνυν
1512 1883 1561 1910 τοῦ
1577 1892 1608 1910 τε
1622 1884 1726 1918 τρόπου
1740 1884 1789 1910 καὶ
1804 1883 1863 1910 τῶν

1073 1929 1205 1965 ῥημάτων
1217 1930 1307 1966 ᾑσυχῆ
1324 1931 1429 1962 ἐκεῖνος
1443 1929 1599 1964 θαυμάσας,
1618 1931 1773 1966 περιέργως
1786 1931 1862 1963 ἄγαν

1073 1977 1087 2002 6
1105 1976 1190 2008 δεινὸς
1204 1977 1251 2003 καὶ
1268 1976 1402 2010 ὑπούλως,
1423 1976 1520 2010 κλέψαι
1538 1977 1588 2008 τὰς
1608 1977 1759 2012 παρθένους
1777 1977 1862 2007 εὐθὺς

1072 2022 1209 2057 ἐπεχείρει
1222 2042 1229 2054 ,
1246 2023 1290 2059 Μὴ
1306 2022 1352 2049 οὖν
1367 2022 1384 2049 ἃ
1410 2023 1435 2049 οι
1457 2022 1525 2054 θεοὶ,
1540 2022 1641 2057 λέγων,
1667 2023 1706 2054 εἰς
1731 2022 1863 2058 ὁμόνοιαν

1072 2068 1133 2099 ταῖς
1156 2068 1284 2103 ἀδελφαῖς
1300 2071 1437 2104 παρέσχον
1459 2069 1493 2096 τὰ
1508 2069 1608 2103 ἀγαθὰ,
1630 2069 1732 2104 μάταια
1767 2068 1863 2103 ὑμεῖς.

1073 2111 1095 2141 ὢ
1113 2114 1189 2149 φίλαι
1204 2116 1299 2150 κόραι,
1320 2117 1469 2150 ποιήσητε·
1489 2115 1549 2142 ἀλλ’·
1566 2116 1613 2142 ἐπὶ
1628 2116 1715 2142 ταῦτα
1729 2116 1776 2142 καὶ
1791 2116 1862 2142 illa.

1072 2159 1238 2194 οἰκοδομεῖτε
1253 2161 1348 2194 φιλικὰ
1364 2160 1443 2196 ἔργα,
1462 2161 1510 2187 καὶ
1523 2160 1627 2195 ἀδελφά
1647 2169 1694 2196 μοι
1710 2159 1782 2187 οὕτω
1808 2160 1860 2187 τοῦ

1072 2205 1167 2232 λοιποῦ
1193 2207 1315 2240 φρονεῖτε
1338 2215 1345 2222 ·
1377 2207 1424 2234 καὶ
1449 2207 1583 2242 πειθήνιοί
1620 2215 1666 2242 μοι
1701 2207 1860 2242 γενόμεναι,

236 2251 335 2296 sentite
381 2265 519 2300 protinus,
536 2270 590 2290 nec
618 2262 749 2290 sustineat
779 2262 864 2289 altera
906 2261 1019 2288 alteram

1074 2254 1150 2288 κοινῇ
1165 2251 1238 2279 οὕτω
1262 2253 1311 2278 καὶ
1340 2254 1397 2284 τοῖς
1423 2252 1494 2284 θεοτς
1520 2253 1622 2280 θύσατε
1648 2253 1695 2279 καὶ
1710 2253 1748 2285 ὡς
1777 2253 1863 2279 ἀδελ-

236 2319 357 2340 sororem
376 2310 469 2337 videre
486 2308 654 2342 turpissima,
682 2315 698 2334 o
726 2307 761 2334 dii
775 2308 782 2334 !
798 2312 825 2334 et
846 2307 1021 2334 acerbissima

236 2360 395 2394 patientem,
405 2356 531 2385 ezﬂorem
541 2354 751 2390 pulchritudinis
764 2353 869 2388 probris
888 2358 914 2380 et
925 2357 1022 2380 contu-

237 2405 325 2432 meliis
373 2402 564 2430 miserabiliter
595 2400 675 2428 aﬂici.
700 2400 762 2427 Haec
802 2408 876 2435 ergo,
907 2404 936 2427 ut
963 2401 1020 2434 qui,

237 2459 297 2484 quae
313 2455 431 2485 oportet,
456 2449 543 2476 dicam
560 2450 588 2474 et
604 2447 681 2474 vobis
699 2447 785 2478 utilia,
801 2454 816 2474 a
839 2454 882 2473 me
893 2446 1020 2480 accipite,

239 2500 266 2522 ct
283 2495 348 2522 mihi
373 2498 475 2529 parete,
504 2498 632 2526 tanquam
655 2492 735 2529 patri,
763 2491 791 2518 in
820 2499 866 2518 vos
882 2496 1020 2526 paternam

237 2536 359 2563 servanti
414 2532 597 2562 aﬂectionem.
637 2532 683 2560 Sic
734 2535 807 2559 enim
852 2532 1022 2567 imperatoris

236 2581 456 2609 benevolentiam
471 2578 654 2615 assequemini
667 2582 694 2606 et
709 2578 833 2613 gloriam,
844 2583 872 2606 et
889 2586 937 2605 vos
949 2579 1024 2605 exci-

238 2629 294 2662 piet
317 2627 455 2654 afﬂuentia
473 2630 500 2654 et
518 2633 592 2653 mare
616 2625 766 2658 bonorum;
778 2629 805 2651 et
817 2624 914 2652 merito
930 2624 1023 2651 felices

237 2680 345 2708 semper
374 2671 606 2702 existimabimini,
615 2675 644 2698 et
658 2670 796 2697 memoriae
809 2669 1022 2697 mandabimini:

237 2720 280 2745 sin
331 2718 421 2744 minus
460 2716 578 2744 immane
625 2719 654 2743 et
695 2715 804 2742 crudele
858 2714 1022 2749 supplicium

237 2767 380 2790 consumet
398 2762 538 2797 pulchram
553 2766 668 2787 vestram
692 2763 720 2786 et
739 2764 860 2786 teneram
891 2758 1021 2793 speciem.

238 2808 278 2834 Ad
303 2807 366 2834 .hzec
380 2807 520 2841 excipiens
553 2805 698 2832 Mentnlora
713 2824 720 2837 ,
736 2805 770 2831 At
800 2803 888 2835 nobis.
923 2803 1022 2838 inquit,

239 2861 255 2879 ο
279 2852 373 2887 iudex,
410 2859 461 2879 nec
495 2859 556 2886 quat
593 2856 622 2878 tu
652 2850 788 2884 promittis
815 2849 941 2876 videntur
962 2856 1022 2877 esse

241 2905 348 2934 magna,
376 2905 432 2925 nec
463 2905 524 2933 quin
556 2902 585 2924 tu
632 2904 727 2925 rursus
761 2896 876 2924 minaris
908 2901 1022 2931 possunt

1075 2300 1135 2334 φαι,
1152 2299 1198 2325 καὶ
1231 2299 1282 2333 μὲν
1310 2298 1375 2333 περὶ
1390 2299 1440 2333 τὴν
1465 2300 1504 2331 είς
1534 2299 1631 2328 αὐτοὺς
1651 2297 1756 2325 εὔνοιαν
1776 2297 1862 2328 εὐθὺς

1073 2345 1214 2372 διαστᾶσαι
1235 2344 1533 2380 ἀλλήλωνράνάσχεσθε
1556 2345 1674 2379 ἀδελφὴν
1688 2344 1763 2378 ὑμῶν
1783 2343 1861 2375 ιδεῖν,

1073 2391 1107 2417 τὰ
1121 2391 1257 2424 αἴσχιστα,
1276 2387 1298 2416 ὦ
1312 2390 1380 2421 θεοὶ,
1404 2392 1452 2417 καὶ
1479 2390 1632 2425 πικρότατα
1655 2389 1860 2424 ὑπομένουσαν,

1074 2437 1166 2463 καὶτὸ
1190 2437 1241 2470 τῆς
1258 2435 1332 2471 ὥρας
1349 2435 1430 2467 ἄνθος
1455 2436 1580 2468 ἐλεεινῶς
1606 2436 1795 2471 ὑϐριζόμενον.
1815 2435 1861 2468 Ὣς

1073 2479 1165 2507 οὗν-τὰ
1178 2481 1270 2507 δέοντα
1292 2481 1339 2507 καὶ
1361 2481 1498 2516 λυσιτελῆ,
1525 2480 1651 2515 λέγοντος
1671 2480 1749 2515 ἐμοῦ,
1772 2479 1861 2511 οὕτως

1074 2526 1250 2562 ἀποδέχεσθε,
1272 2527 1319 2553 καί
1345 2535 1391 2561 μοι
1411 2527 1460 2553 ὅσα
1476 2527 1524 2554 καὶ
1544 2526 1736 2561 περιπείθεσθε
1760 2534 1861 2560 πατρι»

1074 2573 1127 2608 κὴν
1156 2574 1223 2608 πρὸς
1252 2573 1323 2608 ὑμᾶς
1351 2573 1478 2608 τηροῦντι
1499 2573 1628 2600 διάθεσιν.
1657 2573 1735 2599 οῦτω
1757 2573 1811 2608 γὰρ
1828 2573 1859 2598 Et:

1074 2619 1218 2653 εὐμενείας
1236 2627 1265 2645 τε
1287 2619 1460 2654 ἀπολαύσητε
1480 2618 1621 2653 βασιλικῆς
1643 2619 1689 2645 καὶ
1701 2618 1793 2653 δόξης,
1812 2617 1860 2643 εὓ-

1077 2663 1136 2698 ροιά
1160 2671 1189 2690 τε
1215 2664 1273 2698 βίον
1297 2665 1368 2699 ὑμᾶς
1379 2664 1428 2690 καὶ
1450 2663 1560 2698 ἀγαθῶν
1572 2663 1712 2698 ὲκδέξηται
1726 2663 1862 2697 θάλασσα,

1074 2710 1122 2736 καὶ
1150 2710 1346 2746 μακαρίζοισθέ
1372 2719 1403 2745 γε
1428 2710 1539 2743 δικαίως
1554 2710 1599 2737 τδν
1626 2712 1669 2738 ἀεὶ
1691 2711 1797 2746 χρόνον,
1814 2712 1864 2737 καὶ

1076 2757 1186 2791 μνήμης
1200 2757 1370 2791 τυγχάνοιτε.
1388 2757 1419 2784 El
1437 2756 1519 2790 δὀὗν,
1540 2757 1607 2783 ἀλλὰ
1618 2757 1678 2793 χεὶρ
1694 2757 1802 2792 ἀπηνής
1814 2758 1864 2783 καὶ

1074 2802 1184 2833 κόλασις
1200 2802 1339 2838 ὼμοτέρα,
1356 2803 1387 2830 τὸ
1400 2803 1492 2836 καλὸν,
1521 2804 1595 2838 οῐμοι
1615 2804 1664 2838 τῆς
1693 2803 1768 2838 ὧρας
1780 2803 1865 2842 τοὸξο

1074 2848 1121 2875 καὶ
1148 2847 1253 2875 ἁπαλὸν
1286 2848 1465 2877 ἀναλώσουσι.
1493 2849 1565 2884 Πρὸς
1591 2844 1865 2884 ταῦτα’Μηνοδὼρα

1075 2895 1260 2930 ὑπολαϐοῦσα,
1291 2896 1360 2924 Ἀλλ’
1383 2893 1493 2932 ἡμῖν,ὣ
1518 2896 1620 2932 ἄρχων,
1639 2895 1801 2929 εἷπεν,οὖτε
1828 2898 1865 2924 τὰ
