2034 3152
230 174 283 204 65')

844 171 989 202 MENSIS
1008 170 1248 200 SEPTEMBER.

1803 164 1857 195 660

229 229 305 263 tatiol
321 237 398 256 meus
426 236 513 260 amor.
540 228 573 256 ad
603 233 628 256 te
652 237 728 265 spem
765 237 851 257 meam
879 228 1016 262 confugio.

1069 227 1142 260 δέξαι
1164 235 1215 261 μου
1229 226 1278 262 τὴν
1296 225 1388 261 ψυχὴν
1405 224 1465 260 μετ’
1489 223 1615 259 εἰρήνης·
1638 221 1704 248 αὑτό
1719 230 1748 247 τε
1765 222 1857 256 ἁφῆχι

227 275 319 310 aecipe
335 275 361 302 in
376 282 441 310 pace
456 282 541 302 meam
556 275 685 308 animam,
703 280 730 303 et
744 276 831 310 ipsum
851 275 941 303 emisit
961 275 1017 309 spi-

228 320 320 352 ritum,
346 325 373 348 et
401 320 528 355 praeclare
555 321 679 347 ascendit
706 320 738 348 ad
769 328 910 355 sponsum.
936 328 1017 355 quem

226 366 364 402 diligebat.
379 375 425 402 pro
441 367 499 402 ipso
508 366 641 402 susceptis
655 365 825 402 stigmatibus
836 371 862 393 et
874 367 1016 394 vulnerum

226 411 397 439 cicatricibus
412 416 550 445 exornatal
580 415 606 439 et
621 412 717 447 quovis
745 411 810 439 ﬂore
827 412 976 446 speciosius
991 417 1018 439 et

223 458 372 492 jucundius
387 459 502 486 variata.

261 505 306 532 Vl.
322 505 386 532 Post
401 511 530 540 quartum
543 509 633 533 autem
650 506 721 533 diem
739 514 801 533 cum
819 506 889 540 apud
909 514 938 533 se
953 514 1014 533 con-

225 549 354 577 sultasset
370 558 501 581 assessor.
519 558 552 577 ne
569 550 602 577 ab
614 550 674 578 aliis
686 558 794 586 quoque
805 550 865 585 ejus
877 551 1018 578 sororibus

225 596 389 628 vinceretur,
404 600 431 623 et
446 596 566 623 animum
584 601 718 624 versasset
736 597 763 623 in
776 605 883 624 omnem
901 602 1014 631 partem,

225 646 251 668 et
267 641 365 668 mentis
395 642 596 676 quodammodo
630 642 725 669 intima
750 642 911 677 explicasset
930 650 1014 678 pene-

226 688 315 720 tralia,
328 687 506 715 Metrodoram
520 688 629 723 quidem
646 692 674 716 et
700 687 919 724 Nymphodoram
941 689 1016 716 ducit

215 733 260 760 -ad
274 733 402 762 tribunal.
418 733 471 761 Eas
489 740 579 761 autem
598 734 643 761 ille
655 734 765 769 quidem
780 735 862 762 miser
875 735 925 762 sub
936 742 1015 762 suum

225 780 351 815 producit
364 785 552 815 conspectum,
568 786 595 808 et
608 781 685 815 ponit
701 785 764 808 ante
780 781 862 816 pedes
875 780 1018 817 virginales

225 826 368 861 pulchrum
383 826 449 854 illud
466 834 565 861 corpus
585 827 698 859 sor0ris,
719 827 791 862 quod
822 835 874 854 non
902 826 1019 854 habebat

224 872 364 905 amictum,
380 879 435 899 non
459 872 686 906 integumentum,
714 878 801 900 totum
828 872 960 900 tumidum
991 878 1018 900 et

224 917 378 945 confectum
394 918 536 950 vibicibus,
551 925 701 953 apertaque
730 919 876 954 flagrorum
906 923 933 946 et
961 919 1018 954 pla-

224 971 318 997 garum
336 963 447 998 vestigia
468 964 559 991 ferens
576 964 602 991 in
621 965 694 991 omni
722 965 856 996 membro,
885 970 912 992 et
937 964 1016 999 quasi

224 1009 349 1036 sentibus
372 1009 491 1036 obsitum
517 1009 687 1040 vulneribus,
724 1010 849 1037 mirabile
882 1010 1017 1044 quoddam

224 1053 407 1087 spectaculum
421 1059 449 1081 ct
477 1062 527 1081 uec
542 1054 608 1089 ipsis
626 1054 734 1089 quidem
765 1055 850 1082 oculis
877 1055 1016 1082 credibile.

223 1099 268 1125 Sic
279 1098 352 1125 enim
379 1099 552 1126 existimabat
573 1098 641 1132 fore,
659 1105 687 1126 ut
716 1107 762 1127 eas
788 1099 1017 1134 obstupefaceret.

224 1150 251 1172 et
266 1149 367 1174 metum
386 1145 425 1173 eis
453 1145 574 1177 ati'crret,
599 1146 756 1173 timentibus
774 1153 808 1173 ue
834 1146 873 1173 eis
888 1146 939 1173 tale
966 1146 1017 1172 ali-

223 1190 288 1225 quid
302 1190 434 1218 eveniret.
452 1191 505 1219 Sed
536 1191 610 1219 illius
641 1191 749 1226 quidem
778 1199 879 1227 corpus
908 1191 948 1220 sic
969 1191 1018 1219 fuit

224 1237 403 1271 propositum,
418 1243 446 1264 et
474 1245 572 1265 omnes
597 1238 644 1272 qui
659 1237 910 1270 circumsistebant,
926 1237 1017 1264 animo

224 1284 463 1317 perturbabantur,
478 1288 505 1311 et
517 1284 674 1312 manifestas
685 1284 861 1312 cll‘undcbant
873 1285 1016 1320 lacryutasl

223 1335 249 1356 ct
262 1336 295 1356 eo
325 1329 482 1364 spcctaulo
517 1331 696 1357 movebantur
729 1332 760 1358 ad
791 1330 1016 1363 misericordiam,

224 1379 322 1411 praeter
337 1384 435 1404 saevam
449 1382 477 1404 et
499 1377 645 1404 immanem
671 1377 790 1404 animam
808 1376 918 1412 judicis.
949 1377 1016 1403 lium

224 1423 297 1450 enim
321 1431 376 1451 non
397 1422 584 1451 misericordia
615 1423 663 1450 sed
678 1422 719 1450 ira
742 1422 832 1458 potius
860 1422 970 1450 subibat
991 1427 1019 1450 et

224 1469 384 1504 indignatio.
407 1470 461 1497 illa:
476 1474 567 1497 autem
592 1469 770 1496 trahebantur
793 1469 903 1504 quidem
918 1476 933 1496 a
953 1476 1017 1504 pro-

223 1516 290 1550 priis
306 1515 455 1543 visceribus
469 1516 502 1544 ad
515 1515 735 1551 lacrymandum;
753 1515 800 1542 sed
817 1515 842 1542 id
855 1515 896 1543 eis
911 1523 1017 1550 nequa—

1068 276 1098 301 τὸ
1112 274 1221 309 πνεῦμα
1242 274 1289 301 καὶ
1312 274 1381 309 πρὸς
1395 271 1426 299 δν
1450 272 1546 307 ἠγάπα
1576 271 1692 305 νυμφίον
1721 270 1858 304 λαμπρῶς

1068 321 1225 356 ἀνέρχεται,
1247 321 1304 352 τοῖς
1321 320 1391 355 ὑπὲρ
1406 317 1490 346 αὐτοῦ
1507 318 1640 352 στίγμασι
1660 316 1708 343 καὶ
1727 317 1786 348 ταῖς
1803 315 1860 344 τῶν

1068 368 1235 403 τραυμάτων
1260 367 1354 398 οὐλαῖς
1385 365 1518 393 κάλλιστα
1546 363 1781 397 διεσκευασμένη,
1809 362 1858 388 καὶ

1069 414 1170 445 παντὸς
1192 414 1290 445 ἄνθους
1317 411 1503 448 εὐχροώτερόν
1530 419 1559 437 τε
1589 408 1790 444 πεποικιλμένη
1810 408 1859 434 καὶ

1068 460 1257 496 χαριέστερον.

1105 505 1150 539 (τ’.
1168 505 1245 532 Μετὰ
1260 505 1352 540 μέντοι
1368 505 1506 539 τετάρτην
1525 504 1634 540 ἡμέραν
1650 503 1823 538 σκεψάμενος
1844 502 1859 529 ὁ

1070 551 1262 587 συμπάρεδρος
1279 552 1354 582 ὅπως
1379 551 1412 578 ἂν
1433 550 1470 586 μὴ
1499 551 1546 577 καὶ
1573 551 1628 577 τῶν
1655 550 1744 577 ἀλλων
1772 549 1858 584 αὐτῆς

1069 597 1192 632 ἀδελφῶν
1209 597 1352 632 ἡττηθείη,
1377 596 1425 623 καὶ
1447 596 1618 631 πανταχόθεν
1645 595 1856 631 συγκροτηϐεὶς,

1070 644 1118 670 καὶ
1132 643 1302 679 ὦσπερ¹τινὰ
1323 643 1478 678 βαθυτέραν
1493 642 1652 674 ἀναπτύξας
1666 643 1763 677 φρένα,
1779 642 1859 676 Νυμν

1070 688 1196 724 ιροδώραν
1226 689 1277 724 μὲν
1303 689 1365 722 ἄγει
1385 688 1434 715 καὶ
1458 687 1646 723 Μητροὸὡραν
1673 687 1712 721 τῲ
1741 687 1856 722 βήματι·

1071 735 1194 770 παράγει
1209 735 1237 761 δὲ
1252 736 1265 761 ὀ
1285 734 1377 765 ἅθλιος
1401 734 1453 760 ὐπὶ
1468 734 1518 768 τὴν
1541 733 1602 768 ὅφιν
1622 733 1718 764 αὐταῖς
1735 734 1782 759 καὶ
1803 733 1859 767 πρὸ

1069 782 1124 808 τῶν
1141 780 1230 808 ποδῶν
1252 781 1343 816 τίθησι
1358 781 1410 807 τῶν
1423 779 1599 816 παρθενικῶν
1619 779 1650 805 τὸ
1667 779 1751 805 καλὸν
1768 780 1859 806 ἐκεῖνο

1070 827 1119 862 τῆς
1132 827 1250 861 ἀδελφῆς
1266 825 1345 861 σῶμα
1357 833 1363 841 ·
1380 825 1430 853 οὒκ
1445 825 1585 860 ἐπίϐλημα
1605 825 1678 858 έχον,
1695 825 1724 851 οὐ
1740 824 1857 859 περικά-

1068 872 1175 908 λνμμσ,
1195 871 1255 899 δλον
1269 871 1401 907 διῳδηκὸς
1424 871 1482 903 τοῖς
1511 871 1624 906 μώλωψι
1640 871 1686 897 καὶ
1707 878 1857 904 κατειργα-

1071 919 1181 952 σμένον,
1201 917 1275 952 σαφῆ
1292 917 1325 944 τὰ
1338 917 1392 943 τῶν
1409 917 1550 952 μαστίγων
1565 917 1625 952 ῐχνη
1644 917 1692 942 καὶ
1706 915 1762 944 τῶν
1785 915 1858 950 πλη-

1069 963 1126 997 γῶν
1138 963 1184 989 ἐπὶ
1199 963 1298 994 παντὸς
1311 963 1395 996 φέρον
1409 962 1507 998 μέλους
1523 963 1570 988 καὶ
1587 961 1785 997 ὴκανθωμένον
1801 962 1859 992 τοῖς
1892 990 1894 992 _

1069 1009 1220 1045 τραύμασι,
1243 1008 1401 1043 παράλογόν
1420 1017 1446 1034 τι
1468 1008 1558 1043 θέαμα
1580 1008 1628 1035 καὶ
1648 1007 1708 1034 οὐδὲ
1724 1007 1798 1042 αὑτῷ
1814 1015 1860 1034 πι-

1071 1055 1132 1081 στὸν
1159 1055 1276 1090 ὄμματι.
1302 1055 1397 1090 Ταύτῃ
1421 1054 1476 1089 γὰρ
1493 1054 1579 1086 αὑτὰς
1599 1053 1786 1089 καταπλήξειν
1809 1053 1861 1080 καὶ

1069 1101 1109 1133 εἰς
1123 1101 1182 1133 δέος
1205 1101 1337 1136 ἐμϐαλεῖν
1358 1100 1438 1136 ᾤετο,
1457 1101 1612 1133 δεδοικυίας
1637 1101 1675 1136 μὴ
1703 1102 1751 1127 καὶ
1771 1099 1859 1130 αὐτὰς

1070 1147 1105 1174 τὰ
1132 1148 1313 1182 παραπλήσια
1352 1147 1449 1174 παθεῖν
1485 1147 1600 1180 γένοιτο.
1637 1147 1718 1174 ‘Atta
1750 1146 1780 1172 τὸ
1810 1146 1860 1180 μὲν

1070 1194 1177 1229 ὲκεῖνης
1209 1194 1289 1229 σῶμα
1320 1193 1392 1220 οὓτω
1429 1193 1584 1228 προέκειτο,
1614 1193 1662 1219 καὶ
1697 1192 1798 1223 πάντες
1832 1192 1858 1218 οι

1070 1241 1283 1276 περιεστηκότες
1308 1240 1476 1275 ἐπληροῦντο
1500 1239 1622 1272 πάθους,
1660 1239 1708 1266 καὶ
1739 1239 1779 1270 εις
1809 1238 1857 1265 δά-

1070 1296 1142 1323 κρυα
1166 1286 1272 1322 φανερὰ
1299 1286 1463 1320 κατήγοντο,
1480 1285 1528 1312 καὶ
1551 1285 1591 1316 είς
1625 1283 1716 1312 οίκτον
1741 1284 1794 1310 ὑπὸ
1808 1284 1859 1319 τῆς

1070 1334 1135 1366 θέας
1150 1332 1288 1360 ἐκινοῦντο
1312 1333 1383 1368 πλὴν
1401 1332 1452 1367 τῆς
1466 1331 1514 1359 τοῦ
1540 1331 1670 1358 δικαστοῦ
1691 1330 1780 1366 ψυχῆς
1807 1330 1859 1365 τῆς

1069 1379 1192 1416 ἀπηνοῦς
1211 1389 1240 1407 τε
1269 1379 1316 1406 καὶ
1342 1378 1493 1414 ἀνημέρου.
1514 1377 1616 1404 Τοῦτον
1635 1378 1689 1413 γὰρ
1710 1378 1759 1404 οὐκ
1783 1376 1859 1408 έλεος

1069 1425 1129 1453 ἀλλ’
1142 1426 1212 1461 ὀργὴ
1230 1424 1331 1460 μᾶλλον
1348 1424 1395 1451 καὶ
1420 1425 1533 1458 νέμεσις
1559 1424 1695 1459 ὑπιισῄει.
1715 1424 1747 1450 Αἱ
1764 1423 1792 1450 δὲ
1810 1424 1860 1450 δα-

1070 1472 1170 1509 κρῦσαι
1188 1472 1238 1507 μὲν
1249 1471 1301 1498 ὑπὸ
1317 1471 1371 1497 τῶν
1383 1470 1494 1498 οῐκείων
1511 1470 1675 1506 σπλάγχνων
1688 1470 1859 1504 ἐφείλκοντο,
1897 1482 1909 1493 σι

1069 1519 1100 1546 τὺ
1114 1518 1233 1550 συνειδὸς
1254 1517 1283 1544 δὲ
1300 1518 1398 1549 αὑταῖς
1418 1516 1467 1543 οὐκ
1489 1516 1650 1552 ἐπέτρεπεν.
1668 1516 1787 1552 ᾜδεσαν
1803 1516 1860 1551 γὰρ

224 1570 304 1597 quam
325 1562 449 1598 permisit
461 1561 638 1590 conscientia.
659 1561 789 1589 Sciebant
806 1561 879 1588 enim
899 1566 926 1588 et
943 1568 1015 1587 mar-

1072 1565 1199 1602 μάρτυρά
1210 1573 1238 1591 τε
1254 1564 1303 1600 τὴν
1317 1563 1435 1600 ἀδελφὴν
1452 1561 1534 1595 εἶναι,
1554 1562 1601 1590 καὶ
1613 1563 1694 1589 τοῦτο
1709 1563 1757 1589 καὶ
1771 1563 1861 1594 αὐτὰς

224 1613 310 1643 tyrem
338 1616 399 1636 esse
422 1615 557 1641 sororem,
581 1612 609 1636 et
632 1608 706 1643 ipsas
726 1615 834 1643 quoque
849 1607 901 1634 hoc
924 1611 1017 1642 postea

224 1655 374 1687 futuras,et
388 1654 422 1681 ad
438 1655 524 1690 ipsam
540 1661 602 1682 mox
612 1661 672 1682 esse
684 1659 814 1681 venturas
826 1661 874 1689 per
885 1661 1016 1682 consum-

224 1700 382 1727 mationem.
405 1699 497 1735 Itaque
521 1699 561 1728 sic
582 1699 695 1727 fuerunt
718 1699 831 1733 affectae,
856 1699 970 1735 perinde
988 1707 1020 1729 ac

225 1746 247 1772 si
259 1745 397 1773 venissent
413 1745 446 1773 ad
469 1745 604 1773 thalamos
626 1745 753 1779 sororis;
783 1751 917 1781 erantque
941 1745 1019 1773 valde

227 1791 295 1818 bene
310 1796 336 1819 et
351 1791 438 1826 plena:
461 1791 612 1826 voluptate,
628 1797 659 1819 ut
684 1799 743 1826 quae
768 1799 828 1819 eam
851 1792 1019 1820 deducerent

227 1838 262 1865 ad
280 1838 425 1870 thalamos,
455 1837 482 1865 in
499 1845 568 1872 quos
593 1845 647 1865 non
675 1838 748 1865 cadit
771 1838 907 1870 interitus,
934 1843 961 1864 ρι
990 1843 1019 1865 ut

225 1892 260 1911 ne
277 1884 343 1919 ipsa;
366 1884 400 1911 ab
425 1884 458 1911 iis
481 1889 574 1912 essent
599 1888 710 1912 remotae
748 1889 937 1919 properarent.
964 1883 1017 1912 Sed

222 1930 308 1967 judex
321 1931 427 1958 etiamsi
443 1935 496 1958 tam
509 1930 571 1958 forti
591 1935 618 1958 et
636 1935 687 1958 tam
707 1931 815 1968 e_xcelso
830 1931 945 1959 fuissent
957 1931 1017 1958 ani-

225 1984 271 2004 mo
285 1976 318 2004 ad
333 1981 510 2012 conspectum
520 1977 632 2008 sororis,
649 1984 703 2004 non
716 1977 871 2012 desperavit
887 1981 977 2004 tamen
988 1985 1018 2004 se

225 2031 272 2049 eas
286 2031 347 2050 esse
371 2030 565 2057 persuasurum
581 2031 588 2055 ;
604 2023 652 2050 sed
679 2023 720 2056 (ut
739 2026 781 2050 est
804 2023 831 2050 in
858 2022 1016 2058 proverbio)

226 2077 336 2096 clunem
351 2069 573 2104 movitlapidem,
595 2068 692 2104 partim
718 2069 828 2104 quidem
853 2069 935 2096 minis
963 2073 1018 2096 tor—

227 2121 382 2143 mentorum
398 2120 507 2142 tentans
521 2122 614 2142 earum
627 2114 792 2142 labefactare
803 2115 936 2146 animum,
954 2122 1017 2149 par-

227 2163 276 2188 tim
293 2166 383 2188 autem
400 2161 533 2188 bonorum
545 2160 688 2196 promissis
700 2161 803 2189 illicere
820 2169 827 2194 ;
842 2165 879 2193 et,
892 2161 920 2188 Si
934 2160 1017 2188 sacri-

228 2208 383 2240 ῐίι-ιινρι-ἱιίε,
401 2207 497 2242 inquit,
512 2207 629 2235 scribam
652 2207 742 2234 statim
759 2207 791 2234 ad
813 2207 1014 2242 imperatorem.

1074 1612 1173 1647 μικρὸν
1191 1610 1307 1646 ὕστερον
1321 1609 1442 1643 ἔσεσθαι,
1467 1609 1514 1636 καὶ
1535 1609 1604 1645 πρὸς
1625 1608 1711 1644 αὐτὴν
1729 1609 1790 1635 ὅσον
1814 1608 1862 1634 οὒ-

1070 1658 1145 1685 δέπω
1171 1657 1296 1693 χωρῆσαι
1323 1656 1367 1684 διὰ
1386 1655 1438 1690 τῆς
1461 1655 1546 1690 αὐτῆς
1569 1655 1737 1686 τελειώσεως
1761 1653 1861 1689 ἀμέλει

1070 1705 1117 1733 καὶ
1134 1704 1171 1736 ὼς
1187 1703 1233 1731 ἐπὶ
1252 1703 1392 1734 παστάδας
1415 1701 1465 1737 τῆς
1490 1701 1610 1737 ἀδελφῆς
1633 1700 1762 1728 ἐλθοῦσαι
1785 1699 1861 1727 οὕτω

1069 1752 1215 1783 διέκειντο,
1231 1750 1277 1777 καὶ
1292 1748 1404 1784 φαιδραί
1426 1756 1455 1774 τε
1475 1746 1546 1783 ἦσαν
1567 1747 1613 1775 καὶ
1628 1747 1726 1783 ἡδονῆς
1747 1746 1860 1782 μεσταὶ,

1069 1796 1113 1825 οἷα
1128 1798 1174 1825 ἐπὶ
1189 1798 1252 1829 τοὺς
1264 1797 1419 1832 ἀκηράτους
1433 1796 1583 1832 νυμφῶνας
1598 1797 1720 1828 ἐκείνους
1733 1794 1862 1830 προπέμο

1070 1853 1171 1872 πουσαι
1190 1844 1305 1879 ταύτην,
1325 1840 1362 1870 ὦν
1381 1843 1449 1879 μηδὲ
1466 1843 1547 1870 αὑταὶ
1563 1841 1762 1877 ἀπολειφθῆναι
1776 1840 1862 1876 ἠπεί-

1068 1900 1158 1927 γοντο.
1181 1890 1252 1918 Ἀλλ’
1263 1891 1277 1916 ὁ
1287 1890 1431 1926 δικαστὴς,
1449 1890 1539 1917 καίτοι
1554 1889 1690 1924 γενναίως
1711 1887 1784 1915 οὕτω
1800 1887 1862 1914 δια-

1069 1937 1200 1965 τεθεισῶν
1218 1936 1272 1963 τῶν
1285 1935 1430 1971 παρθένων
1445 1935 1513 1970 πρὸς
1521 1935 1570 1970 τὴν
1583 1935 1632 1970 τῆς
1646 1933 1766 1968 ἀδελφῆς
1779 1933 1857 1968 δψιν,

1068 1984 1143 2018 ὅμως
1158 1983 1189 2010 τὸ
1205 1983 1310 2010 πείσειν
1325 1981 1410 2017 αὐτὴν
1423 1981 1474 2008 οὐκ
1489 1981 1613 2016 ἀπέγνω.
1637 1979 1709 2007 ’Δλλ⁹
1725 1979 1833 2015 (ὥσπερ
1845 1979 1861 2005 ό

1068 2029 1158 2063 λόγος)
1179 2029 1271 2056 πάντα
1287 2027 1363 2055 λίθον
1379 2026 1466 2054 ἐκίνει
1476 2034 1484 2042 “
1497 2026 1579 2054 τοῦτο
1601 2025 1794 2062 μὲνάπειλαῖς
1810 2024 1862 2060 βα-

1069 2075 1159 2102 σάνων
1181 2073 1341 2101 κατασείειν
1355 2072 1446 2100 αὐτῶν
1460 2072 1491 2101 τὺ
1510 2072 1625 2109 στεῤῥὺν
1647 2071 1695 2098 τοῦ
1716 2071 1862 2106 φρονήμα-

1069 2130 1126 2153 τος,
1139 2121 1220 2148 τοῦτο
1241 2120 1270 2147 δὲ
1286 2120 1334 2147 καὶ
1352 2120 1463 2155 ἀγαθῶν
1480 2118 1657 2154 ἐπαγγελίαις
1678 2116 1862 2145 ὑποκλέπτειν

1069 2166 1166 2198 αὑταῖς
1179 2165 1368 2201 πειρώμενος·
1386 2166 1434 2192 καὶ
1448 2165 1485 2198 ὡς
1500 2165 1648 2199 Εἰθύσετε,
1665 2164 1743 2200 φησι,
1757 2162 1862 2198 γράψω

1071 2213 1244 2248 παραχρῆμα
1272 2211 1312 2247 τῷ
1338 2211 1455 2246 βασιλεῖ.
1490 2211 1520 2239 '0
1542 2211 1571 2238 δὲ
1591 2212 1639 2238 καὶ
1657 2211 1780 2246 χρήμασι
1810 2209 1860 2235 καὶ

227 2254 273 2281 ille
284 2258 373 2282 autem
387 2254 512 2289 pecuniis
527 2257 554 2281 et
580 2253 678 2288 opibus
708 2253 800 2280 multis
824 2261 870 2280 vos
894 2253 1015 2285 donabit,

1072 2259 1181 2294 πλούτῳ
1197 2258 1290 2293 πολλῷ
1309 2259 1457 2294 χαριεῖται,
1472 2258 1522 2285 καὶ⁹
1535 2257 1650 2293 ἀνδράσι
1672 2257 1746 2290 γένει
1761 2263 1791 2282 τε
1809 2256 1861 2281 καὶ.

227 2307 329 2335 \osque
362 2300 428 2327 viris
449 2307 550 2335 genere
571 2304 597 2327 et
617 2298 750 2334 dignitate
771 2299 929 2326 clarissimis
951 2307 1018 2327 con-

227 2345 321 2379 junzet
339 2345 523 2375 matrimonio,
547 2348 574 2371 et
602 2343 747 2371 invenietis
775 2351 890 2379 sponsos
923 2343 1019 2379 dignos

228 2396 317 2419 vestra
335 2390 548 2425 pulchritudine.

264 2447 319 2475 Vll.
335 2448 366 2474 Et
375 2447 397 2474 is
404 2447 513 2482 quidem
525 2446 593 2480 haec;
602 2446 653 2474 illae
664 2451 766 2474 autent:
776 2446 935 2481 Quousque,
946 2447 1019 2475 dice-

229 2495 304 2526 bant,
320 2500 375 2520 non
389 2492 520 2526 cessabis,
535 2493 629 2525 miser,
645 2500 700 2520 non
716 2498 809 2520 nostro
825 2493 912 2520 solum
923 2501 1017 2529 scopo.

229 2542 277 2568 sed
294 2541 376 2568 etiam
396 2539 443 2567 tibi
454 2539 505 2575 ipsi
518 2540 611 2568 dicere
622 2540 774 2568 contraria?
784 2546 812 2568 et
820 2549 894 2567 nunc
907 2541 1017 2576 quidem

230 2595 279 2614 nos
294 2594 393 2613 vocare
405 2593 513 2612 sorores
534 2585 617 2619 hujus
632 2585 726 2617 beatae,
746 2593 819 2612 nunc
845 2590 938 2613 autem
968 2593 1018 2613 nos

229 2632 348 2668 ngredi,
365 2636 493 2667 tanquam
520 2631 633 2663 alienas.
660 2636 688 2659 et
713 2639 773 2666 qum
801 2632 879 2659 facile
905 2635 1020 2666 possunt

230 2679 317 2706 vinci?
336 2679 364 2706 Si
382 2686 433 2706 nos
449 2686 514 2714 ergo
531 2678 670 2706 credidisti
688 2686 748 2706 esse
765 2686 875 2706 sorores
907 2685 1017 2713 genere.

231 2727 301 2754 hanc
316 2725 399 2753 etiam
413 2733 461 2759 pro
476 2726 577 2760 pietate
589 2725 784 2755 constantiam.
801 2729 831 2751 et
843 2723 912 2750 nihil
924 2723 1017 2757 abiec-

229 2779 304 2800 etum
316 2778 344 2800 et
366 2771 508 2803 illiberale.
523 2780 612 2807 neque
626 2771 671 2799 tali
687 2778 792 2802 sorore.
802 2764 895 2804 neque
908 2769 962 2800 illa,
987 2777 1020 2796 ex

229 2827 283 2854 qua
298 2823 354 2846 tres
365 2818 435 2844 rami
453 2818 505 2846 orti
523 2826 631 2851 sumus,
646 2817 738 2844 radice
753 2816 895 2851 indignum
923 2815 1019 2842 inven-

229 2868 320 2890 turum
333 2863 469 2891 existima.
484 2862 533 2890 Sin
546 2868 636 2890 autem
649 2862 688 2888 vis
696 2861 775 2894 scire,
786 2860 876 2896 qualis
884 2860 1020 2889 sitnostra

230 2909 396 2941 constantia,
412 2918 443 2937 ex
456 2918 487 2938 ea
505 2918 563 2945 qua
590 2908 730 2945 praeessit
745 2911 872 2937 accurate
889 2907 1018 2944 intellige.

1069 2303 1207 2340 ἀξιώμασι
1234 2303 1480 2339 περιφανεστάτοις
1508 2304 1576 2340 πρὸς
1596 2304 1685 2338 γάμον
1704 2303 1776 2337 ὑμᾶς
1792 2310 1860 2328 συν-

1069 2351 1160 2385 άψειε,
1177 2351 1226 2378 καὶ
1244 2350 1337 2382 ἀξίους
1351 2349 1397 2376 τοῦ
1420 2350 1533 2381 κάλλους
1552 2349 1629 2384 ὑμῶν
1646 2348 1778 2383 εὑρήσετε
1794 2347 1861 2378 τοὺς

1069 2398 1215 2433 νυμφίους.

1105 2443 1143 2472 Ζ’.
1156 2444 1212 2471 Καὶ
1226 2445 1240 2470 ὁ
1257 2443 1307 2478 μὲν
1319 2442 1406 2470 ταῦτα
1416 2450 1422 2458 ·
1435 2443 1464 2469 αἱ
1478 2442 1517 2475 δὲ,
1532 2443 1621 2478 Μέχρι
1636 2442 1718 2474 τίνος,
1727 2440 1814 2473 εἷπον,
1827 2443 1860 2468 οὺ

1071 2490 1180 2526 παύσῃ,
1194 2490 1324 2523 ἄθλιε,οὺ
1350 2490 1389 2524 τῷ
1413 2490 1539 2524 ἡμετέρῳ
1563 2489 1643 2523 μόνον
1673 2487 1777 2522 σκοπῷ,
1790 2487 1863 2514 ἀλλά

1070 2537 1117 2562 καὶ
1137 2535 1244 2570 σεαυτῷ
1263 2535 1298 2562 τὰ
1313 2535 1421 2562 ὲναντὲα
1448 2535 1658 2569 διαλεγόμενοςς
1681 2535 1728 2560 καὶ
1745 2533 1793 2559 νῦν
1810 2533 1863 2567 μὶν

1070 2581 1186 2616 ἀδελφὰς
1201 2582 1274 2616 ἡμᾶς
1290 2582 1339 2614 τῆς
1365 2581 1506 2616 μακαρίας
1530 2580 1632 2616 ταύτης
1650 2580 1753 2613 καλῶν,
1767 2579 1817 2606 νῦν
1829 2578 1861 2605 δὲ

1070 2626 1107 2658 ὡς
1122 2627 1279 2662 ἀλλοτρίαι;
1309 2627 1404 2658 οὔσαις
1421 2626 1598 2662 εὐχειρώτοις
1616 2624 1814 2662 προσϐάλλωνς
1827 2625 1863 2652 Ei

1069 2673 1158 2700 τοίνυν
1169 2673 1288 2708 ἀδελφὰς
1303 2672 1373 2700 εἶναι
1387 2673 1418 2700 τὸ
1435 2674 1513 2707 γένος
1527 2672 1727 2703 πεπίστευκας,
1737 2670 1861 2705 ἀδελφὰς

1071 2720 1117 2746 καὶ
1134 2721 1183 2754 τὴν
1196 2721 1282 2756 καλὴν
1296 2720 1398 2755 ταύτην
1413 2720 1483 2755 ὑπὲρ
1501 2719 1550 2754 τῆς
1576 2719 1717 2749 εὐσεϐείας
1734 2718 1862 2744 ἔνστασιν

1071 2766 1318 2802 ὑπολ.ἀμ6οινε,καὶ
1343 2767 1428 2802 μηδὲν
1454 2766 1566 2800 ἀγεννὲς
1593 2766 1622 2792 ὲν
1640 2766 1706 2799 ἡμῖν
1729 2764 1862 2799 εὑρήσειν

1071 2812 1140 2847 μηδὲ
1172 2813 1289 2847 ἀδελφῆς
1325 2814 1453 2849 τοιαύτης
1483 2812 1552 2848 μηδὲ
1581 2811 1660 2847 ῥίζης
1688 2810 1796 2845 ἐκείνης
1827 2808 1863 2846 ἦς

1071 2859 1095 2885 οι
1119 2859 1193 2895 τρεῖς
1220 2859 1324 2895 ιφυμεν
1349 2859 1442 2887 κλάδοι
1464 2859 1585 2893 ἀνάξιον.
1612 2858 1645 2886 Εἰ
1674 2857 1701 2884 δὲ
1719 2856 1768 2884 καὶ
1792 2856 1859 2890 περὶ

1073 2905 1150 2942 ἡμῶν
1176 2905 1263 2940 βούλει
1281 2905 1378 2941 μαθεῖν
1393 2906 1473 2933 ὁποῖα
1486 2905 1519 2933 ἀν
1537 2904 1587 2941 τὴν
1610 2904 1736 2932 ἔνστασιν
1752 2903 1864 2937 εἴημεν,
