2034 3152
184 146 236 180 661

589 149 823 180 MARTYRIUM
842 149 873 179 S.
893 148 1115 179 MENODOR/E
1135 149 1184 180 ET
1201 150 1410 181 SOCIARUM.

1762 147 1817 178 662

183 204 237 234 ἀπὸ
253 205 304 242 τῆς
318 203 510 240 προλαοούσης
523 205 646 241 ἀκριϐῶς
663 207 792 241 μάνθανε.
808 207 838 234 El
856 208 910 242 γὰρ
927 207 973 233 mi.

1027 206 1055 233 Si
1067 207 1140 234 enim
1152 214 1195 239 ea,
1211 215 1273 234 curn
1288 207 1391 235 nultum
1407 207 1521 235 haberet
1535 205 1674 241 exemplar
1695 206 1818 242 proposl'

183 252 267 288 χωρὶς
278 250 478 286 ὑποδείγματος
498 251 650 288 τηλικαύτη
665 252 742 288 ὤφθη
756 253 804 288 τὴν
822 254 934 289 ἀρετὴν,
949 254 975 281 τί

183 305 248 324 ποτε
277 295 311 323 ἂν
324 297 406 333 ἡμεῖς
425 296 578 332 δράσαιμεν
599 299 669 333 πρὸς
691 299 811 326 τοιοῦτον
820 299 975 335 ὑπόδειγμα

181 343 231 377 τὴν
258 343 379 377 ἀδελφὴν
411 342 580 377 βλέπουσαι;
594 345 629 370 Ἦ
641 345 691 380 οὐχ
713 337 780 380 (SMC
805 347 880 377 ὅπως
900 346 974 381 ἡμᾶς

183 387 229 414 καὶ
238 388 355 423 κειμένη
370 388 566 423 προτρέπεται,
577 391 682 424 καὶτῆς
697 391 859 425 συγγενείας
873 392 974 427 ὑπομι-

183 435 313 468 μνήσκει,
337 435 386 460 καὶ
405 435 475 470 πρὸς
491 436 538 461 τὸν
552 436 645 470 ὅμοιον
659 437 868 472 παραθαρρύνει
881 438 972 473 ζῆλον,

181 480 265 506 καλὸν
283 480 434 515 comam:
453 481 540 508 τύπον
571 483 672 518 ἑαυτήν
691 484 892 519 παρασχοῦσα;
920 481 974 516 Ἶ1ς

181 526 242 553 οὐδὲ
260 526 522 563 ἁπολειφθησόμιθα
545 529 611 561 laet,
626 530 686 557 οὐδὲ
703 530 752 566 τὴν
768 530 878 566 ἐκείνης
895 531 974 566 εὖγε-

181 580 258 598 νειαν
285 573 471 609 ἁτιμάσομεν.
491 576 530 602 Οὑ
555 575 714 610 ψευσόμεθα
738 577 802 609 τοὺς
830 578 974 611 τεκόντας,

180 619 290 654 ἐκείνης
303 620 426 655 πατέρας
443 619 514 648 εἶναι
529 622 672 650 πείθουσαι
688 624 784 658 μόνης,
806 624 831 650 εί
849 624 914 659 περὶ
923 624 973 661 τὴν

179 665 313 692 ἀσέϐειαν
339 667 413 700 ἡμᾶς
438 667 661 704 κινδυνεύσομεν.
694 669 816 705 Ἐρρἐτω
845 670 972 703 πλοῦτος,

180 713 288 747 ιρρέτω
304 712 380 745 δόξα,
396 712 430 739 τὰ
446 713 493 739 ἐπὶ
507 714 557 749 γῆς
579 714 665 742 ταῦτα
681 716 729 742 καὶ
755 716 796 747 είς
815 716 868 750 γῆν
894 715 973 748 αὖθις

181 757 301 792 ρἐνταυ
329 758 488 793 ἰρρἐωσαν
519 759 636 795 φθαρτοὶ
665 761 833 796 μνηστῆρες.
852 761 973 796 Ἐχομιν

179 803 300 838 Χριστὸν
316 805 399 839 ἡμεῖς
421 804 466 831 τὸν
494 807 630 842 ἡμέτερον
653 808 780 842 νυμφίον,
807 806 839 835 οὑ
868 808 972 843 σφόδρα

180 849 302 883 ἐρῶμεν,
317 847 340 884 ᾦ
355 851 402 877 καὶ
425 852 526 887 προῖκα
540 852 622 886 μόνον
638 853 684 879 τὸν
697 853 767 888 ὑπὲρ
782 853 866 880 αὑτοῦ
877 854 971 881 δοῦσαι

179 894 309 926 θάνατον,
317 896 458 928 παστάδας
468 905 496 923 τε
506 898 527 923 is
533 898 594 932 pic,
602 898 650 924 καὶ
660 898 798 933 θαλάμους
805 899 968 932 ἀθανάτους,

180 943 229 968 καὶ
256 942 405 976 νυμφῶνας
435 943 572 977 διηνεκεῖς
597 945 801 981 ἀντύάῦοιμεν,
829 947 877 973 καὶ
903 947 969 983 παρ’

178 986 256 1021 αὑτῷ
271 987 405 1023 λαμπρῶς
423 989 632 1025 βασιλεύσομεν.

217 1031 258 1060 ﬂ'.
273 1033 346 1068 Πρὸς
359 1034 445 1060 ταῦτα
459 1034 474 1060 ὁ
487 1035 630 1070 δικαστὴς,
643 1035 721 1068 εἰδὼς
738 1036 776 1068 ὡς
788 1037 899 1065 ἀνύσειε
918 1037 969 1072 μὲν

179 1077 264 1104 πλέον
280 1079 368 1110 οὐδὲν,
379 1079 578 1114 φλεγμαίνοντι
595 1081 623 1108 δὲ
638 1082 713 1117 ὅμως
734 1083 774 1118 τῷ
789 1083 868 1119 θυμῷ
888 1093 968 1120 χαρι-

178 1123 304 1157 ζόμενος,
319 1125 368 1159 τὴν
381 1125 512 1161 δευτέραν
526 1127 582 1154 τῶν
596 1128 719 1162 ἀδελφῶν
737 1129 854 1165 δευτέρᾳ
877 1129 969 1157 δίδωσι

177 1171 239 1200 ταῖς
255 1169 394 1204 βασάνοις.
413 1172 468 1198 Καὶ
485 1173 646 1208 μετεωρίζει
661 1173 711 1208 μὲν
727 1174 775 1200 ἐπὶ
788 1175 836 1201 τοῦ
855 1174 935 1208 ξύλου
951 1177 967 1212 ή

178 1216 293 1249 γενναία
321 1217 389 1251 γυνὴ
423 1218 604 1254 Μητροδώρα,
639 1219 780 1254 λαμπάδες
816 1221 845 1247 δὲ
883 1221 969 1256 πυρὸς

179 1261 305 1289 διέκαιον
321 1263 406 1298 αὐτὴν
421 1264 557 1291 πάντοθεν
567 1272 573 1280 ·
589 1266 637 1292 καὶ
650 1266 729 1302 ὡρῶν
749 1267 797 1293 δύο
819 1269 852 1303 τῇ
867 1267 970 1302 ἀπηνιῖ

177 1308 270 1344 ταύτῃ
297 1309 448 1346 πιεζομένη
481 1311 602 1343 κολάσει,
617 1312 663 1338 τδν
693 1312 814 1348 ἐραστὴν
835 1313 970 1340 meum

180 1354 273 1388 μόνον,
293 1355 342 1381 καὶ
371 1355 420 1390 τὴν
444 1357 551 1384 ἐκεῖθεν
575 1357 670 1384 ὲκάλει
697 1357 872 1393 ἐπικουρίαν.
888 1357 970 1386 Ἀλλὰ

181 1399 238 1433 μὴν
256 1399 318 1426 οὐδὲ
333 1399 543 1435 τῆςεὶδωλικῆς
563 1401 661 1436 ὴμέλιι
683 1402 802 1438 ἀπάτης,
824 1403 882 1429 ἀλλ’
903 1403 970 1438 ἔμυ-

179 1443 295 1479 κτήριζά
305 1453 336 1470 τε
347 1445 432 1480 αὐτὴν
443 1446 500 1477 καὶ,
509 1447 578 1480 ὅπερ
585 1444 619 1481 ἦν
628 1446 749 1482 ἀληθῶς,
758 1447 888 1482 αἰσχύνην
899 1447 968 1474 ἐδεί-

179 1499 229 1517 κνυ
243 1492 289 1517 καὶ
303 1491 423 1525 γέλωτα.
451 1492 549 1518 Ἐνοεν
561 1501 603 1519 τοι
624 1493 672 1519 καὶ
697 1493 814 1526 κατάγει
842 1493 893 1528 μὲν
918 1495 969 1528 τὴν

179 1535 308 1569 γενναίαν
322 1537 428 1564 ἐκεῖθεν
439 1545 444 1552 ·
464 1538 572 1572 μοχλοῖς
585 1538 614 1564 δὲ
627 1539 747 1573 σιδηροῖς
759 1539 906 1566 ὑποϐάλλει
921 1539 968 1566 καὶ

178 1584 209 1609 τὸ
224 1583 278 1609 πᾶν
293 1583 378 1618 αὐτῆς
395 1584 482 1616 πιέζει
511 1584 591 1619 σῶμα
619 1584 667 1611 καὶ
690 1585 824 1621 καταθλᾷ,
855 1586 965 1621 Ἐκιίνη

179 1628 272 1662 μέντοι
285 1628 335 1663 τὴν
348 1629 430 1662 φύσιν
445 1629 494 1664 ήδη
510 1630 742 1665 ἁπαγορεὺσασαν
755 1631 915 1666 αἰσθομένη.
925 1631 965 1667 τῷ

177 1674 334 1711 φιλουμένῳ
343 1676 469 1703 συλλαλεῖ
479 1677 609 1712 Νυμφὶῳ,
625 1676 669 1704 οἷα
683 1678 716 1713 δὴ
728 1677 772 1704 διὰ
784 1677 830 1704 τοῦ
844 1678 963 1705 θανάτου

179 1720 248 1756 πρὸς
263 1722 346 1748 αὑτὸν
375 1721 577 1756 πλησιάζουσα,
600 1723 649 1749 καὶ
668 1724 714 1750 τὸν
729 1724 862 1758 νυμφῶνα
880 1725 964 1760 ἑαυτῇ

182 1768 451 1802 προπαρασκευάζει.
468 1767 536 1796 Εἶτα
553 1769 600 1796 καὶ
618 1769 670 1805 τὴν
695 1769 785 1805 ψυχὴν
806 1771 865 1802 ταῖς
882 1770 966 1804 ἀγγέ-

179 1812 232 1837 λων
245 1813 324 1847 χερσὶ
340 1812 475 1845 πιστεύει,
488 1815 535 1839 καὶ
546 1814 594 1848 ὅλη
611 1814 678 1848 πρὸς
689 1815 773 1840 αὑτὸν
790 1815 916 1849 ὲκδημεῖ.
934 1814 965 1841 ’0

180 1859 337 1894 παράνομος
348 1859 376 1885 δὲ
389 1859 480 1895 ἄρχων
492 1861 594 1891 ἐκεῖνος
607 1861 662 1891 τοῖς
678 1860 748 1892 ὅλοις
760 1861 964 1895 ἀπαγορεὺσας,

179 1905 224 1930 καὶ
239 1905 270 1931 τὸ
284 1905 334 1939 τῆς
348 1905 479 1939 αἰσχύνης
501 1906 639 1940 ὑπερφυὲς
663 1906 825 1940 ὑπενεγκεῖν
840 1906 870 1932 οὑ
882 1905 965 1933 δυνά-

180 1959 270 1985 μενος,
284 1951 432 1978 ὑπελίπετὸ
445 1960 507 1978 τινα
522 1952 596 1986 ὅμως
611 1951 702 1986 ἑαυτῷ
713 1953 903 1988 παραμυθίαν,
914 1953 964 1988 τὴν

177 1998 274 2032 τρίτην
296 1997 351 2024 τῶν
366 1997 501 2032 ἁδελφῶψ
519 1999 565 2025 καὶ
589 1998 839 2034 παραστησάμενος
853 1998 967 2034 Νυμφο-

176 2045 191 2070 δ
200 2046 266 2079 lipara
277 2045 307 2071 τὸ
321 2045 407 2080 πρᾶον
418 2045 606 2080 ἀναισχύντως
618 2046 667 2072 καὶ
678 2045 770 2081 ίλαρδν
782 2045 964 2081 ὑπεκρίνατο,

177 2091 234 2122 καὶ,
247 2091 378 2125 Πείσθητί
396 2099 441 2125 μοι
456 2091 508 2118 κᾶν
520 2091 600 2126 αὑτὴ,
615 2092 722 2125 ἔλεγεν,
734 2088 756 2118 ὦ
773 2092 844 2126 καλὴ
860 2092 963 2126 νεᾶνις,

179 2138 211 2171 ἣν
226 2136 282 2171 ἐγὼ
298 2137 376 2164 πλέον
387 2137 441 2164 τῶν
467 2138 566 2171 ἄλλων,
587 2139 615 2165 αἱ
640 2138 717 2172 φίλαι
729 2138 783 2165 Ιτῶν
799 2138 867 2166 θεῶν
888 2140 963 2167 ῑσασι

177 2183 300 2216 χάριτες,
324 2182 370 2208 καὶ
395 2182 441 2209 τοῦ
458 2183 576 2214 κάλλους
593 2183 700 2218 ἄγαμαι
717 2185 764 2211 καὶ
781 2185 831 2219 τῆς
852 2185 962 2220 ἡλικίας

1027 257 1095 285 tum,
1106 257 1209 280 tantam
1221 253 1343 281 ostendit
1361 254 1502 286 virtutem,
1517 253 1647 288 quidnam
1667 251 1817 280 fecerimus

1026 306 1078 325 nos
1092 299 1144 326 tale
1173 299 1323 335 exemplar,
1347 306 1446 333 nempe
1475 306 1607 331 sororem,
1631 297 1817 332 aspicientes?

1026 346 1066 372 An
1080 352 1134 372 non
1150 345 1235 378 vides,
1257 345 1485 380 quemadmodum
1499 345 1544 372 illa
1565 345 1606 373 vel
1632 345 1728 380 jacens
1767 351 1818 371 nos

1025 392 1194 425 adhortatur,
1224 396 1252 419 et
1285 391 1473 427 cognationem
1487 395 1596 418 revocat
1607 391 1633 417 in
1646 390 1816 421 memoriam,

1025 443 1052 466 et
1075 438 1108 466 ad
1125 439 1205 466 talem
1232 438 1320 466 zelum
1348 438 1428 464 nobis
1449 437 1523 464 addit
1549 437 1679 466 animum.
1700 437 1816 471 seipsam

1025 485 1150 520 prmbens
1177 484 1320 520 pulchrum
1348 483 1487 518 exemplar
1502 482 1740 510 decertationis?A
1764 490 1821 516 qua-

1025 535 1100 558 certo
1119 531 1189 558 scias
1205 539 1254 558 nos
1269 538 1323 558 non
1351 538 1414 558 esse
1439 530 1617 561 discessuros,
1638 535 1727 563 neque
1745 528 1816 555 illius

1025 576 1195 604 nobilitatem
1225 576 1368 604 habituras
1397 575 1579 610 contemptui.
1612 573 1670 601 Non
1694 573 1816 601 fallemus

1025 627 1163 658 parentes,
1188 623 1259 651 illius
1279 623 1364 650 solius
1379 627 1506 658 parentes
1533 629 1593 648 esse
1611 621 1817 656 persuadentes,

1025 668 1047 695 si
1075 668 1102 696 in
1130 668 1281 704 periculum
1315 669 1456 696 veniamus
1483 668 1516 695 de
1552 667 1663 702 pietate.
1699 666 1812 693 Valeant

1024 714 1137 748 divitite,
1182 715 1269 742 valeat
1290 714 1385 750 gloria.
1412 717 1441 741 et
1469 714 1527 741 bzec
1551 721 1611 748 qua:
1625 716 1720 740 sunte
1744 715 1817 739 terra

1024 765 1052 788 et
1071 768 1168 788 rursus
1196 760 1223 788 in
1245 765 1345 788 terram
1373 764 1557 787 revertuntur.
1590 757 1706 785 Valeant
1728 757 1815 792 proci,

1024 807 1051 834 in
1081 814 1148 842 quos
1173 806 1244 834 cadit
1273 807 1409 834 interitus.
1434 806 1572 833 Habemus
1601 812 1651 832 nos
1675 803 1821 832 Christum

1023 857 1146 880 nostrum
1163 860 1303 887 sponsum,
1317 861 1396 886 quem
1412 852 1489 880 valde
1502 858 1635 884 amamus,
1654 854 1680 878 et
1695 850 1738 879 cui
1752 858 1816 878 cum

1023 898 1113 925 dotem
1124 899 1211 926 solum
1233 898 1401 931 dederimus,
1411 906 1469 926 eam
1478 905 1559 933 qttam
1569 897 1682 932 proipso
1691 896 1815 924 subimus

1023 949 1149 977 mortem,
1160 944 1427 972 sacrosimmortales
1444 948 1471 972 et
1489 949 1606 971 aeternos
1636 943 1812 978 accipiemus

1023 989 1165 1022 thalamos,
1196 995 1224 1018 et
1258 990 1386 1024 praeclare
1410 990 1481 1024 apud
1517 990 1604 1024 ipsutn
1630 989 1814 1024 rcguabimus.

1060 1035 1125 1063 VIII.
1136 1035 1174 1062 Ex
1187 1035 1228 1062 his
1240 1035 1396 1069 intelligens
1404 1035 1486 1070 judex
1499 1043 1528 1062 se
1538 1035 1608 1062 nihil
1626 1035 1735 1070 quidem
1749 1033 1816 1061 elle-

1022 1086 1143 1112 cturum,
1159 1081 1273 1108 ferventi
1300 1085 1390 1108 tamen
1417 1080 1464 1108 ira;
1493 1080 1645 1115 indulgens,
1666 1079 1814 1107 secundam

1023 1134 1144 1154 sororem
1156 1134 1279 1154 seorsum
1294 1127 1339 1154 dat
1349 1126 1537 1154 secundoloco
1565 1125 1753 1160 torquendam.
1781 1125 1815 1152 Et

1023 1172 1140 1200 sublime
1158 1173 1268 1208 quidem
1287 1173 1316 1200 in
1343 1173 1416 1210 ligno
1437 1173 1537 1208 pendet
1550 1172 1695 1200 mulierum
1723 1171 1814 1199 fortis-

1023 1217 1092 1245 sima
1110 1217 1275 1250 Metrodora,
1287 1218 1426 1253 lampades
1440 1222 1531 1246 autem
1542 1217 1612 1253 ignis
1624 1225 1685 1244 eatn
1699 1217 1817 1244 urebant

1022 1270 1054 1290 ex
1067 1263 1142 1290 omni
1161 1268 1247 1299 parte;
1264 1268 1292 1291 et
1306 1272 1368 1291 cum
1386 1265 1474 1299 spatio
1486 1263 1602 1291 duarum
1619 1263 1744 1290 horarum
1760 1263 1813 1289 hoc

1023 1309 1097 1345 gravi
1122 1315 1293 1345 premeretur
1312 1311 1458 1346 supplicio,
1472 1311 1560 1338 solum
1575 1317 1654 1338 suum
1679 1309 1815 1337 clamabat

1022 1360 1182 1390 amatorem,
1198 1361 1226 1384 et
1239 1357 1298 1392 ejus
1312 1356 1454 1385 invocabat
1483 1356 1625 1384 auxilium.
1641 1355 1694 1383 Sed
1723 1363 1814 1390 neque

1023 1400 1157 1429 idolorum
1171 1402 1325 1437 negligebat
1339 1402 1542 1438 deceptionem,
1558 1401 1605 1429 sed
1623 1406 1651 1429 et
1665 1408 1724 1429 eam
1745 1401 1812 1428 sub-

1022 1447 1166 1480 sannabat,
1176 1453 1215 1481 et,
1224 1447 1250 1475 id
1264 1448 1335 1483 quod
1348 1453 1407 1476 erat
1419 1456 1524 1480 revera,
1536 1454 1642 1483 turpem
1651 1446 1812 1475 ostendebat

1022 1497 1050 1519 et
1066 1493 1218 1521 ridiculam.
1238 1493 1370 1529 Deinceps
1398 1498 1488 1521 autem
1513 1500 1674 1530 generosam
1702 1492 1811 1527 quidem

1023 1538 1096 1566 illam
1110 1539 1243 1575 virginem
1262 1540 1335 1568 illinc
1347 1541 1467 1572 deducit,
1483 1539 1583 1567 ferreis
1605 1546 1672 1566 vero
1686 1538 1811 1566 vectibus

1019 1585 1138 1620 subjicit,
1153 1590 1181 1613 et
1193 1586 1351 1613 universum
1361 1586 1421 1621 ejus
1434 1593 1534 1620 corpus
1543 1585 1642 1619 premit
1653 1582 1810 1611 etconfriu-

1017 1631 1064 1665 git.
1084 1630 1130 1658 IIIa
1147 1635 1249 1664 autem,
1269 1631 1445 1666 defatigatam
1459 1631 1514 1666 jam
1531 1629 1654 1658 sentiens
1671 1632 1826 1655 naturamr

1016 1683 1148 1710 sponsum
1163 1675 1292 1703 dilectum
1312 1675 1574 1710 alloquitur,utqu:e
1585 1681 1631 1708 per
1646 1678 1761 1700 mortem
1776 1671 1806 1699 ei

1016 1721 1259 1757 appropinquaret,
1279 1726 1307 1749 et
1332 1721 1382 1749 sibi
1411 1725 1488 1755 parat
1513 1720 1675 1747 thalamum.
1703 1717 1808 1745 Deinde

1016 1767 1135 1794 animam
1152 1775 1228 1794 suam
1241 1767 1328 1794 credit
1339 1767 1464 1794 manibus
1475 1765 1644 1801 angelorum,
1661 1768 1689 1792 ot
1702 1768 1758 1791 tota
1774 1763 1809 1792 ad

1017 1813 1105 1847 ipsum
1121 1814 1236 1840 excedit.
1248 1812 1360 1847 Iniquus
1368 1816 1459 1840 autem
1472 1811 1603 1847 illeiude‘x
1616 1817 1690 1843 spem
1698 1815 1808 1836 omnem

1017 1858 1159 1893 attjicit-ns.
1171 1863 1198 1885 et
1213 1866 1268 1886 non
1282 1859 1374 1886 valens
1382 1857 1453 1886 ferre
1465 1864 1601 1885 summum
1613 1857 1740 1889 dedecus,
1754 1855 1814 1884 sibi

1018 1908 1109 1931 tamen
1124 1904 1267 1939 quamdam
1282 1905 1453 1940 relinquebat
1468 1903 1693 1937 consolationem,
1707 1910 1807 1938 nempe

1019 1949 1128 1977 tertiam
1147 1957 1280 1977 sororem.
1313 1949 1345 1977 Et
1373 1957 1434 1977 eum
1462 1949 1664 1985 producendam
1683 1955 1807 1977 curasset

1017 1995 1250 2030 Nymphodoram,
1271 1995 1512 2023 mansuetudinem
1526 1999 1553 2022 et
1569 1995 1735 2022 hilaritatem
1748 1995 1802 2022 im-

1017 2041 1155 2076 pudenter
1167 2041 1315 2074 simulavit,
1326 2046 1354 2069 et
1365 2042 1391 2068 ei
1405 2041 1483 2068 dixit:
1498 2041 1564 2068 Mihi
1578 2049 1682 2069 morem
1696 2049 1772 2076 gere,
1788 2050 1806 2069 o

1016 2086 1131 2121 pulchra
1145 2086 1357 2120 adulescentula,
1375 2094 1457 2122 quam
1478 2095 1528 2123 ego
1543 2088 1606 2123 plus
1632 2094 1713 2122 quam
1737 2087 1805 2115 alias

1017 2133 1141 2168 (deorum
1151 2133 1245 2161 amica:
1257 2133 1283 2160 id
1292 2133 1510 2170 sciuntGratize),
1524 2139 1551 2162 et
1562 2134 1681 2162 admiror
1692 2139 1804 2169 propter

1017 2179 1260 2215 pulchritudinem,
1285 2181 1419 2208 etaetatis
1438 2181 1578 2208 misereor.
1605 2181 1706 2208 Morem
1738 2181 1804 2208 mihi

178 2229 315 2264 οἰκτείρω·
330 2228 455 2264 πείσθητί
471 2237 516 2263 μοι
530 2228 569 2264 τῷ
583 2229 670 2261 οὕτως
686 2229 724 2261 ὡς
740 2230 834 2261 παιδὸς
843 2230 961 2266 γνησίας

1019 2233 1091 2262 gere.
1111 2226 1155 2261 qui
1173 2234 1227 2254 non
1246 2226 1345 2260 minus,
1362 2234 1444 2262 quam
1475 2234 1609 2262 germana:
1625 2227 1685 2254 filiae
1703 2231 1750 2254 tuo
1763 2227 1805 2254 in-

178 2284 225 2302 σου
265 2276 481 2310 περικαιομάνῳ,
516 2276 563 2302 καὶ
600 2275 799 2311 προσελθοῦσα,
828 2277 854 2303 τί
881 2276 962 2303 τοῦτο

182 2321 271 2356 βαρύ,
297 2321 488 2357 προσκύνησον
506 2323 562 2353 τοῖς
591 2321 663 2352 θεοῖς
680 2322 770 2356 μόνον,
785 2322 834 2347 καὶ
861 2321 962 2348 αὐτίκα.

178 2369 311 2402 μεγίστην
337 2368 386 2403 μὲν
411 2367 515 2394 εἴσεταί
543 2377 585 2395 σοι
609 2368 715 2403 χάρινὸ
727 2367 962 2403 βασιλεύς-δώσει

176 2415 203 2441 δὲ
220 2415 267 2441 καὶ
284 2415 415 2450 χρήματα
430 2415 478 2441 καὶ
493 2413 586 2449 τιμὰς,
612 2414 660 2441 καὶ
671 2414 701 2440 τό
715 2423 746 2447 γε
770 2414 872 2449 μεῖζον,
888 2415 961 2449 παῤ-

177 2460 275 2495 ρησίαν
285 2460 334 2494 τὴν
346 2459 415 2495 πρὸς
427 2459 520 2486 αὑτόν.
531 2459 562 2486 Et
572 2458 599 2486 δὲ
611 2459 661 2494 μὴ,
673 2458 741 2486 ἀλλὰ
755 2458 858 2491 κακῶς,
867 2458 941 2493 οῐμοι
954 2459 960 2485 l

177 2508 224 2533 καὶ
250 2506 322 2541 αὑτὴ
349 2505 456 2537 ἀπολεῖ,
479 2505 528 2531 καὶ
549 2504 625 2531 οὐδὲν
651 2504 761 2535 πάντως
783 2503 834 2539 τῆς
859 2503 962 2538 πικρᾶς

176 2553 278 2587 ταύτης
292 2551 377 2587 ὀνήσῃ
393 2551 524 2583 τελευτῆς
550 2550 645 2586 ὥσπερ
673 2549 719 2576 οὖν
735 2550 789 2577 οὐδ’
803 2549 831 2577 αἱ
847 2549 962 2583 ἀδελφαὶ

177 2599 260 2632 αὶτής
275 2597 389 2625 ὤναντο.

211 2642 249 2670 8'.
264 2643 358 2674 Οὕτως
385 2639 431 2669 οὗν
448 2641 494 2668 τοῦ
505 2641 636 2677 ἄρχοντος
652 2640 869 2676 είρηκότος,ὲπὶ
887 2641 961 2668 τέλει

177 2690 204 2715 ἰὲ
220 2690 268 2716 καὶ
286 2689 417 2723 φρόνιμον
436 2688 485 2715 καὶ
509 2687 564 2714 τῶν
579 2687 702 2722 ἀδελφῶν
720 2687 906 2720 συνετωτέραν
921 2687 961 2714 εἰ·

178 2734 282 2767 πόντος,
292 2734 386 2767 ἐκείνη
401 2734 456 2760 τῶν
471 2733 560 2761 ἄλλων
576 2733 659 2760 αὑτοῦ
681 2732 770 2767 λόγων
785 2733 835 2758 ὅσα
853 2732 900 2759 καὶ
912 2732 961 2768 λή-

179 2790 232 2814 ρων
248 2780 418 2816 φροντίσασα
429 2787 436 2795 ·
447 2781 478 2806 τὸ
489 2780 622 2814 φρόνιμον
630 2779 658 2806 δὲ
673 2778 754 2813 μόνον
769 2778 959 2810 ὑπολαϐοῦσα,

177 2826 242 2854 Εἶτα
255 2829 305 2854 οὑκ
317 2826 445 2863 αἰσχύνῃ,
459 2825 523 2862 ἔφη,
535 2826 596 2853 οὑδέ
608 2825 748 2861 ἐρυθριᾷς,
764 2824 811 2852 νῦν
828 2825 878 2860 μιν
894 2825 960 2860 φρό-

180 2881 257 2909 νιμον
281 2872 433 2909 ὀνομάζων,
449 2872 496 2899 νῦν
522 2872 550 2899 δὲ
575 2871 620 2899 τὸν
646 2871 735 2907 ἀληθῆ
752 2870 958 2899 καταλιποῦσαν

1015 2272 1117 2299 cendor
1129 2280 1232 2305 amore;
1246 2278 1272 2300 et
1285 2274 1417 2301 accedens
1430 2273 1568 2308 (quidnam
1580 2277 1622 2299 est
1634 2272 1685 2300 hoc
1699 2273 1802 2307 grave?)

1014 2317 1080 2344 deos
1094 2317 1182 2344 solum
1196 2318 1288 2350 adora,
1304 2322 1332 2345 et
1350 2319 1442 2345 statim
1460 2319 1604 2346 maximam
1618 2319 1729 2354 quidem
1753 2319 1803 2347 tibi

1015 2363 1128 2398 gratiam
1146 2363 1420 2397 habebitimperator;
1431 2363 1504 2390 dabit
1518 2368 1609 2390 autem
1619 2364 1749 2398 pecunias
1773 2369 1808 2392 et;

1014 2409 1142 2441 honores,
1160 2414 1186 2436 et
1211 2408 1282 2443 quod
1300 2413 1340 2436 est
1355 2408 1435 2444 longe
1456 2409 1615 2441 maximum,
1628 2410 1699 2445 apud
1710 2410 1799 2445 ipsum

1015 2454 1151 2481 fiduciam.
1167 2454 1214 2482 Sin
1228 2454 1330 2486 minus.
1345 2455 1387 2482 hei
1410 2455 1485 2489 mihi,
1501 2461 1528 2483 tu
1538 2463 1645 2492 quoque
1659 2457 1717 2491 ipsa
1730 2457 1800 2484 male

1015 2501 1136 2536 peribis;
1155 2509 1244 2536 neque
1265 2502 1322 2530 haec
1348 2511 1422 2530 mors
1449 2504 1546 2531 acerba
1573 2504 1620 2531 tibi
1649 2504 1797 2539 quidquam

1014 2548 1126 2575 omnino
1153 2548 1284 2583 proderit,
1310 2549 1446 2583 quomodo
1459 2557 1510 2577 nec
1536 2550 1589 2578 tuis
1601 2550 1704 2586 profuit
1714 2556 1797 2579 soro-

1015 2593 1100 2621 ribus.

1050 2638 1094 2666 IX.
1112 2639 1179 2667 Cum
1193 2641 1231 2668 sic
1246 2641 1360 2669 dixisset
1370 2642 1464 2676 judex,
1481 2647 1618 2677 postremo
1626 2647 1716 2671 autem
1737 2651 1798 2671 eam

1012 2690 1039 2712 ct
1054 2686 1214 2720 prudentem
1228 2691 1256 2714 et
1270 2689 1375 2716 caeteris
1396 2694 1517 2717 vocasset
1531 2689 1736 2724 sapientiorem,
1753 2690 1796 2717 illa

1013 2732 1063 2758 alia
1077 2733 1136 2767 ejus
1152 2733 1234 2760 verba
1250 2741 1305 2761 non
1325 2736 1410 2768 magis
1426 2743 1536 2769 curans,
1553 2743 1637 2771 quam
1650 2744 1747 2772 nugas,
1769 2737 1796 2764 id

1011 2783 1101 2806 autem
1114 2778 1213 2810 solum,
1223 2779 1295 2813 quod
1305 2787 1364 2807 eam
1375 2782 1488 2809 vocabat
1512 2782 1685 2817 prudentem,
1721 2782 1796 2810 exci-

1013 2824 1099 2858 piens,
1109 2824 1166 2851 Nou
1183 2829 1207 2851 te
1217 2825 1309 2860 pudet,
1319 2827 1416 2862 inquit,
1432 2835 1482 2855 nec
1492 2829 1640 2863 erubescis,
1653 2837 1725 2857 nune
1736 2830 1797 2865 qui-

1011 2870 1072 2898 dem
1083 2870 1225 2900 nominare
1235 2872 1407 2908 prudentem,
1415 2881 1486 2902 nunc
1495 2880 1586 2903 autem
1598 2883 1692 2904 verum
1709 2876 1805 2906 Deum.
