2034 3152
219 124 274 154 663

220 176 433 214 relinquentem,
448 180 545 216 iubere
559 185 593 212 ad
604 190 665 215 tuos
678 189 809 218 accedere
823 191 1007 222 daemones?Et

217 231 334 257 quonam
353 227 443 258 modo,
460 229 559 264 inquit,
580 237 709 261 extrema:
733 243 786 262 non
796 236 878 265 fuerit
892 239 943 266 hoc
961 241 1003 267 in-

223 270 316 301 sanias.
333 275 359 298 et
371 275 470 302 mentis
485 275 563 310 plane
582 283 689 311 emotae,
705 289 719 307 a
735 284 876 310 communi
888 285 1003 313 Domino

200 349 202 351 ἱ
218 318 245 340 et
258 315 446 345 universorum
478 320 574 354 opifice
592 323 762 352 deiicientem
777 329 853 363 sequi
876 337 1003 358 manuum

198 364 201 369 ‘
217 366 310 394 opera,
326 370 385 396 quae
399 369 492 392 carent
503 373 585 394 sensu
595 372 621 395 et
633 368 822 405 intelligentia,
835 378 862 401 et
874 382 905 401 ea
916 375 1004 402 coiere

217 410 345 441 tanquam
359 409 582 443 deos?Qu:enam
601 421 632 440 ex
660 415 701 441 eis
720 417 821 450 possim
842 426 962 453 sperare,
978 425 1005 447 et

215 459 338 486 quzenam
355 453 525 488 lucrifacere,
545 457 588 485 dic
610 459 687 492 mihi,
703 464 729 487 et
754 462 870 497 accipio.
885 464 1005 492 Ostende

214 498 283 525 mihi
300 499 365 533 quid
390 501 454 528 boni
464 503 501 530 sis
523 510 687 532 consecutus
702 514 734 534 ex
758 511 803 535 tua
821 509 846 536 in
863 509 924 538 illos
939 519 1004 546 spe;

213 548 241 571 et
264 546 375 580 parebo.
400 547 454 575 Sed
478 549 547 576 nihil
580 557 657 585 potes
676 553 776 581 dicere.
803 554 916 584 Revera
933 558 1005 585 enim

210 590 354 619 simulacra
370 594 485 627 gentium
510 601 647 631 argentum
665 603 690 626 et
709 608 815 631 aurum.
848 610 927 636 opera
949 612 1005 631 ma-

212 643 293 662 nuum
316 638 462 666 hominum.
483 640 591 668 Similes
617 642 672 670 illis
683 643 750 678 ﬂant
766 645 810 680 qui
830 646 917 673 colunt
938 655 969 674 ea
983 648 1004 675 ί.

210 680 245 708 Et
259 681 318 709 ideo
331 691 365 710 ne
383 691 479 719 parcas
493 693 524 713 ea
537 695 596 721 quae
608 688 675 716 velis
699 689 799 718 facere.
814 691 855 718 En
870 692 918 719 tibi
946 701 1005 720 car-

213 734 263 754 nes
284 733 384 762 parata:
403 730 458 764 pati
477 737 586 767 propter
600 733 752 768 Christum,
771 741 799 763 et
819 737 906 772 magis
922 745 1003 773 quam

210 776 241 799 tu
257 780 308 800 nos
324 774 433 808 punire.
450 775 528 804 Tunc
550 777 678 813 ignorans
694 781 839 815 scelestus,
854 782 919 816 quid
941 790 1004 819 age—

211 823 263 850 ret,
282 826 310 846 et
323 827 469 854 quamnam
493 830 568 858 spem
588 825 808 859 apprehenderet
830 828 890 863 (per
909 828 1001 856 omnia

208 865 281 892 enim
292 865 379 893 fuerat
387 867 533 903 repulsus),
543 869 613 896 hanc
622 878 729 905 quoque
738 872 881 900 sublimem
893 873 998 909 inligno
1018 877 1037 904 Β

208 910 324 942 extollit,
339 915 368 939 et
383 911 479 940 ferreis
490 921 550 941 eam
567 915 698 950 discerpit
729 918 846 953 ungulis.
876 918 928 946 Sed
956 919 1002 948 illa

208 956 241 983 ad
254 957 305 984 hoc
315 958 414 985 nullam
425 966 513 994 neque
520 968 623 993 vocem,
634 969 723 996 neque
767 964 896 997 gemitum
924 965 1004 992 emit'

154 1031 156 1034 _
208 1002 292 1034 tabat;
311 1008 403 1038 aperte
417 1009 507 1032 autem
539 1007 700 1034 ostendebat
726 1015 755 1035 se
769 1017 830 1036 cum
847 1009 901 1036 Deo
916 1010 1001 1037 collo-

209 1049 267 1082 qui.
287 1048 319 1075 Et
336 1050 386 1077 hoc
402 1050 536 1078 docebant
552 1052 662 1079 etiabra
681 1061 742 1088 quae
767 1055 957 1088 movebantur,
974 1062 1002 1083 et

207 1095 280 1121 oculi
304 1103 374 1129 quos
391 1095 422 1122 ad
433 1097 531 1124 cadum
546 1098 702 1126 extollebat.
715 1100 761 1127 ille
777 1105 869 1128 autem
886 1101 1000 1129 stolidus

210 1148 305 1167 rursus
318 1148 427 1176 quoque
445 1143 536 1170 verbis
550 1151 611 1171 eam
623 1149 665 1172 est
679 1153 834 1181 aggressus;
863 1154 918 1174 non
932 1147 999 1175 citra

207 1186 377 1220 violentiam,
392 1192 420 1215 et
437 1196 485 1223 per
496 1197 649 1224 praeconem
663 1191 813 1226 jussiteam
832 1182 997 1224 sacrificare;

205 1236 233 1259 et
246 1233 355 1261 liberari
368 1241 383 1260 a
396 1235 548 1263 tormentis.
561 1235 607 1264 Ilia
618 1244 683 1264 vero
693 1237 818 1265 dicebat:
832 1237 874 1265 Me
883 1237 998 1266 Domino

206 1286 270 1306 meo
283 1279 445 1314 sacrificavi,
462 1287 575 1316 propter
585 1289 666 1317 quem
679 1283 723 1310 vel
741 1283 797 1318 pati
810 1289 851 1311 est
861 1283 996 1319 voluptas,

204 1330 231 1353 et
244 1326 311 1353 mori
336 1326 452 1354 lucrum.
476 1327 542 1355 illud
558 1329 852 1365 auteminjuslojudici
866 1330 996 1365 majorem

204 1373 328 1402 accendit
342 1373 472 1403 furorem.
485 1374 586 1403 Deinde
600 1380 691 1403 autem
708 1384 766 1403 eam
783 1384 890 1411 quoque
900 1377 996 1404 ferreis

204 1420 334 1447 contrivit
358 1425 385 1446 et
405 1420 540 1456 confregit
556 1423 688 1450 vectibus.
708 1422 761 1450 Sed
777 1423 868 1459 .‘hujus
886 1431 995 1459 quoque

203 1466 315 1492 omnino
332 1474 423 1493 curam
445 1467 571 1495 similiter
580 1469 691 1503 gerebat
712 1469 783 1496 Deus
794 1474 823 1496 ut.
855 1475 992 1501 sororum,

204 1512 375 1539 etciiiciebat
399 1517 428 1540 nt
442 1512 560 1542 immane
576 1515 694 1542 vinceret
708 1515 884 1551 supplicium.
897 1521 925 1543 et
947 1516 993 1544 ad-

204 1565 300 1585 versus
327 1558 413 1593 ipsam
444 1559 521 1587 fortis
540 1564 625 1588 staret
645 1565 780 1588 naturam.
805 1561 907 1589 Deinde
932 1569 992 1589 eam
1007 1555 1029 1585 Ο

203 1610 313 1638 quoque
324 1604 356 1630 ad
375 1612 404 1631 se
413 1606 540 1638 accersit,
558 1613 586 1635 et
596 1606 672 1641 virgo
681 1606 796 1636 libenter
805 1607 920 1643 deponit
932 1608 992 1634 ani-

205 1656 276 1677 mam
294 1650 321 1676 in
340 1649 401 1678 sinu
419 1651 558 1680 amatoris.

245 1790 278 1817 Χ.
293 1790 396 1825 impius
411 1794 502 1818 autem
516 1790 611 1826 judex,
625 1790 671 1818 irae
688 1795 766 1818 utens
782 1791 893 1822 auxilio.
911 1792 991 1819 etiam

206 1836 234 1864 in
248 1836 305 1872 ipsa
319 1840 426 1864 mortua
438 1843 553 1872 corpora
566 1835 665 1864 bellum
681 1836 760 1872 gerit,-
775 1841 803 1864 et
818 1844 880 1864 cum
895 1845 992 1864 accen-

207 1881 293 1909 disset
318 1880 468 1914 fornacem,
506 1889 621 1916 eamque
647 1881 758 1908 aluisset
785 1882 869 1908 multa
879 1887 906 1909 et
930 1887 993 1917 apta

205 1927 330 1960 materia,
359 1927 387 1954 in
418 1927 503 1962 ipsam
529 1926 665 1961 iaculatur
702 1934 815 1962 corpora
839 1927 991 1962 martyrica.

203 1973 276 2000 Deus
288 1977 378 2000 autem
393 1977 497 2000 amator
510 1973 675 2006 animarum,
687 1980 738 2000 nec
755 1980 867 2007 corpora
885 1973 992 2008 quidem

203 2019 402 2055 negiexit;sed
431 2026 526 2054 magna
552 2019 591 2046 vis
617 2023 728 2053 repente
749 2026 896 2053 erumpens
921 2019 993 2046 toni-

186 2064 298 2093 'truum
327 2069 355 2092 et
380 2064 517 2100 fulgurum
542 2065 674 2099 praevenit
696 2065 783 2099 ignem
813 2064 943 2096 fornacis,
967 2069 994 2092 et

205 2111 295 2146 ipsum
310 2110 439 2145 iudicem,
455 2115 554 2144 etquae
576 2110 601 2136 ei
630 2110 765 2138 serviebat
790 2110 993 2137 multitudinem

204 2156 232 2182 in
260 2154 378 2182 favillam
391 2155 488 2189 redigit
498 2159 525 2181 et
544 2154 694 2189 fuiiginem.
710 2154 742 2181 Et
755 2155 807 2183 hoc
830 2155 994 2182 invenerunt

205 2201 368 2236 prommium
382 2200 524 2236 gehennae,
552 2207 612 2235 qua:
641 2208 779 2235 nunquam
795 2200 905 2233 desinit,
946 2201 992 2235 qui

203 2251 283 2275 erant
313 2247 358 2274 Illa
386 2247 443 2274 sola
455 2254 548 2274 revera
589 2246 672 2281 digni.
711 2243 864 2274 Vehemens
900 2251 990 2274 autem

202 2297 315 2327 repente
339 2299 485 2327 erumpens
502 2292 591 2327 pluvia
620 2291 769 2328 exstinguit
784 2292 919 2320 fornacem
936 2301 943 2320 :
964 2297 992 2320 et

203 2346 264 2366 cum
280 2339 370 2367 statim
386 2339 472 2366 avidis
487 2339 613 2366 manibus
643 2338 778 2374 virginum
808 2346 923 2373 corpora
953 2339 990 2373 pii

202 2386 389 2418 sustulissent,
403 2385 599 2421 magniﬁcoque
612 2390 754 2414 ornassent
768 2391 796 2413 et
821 2386 991 2420 conposuis-

203 2434 274 2462 sent,
286 2429 413 2457 foderunt
424 2429 465 2457 eis
478 2431 631 2465 sepulcrum
647 2431 744 2458 inloco
755 2438 850 2458 earum
861 2439 990 2459 consum-

204 2475 351 2503 mationis:
369 2475 422 2503 Deo
446 2475 498 2503 hoc
512 2483 620 2511 quoque
642 2477 802 2511 providente
823 2477 988 2504 admirabili-

204 2526 254 2553 ter,
273 2526 302 2548 ut
313 2528 382 2555 quas
411 2528 482 2548 unus
511 2526 653 2556 pepererat
679 2526 782 2556 uterus,
812 2523 851 2550 eis
881 2530 990 2558 quoque

204 2575 287 2597 unum
303 2567 413 2601 daretur
427 2567 581 2602 sepulcmm
598 2576 605 2600 ;
622 2572 649 2594 et
670 2576 784 2603 quarum
800 2569 896 2596 animae
906 2577 990 2596 unum

203 2612 368 2641 cteumdcm
386 2617 449 2640 sunt
477 2612 625 2641 thalamum
653 2618 816 2647 consecutae,
841 2622 933 2642 earum
957 2621 990 2641 ne

204 2659 301 2687 surdus
317 2660 428 2695 quidem
454 2660 523 2688 cinis
550 2666 733 2696 separaretur,
760 2661 807 2688 sed
829 2669 938 2689 sorores
962 2661 990 2688 in

206 2707 271 2739 vita,
285 2714 396 2734 sorores
411 2707 436 2733 in
451 2706 541 2740 caelis,
556 2715 665 2735 sorores
676 2708 757 2735 etiam
773 2707 799 2734 in
818 2711 888 2734 terra
900 2711 991 2733 osten-

204 2752 343 2780 derentur.
375 2750 518 2786 Tampium
538 2757 628 2780 autent
657 2752 683 2779 in
709 2752 872 2779 hodiernum
905 2758 989 2785 usque

240 2879 245 2895 '
266 2878 334 2906 I'sai.
351 2884 427 2909 cun,
440 2876 467 2910 4,
482 2877 508 2905 8.

835 139 978 171 MENSIS
998 143 1235 180 SEPTEMBER.

1794 162 1848 194 6M

1022 202 1043 230 Α
1059 200 1180 227 κελεύων
1212 204 1269 235 τοῖς
1296 203 1406 241 δαίμοσι
1435 208 1491 240 τοῖς
1511 209 1568 241 σοῖς
1596 212 1776 248 προσελθιτνς
1794 217 1851 244 Καὶ

1057 248 1138 297 ποίας
1165 249 1214 275 οὐκ
1236 251 1355 286 ἐσχάτης
1379 253 1461 282 τοῦτο
1487 257 1590 289 μανίας
1617 258 1665 285 καὶ
1696 260 1851 297 διαφθορᾶς

1056 293 1111 319 τῶν
1127 296 1245 330 φρενῶν,
1259 299 1395 326 Δεσπότου
1413 301 1505 328 κοινοῦ
1518 304 1566 329 καὶ
1578 304 1624 330 τοῦ
1635 305 1689 331 τῶν
1702 306 1772 334 ὅλων
1783 308 1849 334 τού-

1055 348 1110 390 των
1129 341 1288 371 ἀποστᾶσαν
1305 345 1492 382 Δημιουργοι·,
1509 349 1609 383 χειρῶν
1637 350 1739 386 ἔργοις,
1751 354 1852 390 αἰσθή-

1057 386 1127 418 σεώς
1143 395 1172 413 τε
1197 389 1244 415 καὶ
1263 391 1370 425 φρενῶν
1393 393 1510 428 ἐρήμοις
1526 394 1720 430 ἀκολουθῆσαι,
1738 399 1786 425 καὶ
1798 386 1850 427 αῦ-

1056 433 1113 464 τοῖς
1131 433 1177 460 ἴσα
1187 435 1234 461 καὶ
1246 436 1314 464 θεῶν
1324 441 1524 475 προσανέχεινς
1539 441 1598 468 Ἵνα
1612 441 1672 469 τίνα
1690 444 1757 477 γοῦν
1775 446 1849 472 ἐκεῖ-ι

1057 477 1103 503 θεν
1127 478 1230 507 ἐλπίσω
1242 489 1249 514 ;
1265 481 1322 508 Ἰνα
1330 484 1356 509 τι
1367 484 1395 510 δὲ
1407 485 1546 519 κερδὰνω;
1562 486 1638 519 Εἰπὲ,
1651 488 1698 514 καὶ
1712 488 1845 524 δέχομαι·

1056 523 1143 557 δεῖξόν
1160 534 1206 560 μοι
1225 527 1251 553 τί
1266 529 1385 563 χρηστὸν
1400 530 1450 564 τῆς
1465 532 1508 558 ἐπ’
1524 531 1596 558 αὐτὰ
1619 533 1650 559 σὺ
1678 534 1846 568 προσδοκίας

1057 571 1222 604 ἀπέλαυσας,
1236 575 1283 601 καὶ
1301 575 1442 610 πείθομαι.
1462 578 1531 605 Ἀλλ’
1543 577 1594 605 οὐκ
1605 577 1638 605 ἂν
1653 579 1726 614 ἔχοις
1740 581 1845 607 εἰπεῖν·

1057 618 1166 654 άληθῶς
1183 621 1239 655 γὰρ
1251 621 1287 648 τὰ
1306 621 1417 650 εἴδωλα
1440 623 1500 651 τῶν
1520 624 1619 653 ἐθνῶν
1637 625 1781 661 ἀργύριον
1794 627 1847 655 καὶ

1055 665 1195 698 χρυσίον,
1211 666 1282 702 ἔργα
1295 668 1402 703 χειρῶν
1413 670 1588 704 ἀνθρώπων.
1602 670 1717 706 Ὅμοιοι
1740 674 1847 708 αὐτοῖς

1056 711 1189 746 γένοιντο
1202 715 1229 741 οὶ
1244 714 1385 749 τιμῶντες
1410 717 1497 745 αὐτά.
1509 719 1582 754 Πρὸς
1609 718 1698 746 ταῦτα
1728 720 1847 755 μηδενὸς

1055 757 1158 792 ἀπέχου
1175 756 1212 786 ὦν
1228 760 1329 794 βούλει.
1347 762 1412 789 Ἰδού
1431 772 1473 790 σοι
1487 765 1534 791 καὶ
1550 765 1652 800 σάρκες
1667 765 1783 801 πάσχειν
1798 767 1846 794 διὰ

1054 803 1172 838 Χριστὸν
1191 805 1307 841 ἕτοιμοι,
1334 808 1380 834 καὶ
1398 809 1499 844 μᾶλλον
1515 811 1532 846 ἢ
1549 811 1580 837 σὺ
1599 811 1727 842 κολάζειν
1757 812 1843 847 ἡμᾶς.

1063 849 1195 877 Ἐνταῦθα
1224 853 1261 888 μὴ
1279 852 1349 887 ἔχων
1366 855 1380 881 ό
1396 855 1497 890 μιαρὸς
1517 857 1568 884 ὃτι
1590 857 1636 884 καὶ
1660 857 1782 893 δράσειε,
1796 859 1846 885 καὶ

1061 895 1140 928 ποίας
1151 897 1206 932 ἄρα
1221 899 1270 934 τῆς
1285 900 1391 933 ἐλπίδος
1416 902 1557 935 ἀνθέξεται
1586 903 1641 938 (διὰ
1657 904 1767 931 πάντων
1777 913 1846 939 τρο-

1057 943 1115 970 πῶν
1127 944 1325 980 ἀπεκρούσθη),
1342 947 1389 974 καὶ
1406 948 1505 983 ταύτην
1516 949 1562 976 ἐπὶ
1576 949 1623 976 τοῦ
1642 950 1722 982 ξύλου
1738 959 1846 984 μετεω-

1057 989 1138 1023 piget,
1151 990 1199 1017 καὶ
1220 990 1353 1024 διαξαίνει
1368 993 1486 1028 σιδηροῖς
1501 995 1600 1028 ὄνυξιν.
1621 996 1691 1023 Ἀλλ’
1712 996 1844 1031 οὐδεμίαν

1055 1035 1123 1069 πρὸς
1139 1037 1225 1063 ταῦτα
1237 1037 1327 1074 ἐκείνη
1337 1039 1396 1066 οὐδὲ
1407 1041 1500 1075 φωνὴν
1510 1041 1570 1068 οὐδὲ
1586 1042 1740 1076 στεναγμὸν
1752 1043 1842 1077 ἠφίει,

1055 1083 1161 1118 φανερὰ
1188 1083 1217 1110 δὲ
1232 1083 1266 1120 ἦν
1290 1086 1460 1114 συλλαλοῦσα
1488 1088 1558 1122 Θεῷ.
1593 1088 1648 1115 Καὶ
1667 1089 1746 1115 τοῦτο
1769 1090 1841 1124 αὐτῇ

1053 1128 1086 1155 τὰ
1102 1137 1134 1162 γε
1152 1130 1354 1165 ὑποκινούμενα
1379 1133 1456 1167 χείλη
1470 1133 1619 1166 ἐδίδασκον,
1646 1135 1693 1160 καὶ
1721 1135 1745 1161 oi
1770 1135 1842 1169 πρὸς

1052 1175 1184 1209 οὐρανοὺς
1208 1177 1349 1212 αἰρόμενοι
1372 1178 1516 1214 ὀφθαλμοί.
1544 1179 1573 1205 ’0
1595 1179 1685 1206 τοίνυν
1709 1180 1842 1211 ἀσύνετος

1052 1221 1154 1252 ἐκεῖνος
1176 1222 1282 1256 λόγους,
1295 1224 1364 1260 αὐτῇ
1377 1225 1424 1251 καὶ
1442 1225 1523 1252 πάλιν
1533 1226 1583 1252 οὐκ
1592 1225 1728 1257 ἁϐιάστως
1738 1227 1841 1261 ἐπῆγε,

1051 1268 1098 1294 καὶ
1115 1268 1188 1295 Θύειν
1202 1269 1246 1295 διὰ
1268 1269 1315 1296 τοῦ
1341 1271 1461 1306 κήρυκος
1482 1271 1602 1305 ἐκέλευε,
1625 1274 1672 1298 καὶ
1697 1273 1842 1300 ἀπαλλάτ-

1050 1314 1145 1341 τεσθαι
1160 1314 1212 1342 τῶν
1225 1316 1362 1350 βασάνων.
1382 1317 1412 1344 'il
1426 1317 1466 1349 δὲ,
1480 1318 1732 1353 Τέθυκαὲμαυτὴν,
1747 1319 1838 1352 ἔλεγε,

1049 1361 1128 1395 κάγὼ
1143 1361 1182 1397 τῷ
1205 1363 1302 1398 Κυρίῳ
1319 1372 1382 1398 μου,
1399 1364 1432 1390 δι’
1448 1364 1477 1391 δν
1495 1365 1542 1391 καὶ
1561 1366 1592 1391 τὸ
1619 1365 1715 1392 παθεῖν
1742 1366 1838 1401 ἡδονὴ,

1049 1407 1096 1433 καὶ
1108 1407 1137 1433 τὸ
1150 1407 1296 1435 ἀποθανεῖν
1308 1409 1414 1444 κέρδος.
1425 1410 1461 1436 Τὸ
1470 1410 1498 1436 δὲ
1509 1410 1564 1445 ἄρα
1576 1410 1688 1445 μείζονα
1699 1411 1738 1446 τῷ
1749 1412 1838 1446 ἀδίκῳ

1047 1454 1128 1488 κριτῇ
1142 1453 1191 1488 τὴν
1206 1455 1306 1489 μανίαν
1319 1455 1454 1490 ὑφῆπτεν.
1464 1456 1546 1483 ’Ὅθεν
1558 1458 1606 1483 καὶ
1622 1458 1733 1492 μοχλοῖς
1747 1458 1837 1493 αὐτὴν

1048 1498 1167 1533 σιδηροῖς
1177 1499 1318 1535 συνέτριὸε
1328 1502 1375 1527 καὶ
1390 1500 1517 1529 συνέθλα.
1534 1501 1614 1528 Ἀλλὰ
1626 1504 1674 1528 καὶ
1686 1502 1787 1538 ταύτης
1798 1500 1836 1538 ἦν

1048 1545 1155 1577 πάντως
1171 1546 1185 1571 ὁ
1200 1547 1254 1573 τῶν
1269 1547 1393 1582 ἀδελφῶν
1409 1547 1476 1579 Θεὸς
1494 1548 1596 1583 ὁμοίως
1619 1549 1769 1584 κηδόμενος
1785 1551 1838 1576 καὶ

1044 1592 1093 1626 τῆς
1102 1600 1131 1618 τε
1143 1591 1262 1626 βασάνου
1272 1593 1384 1627 κρατεῖν
1397 1593 1484 1620 ἐποίει
1495 1594 1544 1627 τῆς
1559 1594 1693 1629 ἀπηνοῦς,
1703 1595 1751 1621 καὶ
1764 1594 1835 1629 πρὸς

1044 1637 1128 1672 αὐτὴν
1146 1638 1272 1664 ἵστασθαι
1289 1639 1422 1672 γενναίως
1438 1640 1488 1675 τὴν
1508 1639 1590 1674 φύσιν
1601 1647 1609 1654 ·
1625 1639 1686 1667 εἶτα
1700 1641 1745 1667 καὶ
1761 1641 1834 1676 πρὸς

1045 1683 1140 1709 ἑαυτὸν
1172 1685 1379 1719 μετακαλεῖται,
1401 1687 1450 1713 καὶ
1477 1686 1525 1722 τὴν
1541 1686 1632 1722 ψυχὴν
1652 1688 1669 1722 ὴ
1694 1688 1836 1722 παρθένος

1043 1730 1099 1759 τοῖς
1115 1729 1226 1761 κόλποις
1239 1730 1326 1764 ἡδέως
1339 1734 1388 1758 τοῦ
1405 1732 1522 1766 ἐραστοῦ
1535 1731 1709 1760 ἀποτίθεται.

1080 1775 1105 1802 l'.
1134 1776 1163 1802 ὐ
1181 1776 1272 1806 ἄδικος
1299 1777 1390 1804 τοίνυν
1417 1778 1525 1813 κριτὴς,
1542 1779 1591 1813 τὴν
1613 1779 1646 1804 ὲκ
1669 1777 1717 1804 τοῦ
1743 1777 1834 1813 Θυμοῦ

1045 1822 1204 1856 συμμαχίαν
1216 1822 1392 1858 παραλαϐὼν,
1405 1824 1453 1851 καὶ
1464 1825 1555 1856 αὐτοῖς
1567 1824 1759 1860 ἐπιστρατεύει
1774 1826 1835 1856 τοῖς

1043 1870 1150 1902 νεκροῖς
1175 1868 1294 1904 σώμασι,
1319 1871 1366 1898 καὶ
1383 1871 1499 1905 κάμινον
1526 1871 1644 1906 ἀνάψας,
1671 1871 1719 1898 καὶ
1745 1871 1833 1907 πολλῇ

1043 1915 1146 1950 ταύτην
1161 1915 1212 1951 ὕλῃ
1231 1916 1278 1942 καὶ
1305 1916 1445 1952 ἐπιτηδεία
1474 1917 1586 1952 θρέψις,
1612 1917 1748 1950 ἀκοντίζει
1770 1920 1834 1944 κατ’

1044 1962 1128 1997 αὐτῆς
1147 1962 1180 1989 τὰ
1195 1963 1354 1998 μαρτυρικὰ
1380 1963 1504 1998 σώματα.
1519 1964 1584 1995 Θεὸς
1599 1965 1626 1991 δὲ
1642 1966 1656 1990 ὁ
1670 1964 1723 1991 τῶν
1737 1964 1834 1999 ψυχῶν

1044 2009 1162 2043 ἐραστὴς
1181 2009 1242 2035 οὐδὲ
1257 2009 1312 2035 τῶν
1340 2010 1475 2044 σωμάτων
1492 2011 1588 2045 ἡμέλει
1602 2018 1608 2025 ·
1621 2010 1691 2037 ά).λᾶ
1708 2010 1833 2045 βροντῶν

1045 2054 1137 2088 μέντοι
1156 2055 1251 2089 χρῆμα
1266 2055 1314 2081 καὶ
1325 2055 1475 2091 ἀστραπῶν
1487 2056 1586 2090 ἁθρόον
1611 2057 1832 2092 καταρῤαγεῖσαι

1044 2099 1228 2134 προφθάνουσι
1248 2102 1278 2128 τὸ
1301 2102 1351 2136 τῆς
1379 2102 1497 2137 καμίνου
1528 2102 1594 2137 πῦρ,
1613 2103 1661 2129 καὶ
1687 2103 1767 2129 αὐτὸν
1784 2103 1834 2129 τὸν

1043 2146 1188 2178 δικάζοντα
1205 2148 1253 2173 καλ¹
1268 2148 1298 2173 τὸ
1315 2148 1537 2182 ὑπηρετούμενον
1561 2147 1636 2182 αὺτῷ
1661 2148 1774 2182 πλῆθος,
1787 2149 1833 2177 αἱ-

1045 2191 1128 2226 θάλην
1145 2192 1299 2219 δεικνύουσι
1315 2194 1362 2219 καὶ
1375 2193 1504 2229 ἀσϐόλην.
1520 2194 1575 2220 Καὶ
1594 2193 1674 2220 τοῦτὸ
1689 2202 1721 2228 γε
1736 2195 1833 2229 προοί-

1005 2236 1030 2266 Ι)
1046 2246 1106 2272 μιον
1118 2239 1168 2273 τῆς
1188 2239 1369 2275 ἀτελευτήτου
1397 2240 1511 2276 γεέννης
1527 2237 1618 2276 εὗρον,
1641 2241 1665 2268 oi
1682 2241 1729 2268 καὶ
1745 2241 1832 2276 μόνης

1042 2285 1150 2320 ἐκείνης
1185 2286 1222 2317 ὼς
1251 2286 1360 2321 ἀληθῶς
1383 2287 1464 2320 ἄξιοι.
1498 2287 1591 2317 ’Υετδς
1606 2287 1635 2314 δὲ
1655 2288 1726 2314 κατὰ
1744 2287 1832 2319 πόδας

1043 2333 1170 2366 ῥαγδαῖος
1197 2333 1337 2360 ἐπιπεσὼν
1357 2333 1481 2361 σῦεννύει
1498 2334 1547 2370 τὴν
1563 2335 1689 2369 κάμινον,
1711 2334 1758 2360 καὶ
1778 2342 1831 2360 πο-

1041 2378 1153 2410 Θούσαις
1172 2379 1272 2406 αὐτίκα
1290 2379 1369 2415 χερσὶ
1382 2380 1417 2406 τὰ
1435 2379 1590 2414 παρθενικὰ
1613 2379 1728 2413 λείψανα
1743 2379 1768 2406 οι
1783 2380 1833 2406 εὑ-

1043 2425 1132 2456 σεϐετς
1157 2425 1328 2460 ἀνελόμενοι,
1345 2425 1394 2452 καὶ
1417 2425 1577 2462 διαπρεπῶς
1594 2425 1786 2461 κοσμήσαντες
1799 2434 1832 2453 τε

1039 2471 1086 2498 καὶ
1105 2471 1338 2506 περισνιείλαντες,
1354 2472 1440 2506 τάφον
1455 2472 1547 2504 αὐτοῖς
1563 2474 1591 2499 ὲν
1602 2471 1640 2507 τῷ
1651 2472 1703 2507 τῆς
1718 2472 1833 2498 τελειώ-

1040 2526 1108 2549 σεως
1124 2518 1230 2553 ἔχωσαν
1245 2519 1331 2553 τόπῳ,
1341 2518 1409 2545 Θεοῦ
1425 2520 1472 2545 καὶ
1488 2519 1574 2546 ταῦτα
1586 2519 1833 2554 θαυματουργοῦν-

1039 2573 1096 2597 τον,
1115 2564 1190 2596 ὅπως
1207 2564 1239 2596 ἃς
1257 2565 1308 2600 μία
1332 2567 1438 2601 γαστὴρ
1450 2566 1539 2598 ὢδινε,
1554 2567 1656 2599 ταύτας
1678 2567 1726 2594 καὶ
1741 2567 1832 2601 τάφος

1040 2609 1080 2642 εἷς
1098 2611 1228 2646 πιστευθῇ
1239 2620 1246 2628 ⁸
1263 2612 1310 2638 καὶ
1331 2609 1369 2639 ὦν
1386 2612 1434 2639 ἕνα
1452 2613 1498 2638 καὶ
1521 2613 1566 2639 τὸν
1582 2612 1668 2642 αὑτὸν
1685 2613 1782 2648 ἔλαχον
1800 2615 1831 2640 σι

1039 2658 1124 2693 ψυχαὶ
1140 2658 1283 2693 νυμφῶνα,
1297 2658 1399 2685 τούτων
1416 2659 1484 2693 μηδὲ
1500 2660 1514 2694 ἡ
1531 2659 1610 2695 κωφὴ
1623 2659 1719 2695 διαστῇ
1732 2659 1810 2692 κόνις
1820 2667 1829 2676 ⁸

1040 2704 1096 2731 ἀλλ’
1117 2701 1171 2731 εἷεν
1188 2704 1303 2738 ἀδελφαὶ
1319 2706 1369 2731 κάν
1387 2704 1425 2740 τῷ
1440 2705 1500 2740 βίῳ,
1513 2705 1626 2740 ἀδελφαὶ
1641 2707 1694 2733 κάν
1713 2708 1768 2739 τοίς
1781 2708 1833 2734 οὺ-

1041 2751 1142 2784 ρανοῑς,
1157 2750 1272 2784 ἀδελφαὶ
1289 2751 1339 2777 κάν
1359 2751 1390 2785 τῇ
1418 2752 1452 2786 γῇ
1479 2751 1681 2788 δεικνυόμεναι.
1704 2753 1831 2788 Τέμενος
