2034 3152
230 158 284 190 667

850 152 992 184 MENSIS
1011 151 1246 183 SEPTEMBER.

1800 151 1855 185 668

229 219 370 247 onustum,
385 214 485 248 quibus
503 221 594 242 rerum
614 212 692 248 copia
719 210 910 248 suppeditabat
935 211 1017 236 mate-

1073 205 1334 244 βαρυνομένων,ὀῖς
1349 208 1399 245 ὕλη
1408 208 1477 245 πρὸς
1488 206 1598 245 οῐστρον
1615 209 1631 243 ὴ
1647 207 1771 243 εὖθηνίσ,
1785 208 1855 244 «pr;

229 262 297 288 riam
314 260 347 287 ad
364 260 503 287 stimulum
533 258 645 290 amoris,
663 257 786 285 incitavit
801 256 833 283 ad
853 262 913 282 eam
923 261 1017 281 aman-

228 309 289 335 dam
303 310 414 342 propter
427 306 567 334 florentem
584 305 642 340 ejus
656 305 785 340 speciem.
795 303 841 330 Illa
857 307 945 330 autent
962 308 1015 328 non

230 359 337 386 nutuml
365 361 419 381 non
445 356 562 387 gestum,
578 359 633 379 nec
657 351 803 386 quidquam
829 349 881 376 tale
906 348 1017 375 omnino

229 400 392 430 sustinente,
409 398 501 426 nullus
518 405 573 425 non
603 397 670 432 lapis
686 398 720 424 ab
733 404 765 423 eo
790 395 962 424 movebatur,
987 398 1017 421 ut

231 446 263 473 ad
278 445 405 472 effectum
434 444 546 471 omnino
561 444 705 471 deduceret
725 443 749 469 id
776 442 848 477 quod
878 441 1018 468 desidera-

230 493 317 523 batur;
336 491 403 517 adeo
416 495 445 517 ut
458 491 516 525 eius
533 489 680 517 familiares
696 494 720 516 et
737 488 853 520 vicinas,
872 488 904 514 ad
920 489 970 515 hoc
991 487 1016 514 ei

230 537 421 568 insorrientes,
450 536 559 562 assidue
589 535 784 562 transmitteret
805 534 934 568 quidquid
961 536 1019 560 erat

230 583 407 609 desiderabile
440 587 467 609 et
500 581 640 608 blandiens
665 580 804 615 cupiditati
831 588 859 607 se
892 580 1016 607 daturum

232 629 372 662 pollicens.
393 627 438 654 illa
453 631 544 654 autem
573 627 614 653 his
635 626 723 653 verbis
737 631 764 654 et
781 625 916 653 illecebris
933 633 1017 660 appo-

230 675 310 701 tu-bat
324 674 394 701 diem
409 673 504 708 judicii
518 678 544 700 et
559 673 680 700 timorem
690 672 838 708 gehennae:
853 672 923 704 Quin
936 671 1017 698 etiam

232 721 376 750 erubesco.
394 721 511 752 dicebat.
527 721 570 748 vel
590 720 678 754 ipsum
694 720 778 747 solem
804 719 905 747 habere
920 722 1016 745 testem

231 768 292 795 talis
307 767 410 803 ﬂagitii.
427 768 503 800 Quod
519 768 628 802 quidem
641 767 754 795 verbutn
782 775 843 794 cum
865 765 1017 801 apprehen—

230 814 314 841 «τὶςεει
331 822 383 841 una
399 821 432 841 ex
445 814 597 846 lenis,mali
615 814 800 840 accessionem
817 812 920 839 habens
931 816 1017 839 artem

231 861 373 893 magicam,
399 860 450 887 hoc
467 859 492 886 ei
512 860 654 894 proposuit
671 859 846 893 probabiliter
861 867 867 885 :
884 857 939 885 Sed
965 858 1018 884 hoc

230 905 367 939 inquiens.
384 913 398 932 a
415 910 442 932 te
458 905 504 932 fiat
523 910 583 940 post
596 905 660 932 solis
677 912 802 932 occasum
820 909 848 932 et
862 904 953 931 nullus
968 903 1019 931 erit

230 950 275 984 qui
296 954 321 977 te
337 954 480 985 cognoscat
496 957 504 977 :
518 957 606 984 neque
634 949 743 976 futurus
762 954 804 976 est
822 949 892 977 ullus
907 948 1018 976 omnino

232 994 307 1021 testis
318 995 388 1029 apud
407 995 500 1026 Deum,
514 1000 560 1022 aut
577 995 647 1029 apud
676 995 810 1022 homines.
837 993 899 1022 Haec
915 994 1018 1022 audivit

229 1046 256 1066 et
270 1040 319 1067 fuit
336 1048 382 1066 cor
394 1040 452 1075 ejus
467 1041 591 1075 protinus
611 1041 729 1067 illectum
745 1045 772 1068 et
785 1040 937 1068 seductum.
953 1040 1018 1067 Erat

231 1086 302 1113 enim
314 1087 412 1114 mulier
425 1095 485 1121 qua:
499 1092 595 1114 natura
608 1087 687 1114 facile
700 1087 759 1122 capi
773 1092 861 1122 potest
871 1092 899 1114 et
917 1087 1016 1122 decipi,

232 1138 259 1159 ct
270 1133 384 1159 maxime
399 1126 476 1167 quod
485 1133 603 1160 futurum
621 1139 694 1161 esset
704 1139 733 1161 ut
745 1134 843 1161 factum
855 1133 939 1161 Deum
952 1134 1019 1160 late-

232 1187 282 1212 l'el,
303 1188 351 1215 per
366 1181 488 1209 fraudem
505 1182 647 1210 audiverat
663 1187 691 1210 et
705 1182 868 1211 crediderat.
884 1182 916 1208 Et
930 1181 970 1211 sic
984 1181 1019 1209 ad

229 1226 355 1253 effectum
372 1227 514 1254 deductum
530 1232 571 1255 est
589 1229 689 1256 malum
707 1230 767 1264 eius
787 1229 946 1257 consilium.

267 1272 311 1299 ΙΙΙ.
328 1271 469 1307 Postquam
483 1278 572 1302 autem
590 1283 618 1303 re
634 1275 705 1303 facta
716 1284 796 1310 quam
824 1277 913 1311 turpis
925 1280 952 1304 et
971 1275 1015 1303 in-

231 1319 328 1345 decora
338 1326 382 1346 res
398 1319 433 1346 sit
448 1326 601 1354 peccatum,
617 1322 750 1357 agnoscit.
764 1322 876 1350 acerbos
914 1323 1018 1351 habens

232 1365 356 1393 stimulos
371 1370 398 1393 et
418 1367 497 1393 valde
523 1374 684 1403 compuncta
702 1370 870 1398 conscientia
902 1370 1017 1398 cruciari

231 1412 322 1438 animo
336 1413 420 1446 coepit
444 1417 471 1440 et
491 1421 582 1441 amara
610 1415 671 1442 duci
698 1416 858 1449 pmnitentia
889 1416 983 1444 dicens
1008 1425 1016 1443 :

232 1457 269 1483 Ex
295 1458 366 1491 quali
384 1459 488 1486 honore
499 1460 531 1486 ad
550 1465 678 1495 quantum
696 1462 790 1488 transii
824 1462 1016 1496 ignominiam!

234 1502 414 1530 (“utruerunt
427 1508 455 1530 et
470 1510 604 1540 corrupta:
618 1510 681 1533 sunt
693 1507 832 1534 cicatrices
841 1515 907 1534 meat
921 1516 937 1535 a
950 1508 1018 1535 facie

232 1547 395 1583 iusipienlitn
410 1558 477 1578 meae
498 1552 505 1567 ¹
519 1560 525 1584 ;
542 1561 551 1577 ι
567 1555 595 1579 et
612 1561 617 1579 :
634 1562 643 1579 ι
659 1553 797 1582 Conversa
821 1562 880 1582 sum
902 1555 929 1581 in
946 1562 1017 1582 aeru-
1029 1540 1053 1572 ο

232 1603 333 1627 mnam,
355 1597 419 1624 dum
443 1597 525 1626 inﬁxa
540 1603 584 1626 est
600 1599 666 1626 mihi
679 1600 767 1635 spina.
789 1609 798 1626 I
818 1601 879 1629 llaec
909 1601 1018 1629 dicebat

231 1641 450 1677 etlacrymarum
474 1644 616 1672 emittebat
643 1645 733 1672 fontes
761 1646 874 1681 calidos.
895 1646 934 1674 sic
954 1653 1018 1681 pec—

231 1689 283 1714 cati
299 1689 458 1724 abstergens
485 1690 608 1718 faetorem
635 1696 664 1718 et
686 1692 898 1719 de.ormitatem.
912 1693 1017 1727 Conjux

231 1738 321 1760 autem
336 1735 465 1768 ignorans
481 1743 595 1764 causam
615 1737 674 1771 ejus
695 1738 822 1769 tristitiae,
835 1739 926 1765 omnia
939 1739 1016 1765 dice-

231 1776 277 1803 bat
289 1781 316 1804 et
326 1776 454 1810 faciebat,
480 1787 540 1806 eam
560 1781 705 1808 consolans
720 1786 747 1808 et
761 1790 811 1816 pro
835 1782 942 1809 viribus
954 1789 1015 1810 eam

229 1829 333 1850 eonans
361 1831 494 1852 recreare.
519 1824 571 1852 Sed
594 1826 648 1858 illa,
664 1831 777 1861 peccato
798 1831 924 1862 tanquam
950 1836 1017 1862 quo-

230 1868 292 1895 dam
327 1870 415 1897 ulcere
446 1871 548 1898 interna
575 1872 738 1907 depascente
762 1879 790 1901 et
828 1874 1015 1909 cogitationem

230 1922 285 1942 non
297 1915 404 1943 sinente
419 1917 570 1951 quiescere,
586 1923 645 1945 erat
668 1919 882 1952 inconsolabilis,
910 1925 938 1947 et
954 1921 1016 1947 nul-

229 1960 281 1987 lam
310 1962 469 1990 attendebat
499 1964 662 1997 orationem,
694 1972 755 1999 qua:
778 1971 839 1992 eam
865 1970 1014 1993 recrearet.

228 2005 376 2041 Propterea
389 2009 486 2035 statuit
503 2010 596 2037 venire
612 2010 646 2037 ad
658 2018 741 2037 unum
765 2019 798 2038 ex
818 2011 903 2038 sacris
920 2019 1015 2039 morta-

229 2053 332 2085 steriis,
353 2053 380 2080 in
398 2062 452 2088 quo
483 2055 535 2090 pia:
554 2056 756 2083 exercebantur
771 2056 889 2088 feminae,
919 2062 948 2084 et
974 2057 1014 2084 sie

229 2098 319 2132 aliqua
351 2100 456 2127 ratione
486 2109 582 2136 parare
608 2102 660 2129 sibi
691 2103 915 2130 consolationem.
944 2102 1013 2130 Cum

229 2152 293 2179 ergo
308 2145 430 2178 abiisset,
451 2151 479 2174 et
503 2147 562 2181 ejus
586 2155 646 2182 qua:
672 2153 788 2183 prmerat
812 2148 897 2183 pedes
913 2156 1012 2183 appre-

230 2189 381 2223 hendisset,
401 2199 460 2219 eam
477 2192 556 2220 valde
574 2194 687 2229 rogabat
699 2200 726 2221 et
742 2194 864 2229 petebat,
878 2199 1010 2228 utquam-
1027 2210 1050 2239 υ

228 2238 347 2272 primum
379 2238 524 2266 aiIerretur
550 2239 671 2267 divinum
705 2239 890 2275 Evangelium.
923 2241 1011 2268 Causa

229 2286 320 2308 autem
335 2286 404 2314 erat,
417 2286 447 2310 ut
463 2282 527 2310 hinc
539 2283 640 2310 certior
653 2283 741 2316 fleret,
759 2291 794 2310 an
808 2284 881 2318 quod
897 2292 1012 2319 vespere

229 2328 254 2354 ei
273 2329 374 2354 factum
402 2328 501 2360 fuerat,
517 2329 648 2356 evasisset
659 2329 773 2356 evidens
795 2329 843 2356 Dei
869 2330 964 2358 oculis.
979 2330 1013 2358 Et

229 2373 306 2407 quid,
322 2374 360 2401 ait
381 2374 407 2401 ei
436 2375 574 2408 praetecta,
591 2380 635 2403 est
652 2375 708 2403 Deo
727 2375 917 2411 incognitum?
940 2375 1012 2404 Num

228 2419 303 2446 enim
320 2419 402 2454 (sicut
417 2420 456 2447 ait
476 2420 584 2448 divinus
603 2421 687 2449 David
703 2422 725 2455 ³)
743 2422 789 2457 qui
814 2421 948 2457 plantavit
961 2430 1009 2450 au-

227 2472 285 2492 rem
297 2473 352 2492 non
371 2467 469 2493 audit?
491 2473 538 2495 aut
556 2468 602 2503 qui
620 2469 697 2495 ﬁnxit
726 2469 836 2496 oculum
861 2477 917 2497 non
941 2477 1011 2497 con-

229 2510 341 2543 siderat,
360 2512 404 2539 cui
423 2513 467 2540 vel
479 2513 537 2548 ipse
552 2514 656 2548 primus
679 2519 713 2550 et,
726 2515 804 2542 exilis
820 2515 911 2543 cordis
926 2516 1012 2544 nostri

228 2561 320 2584 motus
351 2557 444 2585 evadit
469 2559 653 2587 manifestus?
670 2560 724 2588 Sed
742 2561 765 2589 si
788 2561 909 2590 dolorem
942 2563 1012 2590 nolis

229 2601 329 2630 habere
361 2603 554 2636 intensiorem,
585 2607 651 2634 mihi
680 2614 786 2642 experte
807 2607 935 2642 quidnam
966 2609 1012 2642 sit,

228 2648 302 2682 quod
323 2654 400 2677 tuum
415 2651 677 2686 mordetanimum;
697 2659 723 2680 et
741 2652 857 2680 fortasse
869 2654 1010 2682 nobisnon

227 2694 312 2721 th-erit
343 2696 505 2724 remedium.
533 2697 582 2724 Illa
610 2702 701 2724 autem
728 2698 917 2726 recordatione
941 2699 1010 2733 eius,

226 2743 300 2775 quod
318 2741 420 2769 factum
445 2743 546 2776 fuerat,
571 2749 708 2771 commota
729 2745 764 2771 ad
776 2745 921 2779 lacrymas,
939 2746 1011 2780 quod

227 2787 260 2812 ah
274 2787 352 2814 initio
365 2788 489 2822 petierat,
503 2789 594 2816 denuo
608 2788 802 2823 petiitChristi
819 2789 1007 2824 Evangelium.

264 2872 270 2886 '
286 2872 356 2899 l'sal.
372 2880 473 2908 xxxvtt,
487 2874 514 2901 6.
553 2875 562 2889 ¹
580 2872 652 2901 Psal.
667 2881 739 2905 xxxi.
755 2874 780 2902 ι.
820 2874 829 2889 ³
842 2872 914 2901 Psal.
932 2882 1006 2908 xcnt,
1020 2875 1047 2904 9.

1068 255 1114 281 τὸν
1144 254 1246 290 ταύτης
1269 254 1314 282 διὰ
1342 255 1392 291 τὴν
1417 254 1590 282 ἐπανθοῦσαν
1623 253 1699 290 ὥραν
1726 254 1855 286 ἐκίνησεν

1068 301 1170 336 ἔρωτα.
1190 301 1314 337 Ἐχεινης
1340 302 1368 328 δὲ
1396 301 1434 337 μὴ
1462 302 1561 336 νεῦμα,
1590 301 1628 337 μὴ
1642 300 1746 336 σχῆμα,
1769 299 1853 336 μηδὲν

1067 348 1135 379 ὅλως
1149 347 1204 374 τῶν
1226 347 1356 375 τοιούτων
1382 347 1564 383 ἀνεχομένης,
1585 347 1659 379 λίθος
1681 347 1755 381 αὺτῷ
1779 347 1854 377 ἅπας

1069 394 1187 420 ἐκινεῖτο
1200 394 1251 420 τοῦ
1266 393 1378 425 πάντως
1397 395 1438 425 είς
1459 393 1542 428 ἔργον
1556 393 1671 428 ἀγαγεῖν
1688 393 1719 419 τὸ
1735 391 1854 419 timeat}-

1069 448 1170 474 μενον·
1187 440 1224 472 ὡς
1254 440 1302 466 καὶ
1330 440 1381 471 τὰς
1411 439 1540 474 συνήθεις
1565 439 1648 474 αὐτῇ,
1676 437 1794 469 καὶτὰς
1820 438 1854 464 ὲκ

1069 486 1216 519 γειτόνων,
1240 485 1310 520 πρὸς
1341 485 1419 512 τοῦτο
1457 484 1694 519 διακοσμουμένας
1732 482 1853 517 συνεχῶς

1068 533 1272 566 διαπέμπεσθαι
1287 534 1341 560 πᾶν
1355 534 1423 569 ὅπερ
1436 533 1532 567 ἐφετὸν
1542 533 1589 560 καὶ
1599 533 1690 560 σαῖνον
1703 531 1854 566 ἐπιθυμίαν

1068 579 1164 605 δώσειν
1180 579 1428 615 ἐπαγγελλόμενος.
1448 580 1481 607 Ἠ
1496 579 1525 606 δὲ
1541 581 1602 610 τοῖς
1625 579 1730 614 ῥήμασι
1746 577 1855 609 τούτοις

1070 624 1117 650 καὶ
1144 623 1331 658 ὑποκνίσμασι
1358 624 1408 659 τὴν
1437 623 1489 658 τῆς
1525 623 1644 658 κρίσεως
1670 623 1779 658 ἡμέραν
1806 621 1857 648 καλ

1068 671 1113 695 τὸν
1130 669 1180 704 τῆς
1204 670 1316 704 γεέννης
1346 670 1483 697 αντε-τίθει
1505 669 1589 704 φόϐον
1601 677 1609 685 θ
1634 669 1704 696 ἀλλὰ
1723 669 1774 702 μὲν
1793 667 1853 698 καὶ,

1069 716 1120 741 Τὸν
1135 715 1211 751 ἥλιον
1228 715 1403 751 αἰσχύνομαι,
1420 716 1499 751 φησὶ,
1517 716 1643 751 μάρτυρα
1665 714 1714 741 τοῦ
1728 715 1854 740 τοιούτου

1070 764 1281 800 μιάσματος.....
1295 764 1450 800 δραξαμένη
1472 765 1598 799 ῥήματος
1615 763 1669 790 τῶν
1680 762 1855 798 προαγωγῶν

1071 811 1121 845 μία
1140 811 1302 846 προσθήκην
1321 810 1369 838 τοῦ
1390 811 1476 838 κακοῦ
1501 811 1549 838 καὶ
1569 811 1619 845 τὴν
1643 811 1731 845 μάγον
1753 809 1855 843 ἔχουσα

1069 856 1179 891 τέχνην,
1215 856 1338 888 πιθανῶς
1366 857 1448 892 δῆθεν
1473 857 1543 892 αὐτῇ
1569 857 1728 891 προέτεινεν
1747 866 1754 874 ·
1770 855 1856 882 Ἀλλὰ

1071 904 1141 939 μετὰ
1153 903 1258 938 δυσμὰς
1272 903 1358 940 ἡλίου,
1372 903 1497 937 λέγουσα,
1510 904 1568 930 τόδε
1583 912 1624 929 σοι
1635 902 1793 938 πραχθήτω,
1806 902 1855 928 καὶ

1069 949 1132 976 οὔτε
1152 950 1215 976 τινὰ
1232 949 1279 976 τὸν
1301 951 1524 984 συγγινώσκοντα
1536 950 1618 982 ἕξεις,
1635 949 1696 976 οὔτε
1714 949 1767 983 μὴν
1783 949 1854 984 πρδς

1069 996 1135 1023 Θεὸν
1162 996 1178 1031 ἢ
1207 997 1276 1031 πρὸς
1301 997 1474 1032 ἀνθρώπους,
1506 997 1633 1033 μάρτυρα
1661 996 1690 1023 τὸ
1720 996 1855 1031 παράπαν

1069 1043 1210 1077 ἐσόμενον.
1230 1043 1325 1070 Ταῦτα
1343 1044 1444 1079 ἥκουσὲ
1462 1052 1511 1076 τε,
1535 1043 1582 1070 καὶ
1606 1043 1656 1078 τὴν
1671 1043 1787 1078 καρδίαν
1810 1042 1856 1068 εὗ-

1069 1087 1118 1119 θὺς
1137 1087 1324 1114 ὑποϐλέπεται
1337 1096 1343 1103 ·
1361 1089 1431 1122 γυνὴ
1449 1089 1504 1123 γὰρ
1521 1085 1554 1123 ἦν
1577 1088 1659 1122 φύσις
1681 1087 1855 1122 εὐεξαπάτη-

1068 1142 1114 1165 τος
1137 1134 1185 1160 καὶ
1208 1134 1357 1169 ἁλώσιμος,
1386 1134 1434 1161 καὶ
1462 1135 1580 1169 μάλιστα
1601 1135 1641 1161 ὅτι
1668 1133 1716 1160 καὶ
1740 1133 1807 1160 Θεὸν
1824 1133 1856 1160 τὸ

1069 1179 1193 1214 πραχθὲν
1205 1179 1282 1206 λάοοι
1298 1179 1416 1214 δολερῶς
1431 1180 1532 1214 ἤκουσε
1550 1180 1597 1206 καὶ
1619 1179 1765 1205 ἐπίστευσε
1781 1186 1788 1194 '
1806 1179 1857 1205 καὶ

1068 1225 1156 1257 οὕτως
1171 1226 1212 1257 είς
1230 1225 1310 1261 ἔργον
1327 1225 1408 1261 ἐξέϐη
1424 1225 1454 1252 τὸ
1470 1224 1588 1260 πονηρὸν
1603 1224 1738 1260 βούλημα.

1105 1271 1143 1300 Γ.
1175 1272 1252 1298 Ἐπεὶ
1277 1272 1315 1305 δὲ,
1344 1272 1414 1306 μετὰ
1435 1271 1485 1307 τὴν
1508 1271 1619 1305 πρᾶξιν,
1645 1271 1719 1300 ὅπως
1739 1269 1854 1304 αἰσχρὸν

1069 1317 1117 1344 καὶ
1132 1317 1252 1352 ἄσεμνον
1266 1319 1282 1353 ἠ
1295 1317 1420 1352 ἁμαρτία
1439 1315 1615 1351 γνωρίζεται,
1632 1316 1734 1351 πικρὰς
1753 1315 1856 1350 ἔχουσα

1068 1365 1117 1396 τὰς
1128 1365 1225 1396 ἀκίδας
1240 1365 1288 1391 καὶ
1308 1363 1430 1400 ἰσχυρῶς
1444 1363 1475 1390 τὸ
1494 1364 1616 1395 συνειδὸς
1637 1363 1854 1396 καταξαίνουσα,

1069 1411 1116 1437 καὶ
1142 1411 1261 1446 μάλιστα
1281 1410 1328 1437 τοῦ
1351 1410 1507 1446 πράξαντος
1530 1410 1629 1444 σεμνὸν
1662 1410 1692 1436 τὸ
1718 1410 1854 1444 πρότερον

1072 1457 1288 1492 μεταδιώκοντας
1322 1457 1380 1492 βίον
1411 1458 1459 1484 καὶ
1490 1457 1634 1492 φιλοσοφία
1669 1457 1854 1492 προσέχοντος

1069 1503 1187 1538 ἤρξαντο
1215 1502 1263 1529 καὶ
1288 1502 1358 1536 αὑτὴ
1388 1502 1598 1538 σπαράττεσθαι
1617 1502 1667 1538 τὴν
1691 1502 1782 1536 ψυχὴν
1805 1500 1855 1528 καὶ

1069 1549 1167 1584 πικρὸν
1187 1545 1244 1575 οἷον
1266 1548 1311 1575 τὸν
1328 1549 1481 1584 μετάμελον
1503 1549 1631 1584 δέχεσθαι
1644 1557 1651 1564 ·
1677 1549 1725 1580 El;
1744 1548 1805 1575 οταν
1823 1548 1854 1581 ἐξ

1067 1594 1126 1624 οἵας
1140 1593 1222 1628 τιμῆς
1235 1593 1283 1628 τὴν
1308 1593 1440 1630 αἰσχύνην
1460 1594 1561 1629 μετέὅη
1582 1594 1589 1621 ι
1606 1593 1785 1629 Προσώζεσαν
1805 1593 1854 1619 καὶ

1068 1639 1210 1674 ὲσάπησαν
1222 1640 1247 1666 ot
1263 1639 1396 1675 μώλωπές
1411 1648 1475 1674 μου,
1489 1636 1617 1674 λέγουσα,
1633 1640 1687 1666 ἀπὸ
1705 1639 1854 1674 προσώπου

1067 1688 1117 1722 τῆς
1130 1687 1287 1722 ἀφροσύνης
1302 1696 1366 1722 μου,
1393 1688 1442 1715 καὶ
1456 1688 1498 1714 ὅτι
1515 1687 1638 1722 ἐτράφην
1654 1688 1694 1718 εἰς
1710 1686 1854 1713 ταλαιπω-

1069 1733 1142 1768 ρίαν,
1164 1734 1192 1759 ὲν
1205 1733 1244 1767 τῷ
1257 1733 1418 1768 ἐμπαγῆναι
1435 1743 1478 1768 μοι
1494 1733 1626 1760 ἄκανθαν.
1666 1733 1760 1760 Ταῦτα
1774 1733 1854 1767 ἑλεγέ

1066 1787 1097 1805 τε
1128 1778 1176 1805 καὶ
1193 1778 1298 1813 θερμὰς
1314 1779 1442 1814 δακρύων
1457 1779 1534 1814 ἠφίει
1555 1780 1660 1814 πηγὰς,
1687 1779 1718 1805 τὸ
1733 1779 1854 1811 δυσῶδες

1067 1824 1138 1851 οὕτω
1159 1825 1208 1852 καὶ
1229 1825 1346 1856 ἀκαλλὲς
1369 1826 1420 1860 τῆς
1442 1825 1583 1860 ἁμαρτίας
1613 1825 1853 1860 ἀποκαθαίρουσα.

1077 1866 1107 1894 '0
1121 1868 1213 1903 μέντοι
1233 1868 1368 1902 σύνοικος,
1382 1869 1430 1905 τὴν
1451 1870 1543 1896 αἰτίαν
1558 1870 1608 1904 τῆς
1621 1869 1853 1906 σκυθρωπότητος

1065 1914 1181 1948 ἀγνοῶν,
1210 1915 1298 1942 πάντα
1324 1923 1354 1942 τε
1383 1915 1462 1950 ἔλεγε
1489 1917 1537 1943 καὶ
1564 1917 1653 1944 ἐποίει
1680 1917 1853 1952 παρηγορῶν

1065 1960 1159 1996 αὐτὴν,
1181 1962 1227 1988 καὶ
1244 1962 1293 1997 ὅση
1305 1961 1431 1997 δύναμις,
1448 1963 1652 1998 ἀναλαμϐάνειν
1666 1965 1853 1999 πειρώμενος·

1064 2007 1124 2034 ἀλλ’
1140 2007 1233 2042 ἐκείνη
1245 2008 1340 2043 ὥσπερ
1358 2009 1430 2041 τινὸς
1446 2009 1543 2041 ἕλκους
1561 2010 1613 2045 τῆς
1628 2011 1770 2047 ἁμαρτίας
1791 2011 1852 2038 δια-

1065 2053 1235 2088 6οσιιομένης
1260 2053 1294 2080 τὰ
1315 2054 1401 2086 ἔνδον,
1434 2055 1482 2082 καὶ
1505 2055 1550 2082 τὸν
1571 2055 1702 2090 λογισμὸν
1733 2056 1853 2091 ἠρεμεῖν

1063 2097 1113 2124 οὐκ
1141 2098 1244 2132 ἐώσης,
1260 2099 1455 2135 ἀπαράκλητος
1473 2098 1508 2136 ἦν
1527 2100 1574 2127 καὶ
1589 2101 1678 2128 οὐδενὶ
1693 2100 1765 2135 λόγῳ
1779 2110 1852 2135 περ·

1063 2144 1211 2179 ηγοροῦντι
1231 2146 1413 2180 προσέχουσα.
1428 2147 1478 2174 Διά
1492 2146 1579 2174 ταῦτα
1599 2148 1648 2173 καὶ
1673 2149 1714 2179 εἰς
1729 2148 1759 2174 ἓν
1778 2148 1853 2182 ἔγνω

1064 2191 1119 2219 τῶν
1139 2191 1220 2227 ίιρῶν
1235 2192 1385 2226 ἀφικέσθαι
1401 2193 1627 2228 φροντιστηρίων,
1644 2191 1705 2227 ἒ,νῷ
1720 2195 1850 2228 γυναῖκες

1063 2238 1197 2272 ἠσκοῦντο
1209 2238 1357 2270 θεοσεϐεῖς,
1370 2239 1419 2266 καὶ
1435 2237 1510 2266 οὕτω
1525 2239 1627 2274 τρόπον
1642 2239 1704 2266 τινὰ
1719 2239 1851 2274 παραψυ-

1063 2285 1114 2320 ﬁt;
1145 2285 1231 2320 ἑαυτῇ
1257 2285 1480 2320 μηχανήσασθαι.
1505 2285 1676 2313 ’Δπελθοῦσα
1700 2285 1768 2319 γοῦν
1802 2286 1852 2313 καὶ

1060 2331 1116 2358 τῶν
1131 2331 1181 2366 τῆς
1199 2331 1377 2367 προεστώσης
1392 2331 1531 2367 λασομένη
1555 2332 1645 2358 ποδῶν
1656 2352 1664 2364 ,
1704 2332 1791 2367 πολλή
1807 2341 1851 2364 τις

1060 2375 1096 2412 ἦν
1118 2378 1234 2413 δεομένη
1255 2379 1368 2414 ταύτης,
1384 2378 1432 2406 καὶ
1450 2378 1482 2405 τὸ
1499 2379 1571 2405 θεῖον
1587 2379 1755 2413 Εὑαγγέλιον
1777 2387 1850 2415 παρα

1060 2423 1179 2459 αχθῆναι
1206 2423 1237 2450 τδ
1262 2423 1346 2459 τάχος
1369 2423 1484 2450 αιτοῦσα
1499 2431 1506 2438 '
1532 2423 1579 2451 καὶ
1599 2425 1632 2451 τὸ
1660 2424 1748 2451 αίτιον
1777 2423 1850 2451 ῶστι

1061 2470 1252 2504 πληροφορίαν
1278 2469 1386 2496 ἐκεῖθεν
1413 2469 1528 2502 λαϐεῖν,
1563 2469 1588 2496 εἰ
1615 2469 1647 2496 τδ
1675 2469 1848 2506 διαπραχθὲν

1061 2516 1181 2551 ἑσπέρας
1190 2517 1259 2551 αὐτῇ
1272 2517 1329 2547 τοῖς
1338 2516 1385 2542 τοῦ
1395 2516 1463 2542 Θεοῦ
1472 2516 1552 2551 δῆλον
1563 2517 1674 2551 γέγονεν
1684 2517 1846 2552 ὀφθαλμοῖς.

1060 2561 1116 2588 Καὶ
1132 2562 1168 2595 τί,
1189 2563 1271 2597 φησὶν
1295 2564 1312 2597 ἡ
1335 2562 1529 2597 καθηγουμένη
1543 2563 1612 2598 πρὸς
1627 2563 1723 2598 αὐτὴν,
1747 2564 1847 2598 ἠγνόη-

1061 2615 1106 2634 ται
1123 2607 1160 2642 τῷ
1187 2607 1268 2642 Θεῷ;
1288 2607 1334 2641 Μὴ
1364 2608 1418 2642 γὰρ
1436 2606 1484 2641 (ὡς
1512 2607 1526 2633 ὀ
1552 2607 1623 2639 θεῖος
1645 2607 1698 2643 ἔφη
1720 2607 1814 2642 Δαυτό)
1833 2609 1847 2633 ὸ

1061 2652 1198 2685 φυτεύσας
1224 2654 1254 2679 τδ
1276 2651 1322 2684 οὖς
1344 2654 1404 2687 οὐχὶ
1432 2652 1546 2684 ἀκούει;
1571 2653 1588 2688 ἦ
1621 2654 1636 2679 ό
1671 2654 1780 2685 πλάσας
1800 2655 1846 2680 τὸν

1061 2697 1200 2732 ὀφθαλμὸν
1214 2697 1276 2732 οὐχὶ
1298 2698 1447 2728 κατανοεῖ,
1522 2697 1570 2723 καὶ
1586 2697 1655 2732 αὐτὴ
1677 2696 1774 2732 πρώτη
1799 2697 1845 2723 καὶ

1061 2743 1147 2779 λεπτὴ
1178 2744 1285 2778 κίνησις
1311 2744 1361 2779 τῆς
1390 2743 1505 2778 καρδίας
1531 2742 1611 2778 ήμῶν
1634 2742 1704 2777 δήλη
1727 2743 1846 2777 γίνεται,

1063 2790 1146 2827 πλὴν,
1161 2791 1186 2817 εί
1211 2791 1248 2826 μὴ
1275 2790 1381 2825 μέλλοις
1406 2790 1553 2818 ἐπιτείνειν
1576 2789 1607 2816 τδ
1630 2789 1764 2825 ἀλγημα,
1783 2789 1847 2825 tuo)
