2034 3152
184 181 239 212 669

651 178 740 210 VITA
760 178 791 209 S.
809 177 1027 208 THEODORJE
1044 177 1340 208 ALEXANDRINIE.

1751 180 1806 212 670

181 239 371 274 προσανάθου,
388 237 415 264 τί
427 238 458 264 τὺ
471 237 569 264 δάκνον
586 245 633 263 σου
649 238 698 271 τὴν
714 236 821 272 ψυχὴν,
838 237 885 263 καὶ
907 237 963 263 ῐσωι

1024 235 1103 268 Quod
1123 235 1233 270 quidem
1250 243 1312 263 cum
1326 236 1442 270 primum
1457 236 1615 270 evolvisset,
1633 237 1713 265 simul
1725 240 1807 273 atque

175 285 226 311 οὒκ
249 284 429 320 ἀπορήσομεν
452 283 612 319 θεραπείας.
642 283 676 309 Ἠ
687 283 727 315 δὲ,
743 285 774 318 τῇ
801 283 898 318 μνήμῃ
920 282 967 309 τοῦ

176 332 320 366 γεγονότος
346 331 491 366 κινηθεῖσα
516 330 585 366 πρὸς
623 330 742 365 δάκρυα,
772 330 802 356 τὸ
827 330 858 362 ἐξ
880 329 968 364 ἀρχῆς

178 377 291 410 αἰτηθὲν
305 378 352 404 καὶ
370 376 447 409 αὖθις
463 376 555 418 ἐξῆ-εει
578 377 626 404 τοῦ
650 377 768 412 Χριστοῦ
787 377 963 411 Εὑαγγὲλιον.

179 424 268 458 Ὅπερ
284 423 365 455 εὐθὺς
382 424 527 457 άνελίξασα
545 423 604 458 ἅμα
620 425 651 458 τῇ
668 423 780 458 ἐπιϐολῇ
794 423 850 450 τῶν
871 422 968 456 ὀφθαλ-

179 469 237 503 μῶν
247 470 338 496 ἐκεῖνο
349 465 427 503 εὗρεν
437 469 607 503 ἐγκείμενον,
619 469 648 494 τὸ
659 469 673 495 ὂ
685 469 810 504 γέγραρα
825 469 966 504 γέγραφα.

178 517 233 542 Καὶ
248 515 354 542 αὐτίκα
369 515 444 552 λύπῃ
461 515 558 551 βαρείᾳ
574 515 623 550 τὴν
640 515 730 550 ψυχὴν
743 515 892 550 πληγεῖσα,
907 517 968 547 ταῖς

178 562 255 596 χερσί
267 570 297 588 τε
308 562 358 596 τὴν
367 562 429 596 ὄψιν
438 561 593 594 πατάξασα,
610 562 679 588 Οὶαί
694 562 780 597 μοιτῇ
794 561 885 597 ἁθλίᾳ,
897 561 969 597 μέγα

179 608 276 642 ἐϐόησε
288 617 295 623 -
316 608 368 643 φεῦ
385 609 434 643 τῆς
450 608 565 643 πλάνης,
584 608 635 642 φεῦ
651 608 698 635 τοῦ
713 608 890 644 τολμήματος
904 609 910 634 l
926 608 966 640 εἰς

181 652 236 686 γὰρ
259 652 310 687 τὴν
333 652 381 678 τοῦ
407 652 505 688 ἀνδρὸς
528 652 660 688 ὲξύϐρισα
684 653 789 688 κοίτην.
812 653 905 679 Ταῦτα
921 653 967 680 λέ-

182 706 280 731 γουσα,
297 699 346 726 καὶ
372 699 529 734 συγχύσεως
550 699 600 734 μὲν
617 699 666 735 τὴν
685 699 802 734 καρδίαν
814 720 822 732 ,
838 699 966 734 δακρύων

179 746 206 772 δὲ
230 746 374 781 πληροῦσα
397 746 428 773 τὸ
454 747 563 781 ἔδαφος,
581 747 631 773 καὶ
656 747 724 782 μηδὲ
745 747 777 773 τὸ
790 746 867 781 ϐμμα
896 746 966 781 πρὸς

179 792 312 827 οὐρανοὺς
327 793 417 827 αἴρειν
443 793 584 828 τολμῶσα,
600 793 669 819 ἀλλὰ
683 794 731 820 καὶ
752 793 849 820 τούτου
866 793 965 828 ἀπείρ-

1021 280 1117 316 injecit
1131 281 1235 313 oculos,
1251 281 1429 309 invenitillud
1441 283 1572 317 scriptum
1590 291 1597 310 :
1609 282 1687 316 Quod
1694 284 1806 318 scripsi,

1020 326 1119 362 scripsi
1136 326 1158 353 ‘.
1180 335 1190 352 ι
1210 326 1243 353 Et
1268 326 1349 353 simul
1369 328 1443 361 gravi
1460 327 1545 356 animi
1558 329 1653 357 dolore
1668 330 1804 361 sauciata,

1019 376 1048 399 ct
1063 372 1188 399 manibus
1202 380 1281 399 suam
1304 373 1415 407 pulsans
1433 373 1528 400 faciem
1547 383 1554 401 :
1570 375 1619 402 llei
1636 376 1702 403 mihi
1722 375 1806 403 mise-

1020 426 1068 451 rm,
1082 426 1179 453 magna
1193 426 1261 446 voce
1278 419 1438 446 exclamavit
1455 428 1463 453 ;
1493 427 1509 447 ο
1533 428 1665 452 errorem.
1682 429 1698 448 ο
1715 422 1802 449 audax

1019 464 1142 492 facinus!
1166 464 1265 492 violavi
1292 464 1341 492 viri
1362 465 1461 492 cubile.
1491 465 1554 492 llaec
1580 466 1686 499 dicens,
1708 471 1736 494 et
1757 475 1804 496 eor

1018 509 1128 545 quidem
1148 510 1322 542 confusione,
1340 510 1427 538 solum
1439 515 1530 538 autem
1545 512 1653 547 replens
1664 513 1802 547 lacrymls,

1017 561 1112 583 etnec
1136 556 1169 584 ad
1190 557 1288 584 coelum
1308 557 1419 591 quidem
1435 557 1539 584 audens
1563 557 1656 585 oculos
1669 558 1802 590 attollere.

1018 601 1065 628 sed
1081 601 1163 628 etiam
1175 601 1208 627 ab
1221 601 1273 628 hoc
1293 601 1388 628 dicens
1399 609 1429 629 se
1448 602 1546 633 arceri,
1563 606 1593 629 ut
1617 610 1676 636 quae
1698 602 1803 628 nefario

1019 654 1069 674 suo
1084 646 1186 682 ﬂagitio
1202 647 1290 682 ipsum
1315 648 1395 674 etiam
1428 655 1518 675 aerem
1546 648 1681 683 polluerit.
1710 648 1804 675 statuit

1020 691 1151 726 deinceps
1160 699 1214 718 non
1227 692 1346 727 amplius
1370 700 1488 722 manere,
1502 693 1528 720 in
1545 693 1659 727 mundo,
1675 698 1702 721 et
1719 693 1746 720 in
1771 693 1804 721 iis

1020 745 1082 772 qua:
1097 743 1160 764 sunt
1176 737 1283 770 mundi,
1298 738 1344 765 sed
1359 739 1569 772 sapientissimis
1584 739 1709 775 cogitatis
1739 746 1805 774 sup-

1020 776 1142 817 plantare
1153 791 1214 810 eum
1226 784 1270 819 qui
1283 783 1439 818 deceperat.

180 838 275 871 γεσοαι
296 839 424 873 λέγουσα,
448 839 486 870 ὡς
512 840 559 866 καὶ
584 839 623 874 τῷ
645 839 706 875 ἀέρι
743 840 879 874 μολυσμὸν
909 839 991 866 δοῦσα
1008 842 1040 874 τῇ
1067 840 1167 876 ἀτοπίᾳ
1197 841 1244 867 τοῦ
1270 842 1487 877 ἐγχειρήματος,
1513 843 1551 878 μὴ
1572 843 1732 878 προσθεῖναι
1757 843 1804 870 τὸν

180 886 273 912 λοιπὸν
296 887 368 920 ἔγνω
387 888 484 922 κόσμῳ
501 888 666 922 προσμεῖναι
682 887 729 914 καὶ
745 888 801 918 τοῖς
827 889 855 913 ὲν
884 889 990 922 κόσμῳ,
1014 887 1083 914 ἀλλὰ
1099 889 1271 923 σοφωτάταις
1293 889 1430 921 ιπινοίαις
1461 892 1607 926 πτερνίσαι
1627 892 1674 917 τὸν
1693 891 1803 927 ἀπατή-

181 941 275 959 σαντα.

215 977 251 1005 Δ’.
264 977 320 1005 Καὶ
331 977 452 1013 ἀνδρεῖον
465 978 566 1006 αὐτίκα
585 979 679 1014 σχῆμα
691 979 859 1016 περιθεμένη
868 1000 875 1010 .
891 980 963 1007 ώσὰν

1056 979 1101 1007 IV.
1118 979 1192 1008 Virili
1213 985 1305 1009 autem
1330 981 1425 1010 induta
1449 982 1551 1012 habitu.
1579 987 1608 1009 ut
1631 983 1727 1011 lateret
1753 992 1802 1013 eos

179 1024 248 1050 οὕτω
261 1025 324 1056 τοὺς
339 1024 488 1056 διώκοντας
506 1025 577 1060 λάθῃ
591 1026 660 1062 (ᾔδει
679 1027 734 1061 γὰρ
752 1027 791 1058 ὡς
806 1027 909 1062 σφόδρα
925 1027 965 1062 τῷ

181 1071 258 1105 ἀνδρὶ
274 1071 388 1106 μελήσει
406 1073 472 1106 περὶ
488 1072 573 1106 αὐτῆς
591 1073 638 1100 καὶ
653 1074 684 1100 οὐ
703 1074 836 1101 παύσεται
862 1074 964 1109 ταύτην

179 1117 336 1153 ἐπιζητῶν),
349 1118 455 1153 ἀνδρῶν
466 1119 591 1154 πρόσεισι
603 1120 738 1154 κοινοϐίῳ,
749 1121 966 1155 σημαίοιςόκτω-

181 1165 296 1192 καίδεκα
322 1165 372 1199 τῆς
397 1165 600 1200 Ἀλεξανδρέων
627 1167 780 1201 ἀπέχοντι·
795 1168 842 1194 καὶ
856 1167 896 1194 ἐτι
918 1167 965 1194 τοῦ

179 1212 299 1242 πυλῶνος
325 1211 377 1243 ἔξω
405 1212 598 1246 τυγχάνουσα,
617 1213 790 1247 εἰσδεχθῆναι
819 1222 850 1240 τι
879 1213 965 1248 αὐτὴν

177 1257 268 1292 ἠξίου,
285 1257 334 1284 καὶ
354 1257 403 1284 τοῦ
421 1257 540 1292 ἀριθμοῦ
558 1258 684 1292 γενέσθαι
703 1259 760 1286 τῶν
772 1259 962 1294 ἀσκουμένων.

183 1304 213 1330 0t
241 1303 270 1330 δὲ
293 1303 324 1330 οὺ
353 1303 488 1338 πρότερον
511 1303 617 1338 ἔφησαν
640 1303 727 1338 αὐτὴν
751 1304 964 1336 είσοικίσασθαι,

177 1349 267 1376 καίτοι
293 1349 381 1384 ἄνδρα
400 1349 508 1381 τούτοις
530 1349 578 1376 καὶ
595 1349 656 1384 οὐχὶ
675 1351 795 1384 γυναῖκα
818 1351 966 1386 νομιζομέ-

177 1402 238 1428 νην.
256 1395 281 1420 εί
304 1393 342 1429 μὴ
366 1395 433 1429 παρ’
445 1395 510 1430 ὃλην
535 1395 594 1421 ἐκεῖ
609 1395 659 1430 τὴν
674 1395 760 1422 νύκτα
776 1395 883 1430 αἴθριος
904 1396 964 1423 δια-

177 1441 270 1476 μείνῃ,
286 1441 333 1467 καὶ
351 1441 476 1476 δοκίμιον
497 1441 570 1468 οὕτω
582 1441 734 1477 καρτερίας
750 1443 882 1478 παράσχῃ
908 1445 965 1475 τοῖς

176 1486 311 1520 ἀδελφοῖς.
363 1487 394 1514 Ἦ
434 1487 463 1514 δὶ
495 1489 525 1515 οὐ
543 1524 546 1526 _
561 1488 642 1522 μόνον
677 1488 765 1524 ἡδέως
794 1489 903 1523 ἐδέξατο
932 1490 964 1516 τὸ

176 1531 280 1568 λεχθὲν,
310 1532 357 1559 καὶ
379 1533 465 1559 ταῦτα
489 1533 525 1568 μὴ
551 1533 691 1568 ἀγνοοῦσα
709 1535 751 1561 ὅτι
770 1534 854 1568 θηρία
877 1535 964 1562 πολλὰ

176 1577 226 1612 τῆς
238 1577 336 1610 νυκτὸς
351 1578 518 1612 προσϐάλλει
533 1579 577 1606 διὰ
599 1579 630 1606 τὸ
647 1579 695 1606 τοῦ
712 1581 797 1607 τόπου
815 1581 920 1616 ἔρημόν
933 1590 963 1608 τε

176 1625 224 1651 καὶ
237 1625 335 1660 κομιδῇ
352 1625 462 1660 ἄγριον,
486 1625 556 1652 ἀλλὰ
572 1626 620 1653 καὶ
636 1627 676 1659 είς
692 1627 773 1662 ἔργον
790 1629 821 1654 τὸ
840 1637 960 1664 προστα-

176 1670 240 1704 χθὲν
251 1671 339 1706 ἤγαγε
353 1680 360 1686 ·
377 1672 424 1698 καὶ
440 1671 666 1707 διενυκτέρευσεν
681 1672 752 1699 οὕτω
764 1674 960 1709 προσμένουσα

174 1717 214 1753 τῷ
225 1717 341 1744 πυλῶνι.
351 1717 397 1744 Διὸ
411 1718 458 1744 καὶ
469 1719 483 1744 ὁ
494 1717 533 1753 τῷ
545 1719 645 1754 Δανιὴλ
658 1719 743 1746 πάλαι
755 1719 961 1756 καθημεριίωας

173 1763 222 1798 τὴν
245 1763 384 1790 λεοντείαν
404 1764 548 1800 ὠμότητα,
575 1765 658 1797 αὐτὸς
678 1767 727 1793 καὶ
749 1766 797 1792 νῦν
820 1767 870 1801 τὴν
884 1767 961 1794 ὁσίαν

175 1809 310 1844 προειδὼς
326 1811 367 1842 είς
382 1808 439 1838 οἷον
453 1810 522 1846 ὕψος
550 1812 752 1847 άναδραμεῑται
777 1812 827 1847 τῆς
847 1814 960 1848 ἀρετῆς,

173 1857 220 1883 καὶ
233 1857 332 1892 θηρσὶν
344 1857 467 1892 ἄληπτον
486 1858 648 1894 διετήρησεν
662 1865 670 1873 ·
686 1859 700 1885 ὃ
721 1861 768 1886 καὶ
787 1860 856 1894 αὐτῇ
878 1860 961 1895 πείρᾳ

175 1901 385 1937 καταμαθόντες
402 1903 426 1928 οἱ
444 1904 559 1938 μοναχο¹ι
583 1903 614 1930 τὸ
642 1905 763 1930 συνεῖναι
782 1904 887 1936 τούτοις
902 1905 961 1931 θεο-

174 1948 250 1981 φιλὲς
264 1948 385 1982 ἔκριναν.
417 1948 557 1984 Ἀσμένως
584 1947 631 1976 οὖν
647 1950 847 1986 είσδεχθείσης,
874 1953 887 1978 ὁ
911 1952 961 1987 τῆς

175 1993 260 2028 μονῆς
271 1993 425 2028 προεστὼς,
451 1995 574 2029 ἐντυχὼν
590 1996 659 2031 αὐτῇ
685 1997 757 2023 κατὰ
781 1997 877 2031 μόνας,
900 1998 961 2025 ἑπι-

174 2040 264 2074 μελῶς
283 2040 389 2074 ἠρώτα,
406 2040 448 2071 τίς
460 2049 491 2068 τε
505 2041 560 2076 ιῐη,
590 2041 638 2068 καὶ
658 2043 729 2069 κατά
756 2043 835 2070 ποίαν
854 2044 886 2079 δὴ
910 2045 960 2078 τὴν

173 2085 276 2118 αἰτίαν,
304 2087 374 2122 πρὸς
397 2086 431 2113 τὰ
455 2087 511 2113 τῶν
538 2088 665 2122 μοναχῶν
692 2089 886 2124 παραγένοιτο.
914 2091 960 2127 Μὴ

173 2131 338 2167 ὃανείσμασι
375 2132 476 2167 χρεῶν,
512 2133 590 2168 φησὶ.
616 2133 810 2170 βαρυνόμενος,
839 2136 865 2172 ἢκ
886 2137 960 2174 φόνῳ

173 2178 245 2210 τινὸς
258 2178 349 2211 ἁλοὺς,
366 2178 382 2214 ἢ
395 2181 507 2214 τρέφειν
524 2181 624 2211 παῖδας
637 2181 800 2216 ἠπορηκὼς,
818 2183 849 2210 τὸ
864 2193 960 2220 κοσμι-

173 2224 219 2250 xiv:
241 2224 393 2251 ἀποϐαλεῖν
419 2225 515 2260 σχῆμα
531 2226 658 2261 προείλου
672 2235 680 2260 ;
697 2229 734 2254 Δι’
752 2229 829 2256 οὐδὲν
840 2231 955 2265 τούτων,

173 2271 189 2305 ἡ
204 2270 331 2306 Θεοδώρα
342 2269 431 2303 εἶπεν,
445 2268 467 2298 ὦ
486 2272 585 2307 πάτερ,
604 2273 672 2300 άλλὰ
691 2275 765 2309 παρὰ
782 2275 812 2301 τὸ
827 2276 958 2310 σχολάσαι

176 2325 208 2350 ps
227 2317 311 2352 μόνον
326 2317 373 2344 τοῦ
401 2319 535 2354 κοσμικοῦ
562 2319 690 2354 θορύϐου,
712 2322 760 2347 καὶ
782 2321 831 2352 τὰς
853 2323 956 2353 οἰκείας
976 2333 997 2360 ο

173 2365 202 2389 άτ
211 2363 398 2390 οκλαύσασθαι
421 2364 570 2399 ἁμαρτίας.
601 2366 663 2397 Πῶς
679 2366 708 2392 δὲ
729 2366 787 2398 καὶ,
811 2367 961 2402 ἀνθυπέφε-

173 2418 219 2444 ρεν
233 2410 247 2436 ὸ
264 2409 362 2444 μέγας,
374 2410 456 2446 xum;
475 2411 529 2437 Καὶ
545 2411 561 2446 ὴ
577 2412 700 2445 γενναία,
717 2411 962 2447 Θεόδωρος.εἶπεν,

174 2457 234 2490 ἐμοὶ
261 2456 292 2483 τὸ
315 2456 415 2492 ὄνομα.
442 2457 471 2484 '0
487 2457 515 2484 δὲ
529 2477 536 2489 ,
555 2457 602 2484 καὶ
621 2458 659 2493 μὴ
678 2459 856 2493 ὑπολάμϐανε
869 2480 875 2491 ,
896 2460 962 2495 ἔφη,

173 2502 272 2537 ἀδελφὰ
307 2503 441 2537 Θεόδωρε,
482 2503 523 2530 ὅτι
547 2504 626 2534 ἐκτὸς
656 2504 732 2531 ἔσται
764 2513 806 2532 σοι
839 2506 926 2532 πόνων
946 2507 964 2542 ἠ

173 2549 292 2576 ἐνταῦθα
317 2550 442 2585 διαγωγή
457 2557 464 2564 ·
481 2550 539 2576 ἀλλ’
557 2550 582 2577 εἰ
597 2549 688 2585 βούλει
709 2550 748 2586 τῷ
769 2551 827 2577 ὄντι
839 2552 885 2578 τὸν
912 2553 960 2586 τῆς

174 2594 300 2630 ὑπακοῆς
327 2595 411 2628 ζυγὸν
451 2595 598 2628 ὑπελθεῖν,
633 2595 734 2627 πάσαις
763 2595 818 2622 ἴσθι
854 2596 961 2631 χρείαις

174 2640 358 2675 ὑπηρετήσων
385 2640 440 2667 τῶν
468 2640 605 2674 ἀδελφῶν,
634 2641 666 2668 οὐ
692 2642 754 2672 ταῖς
778 2642 806 2668 ἐν
827 2643 860 2677 τῇ
890 2643 959 2678 μονῇ

175 2688 268 2720 μόνον,
279 2683 335 2713 οἷον
347 2686 402 2713 τῶν
415 2686 507 2721 φυτῶν
525 2687 572 2713 καὶ
587 2686 712 2722 λαχάνων
730 2685 957 2721 ἐπιμελούμενος,

175 2732 270 2764 ὖδατός
303 2741 334 2759 τε
363 2733 534 2768 μετακομιδῆ
564 2732 730 2768 λειτουργῶν
753 2734 800 2759 καὶ
825 2733 958 2768 ἀμελλητὶ

174 2778 272 2814 ipsum,
286 2779 355 2807 ἀλλὰ
366 2778 399 2814 δὴ
412 2779 460 2806 καὶ
470 2780 530 2810 ταῖς
544 2779 597 2811 ἔξω
610 2778 712 2813 ταύτης
735 2779 956 2814 διακονούμενος,

176 2826 222 2853 καὶ
236 2826 283 2853 ὅτι
297 2825 378 2861 χρεία
393 2825 488 2861 καλοίη
509 2826 576 2861 πρὸς
596 2825 645 2860 τὴν
663 2825 742 2852 πόλιν
765 2825 875 2853 ἀπιέναι
889 2847 896 2860 ,
919 2825 957 2862 μὴ

207 2901 220 2920 ⁸
235 2902 315 2932 Joan.
327 2911 383 2935 xix.
397 2904 441 2932 22.
484 2905 493 2920 ⁸
504 2905 571 2932 Dan.
586 2912 621 2937 v1.
640 2904 650 2931 l
665 2912 741 2938 seqq.

1016 1026 1061 1060 qui
1076 1021 1377 1062 eam‘perscquerentur
1388 1027 1504 1062 (sciebat
1523 1028 1597 1056 enim
1617 1029 1685 1062 fore,
1700 1034 1730 1058 ut
1744 1031 1802 1065 ipsa

1017 1072 1114 1099 marito
1139 1080 1243 1108 magna:
1268 1079 1342 1101 esset
1363 1082 1447 1106 curas,
1465 1079 1492 1102 et
1515 1083 1575 1102 eam
1600 1082 1655 1102 non
1683 1082 1803 1105 cessaret

1015 1119 1157 1152 quaerere)
1181 1118 1286 1145 accedit
1313 1119 1347 1145 ad
1377 1118 1497 1146 virorum
1532 1119 1700 1150 coenobium,
1728 1121 1802 1154 quod

1016 1163 1110 1191 decem
1125 1167 1154 1191 et
1171 1168 1234 1192 octo
1253 1164 1379 1192 milliaria
1393 1165 1475 1192 distat
1489 1165 1662 1192 Alexandria.
1684 1166 1718 1193 Et
1739 1173 1801 1194 cun

1015 1214 1088 1237 esset
1115 1215 1191 1238 extra
1216 1211 1391 1244 vestibulum,
1412 1211 1525 1246 rogabat
1551 1216 1581 1238 ut
1601 1212 1673 1238 intro
1700 1212 1802 1238 admit-

1016 1261 1128 1290 teretur,
1159 1262 1187 1285 et
1210 1262 1283 1285 esset
1301 1265 1332 1285 ex
1353 1265 1469 1285 numero
1495 1264 1590 1284 eorum
1689 1263 1801 1285 exerceo

1015 1302 1125 1330 bantur.
1164 1303 1205 1330 Illi
1223 1308 1314 1330 autem
1339 1303 1477 1335 dixerunt,
1504 1311 1534 1330 se
1558 1310 1612 1330 non
1640 1303 1715 1337 prius
1740 1311 1800 1330 eam

1014 1355 1076 1376 esse
1104 1348 1320 1382 intromissuros,
1342 1349 1392 1376 etsi
1417 1349 1459 1376 vir
1482 1349 1517 1376 ab
1534 1349 1574 1377 eis
1597 1349 1802 1376 existimaretur

1014 1401 1085 1426 esse,
1103 1399 1130 1422 et
1151 1402 1206 1422 non
1223 1395 1336 1427 femina,
1355 1394 1408 1422 nisi
1430 1399 1484 1422 tota
1507 1399 1588 1422 nocte
1607 1394 1663 1422 illic
1680 1399 1801 1422 maneret

1014 1441 1065 1468 sub
1083 1440 1139 1472 dio,
1158 1445 1185 1467 et
1202 1439 1351 1468 tolerantia
1370 1440 1587 1475 experimentum
1610 1440 1650 1467 sie
1670 1440 1801 1474 praeberet

1013 1486 1153 1514 fratribus.
1169 1486 1213 1514 Illa
1228 1491 1319 1514 autem
1334 1486 1452 1513 libenter
1469 1486 1585 1520 accepit,
1602 1485 1675 1520 quod
1695 1485 1799 1512 dictum

1014 1531 1114 1562 fuerat;
1142 1532 1223 1566 idque
1251 1539 1313 1559 cum
1348 1539 1401 1559 non
1430 1532 1578 1567 ignoraret,
1605 1530 1679 1565 quod
1716 1536 1800 1557 noctu

1012 1578 1106 1605 multa:
1127 1578 1220 1605 bestia:
1241 1577 1465 1612 ingrediebantur
1484 1584 1533 1612 per
1552 1577 1642 1604 locum
1659 1576 1798 1603 desertum

1013 1629 1042 1652 et
1058 1624 1204 1652 admodum
1222 1628 1367 1660 agrestem,
1385 1623 1433 1651 sed
1456 1623 1537 1651 etiam
1552 1622 1664 1650 deduxit
1681 1623 1713 1650 ad
1731 1630 1799 1657 opus

1013 1671 1040 1699 id
1063 1671 1134 1706 quod
1169 1671 1332 1706 imperatum
1359 1670 1468 1697 fuerat:
1493 1673 1521 1697 et
1547 1669 1588 1696 sic
1617 1669 1796 1704 pernoctavit.

1013 1725 1130 1745 manens
1155 1722 1218 1744 ante
1245 1717 1420 1744 vestibulum.
1450 1715 1634 1749 Quamobrem
1664 1716 1709 1750 qui
1733 1715 1799 1742 olim

1013 1763 1116 1791 Danieli
1137 1763 1270 1790 leoninam
1295 1762 1475 1790 mansuefecit
1501 1761 1727 1793 crudelitatem‘,
1741 1761 1799 1796 ipse

1012 1817 1122 1845 quoque
1137 1809 1227 1837 sciens
1247 1809 1279 1836 ad
1296 1814 1425 1844 quantam
1443 1808 1551 1836 virtutis
1573 1807 1745 1835 altitudinem
1763 1806 1799 1834 sit

1012 1860 1105 1883 sancta
1132 1860 1307 1889 perventura,
1334 1854 1508 1882 conservavit
1535 1861 1606 1884 eam.
1630 1861 1666 1880 ne
1689 1861 1704 1879 a
1732 1852 1797 1880 feris

1012 1906 1166 1936 caperetur.
1197 1901 1275 1934 Quod
1301 1909 1361 1929 cum
1387 1901 1513 1929 monachi
1542 1901 1600 1935 ipsa
1639 1899 1799 1927 didicissent

1012 1947 1190 1982 experientia.
1211 1947 1371 1981 judicarunt
1388 1954 1449 1974 esse
1475 1946 1531 1973 Deo
1552 1950 1670 1981 gratum,
1686 1949 1717 1972 ut
1736 1952 1797 1971 cum

1012 1993 1052 2020 eis
1065 1997 1227 2020 versaretur.
1242 1992 1280 2019 Ea
1293 2000 1358 2027 ergo
1371 1992 1487 2019 libenter
1507 1991 1635 2022 admissa,
1651 1990 1798 2025 prmfectus

1013 2038 1168 2066 monasterii
1186 2046 1246 2065 eam
1271 2038 1385 2065 seorsim
1406 2037 1551 2068 allocutus.
1570 2037 1714 2071 diligenter
1737 2043 1798 2063 eam

1013 2085 1115 2118 rogavit
1127 2085 1253 2119 quisnam
1265 2088 1348 2115 esset,
1364 2088 1391 2111 et
1403 2091 1522 2118 quanam
1534 2083 1568 2110 de
1582 2090 1664 2110 causa
1677 2081 1798 2109 venisset

1011 2131 1044 2160 ad
1071 2131 1274 2159 monasterium.
1301 2130 1382 2163 Num.
1414 2129 1511 2165 inquit,
1529 2129 1634 2157 fenore
1657 2132 1796 2164 gravatus.

1010 2184 1058 2206 aut
1080 2179 1157 2206 facta:
1174 2179 1255 2206 credis
1274 2178 1425 2209 convictus,
1442 2183 1490 2204 aut
1509 2184 1572 2203 cum
1604 2183 1660 2203 non
1683 2175 1798 2202 haberes

1011 2225 1083 2252 unde
1114 2224 1183 2252 filios
1205 2224 1303 2256 aleres,
1326 2223 1444 2251 statuisti
1469 2222 1635 2249 mundanum
1659 2221 1797 2255 deponere

1010 2271 1154 2297 habitum?
1178 2269 1290 2304 Propter
1320 2269 1422 2296 nullum
1454 2268 1563 2300 horum,
1580 2275 1596 2294 ο
1619 2266 1707 2297 Pater,
1730 2265 1798 2292 dixit

1011 2315 1165 2347 Theodore,
1189 2316 1237 2342 sed
1253 2320 1283 2342 ut
1300 2315 1375 2342 solus
1391 2315 1512 2350 quietem
1533 2321 1609 2349 agam
1626 2320 1641 2339 a
1657 2311 1796 2338 mundano

1013 2361 1141 2393 tumultu,
1158 2365 1185 2387 et
1200 2369 1259 2387 mea
1274 2360 1387 2387 deﬂeam
1400 2364 1521 2394 peccata.
1535 2358 1677 2392 Quomodo
1692 2362 1796 2388 autem.

1012 2407 1155 2441 subiunxit
1184 2414 1299 2440 magnus
1332 2405 1487 2440 prafectus,
1522 2404 1700 2440 appellaris?
1726 2403 1797 2430 Dixit

1012 2458 1104 2481 autem
1131 2452 1175 2480 illa
1202 2459 1332 2487 generosa
1365 2451 1491 2479 mulier:
1517 2451 1565 2479 Est
1597 2451 1666 2478 mihi
1695 2457 1795 2477 nomen

1013 2499 1186 2527 Theodorus.
1211 2497 1257 2525 Ille
1285 2502 1375 2524 autent
1397 2516 1404 2528 .
1425 2496 1465 2524 Ne
1479 2497 1629 2529 existimes,
1659 2496 1757 2531 inquit,
1773 2503 1791 2522 ο

1014 2547 1098 2575 frater
1116 2545 1270 2578 Theodore,
1287 2544 1357 2572 citra
1374 2543 1494 2571 laborem
1517 2543 1565 2570 tibi
1591 2543 1710 2569 futuram
1733 2549 1796 2569 eam

1009 2600 1070 2628 qua
1108 2597 1150 2620 est
1191 2592 1237 2620 hic
1271 2590 1509 2619 conversationem
1538 2596 1546 2615 :
1574 2589 1621 2616 sed
1657 2589 1679 2615 si
1728 2588 1795 2614 velis

1010 2646 1103 2666 revera
1120 2638 1212 2665 subire
1237 2637 1331 2672 iugum
1358 2635 1530 2664 obedientiae.
1558 2634 1628 2661 scias
1654 2637 1680 2660 te
1707 2633 1794 2660 inser-

1009 2685 1127 2712 viturum
1155 2683 1283 2710 fratribus
1313 2683 1339 2710 in
1361 2682 1489 2710 omnibus
1527 2687 1588 2715 quas
1609 2683 1673 2707 sunt
1697 2686 1794 2706 neces-

1010 2733 1093 2764 saria,
1126 2739 1180 2760 non
1203 2732 1289 2758 solum
1330 2731 1357 2758 in
1395 2729 1573 2762 monasterio,
1615 2732 1644 2755 ut
1668 2727 1715 2763 qui
1754 2727 1792 2755 sis

1010 2783 1156 2808 curaturus
1184 2777 1291 2813 plantas
1313 2781 1341 2804 et
1366 2776 1450 2810 olera,
1475 2781 1504 2804 et
1528 2775 1736 2804 ministraturus
1765 2773 1793 2801 in

1011 2833 1080 2861 aqua
1114 2822 1292 2859 exportanda.
1331 2827 1359 2850 et
1387 2823 1496 2850 hortum
1538 2821 1710 2858 irrigaturus,
1745 2819 1793 2849 sed
