  <div class='ocr_page' id='page_1' title='image "/cluster/home/n/w/nwhite01/storage/ocr_20150623/115/njp.32101077772976/385.png"; bbox 0 0 2034 3152; ppageno 0'>
   <div class='ocr_carea' id='block_1_1' title="bbox 217 178 268 210">
    <p class='ocr_par' dir='ltr' id='par_1_1' title="bbox 217 178 268 210">
     <span class='ocr_line' id='line_1_1' title="bbox 217 178 268 210; baseline -0.039 0"><span class='ocrx_word' id='word_1_1' title='bbox 217 178 268 210; x_wconf 79' lang='grc' dir='ltr'>ίιΉ</span> 
     </span>
    </p>
   </div>
   <div class='ocr_carea' id='block_1_2' title="bbox 827 183 1226 215">
    <p class='ocr_par' dir='ltr' id='par_1_2' title="bbox 827 183 1226 215">
     <span class='ocr_line' id='line_1_2' title="bbox 827 183 1226 215; baseline -0.003 -1"><span class='ocrx_word' id='word_1_2' title='bbox 827 184 972 215; x_wconf 72' lang='lat' dir='ltr'><strong>MENSIS</strong></span> <span class='ocrx_word' id='word_1_3' title='bbox 992 183 1138 215; x_wconf 86' lang='lat' dir='ltr'><strong>SEPTEM</strong></span> <span class='ocrx_word' id='word_1_4' title='bbox 1144 184 1226 214; x_wconf 77' lang='lat' dir='ltr'><strong>BER.</strong></span> 
     </span>
    </p>
   </div>
   <div class='ocr_carea' id='block_1_3' title="bbox 1783 178 1838 210">
    <p class='ocr_par' dir='ltr' id='par_1_3' title="bbox 1783 178 1838 210">
     <span class='ocr_line' id='line_1_3' title="bbox 1783 178 1838 210; baseline 0 0"><span class='ocrx_word' id='word_1_5' title='bbox 1783 178 1838 210; x_wconf 77' lang='grc'><strong>672</strong></span> 
     </span>
    </p>
   </div>
   <div class='ocr_carea' id='block_1_4' title="bbox 213 235 1005 277">
    <p class='ocr_par' dir='ltr' id='par_1_4' title="bbox 213 236 1000 277">
     <span class='ocr_line' id='line_1_4' title="bbox 213 236 1000 277; baseline 0.006 -14"><span class='ocrx_word' id='word_1_6' title='bbox 213 236 280 265; x_wconf 81' lang='lat' dir='ltr'><strong>foris</strong></span> <span class='ocrx_word' id='word_1_7' title='bbox 301 238 381 265; x_wconf 87' lang='lat' dir='ltr'><strong>etiam</strong></span> <span class='ocrx_word' id='word_1_8' title='bbox 409 239 568 273; x_wconf 78' lang='lat' dir='ltr'><strong>serviturus.</strong></span> <span class='ocrx_word' id='word_1_9' title='bbox 594 246 620 268; x_wconf 87' lang='lat' dir='ltr'><strong>et</strong></span> <span class='ocrx_word' id='word_1_10' title='bbox 644 243 752 277; x_wconf 81' lang='lat' dir='ltr'><strong>quando</strong></span> <span class='ocrx_word' id='word_1_11' title='bbox 779 250 845 270; x_wconf 88' lang='lat' dir='ltr'><strong>usus</strong></span> <span class='ocrx_word' id='word_1_12' title='bbox 869 242 1000 277; x_wconf 83' lang='lat' dir='ltr'><strong>exegerit,</strong></span> 
     </span>
    </p>
   </div>
   <div class='ocr_carea' id='block_1_5' title="bbox 1058 235 1836 277">
    <p class='ocr_par' dir='ltr' id='par_1_5' title="bbox 1058 235 1836 276">
     <span class='ocr_line' id='line_1_5' title="bbox 1058 235 1836 276; baseline -0.009 -8"><span class='ocrx_word' id='word_1_13' title='bbox 1058 243 1285 276; x_wconf 77' lang='grc' dir='ltr'>παραιτοῦμενος.</span> <span class='ocrx_word' id='word_1_14' title='bbox 1309 239 1346 266; x_wconf 77' lang='grc' dir='ltr'><strong>Οὐ</strong></span> <span class='ocrx_word' id='word_1_15' title='bbox 1371 238 1425 274; x_wconf 80' lang='grc' dir='ltr'>μὴν</span> <span class='ocrx_word' id='word_1_16' title='bbox 1440 238 1517 265; x_wconf 73' lang='grc' dir='ltr'>ἔσται</span> <span class='ocrx_word' id='word_1_17' title='bbox 1536 246 1576 264; x_wconf 86' lang='grc' dir='ltr'><strong>σοι</strong></span> <span class='ocrx_word' id='word_1_18' title='bbox 1590 235 1677 263; x_wconf 83' lang='grc' dir='ltr'>ταῦτα</span> <span class='ocrx_word' id='word_1_19' title='bbox 1698 235 1836 270; x_wconf 76' lang='grc' dir='ltr'>πρόφασις</span> 
     </span>
    </p>
   </div>
   <div class='ocr_carea' id='block_1_6' title="bbox 214 284 997 324">
    <p class='ocr_par' dir='ltr' id='par_1_6' title="bbox 214 284 997 324">
     <span class='ocr_line' id='line_1_6' title="bbox 214 284 997 324; baseline 0.008 -14"><span class='ocrx_word' id='word_1_20' title='bbox 214 287 244 310; x_wconf 88' lang='lat' dir='ltr'><strong>ut</strong></span> <span class='ocrx_word' id='word_1_21' title='bbox 270 291 317 310; x_wconf 89' lang='lat' dir='ltr'><strong>eas</strong></span> <span class='ocrx_word' id='word_1_22' title='bbox 342 284 370 310; x_wconf 93' lang='lat' dir='ltr'><strong>in</strong></span> <span class='ocrx_word' id='word_1_23' title='bbox 394 285 542 319; x_wconf 83' lang='lat' dir='ltr'><strong>civitatem,</strong></span> <span class='ocrx_word' id='word_1_24' title='bbox 564 288 676 316; x_wconf 88' lang='lat' dir='ltr'><strong>minime</strong></span> <span class='ocrx_word' id='word_1_25' title='bbox 700 294 886 317; x_wconf 78' lang='lat' dir='ltr'><strong>recusaturus.</strong></span> <span class='ocrx_word' id='word_1_26' title='bbox 903 289 997 324; x_wconf 85' lang='lat' dir='ltr'><strong>Neque</strong></span> 
     </span>
    </p>
   </div>
   <div class='ocr_carea' id='block_1_7' title="bbox 215 330 998 368">
    <p class='ocr_par' dir='ltr' id='par_1_7' title="bbox 215 330 998 368">
     <span class='ocr_line' id='line_1_7' title="bbox 215 330 998 368; baseline 0.011 -14"><span class='ocrx_word' id='word_1_27' title='bbox 215 333 306 355; x_wconf 88' lang='lat' dir='ltr'><strong>tamen</strong></span> <span class='ocrx_word' id='word_1_28' title='bbox 333 330 383 358; x_wconf 85' lang='lat' dir='ltr'><strong>hoc</strong></span> <span class='ocrx_word' id='word_1_29' title='bbox 407 338 537 366; x_wconf 83' lang='lat' dir='ltr'><strong>praetextu</strong></span> <span class='ocrx_word' id='word_1_30' title='bbox 565 336 730 368; x_wconf 92' lang='lat' dir='ltr'><strong>contemptui</strong></span> <span class='ocrx_word' id='word_1_31' title='bbox 756 336 868 363; x_wconf 82' lang='lat' dir='ltr'><strong>habebis</strong></span> <span class='ocrx_word' id='word_1_32' title='bbox 890 335 998 363; x_wconf 82' lang='lat' dir='ltr'><strong>labores</strong></span> 
     </span>
    </p>
   </div>
   <div class='ocr_carea' id='block_1_8' title="bbox 214 376 998 415">
    <p class='ocr_par' dir='ltr' id='par_1_8' title="bbox 214 376 998 415">
     <span class='ocr_line' id='line_1_8' title="bbox 214 376 998 415; baseline 0.011 -14"><span class='ocrx_word' id='word_1_33' title='bbox 214 376 426 409; x_wconf 76' lang='lat' dir='ltr'><strong>exercitationis.</strong></span> <span class='ocrx_word' id='word_1_34' title='bbox 455 380 501 406; x_wconf 86' lang='lat' dir='ltr'><strong>sed</strong></span> <span class='ocrx_word' id='word_1_35' title='bbox 540 386 647 415; x_wconf 89' lang='lat' dir='ltr'><strong>oportet</strong></span> <span class='ocrx_word' id='word_1_36' title='bbox 684 382 861 410; x_wconf 86' lang='lat' dir='ltr'><strong>nihilosecius</strong></span> <span class='ocrx_word' id='word_1_37' title='bbox 900 390 998 410; x_wconf 86' lang='lat' dir='ltr'><strong>vacare</strong></span> 
     </span>
    </p>
   </div>
   <div class='ocr_carea' id='block_1_9' title="bbox 211 421 997 464">
    <p class='ocr_par' dir='ltr' id='par_1_9' title="bbox 211 421 997 464">
     <span class='ocr_line' id='line_1_9' title="bbox 211 421 997 464; baseline 0.01 -16"><span class='ocrx_word' id='word_1_38' title='bbox 211 421 317 455; x_wconf 79' lang='lat' dir='ltr'><strong>jejunio</strong></span> <span class='ocrx_word' id='word_1_39' title='bbox 339 427 367 449; x_wconf 90' lang='lat' dir='ltr'><strong>et</strong></span> <span class='ocrx_word' id='word_1_40' title='bbox 387 424 516 457; x_wconf 87' lang='lat' dir='ltr'><strong>orationi,</strong></span> <span class='ocrx_word' id='word_1_41' title='bbox 539 430 565 454; x_wconf 87' lang='lat' dir='ltr'><strong>et</strong></span> <span class='ocrx_word' id='word_1_42' title='bbox 583 427 615 454; x_wconf 82' lang='lat' dir='ltr'><strong>de</strong></span> <span class='ocrx_word' id='word_1_43' title='bbox 642 435 717 456; x_wconf 88' lang='lat' dir='ltr'><strong>more</strong></span> <span class='ocrx_word' id='word_1_44' title='bbox 743 429 869 463; x_wconf 78' lang='lat' dir='ltr'><strong>psallere,</strong></span> <span class='ocrx_word' id='word_1_45' title='bbox 889 437 997 464; x_wconf 86' lang='lat' dir='ltr'><strong>vesper-</strong></span> 
     </span>
    </p>
   </div>
   <div class='ocr_carea' id='block_1_10' title="bbox 215 466 1000 509">
    <p class='ocr_par' dir='ltr' id='par_1_10' title="bbox 215 466 1000 509">
     <span class='ocr_line' id='line_1_10' title="bbox 215 466 1000 509; baseline 0.011 -16"><span class='ocrx_word' id='word_1_46' title='bbox 215 466 357 501; x_wconf 87' lang='lat' dir='ltr'><strong>tinamque</strong></span> <span class='ocrx_word' id='word_1_47' title='bbox 381 473 409 496; x_wconf 89' lang='lat' dir='ltr'><strong>et</strong></span> <span class='ocrx_word' id='word_1_48' title='bbox 438 471 600 498; x_wconf 85' lang='lat' dir='ltr'><strong>matutinam</strong></span> <span class='ocrx_word' id='word_1_49' title='bbox 625 473 848 507; x_wconf 81' lang='lat' dir='ltr'><strong>glorificationem</strong></span> <span class='ocrx_word' id='word_1_50' title='bbox 875 474 1000 509; x_wconf 83' lang='lat' dir='ltr'><strong>quotidie</strong></span> 
     </span>
    </p>
   </div>
   <div class='ocr_carea' id='block_1_11' title="bbox 215 519 997 555">
    <p class='ocr_par' dir='ltr' id='par_1_11' title="bbox 215 519 997 555">
     <span class='ocr_line' id='line_1_11' title="bbox 215 519 997 555; baseline 0.014 -18"><span class='ocrx_word' id='word_1_51' title='bbox 215 519 367 546; x_wconf 81' lang='lat' dir='ltr'><strong>peragere;</strong></span> <span class='ocrx_word' id='word_1_52' title='bbox 395 520 528 548; x_wconf 68' lang='lat' dir='ltr'><strong>praeterea</strong></span> <span class='ocrx_word' id='word_1_53' title='bbox 557 521 648 544; x_wconf 89' lang='lat' dir='ltr'><strong>autem</strong></span> <span class='ocrx_word' id='word_1_54' title='bbox 680 526 731 546; x_wconf 87' lang='lat' dir='ltr'><strong>nec</strong></span> <span class='ocrx_word' id='word_1_55' title='bbox 760 519 900 553; x_wconf 82' lang='lat' dir='ltr'><strong>horarum,</strong></span> <span class='ocrx_word' id='word_1_56' title='bbox 936 528 997 555; x_wconf 62' lang='lat' dir='ltr'><strong>quae</strong></span> 
     </span>
    </p>
   </div>
   <div class='ocr_carea' id='block_1_12' title="bbox 215 560 999 600">
    <p class='ocr_par' dir='ltr' id='par_1_12' title="bbox 215 560 999 600">
     <span class='ocr_line' id='line_1_12' title="bbox 215 560 999 600; baseline 0.014 -17"><span class='ocrx_word' id='word_1_57' title='bbox 215 563 357 592; x_wconf 80' lang='lat' dir='ltr'><strong>vocantur,</strong></span> <span class='ocrx_word' id='word_1_58' title='bbox 390 560 470 587; x_wconf 83' lang='lat' dir='ltr'><strong>ullam</strong></span> <span class='ocrx_word' id='word_1_59' title='bbox 508 564 739 597; x_wconf 72' lang='lat' dir='ltr'><strong>praetermittere;</strong></span> <span class='ocrx_word' id='word_1_60' title='bbox 771 566 835 600; x_wconf 89' lang='lat' dir='ltr'><strong>quin</strong></span> <span class='ocrx_word' id='word_1_61' title='bbox 861 567 943 594; x_wconf 89' lang='lat' dir='ltr'><strong>etiam</strong></span> <span class='ocrx_word' id='word_1_62' title='bbox 971 567 999 594; x_wconf 93' lang='lat' dir='ltr'><strong>in</strong></span> 
     </span>
    </p>
   </div>
   <div class='ocr_carea' id='block_1_13' title="bbox 215 605 1000 646">
    <p class='ocr_par' dir='ltr' id='par_1_13' title="bbox 215 605 1000 646">
     <span class='ocr_line' id='line_1_13' title="bbox 215 605 1000 646; baseline 0.011 -16"><span class='ocrx_word' id='word_1_63' title='bbox 215 605 330 638; x_wconf 73' lang='lat' dir='ltr'><strong>genibus</strong></span> <span class='ocrx_word' id='word_1_64' title='bbox 358 605 499 634; x_wconf 84' lang='lat' dir='ltr'><strong>ﬂectendis</strong></span> <span class='ocrx_word' id='word_1_65' title='bbox 523 608 655 642; x_wconf 84' lang='lat' dir='ltr'><strong>laborare,</strong></span> <span class='ocrx_word' id='word_1_66' title='bbox 681 614 708 637; x_wconf 88' lang='lat' dir='ltr'><strong>et</strong></span> <span class='ocrx_word' id='word_1_67' title='bbox 735 610 774 638; x_wconf 90' lang='lat' dir='ltr'><strong>sic</strong></span> <span class='ocrx_word' id='word_1_68' title='bbox 805 619 904 646; x_wconf 87' lang='lat' dir='ltr'><strong>corpus</strong></span> <span class='ocrx_word' id='word_1_69' title='bbox 933 611 1000 638; x_wconf 81' lang='lat' dir='ltr'><strong>allii-</strong></span> 
     </span>
    </p>
   </div>
   <div class='ocr_carea' id='block_1_14' title="bbox 215 653 998 692">
    <p class='ocr_par' dir='ltr' id='par_1_14' title="bbox 215 653 998 692">
     <span class='ocr_line' id='line_1_14' title="bbox 215 653 998 692; baseline 0.011 -17"><span class='ocrx_word' id='word_1_70' title='bbox 215 657 278 683; x_wconf 71' lang='lat' dir='ltr'><strong>gcre</strong></span> <span class='ocrx_word' id='word_1_71' title='bbox 306 656 418 686; x_wconf 81' lang='lat' dir='ltr'><strong>propter</strong></span> <span class='ocrx_word' id='word_1_72' title='bbox 441 653 555 682; x_wconf 85' lang='lat' dir='ltr'><strong>insidias</strong></span> <span class='ocrx_word' id='word_1_73' title='bbox 577 663 671 682; x_wconf 85' lang='lat' dir='ltr'><strong>eorum</strong></span> <span class='ocrx_word' id='word_1_74' title='bbox 697 656 743 690; x_wconf 86' lang='lat' dir='ltr'><strong>qui</strong></span> <span class='ocrx_word' id='word_1_75' title='bbox 768 657 866 684; x_wconf 90' lang='lat' dir='ltr'><strong>bellum</strong></span> <span class='ocrx_word' id='word_1_76' title='bbox 891 661 998 692; x_wconf 77' lang='lat' dir='ltr'><strong>gerunt.</strong></span> 
     </span>
    </p>
   </div>
   <div class='ocr_carea' id='block_1_15' title="bbox 214 695 1000 733">
    <p class='ocr_par' dir='ltr' id='par_1_15' title="bbox 214 695 1000 733">
     <span class='ocr_line' id='line_1_15' title="bbox 214 695 1000 733; baseline 0.011 -12"><span class='ocrx_word' id='word_1_77' title='bbox 214 695 303 729; x_wconf 82' lang='lat' dir='ltr'><strong>Atque</strong></span> <span class='ocrx_word' id='word_1_78' title='bbox 325 697 401 724; x_wconf 81' lang='lat' dir='ltr'><strong>beata</strong></span> <span class='ocrx_word' id='word_1_79' title='bbox 421 698 542 733; x_wconf 89' lang='lat' dir='ltr'><strong>quidem,</strong></span> <span class='ocrx_word' id='word_1_80' title='bbox 567 707 629 727; x_wconf 85' lang='lat' dir='ltr'><strong>cum</strong></span> <span class='ocrx_word' id='word_1_81' title='bbox 649 701 706 728; x_wconf 73' lang='lat' dir='ltr'><strong>haec</strong></span> <span class='ocrx_word' id='word_1_82' title='bbox 726 702 818 729; x_wconf 85' lang='lat' dir='ltr'><strong>omnia</strong></span> <span class='ocrx_word' id='word_1_83' title='bbox 838 702 894 730; x_wconf 85' lang='lat' dir='ltr'><strong>suis</strong></span> <span class='ocrx_word' id='word_1_84' title='bbox 920 710 1000 730; x_wconf 88' lang='lat' dir='ltr'><strong>acce-</strong></span> 
     </span>
    </p>
   </div>
   <div class='ocr_carea' id='block_1_16' title="bbox 216 741 1001 783">
    <p class='ocr_par' dir='ltr' id='par_1_16' title="bbox 216 741 1001 783">
     <span class='ocr_line' id='line_1_16' title="bbox 216 741 1001 783; baseline 0.011 -16"><span class='ocrx_word' id='word_1_85' title='bbox 216 741 301 774; x_wconf 80' lang='lat' dir='ltr'><strong>pisset</strong></span> <span class='ocrx_word' id='word_1_86' title='bbox 336 743 458 777; x_wconf 76' lang='lat' dir='ltr'><strong>auribus,</strong></span> <span class='ocrx_word' id='word_1_87' title='bbox 489 750 516 772; x_wconf 88' lang='lat' dir='ltr'><strong>et</strong></span> <span class='ocrx_word' id='word_1_88' title='bbox 553 753 585 774; x_wconf 88' lang='lat' dir='ltr'><strong>ea</strong></span> <span class='ocrx_word' id='word_1_89' title='bbox 615 754 676 775; x_wconf 83' lang='lat' dir='ltr'><strong>esse</strong></span> <span class='ocrx_word' id='word_1_90' title='bbox 712 752 845 783; x_wconf 84' lang='lat' dir='ltr'><strong>putasset,</strong></span> <span class='ocrx_word' id='word_1_91' title='bbox 871 753 1001 783; x_wconf 77' lang='lat' dir='ltr'><strong>tanquam</strong></span> 
     </span>
    </p>
   </div>
   <div class='ocr_carea' id='block_1_17' title="bbox 215 788 1002 830">
    <p class='ocr_par' dir='ltr' id='par_1_17' title="bbox 215 788 1002 830">
     <span class='ocr_line' id='line_1_17' title="bbox 215 788 1002 830; baseline 0.013 -17"><span class='ocrx_word' id='word_1_92' title='bbox 215 788 322 822; x_wconf 85' lang='lat' dir='ltr'><strong>aliquas</strong></span> <span class='ocrx_word' id='word_1_93' title='bbox 354 791 451 818; x_wconf 73' lang='lat' dir='ltr'><strong>animae</strong></span> <span class='ocrx_word' id='word_1_94' title='bbox 488 792 611 826; x_wconf 86' lang='lat' dir='ltr'><strong>delicias,</strong></span> <span class='ocrx_word' id='word_1_95' title='bbox 637 802 699 821; x_wconf 88' lang='lat' dir='ltr'><strong>cum</strong></span> <span class='ocrx_word' id='word_1_96' title='bbox 738 794 845 830; x_wconf 56' lang='lat' dir='ltr'><strong>magno‘</strong></span> <span class='ocrx_word' id='word_1_97' title='bbox 863 800 891 823; x_wconf 90' lang='lat' dir='ltr'><strong>et</strong></span> <span class='ocrx_word' id='word_1_98' title='bbox 920 795 1002 823; x_wconf 88' lang='lat' dir='ltr'><strong>alacri</strong></span> 
     </span>
    </p>
   </div>
   <div class='ocr_carea' id='block_1_18' title="bbox 215 832 1002 877">
    <p class='ocr_par' dir='ltr' id='par_1_18' title="bbox 215 832 1002 877">
     <span class='ocr_line' id='line_1_18' title="bbox 215 832 1002 877; baseline 0.013 -19"><span class='ocrx_word' id='word_1_99' title='bbox 215 832 299 859; x_wconf 86' lang='lat' dir='ltr'><strong>animi</strong></span> <span class='ocrx_word' id='word_1_100' title='bbox 327 835 417 861; x_wconf 89' lang='lat' dir='ltr'><strong>studio</strong></span> <span class='ocrx_word' id='word_1_101' title='bbox 449 844 479 864; x_wconf 88' lang='lat' dir='ltr'><strong>se</strong></span> <span class='ocrx_word' id='word_1_102' title='bbox 504 844 536 865; x_wconf 92' lang='lat' dir='ltr'><strong>ea</strong></span> <span class='ocrx_word' id='word_1_103' title='bbox 562 845 622 865; x_wconf 83' lang='lat' dir='ltr'><strong>esse</strong></span> <span class='ocrx_word' id='word_1_104' title='bbox 651 838 782 867; x_wconf 80' lang='lat' dir='ltr'><strong>facturam</strong></span> <span class='ocrx_word' id='word_1_105' title='bbox 806 844 848 868; x_wconf 87' lang='lat' dir='ltr'><strong>est</strong></span> <span class='ocrx_word' id='word_1_106' title='bbox 872 840 1002 877; x_wconf 77' lang='lat' dir='ltr'><strong>pollicita.</strong></span> 
     </span>
    </p>
   </div>
   <div class='ocr_carea' id='block_1_19' title="bbox 219 878 1001 914">
    <p class='ocr_par' dir='ltr' id='par_1_19' title="bbox 219 878 1001 914">
     <span class='ocr_line' id='line_1_19' title="bbox 219 878 1001 914; baseline 0.014 -10"><span class='ocrx_word' id='word_1_107' title='bbox 219 878 254 904; x_wconf 83' lang='lat' dir='ltr'><strong>Et</strong></span> <span class='ocrx_word' id='word_1_108' title='bbox 280 878 319 906; x_wconf 87' lang='lat' dir='ltr'><strong>sic</strong></span> <span class='ocrx_word' id='word_1_109' title='bbox 352 881 505 910; x_wconf 81' lang='lat' dir='ltr'><strong>admittitur</strong></span> <span class='ocrx_word' id='word_1_110' title='bbox 539 883 568 910; x_wconf 88' lang='lat' dir='ltr'><strong>in</strong></span> <span class='ocrx_word' id='word_1_111' title='bbox 606 885 732 912; x_wconf 88' lang='lat' dir='ltr'><strong>eumdem</strong></span> <span class='ocrx_word' id='word_1_112' title='bbox 772 886 895 914; x_wconf 88' lang='lat' dir='ltr'><strong>ordinem</strong></span> <span class='ocrx_word' id='word_1_113' title='bbox 938 894 1001 914; x_wconf 91' lang='lat' dir='ltr'><strong>cum</strong></span> 
     </span>
    </p>
   </div>
   <div class='ocr_carea' id='block_1_20' title="bbox 216 925 734 960">
    <p class='ocr_par' dir='ltr' id='par_1_20' title="bbox 216 925 734 960">
     <span class='ocr_line' id='line_1_20' title="bbox 216 925 734 960; baseline 0.019 -11"><span class='ocrx_word' id='word_1_114' title='bbox 216 925 326 960; x_wconf 76' lang='lat' dir='ltr'><strong>egregio</strong></span> <span class='ocrx_word' id='word_1_115' title='bbox 349 927 394 955; x_wconf 86' lang='lat' dir='ltr'><strong>illo</strong></span> <span class='ocrx_word' id='word_1_116' title='bbox 413 929 498 956; x_wconf 87' lang='lat' dir='ltr'><strong>choro</strong></span> <span class='ocrx_word' id='word_1_117' title='bbox 524 931 734 958; x_wconf 89' lang='lat' dir='ltr'><strong>monachorum.</strong></span> 
     </span>
    </p>
   </div>
   <div class='ocr_carea' id='block_1_21' title="bbox 253 971 1003 1014">
    <p class='ocr_par' dir='ltr' id='par_1_21' title="bbox 253 971 1003 1014">
     <span class='ocr_line' id='line_1_21' title="bbox 253 971 1003 1014; baseline 0.015 -17"><span class='ocrx_word' id='word_1_118' title='bbox 253 971 283 998; x_wconf 72' lang='grc' dir='ltr'>ν.</span> <span class='ocrx_word' id='word_1_119' title='bbox 299 972 432 1005; x_wconf 81' lang='lat' dir='ltr'><strong>Quoniam</strong></span> <span class='ocrx_word' id='word_1_120' title='bbox 448 980 538 1003; x_wconf 90' lang='lat' dir='ltr'><strong>autem</strong></span> <span class='ocrx_word' id='word_1_121' title='bbox 551 978 610 1011; x_wconf 84' lang='lat' dir='ltr'><strong>ejus</strong></span> <span class='ocrx_word' id='word_1_122' title='bbox 627 985 688 1005; x_wconf 84' lang='lat' dir='ltr'><strong>cum</strong></span> <span class='ocrx_word' id='word_1_123' title='bbox 708 979 762 1006; x_wconf 87' lang='lat' dir='ltr'><strong>Deo</strong></span> <span class='ocrx_word' id='word_1_124' title='bbox 776 984 854 1014; x_wconf 77' lang='lat' dir='ltr'><strong>pacta</strong></span> <span class='ocrx_word' id='word_1_125' title='bbox 879 987 1003 1007; x_wconf 88' lang='lat' dir='ltr'><strong>conven-</strong></span> 
     </span>
    </p>
   </div>
   <div class='ocr_carea' id='block_1_22' title="bbox 217 1017 1003 1057">
    <p class='ocr_par' dir='ltr' id='par_1_22' title="bbox 217 1017 1003 1057">
     <span class='ocr_line' id='line_1_22' title="bbox 217 1017 1003 1057; baseline 0.014 -14"><span class='ocrx_word' id='word_1_126' title='bbox 217 1021 242 1044; x_wconf 90' lang='lat' dir='ltr'><strong>ta</strong></span> <span class='ocrx_word' id='word_1_127' title='bbox 261 1017 350 1045; x_wconf 80' lang='lat' dir='ltr'><strong>futura</strong></span> <span class='ocrx_word' id='word_1_128' title='bbox 366 1026 444 1047; x_wconf 89' lang='lat' dir='ltr'><strong>erant</strong></span> <span class='ocrx_word' id='word_1_129' title='bbox 457 1029 528 1053; x_wconf 86' lang='lat' dir='ltr'><strong>vera,</strong></span> <span class='ocrx_word' id='word_1_130' title='bbox 546 1027 573 1050; x_wconf 90' lang='lat' dir='ltr'><strong>et</strong></span> <span class='ocrx_word' id='word_1_131' title='bbox 587 1030 603 1050; x_wconf 90' lang='lat' dir='ltr'><strong>a</strong></span> <span class='ocrx_word' id='word_1_132' title='bbox 615 1024 756 1052; x_wconf 84' lang='lat' dir='ltr'><strong>mendacio</strong></span> <span class='ocrx_word' id='word_1_133' title='bbox 789 1025 887 1057; x_wconf 85' lang='lat' dir='ltr'><strong>aliena,</strong></span> <span class='ocrx_word' id='word_1_134' title='bbox 912 1026 1003 1054; x_wconf 85' lang='lat' dir='ltr'><strong>valere</strong></span> 
     </span>
    </p>
   </div>
   <div class='ocr_carea' id='block_1_23' title="bbox 214 1062 1004 1103">
    <p class='ocr_par' dir='ltr' id='par_1_23' title="bbox 214 1062 1004 1103">
     <span class='ocr_line' id='line_1_23' title="bbox 214 1062 1004 1103; baseline 0.014 -15"><span class='ocrx_word' id='word_1_135' title='bbox 214 1062 316 1096; x_wconf 88' lang='lat' dir='ltr'><strong>jnbens</strong></span> <span class='ocrx_word' id='word_1_136' title='bbox 330 1073 439 1092; x_wconf 78' lang='lat' dir='ltr'><strong>omnem</strong></span> <span class='ocrx_word' id='word_1_137' title='bbox 459 1068 549 1095; x_wconf 84' lang='lat' dir='ltr'><strong>carnis</strong></span> <span class='ocrx_word' id='word_1_138' title='bbox 566 1069 748 1103; x_wconf 82' lang='lat' dir='ltr'><strong>prudentiam,</strong></span> <span class='ocrx_word' id='word_1_139' title='bbox 765 1078 794 1097; x_wconf 88' lang='lat' dir='ltr'><strong>se</strong></span> <span class='ocrx_word' id='word_1_140' title='bbox 808 1072 900 1098; x_wconf 82' lang='lat' dir='ltr'><strong>statim</strong></span> <span class='ocrx_word' id='word_1_141' title='bbox 928 1073 1004 1100; x_wconf 80' lang='lat' dir='ltr'><strong>exuit</strong></span> 
     </span>
    </p>
   </div>
   <div class='ocr_carea' id='block_1_24' title="bbox 218 1109 1003 1152">
    <p class='ocr_par' dir='ltr' id='par_1_24' title="bbox 218 1109 1003 1152">
     <span class='ocr_line' id='line_1_24' title="bbox 218 1109 1003 1152; baseline 0.015 -18"><span class='ocrx_word' id='word_1_142' title='bbox 218 1109 252 1134; x_wconf 83' lang='lat' dir='ltr'><strong>ad</strong></span> <span class='ocrx_word' id='word_1_143' title='bbox 267 1111 428 1143; x_wconf 79' lang='lat' dir='ltr'><strong>certamina,</strong></span> <span class='ocrx_word' id='word_1_144' title='bbox 444 1113 546 1140; x_wconf 88' lang='lat' dir='ltr'><strong>nullam</strong></span> <span class='ocrx_word' id='word_1_145' title='bbox 576 1122 690 1147; x_wconf 88' lang='lat' dir='ltr'><strong>moram,</strong></span> <span class='ocrx_word' id='word_1_146' title='bbox 729 1124 818 1151; x_wconf 83' lang='lat' dir='ltr'><strong>neque</strong></span> <span class='ocrx_word' id='word_1_147' title='bbox 841 1122 1003 1152; x_wconf 65' lang='lat' dir='ltr'><strong>prmtextum</strong></span> 
     </span>
    </p>
   </div>
   <div class='ocr_carea' id='block_1_25' title="bbox 218 1154 1004 1199">
    <p class='ocr_par' dir='ltr' id='par_1_25' title="bbox 218 1154 1004 1199">
     <span class='ocr_line' id='line_1_25' title="bbox 218 1154 1004 1199; baseline 0.015 -19"><span class='ocrx_word' id='word_1_148' title='bbox 218 1154 302 1181; x_wconf 89' lang='lat' dir='ltr'><strong>ullum</strong></span> <span class='ocrx_word' id='word_1_149' title='bbox 318 1156 447 1189; x_wconf 71' lang='lat' dir='ltr'><strong>offerens,</strong></span> <span class='ocrx_word' id='word_1_150' title='bbox 464 1166 518 1193; x_wconf 90' lang='lat' dir='ltr'><strong>quo</strong></span> <span class='ocrx_word' id='word_1_151' title='bbox 530 1160 620 1187; x_wconf 90' lang='lat' dir='ltr'><strong>minus</strong></span> <span class='ocrx_word' id='word_1_152' title='bbox 640 1161 816 1190; x_wconf 82' lang='lat' dir='ltr'><strong>ministraret.</strong></span> <span class='ocrx_word' id='word_1_153' title='bbox 845 1163 914 1190; x_wconf 86' lang='lat' dir='ltr'><strong>Cum</strong></span> <span class='ocrx_word' id='word_1_154' title='bbox 940 1171 1004 1199; x_wconf 76' lang='lat' dir='ltr'><strong>ergo</strong></span> 
     </span>
    </p>
   </div>
   <div class='ocr_carea' id='block_1_26' title="bbox 218 1204 1004 1244">
    <p class='ocr_par' dir='ltr' id='par_1_26' title="bbox 218 1204 1004 1244">
     <span class='ocr_line' id='line_1_26' title="bbox 218 1204 1004 1244; baseline 0.015 -19"><span class='ocrx_word' id='word_1_155' title='bbox 218 1204 280 1227; x_wconf 81' lang='lat' dir='ltr'><strong>octo</strong></span> <span class='ocrx_word' id='word_1_156' title='bbox 306 1209 394 1229; x_wconf 88' lang='lat' dir='ltr'><strong>annos</strong></span> <span class='ocrx_word' id='word_1_157' title='bbox 428 1205 549 1238; x_wconf 85' lang='lat' dir='ltr'><strong>quotidie</strong></span> <span class='ocrx_word' id='word_1_158' title='bbox 576 1212 763 1240; x_wconf 83' lang='lat' dir='ltr'><strong>perseveraret</strong></span> <span class='ocrx_word' id='word_1_159' title='bbox 790 1208 816 1235; x_wconf 93' lang='lat' dir='ltr'><strong>in</strong></span> <span class='ocrx_word' id='word_1_160' title='bbox 847 1209 1004 1244; x_wconf 79' lang='lat' dir='ltr'><strong>irrigatione</strong></span> 
     </span>
    </p>
   </div>
   <div class='ocr_carea' id='block_1_27' title="bbox 218 1246 1005 1289">
    <p class='ocr_par' dir='ltr' id='par_1_27' title="bbox 218 1246 1005 1289">
     <span class='ocr_line' id='line_1_27' title="bbox 218 1246 1005 1289; baseline 0.014 -17"><span class='ocrx_word' id='word_1_161' title='bbox 218 1246 370 1280; x_wconf 85' lang='lat' dir='ltr'><strong>plantarum</strong></span> <span class='ocrx_word' id='word_1_162' title='bbox 404 1254 430 1276; x_wconf 90' lang='lat' dir='ltr'><strong>et</strong></span> <span class='ocrx_word' id='word_1_163' title='bbox 458 1250 572 1284; x_wconf 88' lang='lat' dir='ltr'><strong>olerum,</strong></span> <span class='ocrx_word' id='word_1_164' title='bbox 599 1260 658 1287; x_wconf 57' lang='lat' dir='ltr'><strong>quae</strong></span> <span class='ocrx_word' id='word_1_165' title='bbox 689 1261 767 1280; x_wconf 90' lang='lat' dir='ltr'><strong>usum</strong></span> <span class='ocrx_word' id='word_1_166' title='bbox 787 1255 942 1289; x_wconf 66' lang='lat' dir='ltr'><strong>prmbebant</strong></span> <span class='ocrx_word' id='word_1_167' title='bbox 972 1256 1005 1283; x_wconf 92' lang='lat' dir='ltr'><strong>iis</strong></span> 
     </span>
    </p>
   </div>
   <div class='ocr_carea' id='block_1_28' title="bbox 218 1293 1002 1336">
    <p class='ocr_par' dir='ltr' id='par_1_28' title="bbox 218 1293 1002 1336">
     <span class='ocr_line' id='line_1_28' title="bbox 218 1293 1002 1336; baseline 0.014 -17"><span class='ocrx_word' id='word_1_168' title='bbox 218 1293 265 1327; x_wconf 87' lang='lat' dir='ltr'><strong>qui</strong></span> <span class='ocrx_word' id='word_1_169' title='bbox 284 1295 400 1322; x_wconf 77' lang='lat' dir='ltr'><strong>erantin</strong></span> <span class='ocrx_word' id='word_1_170' title='bbox 420 1299 598 1330; x_wconf 87' lang='lat' dir='ltr'><strong>monasterio,</strong></span> <span class='ocrx_word' id='word_1_171' title='bbox 622 1299 796 1334; x_wconf 79' lang='lat' dir='ltr'><strong>molendique</strong></span> <span class='ocrx_word' id='word_1_172' title='bbox 825 1306 852 1328; x_wconf 89' lang='lat' dir='ltr'><strong>et</strong></span> <span class='ocrx_word' id='word_1_173' title='bbox 878 1302 1002 1336; x_wconf 86' lang='lat' dir='ltr'><strong>pinsendi</strong></span> 
     </span>
    </p>
   </div>
   <div class='ocr_carea' id='block_1_29' title="bbox 219 1338 1004 1379">
    <p class='ocr_par' dir='ltr' id='par_1_29' title="bbox 219 1338 1004 1379">
     <span class='ocr_line' id='line_1_29' title="bbox 219 1338 1004 1379; baseline 0.013 -15"><span class='ocrx_word' id='word_1_174' title='bbox 219 1338 387 1367; x_wconf 75' lang='lat' dir='ltr'><strong>frumentum</strong></span> <span class='ocrx_word' id='word_1_175' title='bbox 403 1346 430 1368; x_wconf 90' lang='lat' dir='ltr'><strong>et</strong></span> <span class='ocrx_word' id='word_1_176' title='bbox 445 1342 477 1369; x_wconf 89' lang='lat' dir='ltr'><strong>ad</strong></span> <span class='ocrx_word' id='word_1_177' title='bbox 491 1350 588 1377; x_wconf 88' lang='lat' dir='ltr'><strong>panem</strong></span> <span class='ocrx_word' id='word_1_178' title='bbox 605 1346 775 1379; x_wconf 74' lang='lat' dir='ltr'><strong>prreparandi</strong></span> <span class='ocrx_word' id='word_1_179' title='bbox 789 1353 890 1373; x_wconf 90' lang='lat' dir='ltr'><strong>munus</strong></span> <span class='ocrx_word' id='word_1_180' title='bbox 902 1347 1004 1374; x_wconf 86' lang='lat' dir='ltr'><strong>nihilo-</strong></span> 
     </span>
    </p>
   </div>
   <div class='ocr_carea' id='block_1_30' title="bbox 219 1386 1005 1426">
    <p class='ocr_par' dir='ltr' id='par_1_30' title="bbox 219 1386 1005 1426">
     <span class='ocr_line' id='line_1_30' title="bbox 219 1386 1005 1426; baseline 0.014 -17"><span class='ocrx_word' id='word_1_181' title='bbox 219 1386 309 1411; x_wconf 85' lang='lat' dir='ltr'><strong>secius</strong></span> <span class='ocrx_word' id='word_1_182' title='bbox 321 1392 528 1420; x_wconf 79' lang='lat' dir='ltr'><strong>exsequeretur,</strong></span> <span class='ocrx_word' id='word_1_183' title='bbox 539 1392 566 1415; x_wconf 88' lang='lat' dir='ltr'><strong>et</strong></span> <span class='ocrx_word' id='word_1_184' title='bbox 583 1395 714 1424; x_wconf 83' lang='lat' dir='ltr'><strong>coqueret</strong></span> <span class='ocrx_word' id='word_1_185' title='bbox 729 1390 789 1419; x_wconf 88' lang='lat' dir='ltr'><strong>olus</strong></span> <span class='ocrx_word' id='word_1_186' title='bbox 815 1399 868 1426; x_wconf 88' lang='lat' dir='ltr'><strong>quo</strong></span> <span class='ocrx_word' id='word_1_187' title='bbox 892 1400 921 1420; x_wconf 87' lang='lat' dir='ltr'><strong>se</strong></span> <span class='ocrx_word' id='word_1_188' title='bbox 947 1393 1005 1420; x_wconf 83' lang='lat' dir='ltr'><strong>ale-</strong></span> 
     </span>
    </p>
   </div>
   <div class='ocr_carea' id='block_1_31' title="bbox 219 1429 1005 1473">
    <p class='ocr_par' dir='ltr' id='par_1_31' title="bbox 219 1429 1005 1473">
     <span class='ocr_line' id='line_1_31' title="bbox 219 1429 1005 1473; baseline 0.014 -18"><span class='ocrx_word' id='word_1_189' title='bbox 219 1429 286 1457; x_wconf 88' lang='lat' dir='ltr'><strong>bant</strong></span> <span class='ocrx_word' id='word_1_190' title='bbox 301 1432 346 1466; x_wconf 89' lang='lat' dir='ltr'><strong>qui</strong></span> <span class='ocrx_word' id='word_1_191' title='bbox 372 1439 472 1468; x_wconf 88' lang='lat' dir='ltr'><strong>corpus</strong></span> <span class='ocrx_word' id='word_1_192' title='bbox 498 1435 645 1463; x_wconf 82' lang='lat' dir='ltr'><strong>studebant</strong></span> <span class='ocrx_word' id='word_1_193' title='bbox 666 1437 839 1472; x_wconf 70' lang='lat' dir='ltr'><strong>rnortiticare,</strong></span> <span class='ocrx_word' id='word_1_194' title='bbox 865 1446 1005 1473; x_wconf 80' lang='lat' dir='ltr'><strong>nunquam</strong></span> 
     </span>
    </p>
   </div>
   <div class='ocr_carea' id='block_1_32' title="bbox 220 1478 1004 1518">
    <p class='ocr_par' dir='ltr' id='par_1_32' title="bbox 220 1478 1004 1518">
     <span class='ocr_line' id='line_1_32' title="bbox 220 1478 1004 1518; baseline 0.013 -16"><span class='ocrx_word' id='word_1_195' title='bbox 220 1481 310 1503; x_wconf 80' lang='lat' dir='ltr'><strong>tamen</strong></span> <span class='ocrx_word' id='word_1_196' title='bbox 320 1478 407 1506; x_wconf 85' lang='lat' dir='ltr'><strong>abfuit</strong></span> <span class='ocrx_word' id='word_1_197' title='bbox 421 1489 435 1506; x_wconf 82' lang='grc' dir='ltr'><strong>ιι</strong></span> <span class='ocrx_word' id='word_1_198' title='bbox 451 1481 555 1515; x_wconf 81' lang='lat' dir='ltr'><strong>synaxi,</strong></span> <span class='ocrx_word' id='word_1_199' title='bbox 570 1489 629 1516; x_wconf 64' lang='lat' dir='ltr'><strong>quae</strong></span> <span class='ocrx_word' id='word_1_200' title='bbox 644 1483 825 1517; x_wconf 82' lang='lat' dir='ltr'><strong>peragebatur</strong></span> <span class='ocrx_word' id='word_1_201' title='bbox 838 1484 864 1511; x_wconf 95' lang='lat' dir='ltr'><strong>in</strong></span> <span class='ocrx_word' id='word_1_202' title='bbox 877 1485 1004 1518; x_wconf 83' lang='lat' dir='ltr'><strong>ecclesia,</strong></span> 
     </span>
    </p>
   </div>
   <div class='ocr_carea' id='block_1_33' title="bbox 220 1523 1004 1561">
    <p class='ocr_par' dir='ltr' id='par_1_33' title="bbox 220 1523 1004 1561">
     <span class='ocr_line' id='line_1_33' title="bbox 220 1523 1004 1561; baseline 0.011 -13"><span class='ocrx_word' id='word_1_203' title='bbox 220 1523 268 1549; x_wconf 88' lang='lat' dir='ltr'><strong>sed</strong></span> <span class='ocrx_word' id='word_1_204' title='bbox 283 1524 308 1550; x_wconf 89' lang='lat' dir='ltr'><strong>in</strong></span> <span class='ocrx_word' id='word_1_205' title='bbox 321 1532 351 1550; x_wconf 90' lang='lat' dir='ltr'><strong>ea</strong></span> <span class='ocrx_word' id='word_1_206' title='bbox 366 1533 474 1560; x_wconf 85' lang='lat' dir='ltr'><strong>quoque</strong></span> <span class='ocrx_word' id='word_1_207' title='bbox 489 1527 563 1561; x_wconf 93' lang='lat' dir='ltr'><strong>pium</strong></span> <span class='ocrx_word' id='word_1_208' title='bbox 585 1535 664 1554; x_wconf 82' lang='lat' dir='ltr'><strong>Suum</strong></span> <span class='ocrx_word' id='word_1_209' title='bbox 693 1529 854 1556; x_wconf 88' lang='lat' dir='ltr'><strong>ostendebat</strong></span> <span class='ocrx_word' id='word_1_210' title='bbox 872 1531 1004 1558; x_wconf 87' lang='lat' dir='ltr'><strong>animum.</strong></span> 
     </span>
    </p>
   </div>
   <div class='ocr_carea' id='block_1_34' title="bbox 1052 280 1838 321">
    <p class='ocr_par' dir='ltr' id='par_1_34' title="bbox 1052 280 1838 321">
     <span class='ocr_line' id='line_1_34' title="bbox 1052 280 1838 321; baseline -0.009 -8"><span class='ocrx_word' id='word_1_211' title='bbox 1052 286 1121 321; x_wconf 79' lang='grc' dir='ltr'>πρὸς</span> <span class='ocrx_word' id='word_1_212' title='bbox 1140 287 1204 318; x_wconf 82' lang='grc' dir='ltr'>τοὺς</span> <span class='ocrx_word' id='word_1_213' title='bbox 1224 284 1392 320; x_wconf 79' lang='grc' dir='ltr'>ἀσκητικοὺς</span> <span class='ocrx_word' id='word_1_214' title='bbox 1410 284 1510 316; x_wconf 84' lang='grc' dir='ltr'>πόνους</span> <span class='ocrx_word' id='word_1_215' title='bbox 1525 282 1680 317; x_wconf 78' lang='grc' dir='ltr'><strong>ὀλιγωρεῖν,</strong></span> <span class='ocrx_word' id='word_1_216' title='bbox 1704 280 1772 307; x_wconf 82' lang='grc' dir='ltr'><strong>ἀλλά</strong></span> <span class='ocrx_word' id='word_1_217' title='bbox 1789 282 1838 307; x_wconf 75' lang='grc' dir='ltr'>καῖ</span> 
     </span>
    </p>
   </div>
   <div class='ocr_carea' id='block_1_35' title="bbox 1048 328 1839 367">
    <p class='ocr_par' dir='ltr' id='par_1_35' title="bbox 1048 328 1839 367">
     <span class='ocr_line' id='line_1_35' title="bbox 1048 328 1839 367; baseline -0.006 -9"><span class='ocrx_word' id='word_1_218' title='bbox 1048 331 1120 358; x_wconf 79' lang='grc' dir='ltr'>οὕτω</span> <span class='ocrx_word' id='word_1_219' title='bbox 1140 332 1239 367; x_wconf 81' lang='grc' dir='ltr'>μᾶλλον</span> <span class='ocrx_word' id='word_1_220' title='bbox 1262 330 1475 365; x_wconf 81' lang='grc' dir='ltr'>ἀπαραλείπτως</span> <span class='ocrx_word' id='word_1_221' title='bbox 1498 330 1612 365; x_wconf 65' lang='grc' dir='ltr'>νηστείᾳ.</span> <span class='ocrx_word' id='word_1_222' title='bbox 1641 328 1682 354; x_wconf 82' lang='grc' dir='ltr'>δεῖ</span> <span class='ocrx_word' id='word_1_223' title='bbox 1703 336 1732 354; x_wconf 89' lang='grc' dir='ltr'><strong>σε</strong></span> <span class='ocrx_word' id='word_1_224' title='bbox 1750 336 1839 362; x_wconf 76' lang='grc' dir='ltr'>προσο</span> 
     </span>
    </p>
   </div>
   <div class='ocr_carea' id='block_1_36' title="bbox 1049 372 1840 412">
    <p class='ocr_par' dir='ltr' id='par_1_36' title="bbox 1049 372 1840 412">
     <span class='ocr_line' id='line_1_36' title="bbox 1049 372 1840 412; baseline -0.006 -8"><span class='ocrx_word' id='word_1_225' title='bbox 1049 377 1156 412; x_wconf 82' lang='grc' dir='ltr'>ανέχειν</span> <span class='ocrx_word' id='word_1_226' title='bbox 1182 378 1229 404; x_wconf 70' lang='grc' dir='ltr'>καὶ</span> <span class='ocrx_word' id='word_1_227' title='bbox 1251 377 1402 411; x_wconf 81' lang='grc' dir='ltr'>προσευχῇ,</span> <span class='ocrx_word' id='word_1_228' title='bbox 1422 375 1563 410; x_wconf 81' lang='grc' dir='ltr'>ψάλλαντα</span> <span class='ocrx_word' id='word_1_229' title='bbox 1582 373 1705 409; x_wconf 84' lang='grc' dir='ltr'><strong>συνήθως</strong></span> <span class='ocrx_word' id='word_1_230' title='bbox 1722 373 1769 399; x_wconf 76' lang='grc' dir='ltr'>καὶ</span> <span class='ocrx_word' id='word_1_231' title='bbox 1788 372 1840 407; x_wconf 83' lang='grc' dir='ltr'>τὴν</span> 
     </span>
    </p>
   </div>
   <div class='ocr_carea' id='block_1_37' title="bbox 1051 418 1838 456">
    <p class='ocr_par' dir='ltr' id='par_1_37' title="bbox 1051 418 1838 456">
     <span class='ocr_line' id='line_1_37' title="bbox 1051 418 1838 456; baseline -0.004 -9"><span class='ocrx_word' id='word_1_232' title='bbox 1051 421 1200 456; x_wconf 78' lang='grc' dir='ltr'>ἑσπερινὴν</span> <span class='ocrx_word' id='word_1_233' title='bbox 1242 421 1380 456; x_wconf 76' lang='grc' dir='ltr'><strong>ὁσημέραι</strong></span> <span class='ocrx_word' id='word_1_234' title='bbox 1418 421 1467 448; x_wconf 75' lang='grc' dir='ltr'>καὶ</span> <span class='ocrx_word' id='word_1_235' title='bbox 1505 419 1636 455; x_wconf 80' lang='grc' dir='ltr'>ὀρθρινὴν</span> <span class='ocrx_word' id='word_1_236' title='bbox 1679 418 1838 452; x_wconf 79' lang='grc' dir='ltr'>δοξολογίαν</span> 
     </span>
    </p>
   </div>
   <div class='ocr_carea' id='block_1_38' title="bbox 1050 464 1839 503">
    <p class='ocr_par' dir='ltr' id='par_1_38' title="bbox 1050 464 1839 503">
     <span class='ocr_line' id='line_1_38' title="bbox 1050 464 1839 503; baseline -0.005 -9"><span class='ocrx_word' id='word_1_237' title='bbox 1050 468 1186 494; x_wconf 72' lang='grc' dir='ltr'>ἐπιτελεῖν</span> <span class='ocrx_word' id='word_1_238' title='bbox 1203 476 1210 484; x_wconf 80' lang='grc'>⁶</span> <span class='ocrx_word' id='word_1_239' title='bbox 1249 468 1318 503; x_wconf 76' lang='grc' dir='ltr'>πρὸς</span> <span class='ocrx_word' id='word_1_240' title='bbox 1344 467 1372 494; x_wconf 86' lang='grc' dir='ltr'>δὲ</span> <span class='ocrx_word' id='word_1_241' title='bbox 1402 467 1451 494; x_wconf 76' lang='grc' dir='ltr'>καὶ</span> <span class='ocrx_word' id='word_1_242' title='bbox 1477 466 1531 493; x_wconf 86' lang='grc' dir='ltr'>τῶν</span> <span class='ocrx_word' id='word_1_243' title='bbox 1553 466 1732 500; x_wconf 82' lang='grc' dir='ltr'><strong>καλουμένων</strong></span> <span class='ocrx_word' id='word_1_244' title='bbox 1758 464 1839 499; x_wconf 82' lang='grc' dir='ltr'>ὡρῶν</span> 
     </span>
    </p>
   </div>
   <div class='ocr_carea' id='block_1_39' title="bbox 1054 510 1840 550">
    <p class='ocr_par' dir='ltr' id='par_1_39' title="bbox 1054 510 1840 550">
     <span class='ocr_line' id='line_1_39' title="bbox 1054 510 1840 550; baseline -0.004 -10"><span class='ocrx_word' id='word_1_245' title='bbox 1054 513 1192 548; x_wconf 85' lang='grc' dir='ltr'>μηδεμίαν</span> <span class='ocrx_word' id='word_1_246' title='bbox 1223 513 1467 550; x_wconf 81' lang='grc' dir='ltr'>παραλιμπάνειν,</span> <span class='ocrx_word' id='word_1_247' title='bbox 1492 511 1710 547; x_wconf 60' lang='grc' dir='ltr'>προσπονεὴθαι</span> <span class='ocrx_word' id='word_1_248' title='bbox 1734 510 1764 538; x_wconf 81' lang='grc' dir='ltr'>δὲ</span> <span class='ocrx_word' id='word_1_249' title='bbox 1790 510 1840 537; x_wconf 78' lang='grc' dir='ltr'>καὶ</span> 
     </span>
    </p>
   </div>
   <div class='ocr_carea' id='block_1_40' title="bbox 1050 557 1839 594">
    <p class='ocr_par' dir='ltr' id='par_1_40' title="bbox 1050 557 1839 594">
     <span class='ocr_line' id='line_1_40' title="bbox 1050 557 1839 594; baseline -0.004 -9"><span class='ocrx_word' id='word_1_250' title='bbox 1050 560 1173 594; x_wconf 79' lang='grc' dir='ltr'><strong>γονάτων</strong></span> <span class='ocrx_word' id='word_1_251' title='bbox 1197 560 1297 592; x_wconf 80' lang='grc' dir='ltr'>κλίσει,</span> <span class='ocrx_word' id='word_1_252' title='bbox 1326 561 1373 586; x_wconf 81' lang='grc' dir='ltr'>καὶ</span> <span class='ocrx_word' id='word_1_253' title='bbox 1404 559 1474 586; x_wconf 75' lang='grc' dir='ltr'>οὕτω</span> <span class='ocrx_word' id='word_1_254' title='bbox 1497 558 1610 594; x_wconf 85' lang='grc' dir='ltr'><strong>τρύχειν</strong></span> <span class='ocrx_word' id='word_1_255' title='bbox 1635 558 1666 584; x_wconf 82' lang='grc' dir='ltr'>τὸ</span> <span class='ocrx_word' id='word_1_256' title='bbox 1686 557 1767 592; x_wconf 83' lang='grc' dir='ltr'>σῶμα</span> <span class='ocrx_word' id='word_1_257' title='bbox 1792 557 1839 583; x_wconf 66' lang='grc' dir='ltr'><strong>διὰ</strong></span> 
     </span>
    </p>
   </div>
   <div class='ocr_carea' id='block_1_41' title="bbox 1050 603 1840 640">
    <p class='ocr_par' dir='ltr' id='par_1_41' title="bbox 1050 603 1840 640">
     <span class='ocr_line' id='line_1_41' title="bbox 1050 603 1840 640; baseline -0.004 -8"><span class='ocrx_word' id='word_1_258' title='bbox 1050 605 1101 637; x_wconf 79' lang='grc' dir='ltr'><strong>τὰς</strong></span> <span class='ocrx_word' id='word_1_259' title='bbox 1127 605 1232 633; x_wconf 75' lang='grc' dir='ltr'>ἐκεῖθεν</span> <span class='ocrx_word' id='word_1_260' title='bbox 1261 606 1316 633; x_wconf 85' lang='grc' dir='ltr'><strong>τῶν</strong></span> <span class='ocrx_word' id='word_1_261' title='bbox 1340 605 1534 640; x_wconf 81' lang='grc' dir='ltr'><strong>πολεμούντων</strong></span> <span class='ocrx_word' id='word_1_262' title='bbox 1552 603 1712 634; x_wconf 74' lang='grc' dir='ltr'>ἐπιϐουλάς.</span> <span class='ocrx_word' id='word_1_263' title='bbox 1735 603 1768 629; x_wconf 82' lang='lat' dir='ltr'><strong>&#39;H</strong></span> <span class='ocrx_word' id='word_1_264' title='bbox 1787 610 1840 637; x_wconf 86' lang='grc' dir='ltr'>μα-</span> 
     </span>
    </p>
   </div>
   <div class='ocr_carea' id='block_1_42' title="bbox 1052 648 1839 685">
    <p class='ocr_par' dir='ltr' id='par_1_42' title="bbox 1052 648 1839 685">
     <span class='ocr_line' id='line_1_42' title="bbox 1052 648 1839 685; baseline -0.004 -9"><span class='ocrx_word' id='word_1_265' title='bbox 1052 650 1137 685; x_wconf 86' lang='grc' dir='ltr'>καρία</span> <span class='ocrx_word' id='word_1_266' title='bbox 1160 651 1208 685; x_wconf 83' lang='grc' dir='ltr'>μὲν</span> <span class='ocrx_word' id='word_1_267' title='bbox 1237 648 1295 683; x_wconf 84' lang='grc' dir='ltr'>οὖν,</span> <span class='ocrx_word' id='word_1_268' title='bbox 1310 650 1390 677; x_wconf 82' lang='grc' dir='ltr'>ταυτὶ</span> <span class='ocrx_word' id='word_1_269' title='bbox 1411 650 1500 677; x_wconf 83' lang='grc' dir='ltr'>πάντα</span> <span class='ocrx_word' id='word_1_270' title='bbox 1523 649 1633 676; x_wconf 60' lang='grc' dir='ltr'>ἐνθεῖσα</span> <span class='ocrx_word' id='word_1_271' title='bbox 1655 649 1715 679; x_wconf 84' lang='grc' dir='ltr'>ταῖς</span> <span class='ocrx_word' id='word_1_272' title='bbox 1731 648 1839 681; x_wconf 79' lang='grc' dir='ltr'>ἀκοαῖς,</span> 
     </span>
    </p>
   </div>
   <div class='ocr_carea' id='block_1_43' title="bbox 1052 693 1840 732">
    <p class='ocr_par' dir='ltr' id='par_1_43' title="bbox 1052 693 1840 732">
     <span class='ocr_line' id='line_1_43' title="bbox 1052 693 1840 732; baseline -0.005 -9"><span class='ocrx_word' id='word_1_273' title='bbox 1052 697 1102 724; x_wconf 75' lang='grc' dir='ltr'>καὶ</span> <span class='ocrx_word' id='word_1_274' title='bbox 1116 696 1211 731; x_wconf 77' lang='grc' dir='ltr'>ὥσπερ</span> <span class='ocrx_word' id='word_1_275' title='bbox 1222 706 1249 723; x_wconf 80' lang='grc' dir='ltr'><strong>τι</strong></span> <span class='ocrx_word' id='word_1_276' title='bbox 1262 696 1352 732; x_wconf 84' lang='grc' dir='ltr'>ψυχῆς</span> <span class='ocrx_word' id='word_1_277' title='bbox 1372 695 1444 724; x_wconf 74' lang='grc' dir='ltr'>εἶναι</span> <span class='ocrx_word' id='word_1_278' title='bbox 1467 696 1636 730; x_wconf 79' lang='grc' dir='ltr'>λογισαμένη</span> <span class='ocrx_word' id='word_1_279' title='bbox 1662 693 1840 729; x_wconf 76' lang='grc' dir='ltr'>ὲντρύφημα,</span> 
     </span>
    </p>
   </div>
   <div class='ocr_carea' id='block_1_44' title="bbox 1055 739 1839 778">
    <p class='ocr_par' dir='ltr' id='par_1_44' title="bbox 1055 739 1839 778">
     <span class='ocr_line' id='line_1_44' title="bbox 1055 739 1839 778; baseline -0.006 -9"><span class='ocrx_word' id='word_1_280' title='bbox 1055 743 1125 778; x_wconf 76' lang='grc' dir='ltr'><strong>μετά</strong></span> <span class='ocrx_word' id='word_1_281' title='bbox 1155 742 1259 777; x_wconf 86' lang='grc' dir='ltr'>πολλῆς</span> <span class='ocrx_word' id='word_1_282' title='bbox 1287 742 1359 769; x_wconf 78' lang='grc' dir='ltr'>αὐτὰ</span> <span class='ocrx_word' id='word_1_283' title='bbox 1385 742 1435 778; x_wconf 84' lang='grc' dir='ltr'>τῆς</span> <span class='ocrx_word' id='word_1_284' title='bbox 1463 741 1621 777; x_wconf 76' lang='grc' dir='ltr'>προθυμίας</span> <span class='ocrx_word' id='word_1_285' title='bbox 1654 739 1839 773; x_wconf 67' lang='grc' dir='ltr'><strong>ἐπηγγείλατο</strong></span> 
     </span>
    </p>
   </div>
   <div class='ocr_carea' id='block_1_45' title="bbox 1053 783 1840 824">
    <p class='ocr_par' dir='ltr' id='par_1_45' title="bbox 1053 783 1840 824">
     <span class='ocr_line' id='line_1_45' title="bbox 1053 783 1840 824; baseline -0.008 -8"><span class='ocrx_word' id='word_1_286' title='bbox 1053 788 1206 824; x_wconf 81' lang='grc' dir='ltr'>πράττειν,</span> <span class='ocrx_word' id='word_1_287' title='bbox 1239 789 1288 815; x_wconf 82' lang='grc' dir='ltr'><strong>καὶ</strong></span> <span class='ocrx_word' id='word_1_288' title='bbox 1316 788 1403 819; x_wconf 70' lang='grc' dir='ltr'>οὕτως</span> <span class='ocrx_word' id='word_1_289' title='bbox 1429 787 1564 824; x_wconf 80' lang='grc' dir='ltr'>ὀμοτελὴς</span> <span class='ocrx_word' id='word_1_290' title='bbox 1588 787 1626 822; x_wconf 84' lang='grc' dir='ltr'>τῷ</span> <span class='ocrx_word' id='word_1_291' title='bbox 1649 785 1724 820; x_wconf 83' lang='grc' dir='ltr'><strong>καλῷ</strong></span> <span class='ocrx_word' id='word_1_292' title='bbox 1741 783 1840 819; x_wconf 69' lang='grc' dir='ltr'>ἐκείνῳ</span> 
     </span>
    </p>
   </div>
   <div class='ocr_carea' id='block_1_46' title="bbox 1054 833 1483 870">
    <p class='ocr_par' dir='ltr' id='par_1_46' title="bbox 1054 833 1483 870">
     <span class='ocr_line' id='line_1_46' title="bbox 1054 833 1483 870; baseline 0.002 -10"><span class='ocrx_word' id='word_1_293' title='bbox 1054 834 1110 860; x_wconf 85' lang='grc' dir='ltr'>τῶν</span> <span class='ocrx_word' id='word_1_294' title='bbox 1125 833 1250 870; x_wconf 78' lang='grc' dir='ltr'>μοναχῶν</span> <span class='ocrx_word' id='word_1_295' title='bbox 1277 834 1353 870; x_wconf 83' lang='grc' dir='ltr'>χορῷ</span> <span class='ocrx_word' id='word_1_296' title='bbox 1364 834 1483 868; x_wconf 85' lang='grc' dir='ltr'>γίνεται.</span> 
     </span>
    </p>
   </div>
   <div class='ocr_carea' id='block_1_47' title="bbox 1091 969 1844 1006">
    <p class='ocr_par' dir='ltr' id='par_1_47' title="bbox 1091 969 1844 1006">
     <span class='ocr_line' id='line_1_47' title="bbox 1091 969 1844 1006; baseline 0.003 -10"><span class='ocrx_word' id='word_1_297' title='bbox 1091 969 1129 997; x_wconf 84' lang='grc' dir='ltr'><strong>Ε’.</strong></span> <span class='ocrx_word' id='word_1_298' title='bbox 1155 970 1233 996; x_wconf 78' lang='grc' dir='ltr'>Ἐπεὶ</span> <span class='ocrx_word' id='word_1_299' title='bbox 1250 969 1279 996; x_wconf 79' lang='grc' dir='ltr'>δὲ</span> <span class='ocrx_word' id='word_1_300' title='bbox 1300 971 1329 996; x_wconf 74' lang='grc' dir='ltr'>αἱ</span> <span class='ocrx_word' id='word_1_301' title='bbox 1350 970 1417 1006; x_wconf 63' lang='grc' dir='ltr'>πρὶς</span> <span class='ocrx_word' id='word_1_302' title='bbox 1442 970 1511 998; x_wconf 77' lang='grc' dir='ltr'>Θεὸν</span> <span class='ocrx_word' id='word_1_303' title='bbox 1539 970 1625 1006; x_wconf 74' lang='grc' dir='ltr'>αὐτῆς</span> <span class='ocrx_word' id='word_1_304' title='bbox 1646 970 1781 1005; x_wconf 83' lang='grc' dir='ltr'>συνθῆκαι</span> <span class='ocrx_word' id='word_1_305' title='bbox 1811 971 1844 998; x_wconf 80' lang='grc' dir='ltr'>τὸ</span> 
     </span>
    </p>
   </div>
   <div class='ocr_carea' id='block_1_48' title="bbox 1055 1017 1842 1052">
    <p class='ocr_par' dir='ltr' id='par_1_48' title="bbox 1055 1017 1842 1052">
     <span class='ocr_line' id='line_1_48' title="bbox 1055 1017 1842 1052; baseline -0.001 -7"><span class='ocrx_word' id='word_1_306' title='bbox 1055 1017 1170 1051; x_wconf 77' lang='grc' dir='ltr'>ἀψευδὲς</span> <span class='ocrx_word' id='word_1_307' title='bbox 1183 1017 1256 1050; x_wconf 72' lang='grc' dir='ltr'>ἕξειν</span> <span class='ocrx_word' id='word_1_308' title='bbox 1272 1017 1386 1052; x_wconf 77' lang='grc' dir='ltr'>ἔμελλον</span> <span class='ocrx_word' id='word_1_309' title='bbox 1399 1039 1406 1050; x_wconf 89' lang='grc'><em>,</em></span> <span class='ocrx_word' id='word_1_310' title='bbox 1424 1018 1492 1045; x_wconf 78' lang='grc' dir='ltr'>πᾶσι</span> <span class='ocrx_word' id='word_1_311' title='bbox 1507 1018 1564 1049; x_wconf 86' lang='grc' dir='ltr'>τοῖς</span> <span class='ocrx_word' id='word_1_312' title='bbox 1578 1018 1628 1052; x_wconf 82' lang='grc' dir='ltr'>τῆς</span> <span class='ocrx_word' id='word_1_313' title='bbox 1651 1018 1752 1052; x_wconf 70' lang='grc' dir='ltr'>ααρκὴς</span> <span class='ocrx_word' id='word_1_314' title='bbox 1775 1026 1842 1052; x_wconf 74' lang='grc' dir='ltr'>φρο-</span> 
     </span>
    </p>
   </div>
   <div class='ocr_carea' id='block_1_49' title="bbox 1055 1063 1842 1100">
    <p class='ocr_par' dir='ltr' id='par_1_49' title="bbox 1055 1063 1842 1100">
     <span class='ocr_line' id='line_1_49' title="bbox 1055 1063 1842 1100; baseline -0.003 -9"><span class='ocrx_word' id='word_1_315' title='bbox 1055 1065 1160 1100; x_wconf 84' lang='grc' dir='ltr'>νήμασι</span> <span class='ocrx_word' id='word_1_316' title='bbox 1188 1064 1295 1099; x_wconf 78' lang='grc' dir='ltr'>χαίρειν</span> <span class='ocrx_word' id='word_1_317' title='bbox 1320 1063 1456 1096; x_wconf 75' lang='grc' dir='ltr'>εἰποῦσα,</span> <span class='ocrx_word' id='word_1_318' title='bbox 1482 1064 1564 1096; x_wconf 79' lang='grc' dir='ltr'>εὐθὺς</span> <span class='ocrx_word' id='word_1_319' title='bbox 1589 1064 1742 1090; x_wconf 74' lang='grc' dir='ltr'><strong>ἀπεδύσατο</strong></span> <span class='ocrx_word' id='word_1_320' title='bbox 1771 1063 1842 1098; x_wconf 59' lang='grc' dir='ltr'>προς</span> 
     </span>
    </p>
   </div>
   <div class='ocr_carea' id='block_1_50' title="bbox 1055 1108 1844 1145">
    <p class='ocr_par' dir='ltr' id='par_1_50' title="bbox 1055 1108 1844 1145">
     <span class='ocr_line' id='line_1_50' title="bbox 1055 1108 1844 1145; baseline -0.001 -9"><span class='ocrx_word' id='word_1_321' title='bbox 1055 1110 1121 1141; x_wconf 78' lang='grc' dir='ltr'>τοὺς</span> <span class='ocrx_word' id='word_1_322' title='bbox 1135 1110 1245 1142; x_wconf 82' lang='grc' dir='ltr'>πόνους,</span> <span class='ocrx_word' id='word_1_323' title='bbox 1260 1110 1364 1145; x_wconf 81' lang='grc' dir='ltr'>μηδένα</span> <span class='ocrx_word' id='word_1_324' title='bbox 1376 1110 1461 1137; x_wconf 69' lang='grc' dir='ltr'>ὄκνον</span> <span class='ocrx_word' id='word_1_325' title='bbox 1477 1110 1546 1145; x_wconf 72' lang='grc' dir='ltr'>μηδὲ</span> <span class='ocrx_word' id='word_1_326' title='bbox 1574 1109 1711 1144; x_wconf 78' lang='grc' dir='ltr'>πρόφασιν</span> <span class='ocrx_word' id='word_1_327' title='bbox 1731 1110 1771 1140; x_wconf 85' lang='grc' dir='ltr'>εἰς</span> <span class='ocrx_word' id='word_1_328' title='bbox 1783 1108 1844 1135; x_wconf 78' lang='grc' dir='ltr'>δια-</span> 
     </span>
    </p>
   </div>
   <div class='ocr_carea' id='block_1_51' title="bbox 1056 1153 1845 1192">
    <p class='ocr_par' dir='ltr' id='par_1_51' title="bbox 1056 1153 1845 1192">
     <span class='ocr_line' id='line_1_51' title="bbox 1056 1153 1845 1192; baseline 0 -10"><span class='ocrx_word' id='word_1_329' title='bbox 1056 1156 1150 1183; x_wconf 76' lang='grc' dir='ltr'>κονίαν</span> <span class='ocrx_word' id='word_1_330' title='bbox 1173 1156 1393 1192; x_wconf 76' lang='grc' dir='ltr'>προϐαλλομένη.</span> <span class='ocrx_word' id='word_1_331' title='bbox 1416 1157 1493 1183; x_wconf 80' lang='grc' dir='ltr'>Είσιν</span> <span class='ocrx_word' id='word_1_332' title='bbox 1520 1153 1566 1183; x_wconf 73' lang='grc' dir='ltr'>οὖν</span> <span class='ocrx_word' id='word_1_333' title='bbox 1586 1156 1658 1182; x_wconf 85' lang='grc' dir='ltr'>ὀκτὼ</span> <span class='ocrx_word' id='word_1_334' title='bbox 1676 1156 1708 1190; x_wconf 81' lang='grc' dir='ltr'>τῇ</span> <span class='ocrx_word' id='word_1_335' title='bbox 1738 1164 1768 1182; x_wconf 86' lang='grc' dir='ltr'><strong>τε</strong></span> <span class='ocrx_word' id='word_1_336' title='bbox 1786 1155 1845 1182; x_wconf 83' lang='grc' dir='ltr'><strong>τῶν</strong></span> 
     </span>
    </p>
   </div>
   <div class='ocr_carea' id='block_1_52' title="bbox 1056 1200 1842 1236">
    <p class='ocr_par' dir='ltr' id='par_1_52' title="bbox 1056 1200 1842 1236">
     <span class='ocr_line' id='line_1_52' title="bbox 1056 1200 1842 1236; baseline 0 -10"><span class='ocrx_word' id='word_1_337' title='bbox 1056 1201 1149 1236; x_wconf 79' lang='grc' dir='ltr'>φυτῶν</span> <span class='ocrx_word' id='word_1_338' title='bbox 1169 1201 1265 1236; x_wconf 81' lang='grc' dir='ltr'>ἀρδείᾳ</span> <span class='ocrx_word' id='word_1_339' title='bbox 1281 1202 1328 1227; x_wconf 76' lang='grc' dir='ltr'>καὶ</span> <span class='ocrx_word' id='word_1_340' title='bbox 1345 1201 1400 1227; x_wconf 82' lang='grc' dir='ltr'><strong>τῶν</strong></span> <span class='ocrx_word' id='word_1_341' title='bbox 1422 1201 1549 1236; x_wconf 83' lang='grc' dir='ltr'>λαχάνων</span> <span class='ocrx_word' id='word_1_342' title='bbox 1567 1200 1586 1228; x_wconf 71' lang='grc' dir='ltr'><strong>ἃ</strong></span> <span class='ocrx_word' id='word_1_343' title='bbox 1605 1202 1662 1232; x_wconf 83' lang='grc' dir='ltr'>τοῖς</span> <span class='ocrx_word' id='word_1_344' title='bbox 1677 1201 1707 1227; x_wconf 83' lang='grc' dir='ltr'>ὲν</span> <span class='ocrx_word' id='word_1_345' title='bbox 1722 1202 1755 1235; x_wconf 82' lang='grc' dir='ltr'><strong>τῇ</strong></span> <span class='ocrx_word' id='word_1_346' title='bbox 1772 1201 1842 1235; x_wconf 78' lang='grc' dir='ltr'>μονῇ</span> 
     </span>
    </p>
   </div>
   <div class='ocr_carea' id='block_1_53' title="bbox 1056 1247 1842 1282">
    <p class='ocr_par' dir='ltr' id='par_1_53' title="bbox 1056 1247 1842 1282">
     <span class='ocr_line' id='line_1_53' title="bbox 1056 1247 1842 1282; baseline -0.001 -9"><span class='ocrx_word' id='word_1_347' title='bbox 1056 1247 1106 1281; x_wconf 87' lang='grc' dir='ltr'>τὴν</span> <span class='ocrx_word' id='word_1_348' title='bbox 1121 1247 1216 1282; x_wconf 78' lang='grc' dir='ltr'>χρείαν</span> <span class='ocrx_word' id='word_1_349' title='bbox 1232 1248 1374 1282; x_wconf 83' lang='grc' dir='ltr'>παρεῖχεν,</span> <span class='ocrx_word' id='word_1_350' title='bbox 1388 1247 1448 1274; x_wconf 83' lang='grc' dir='ltr'>ὅσαι</span> <span class='ocrx_word' id='word_1_351' title='bbox 1463 1247 1564 1282; x_wconf 79' lang='grc' dir='ltr'>ἡμέραι</span> <span class='ocrx_word' id='word_1_352' title='bbox 1584 1247 1842 1282; x_wconf 73' lang='grc' dir='ltr'>προσκαρτεροῦσι·</span> 
     </span>
    </p>
   </div>
   <div class='ocr_carea' id='block_1_54' title="bbox 1056 1292 1843 1328">
    <p class='ocr_par' dir='ltr' id='par_1_54' title="bbox 1056 1292 1843 1328">
     <span class='ocr_line' id='line_1_54' title="bbox 1056 1292 1843 1328; baseline -0.001 -8"><span class='ocrx_word' id='word_1_353' title='bbox 1056 1293 1103 1320; x_wconf 85' lang='grc' dir='ltr'>τοῦ</span> <span class='ocrx_word' id='word_1_354' title='bbox 1121 1302 1150 1320; x_wconf 81' lang='grc' dir='ltr'><strong>τε</strong></span> <span class='ocrx_word' id='word_1_355' title='bbox 1166 1293 1277 1328; x_wconf 82' lang='grc' dir='ltr'>ἀλήθειν</span> <span class='ocrx_word' id='word_1_356' title='bbox 1290 1293 1336 1320; x_wconf 64' lang='grc' dir='ltr'><strong>τὸν</strong></span> <span class='ocrx_word' id='word_1_357' title='bbox 1350 1295 1423 1320; x_wconf 81' lang='grc' dir='ltr'>σῖτον</span> <span class='ocrx_word' id='word_1_358' title='bbox 1444 1293 1491 1319; x_wconf 69' lang='grc' dir='ltr'>καὶ</span> <span class='ocrx_word' id='word_1_359' title='bbox 1509 1294 1614 1328; x_wconf 80' lang='grc' dir='ltr'>τρυγᾷν</span> <span class='ocrx_word' id='word_1_360' title='bbox 1632 1293 1662 1320; x_wconf 76' lang='grc' dir='ltr'>τὸ</span> <span class='ocrx_word' id='word_1_361' title='bbox 1682 1292 1843 1328; x_wconf 79' lang='grc' dir='ltr'>ἀλούμενον,</span> 
     </span>
    </p>
   </div>
   <div class='ocr_carea' id='block_1_55' title="bbox 1057 1338 1842 1375">
    <p class='ocr_par' dir='ltr' id='par_1_55' title="bbox 1057 1338 1842 1375">
     <span class='ocr_line' id='line_1_55' title="bbox 1057 1338 1842 1375; baseline -0.003 -9"><span class='ocrx_word' id='word_1_362' title='bbox 1057 1340 1105 1366; x_wconf 77' lang='grc' dir='ltr'>καὶ</span> <span class='ocrx_word' id='word_1_363' title='bbox 1120 1341 1160 1372; x_wconf 81' lang='grc' dir='ltr'><strong>εἰς</strong></span> <span class='ocrx_word' id='word_1_364' title='bbox 1177 1341 1279 1375; x_wconf 79' lang='grc' dir='ltr'>ἄρτους</span> <span class='ocrx_word' id='word_1_365' title='bbox 1296 1338 1532 1374; x_wconf 79' lang='grc' dir='ltr'>παρασκευάζειν,</span> <span class='ocrx_word' id='word_1_366' title='bbox 1563 1339 1611 1374; x_wconf 77' lang='grc' dir='ltr'>οὐχ</span> <span class='ocrx_word' id='word_1_367' title='bbox 1639 1339 1822 1374; x_wconf 58' lang='grc' dir='ltr'>ὑστερίζουσι</span> <span class='ocrx_word' id='word_1_368' title='bbox 1834 1359 1842 1369; x_wconf 85' lang='grc'><em>,</em></span> 
     </span>
    </p>
   </div>
   <div class='ocr_carea' id='block_1_56' title="bbox 1057 1381 1844 1420">
    <p class='ocr_par' dir='ltr' id='par_1_56' title="bbox 1057 1381 1844 1420">
     <span class='ocr_line' id='line_1_56' title="bbox 1057 1381 1844 1420; baseline -0.001 -9"><span class='ocrx_word' id='word_1_369' title='bbox 1057 1384 1162 1419; x_wconf 79' lang='grc' dir='ltr'>ἓψουσά</span> <span class='ocrx_word' id='word_1_370' title='bbox 1181 1393 1211 1412; x_wconf 85' lang='grc' dir='ltr'><strong>τε</strong></span> <span class='ocrx_word' id='word_1_371' title='bbox 1229 1384 1259 1411; x_wconf 79' lang='grc' dir='ltr'><strong>τὸ</strong></span> <span class='ocrx_word' id='word_1_372' title='bbox 1277 1384 1393 1420; x_wconf 86' lang='grc' dir='ltr'>λάχανον</span> <span class='ocrx_word' id='word_1_373' title='bbox 1408 1381 1430 1418; x_wconf 85' lang='grc' dir='ltr'>ᾧ</span> <span class='ocrx_word' id='word_1_374' title='bbox 1446 1384 1493 1411; x_wconf 80' lang='grc' dir='ltr'>καὶ</span> <span class='ocrx_word' id='word_1_375' title='bbox 1515 1385 1670 1419; x_wconf 81' lang='grc' dir='ltr'>ἀπέτρεφον</span> <span class='ocrx_word' id='word_1_376' title='bbox 1688 1384 1801 1415; x_wconf 70' lang='grc' dir='ltr'>ἑαυτοὺς</span> <span class='ocrx_word' id='word_1_377' title='bbox 1818 1385 1844 1410; x_wconf 82' lang='grc' dir='ltr'>οἱ</span> 
     </span>
    </p>
   </div>
   <div class='ocr_carea' id='block_1_57' title="bbox 1058 1431 1846 1466">
    <p class='ocr_par' dir='ltr' id='par_1_57' title="bbox 1058 1431 1846 1466">
     <span class='ocr_line' id='line_1_57' title="bbox 1058 1431 1846 1466; baseline -0.001 -8"><span class='ocrx_word' id='word_1_378' title='bbox 1058 1431 1172 1466; x_wconf 82' lang='grc' dir='ltr'>νεκροῦν</span> <span class='ocrx_word' id='word_1_379' title='bbox 1187 1431 1216 1458; x_wconf 85' lang='grc' dir='ltr'><strong>τὺ</strong></span> <span class='ocrx_word' id='word_1_380' title='bbox 1233 1431 1312 1466; x_wconf 87' lang='grc' dir='ltr'>σῶμα</span> <span class='ocrx_word' id='word_1_381' title='bbox 1333 1431 1542 1464; x_wconf 71' lang='grc' dir='ltr'>σπουδάζοντες,</span> <span class='ocrx_word' id='word_1_382' title='bbox 1556 1431 1617 1458; x_wconf 80' lang='grc' dir='ltr'>οὐδὲ</span> <span class='ocrx_word' id='word_1_383' title='bbox 1627 1431 1677 1465; x_wconf 85' lang='grc' dir='ltr'><strong>τῆς</strong></span> <span class='ocrx_word' id='word_1_384' title='bbox 1693 1432 1722 1457; x_wconf 83' lang='grc' dir='ltr'>ἐν</span> <span class='ocrx_word' id='word_1_385' title='bbox 1741 1431 1846 1466; x_wconf 80' lang='grc' dir='ltr'>ἐκκλη-</span> 
     </span>
    </p>
   </div>
   <div class='ocr_carea' id='block_1_58' title="bbox 1058 1477 1846 1514">
    <p class='ocr_par' dir='ltr' id='par_1_58' title="bbox 1058 1477 1846 1514">
     <span class='ocr_line' id='line_1_58' title="bbox 1058 1477 1846 1514; baseline 0 -10"><span class='ocrx_word' id='word_1_386' title='bbox 1058 1478 1104 1514; x_wconf 78' lang='grc' dir='ltr'><strong>σίᾳ</strong></span> <span class='ocrx_word' id='word_1_387' title='bbox 1117 1478 1284 1513; x_wconf 80' lang='grc' dir='ltr'>τελουμένης</span> <span class='ocrx_word' id='word_1_388' title='bbox 1304 1478 1440 1510; x_wconf 79' lang='grc' dir='ltr'>συνάξεως</span> <span class='ocrx_word' id='word_1_389' title='bbox 1455 1477 1607 1514; x_wconf 75' lang='grc' dir='ltr'>ἀπελείφθη</span> <span class='ocrx_word' id='word_1_390' title='bbox 1621 1477 1698 1510; x_wconf 81' lang='grc' dir='ltr'>ποτὲ,</span> <span class='ocrx_word' id='word_1_391' title='bbox 1711 1477 1779 1504; x_wconf 84' lang='grc' dir='ltr'>ἀλλὰ</span> <span class='ocrx_word' id='word_1_392' title='bbox 1796 1478 1846 1504; x_wconf 75' lang='grc' dir='ltr'>καὶ</span> 
     </span>
    </p>
   </div>
   <div class='ocr_carea' id='block_1_59' title="bbox 1062 1523 1844 1561">
    <p class='ocr_par' dir='ltr' id='par_1_59' title="bbox 1062 1523 1844 1561">
     <span class='ocr_line' id='line_1_59' title="bbox 1062 1523 1844 1561; baseline 0 -10"><span class='ocrx_word' id='word_1_393' title='bbox 1062 1524 1162 1559; x_wconf 83' lang='grc' dir='ltr'>μᾶλλον</span> <span class='ocrx_word' id='word_1_394' title='bbox 1178 1526 1207 1551; x_wconf 78' lang='grc' dir='ltr'>ἐν</span> <span class='ocrx_word' id='word_1_395' title='bbox 1226 1525 1314 1561; x_wconf 81' lang='grc' dir='ltr'>ταύτῃ</span> <span class='ocrx_word' id='word_1_396' title='bbox 1327 1527 1376 1559; x_wconf 85' lang='grc' dir='ltr'>τῆς</span> <span class='ocrx_word' id='word_1_397' title='bbox 1393 1524 1482 1560; x_wconf 78' lang='grc' dir='ltr'>ψυχῆς</span> <span class='ocrx_word' id='word_1_398' title='bbox 1505 1525 1629 1559; x_wconf 77' lang='grc' dir='ltr'>ἐνέφαινε</span> <span class='ocrx_word' id='word_1_399' title='bbox 1656 1524 1687 1550; x_wconf 85' lang='grc' dir='ltr'>τὸ</span> <span class='ocrx_word' id='word_1_400' title='bbox 1706 1523 1844 1559; x_wconf 78' lang='grc' dir='ltr'>φιλόθεον.</span> 
     </span>
    </p>
   </div>
   <div class='ocr_carea' id='block_1_60' title="bbox 220 1568 1005 1610">
    <p class='ocr_par' dir='ltr' id='par_1_60' title="bbox 220 1568 1004 1610">
     <span class='ocr_line' id='line_1_60' title="bbox 220 1568 1004 1610; baseline 0.013 -16"><span class='ocrx_word' id='word_1_401' title='bbox 220 1568 273 1595; x_wconf 72' lang='lat' dir='ltr'><strong>Sed</strong></span> <span class='ocrx_word' id='word_1_402' title='bbox 288 1569 352 1597; x_wconf 86' lang='lat' dir='ltr'><strong>licet</strong></span> <span class='ocrx_word' id='word_1_403' title='bbox 367 1571 403 1597; x_wconf 87' lang='lat' dir='ltr'><strong>ita</strong></span> <span class='ocrx_word' id='word_1_404' title='bbox 419 1573 541 1607; x_wconf 81' lang='lat' dir='ltr'><strong>degeret,</strong></span> <span class='ocrx_word' id='word_1_405' title='bbox 558 1578 585 1600; x_wconf 89' lang='lat' dir='ltr'><strong>ct</strong></span> <span class='ocrx_word' id='word_1_406' title='bbox 604 1574 686 1601; x_wconf 87' lang='lat' dir='ltr'><strong>vitam</strong></span> <span class='ocrx_word' id='word_1_407' title='bbox 702 1575 830 1610; x_wconf 74' lang='lat' dir='ltr'><strong>elegisset</strong></span> <span class='ocrx_word' id='word_1_408' title='bbox 847 1581 900 1603; x_wconf 82' lang='lat' dir='ltr'><strong>tam</strong></span> <span class='ocrx_word' id='word_1_409' title='bbox 927 1577 1004 1604; x_wconf 83' lang='lat' dir='ltr'><strong>labo-</strong></span> 
     </span>
    </p>
   </div>
   <div class='ocr_carea' id='block_1_61' title="bbox 1058 1568 1846 1610">
    <p class='ocr_par' dir='ltr' id='par_1_61' title="bbox 1064 1569 1846 1605">
     <span class='ocr_line' id='line_1_61' title="bbox 1064 1569 1846 1605; baseline 0 -9"><span class='ocrx_word' id='word_1_410' title='bbox 1064 1569 1148 1597; x_wconf 80' lang='grc' dir='ltr'>Ἀλλὰ</span> <span class='ocrx_word' id='word_1_411' title='bbox 1168 1571 1215 1597; x_wconf 80' lang='grc' dir='ltr'>καὶ</span> <span class='ocrx_word' id='word_1_412' title='bbox 1236 1569 1323 1601; x_wconf 80' lang='grc' dir='ltr'>οὕτως</span> <span class='ocrx_word' id='word_1_413' title='bbox 1341 1570 1458 1605; x_wconf 78' lang='grc' dir='ltr'>ἔχουσαν</span> <span class='ocrx_word' id='word_1_414' title='bbox 1473 1571 1598 1605; x_wconf 78' lang='grc' dir='ltr'>ἀγωγῆς,</span> <span class='ocrx_word' id='word_1_415' title='bbox 1627 1570 1674 1597; x_wconf 81' lang='grc' dir='ltr'>καὶ</span> <span class='ocrx_word' id='word_1_416' title='bbox 1700 1570 1757 1605; x_wconf 87' lang='grc' dir='ltr'>βίον</span> <span class='ocrx_word' id='word_1_417' title='bbox 1773 1571 1846 1603; x_wconf 74' lang='grc' dir='ltr'>ἄγαν</span> 
     </span>
    </p>
   </div>
   <div class='ocr_carea' id='block_1_62' title="bbox 221 1615 1007 1655">
    <p class='ocr_par' dir='ltr' id='par_1_62' title="bbox 221 1615 1007 1655">
     <span class='ocr_line' id='line_1_62' title="bbox 221 1615 1007 1655; baseline 0.011 -14"><span class='ocrx_word' id='word_1_418' title='bbox 221 1615 625 1651; x_wconf 70' lang='lat' dir='ltr'><strong>riosam,praecedentisdelicti</strong></span> <span class='ocrx_word' id='word_1_419' title='bbox 659 1621 788 1655; x_wconf 77' lang='lat' dir='ltr'><strong>cogitatio</strong></span> <span class='ocrx_word' id='word_1_420' title='bbox 819 1629 875 1649; x_wconf 85' lang='lat' dir='ltr'><strong>non</strong></span> <span class='ocrx_word' id='word_1_421' title='bbox 900 1622 1007 1651; x_wconf 87' lang='lat' dir='ltr'><strong>sinebat</strong></span> 
     </span>
    </p>
   </div>
   <div class='ocr_carea' id='block_1_63' title="bbox 221 1662 1008 1702">
    <p class='ocr_par' dir='ltr' id='par_1_63' title="bbox 221 1662 1008 1702">
     <span class='ocr_line' id='line_1_63' title="bbox 221 1662 1008 1702; baseline 0.011 -16"><span class='ocrx_word' id='word_1_422' title='bbox 221 1668 281 1686; x_wconf 84' lang='lat' dir='ltr'><strong>eam</strong></span> <span class='ocrx_word' id='word_1_423' title='bbox 297 1662 409 1689; x_wconf 87' lang='lat' dir='ltr'><strong>omnino</strong></span> <span class='ocrx_word' id='word_1_424' title='bbox 422 1663 582 1697; x_wconf 87' lang='lat' dir='ltr'><strong>quiescere;</strong></span> <span class='ocrx_word' id='word_1_425' title='bbox 601 1666 648 1692; x_wconf 84' lang='lat' dir='ltr'><strong>sed</strong></span> <span class='ocrx_word' id='word_1_426' title='bbox 664 1672 754 1698; x_wconf 88' lang='lat' dir='ltr'><strong>nocte,</strong></span> <span class='ocrx_word' id='word_1_427' title='bbox 778 1672 838 1701; x_wconf 61' lang='lat' dir='ltr'><strong>quae</strong></span> <span class='ocrx_word' id='word_1_428' title='bbox 874 1668 1008 1702; x_wconf 81' lang='lat' dir='ltr'><strong>sequeba~</strong></span> 
     </span>
    </p>
   </div>
   <div class='ocr_carea' id='block_1_64' title="bbox 223 1706 1008 1746">
    <p class='ocr_par' dir='ltr' id='par_1_64' title="bbox 223 1706 1008 1746">
     <span class='ocr_line' id='line_1_64' title="bbox 223 1706 1008 1746; baseline 0.011 -15"><span class='ocrx_word' id='word_1_429' title='bbox 223 1709 267 1731; x_wconf 88' lang='lat' dir='ltr'><strong>tur</strong></span> <span class='ocrx_word' id='word_1_430' title='bbox 283 1706 340 1734; x_wconf 70' lang='lat' dir='ltr'><strong>[me</strong></span> <span class='ocrx_word' id='word_1_431' title='bbox 364 1708 460 1735; x_wconf 83' lang='lat' dir='ltr'><strong>diurna</strong></span> <span class='ocrx_word' id='word_1_432' title='bbox 486 1709 647 1742; x_wconf 86' lang='lat' dir='ltr'><strong>ministeria,</strong></span> <span class='ocrx_word' id='word_1_433' title='bbox 675 1711 784 1746; x_wconf 90' lang='lat' dir='ltr'><strong>quando</strong></span> <span class='ocrx_word' id='word_1_434' title='bbox 804 1717 832 1739; x_wconf 91' lang='lat' dir='ltr'><strong>et</strong></span> <span class='ocrx_word' id='word_1_435' title='bbox 857 1720 952 1740; x_wconf 84' lang='lat' dir='ltr'><strong>somno</strong></span> <span class='ocrx_word' id='word_1_436' title='bbox 980 1717 1008 1740; x_wconf 88' lang='lat' dir='ltr'><strong>et</strong></span> 
     </span>
    </p>
   </div>
   <div class='ocr_carea' id='block_1_65' title="bbox 223 1752 1008 1792">
    <p class='ocr_par' dir='ltr' id='par_1_65' title="bbox 223 1752 1008 1792">
     <span class='ocr_line' id='line_1_65' title="bbox 223 1752 1008 1792; baseline 0.01 -15"><span class='ocrx_word' id='word_1_437' title='bbox 223 1752 352 1779; x_wconf 78' lang='lat' dir='ltr'><strong>mediocri</strong></span> <span class='ocrx_word' id='word_1_438' title='bbox 369 1755 513 1787; x_wconf 82' lang='lat' dir='ltr'><strong>oportebat</strong></span> <span class='ocrx_word' id='word_1_439' title='bbox 527 1755 618 1789; x_wconf 87' lang='lat' dir='ltr'><strong>quiete</strong></span> <span class='ocrx_word' id='word_1_440' title='bbox 633 1756 696 1789; x_wconf 77' lang='lat' dir='ltr'><strong>l‘rui,</strong></span> <span class='ocrx_word' id='word_1_441' title='bbox 715 1761 812 1790; x_wconf 87' lang='lat' dir='ltr'><strong>pectus</strong></span> <span class='ocrx_word' id='word_1_442' title='bbox 832 1758 953 1792; x_wconf 87' lang='lat' dir='ltr'><strong>pulsans,</strong></span> <span class='ocrx_word' id='word_1_443' title='bbox 980 1763 1008 1785; x_wconf 89' lang='lat' dir='ltr'><strong>et</strong></span> 
     </span>
    </p>
   </div>
   <div class='ocr_carea' id='block_1_66' title="bbox 222 1797 1009 1838">
    <p class='ocr_par' dir='ltr' id='par_1_66' title="bbox 222 1797 1009 1838">
     <span class='ocr_line' id='line_1_66' title="bbox 222 1797 1009 1838; baseline 0.01 -15"><span class='ocrx_word' id='word_1_444' title='bbox 222 1797 341 1824; x_wconf 78' lang='lat' dir='ltr'><strong>animam</strong></span> <span class='ocrx_word' id='word_1_445' title='bbox 357 1805 470 1826; x_wconf 87' lang='lat' dir='ltr'><strong>movens</strong></span> <span class='ocrx_word' id='word_1_446' title='bbox 482 1800 514 1826; x_wconf 90' lang='lat' dir='ltr'><strong>ad</strong></span> <span class='ocrx_word' id='word_1_447' title='bbox 527 1800 659 1835; x_wconf 89' lang='lat' dir='ltr'><strong>lacrymas</strong></span> <span class='ocrx_word' id='word_1_448' title='bbox 675 1809 682 1828; x_wconf 87' lang='lat'><em>:</em></span> <span class='ocrx_word' id='word_1_449' title='bbox 697 1801 827 1829; x_wconf 90' lang='lat' dir='ltr'><strong>Condona</strong></span> <span class='ocrx_word' id='word_1_450' title='bbox 848 1803 915 1830; x_wconf 85' lang='lat' dir='ltr'><strong>mihi</strong></span> <span class='ocrx_word' id='word_1_451' title='bbox 945 1811 1009 1838; x_wconf 83' lang='lat' dir='ltr'><strong>pec-</strong></span> 
     </span>
    </p>
   </div>
   <div class='ocr_carea' id='block_1_67' title="bbox 223 1844 1008 1882">
    <p class='ocr_par' dir='ltr' id='par_1_67' title="bbox 223 1844 1008 1882">
     <span class='ocr_line' id='line_1_67' title="bbox 223 1844 1008 1882; baseline 0.011 -13"><span class='ocrx_word' id='word_1_452' title='bbox 223 1847 326 1876; x_wconf 86' lang='lat' dir='ltr'><strong>catum,</strong></span> <span class='ocrx_word' id='word_1_453' title='bbox 343 1844 461 1877; x_wconf 83' lang='lat' dir='ltr'><strong>dicebat,</strong></span> <span class='ocrx_word' id='word_1_454' title='bbox 478 1845 603 1878; x_wconf 89' lang='lat' dir='ltr'><strong>Domine,</strong></span> <span class='ocrx_word' id='word_1_455' title='bbox 619 1847 691 1882; x_wconf 89' lang='lat' dir='ltr'><strong>quod</strong></span> <span class='ocrx_word' id='word_1_456' title='bbox 710 1848 830 1882; x_wconf 85' lang='lat' dir='ltr'><strong>perdidit</strong></span> <span class='ocrx_word' id='word_1_457' title='bbox 843 1849 928 1878; x_wconf 80' lang='lat' dir='ltr'><strong>decus</strong></span> <span class='ocrx_word' id='word_1_458' title='bbox 939 1858 1008 1878; x_wconf 66' lang='lat' dir='ltr'><strong>mete</strong></span> 
     </span>
    </p>
   </div>
   <div class='ocr_carea' id='block_1_68' title="bbox 222 1889 1008 1929">
    <p class='ocr_par' dir='ltr' id='par_1_68' title="bbox 222 1889 1008 1929">
     <span class='ocr_line' id='line_1_68' title="bbox 222 1889 1008 1929; baseline 0.01 -14"><span class='ocrx_word' id='word_1_459' title='bbox 222 1889 413 1917; x_wconf 62' lang='lat' dir='ltr'><strong>continentiae.</strong></span> <span class='ocrx_word' id='word_1_460' title='bbox 434 1890 502 1917; x_wconf 87' lang='lat' dir='ltr'><strong>Cum</strong></span> <span class='ocrx_word' id='word_1_461' title='bbox 521 1892 663 1919; x_wconf 88' lang='lat' dir='ltr'><strong>monachis</strong></span> <span class='ocrx_word' id='word_1_462' title='bbox 681 1897 772 1920; x_wconf 88' lang='lat' dir='ltr'><strong>autem</strong></span> <span class='ocrx_word' id='word_1_463' title='bbox 785 1894 931 1929; x_wconf 87' lang='lat' dir='ltr'><strong>aliquando</strong></span> <span class='ocrx_word' id='word_1_464' title='bbox 960 1896 1008 1924; x_wconf 86' lang='lat' dir='ltr'><strong>de-</strong></span> 
     </span>
    </p>
   </div>
   <div class='ocr_carea' id='block_1_69' title="bbox 224 1935 1008 1974">
    <p class='ocr_par' dir='ltr' id='par_1_69' title="bbox 224 1935 1008 1974">
     <span class='ocr_line' id='line_1_69' title="bbox 224 1935 1008 1974; baseline 0.011 -13"><span class='ocrx_word' id='word_1_465' title='bbox 224 1935 332 1963; x_wconf 82' lang='lat' dir='ltr'><strong>fecisset</strong></span> <span class='ocrx_word' id='word_1_466' title='bbox 353 1937 457 1969; x_wconf 89' lang='lat' dir='ltr'><strong>oleum,</strong></span> <span class='ocrx_word' id='word_1_467' title='bbox 485 1938 598 1972; x_wconf 88' lang='lat' dir='ltr'><strong>jubetur</strong></span> <span class='ocrx_word' id='word_1_468' title='bbox 626 1943 657 1966; x_wconf 90' lang='lat' dir='ltr'><strong>ut</strong></span> <span class='ocrx_word' id='word_1_469' title='bbox 683 1940 799 1974; x_wconf 84' lang='lat' dir='ltr'><strong>accipiat</strong></span> <span class='ocrx_word' id='word_1_470' title='bbox 825 1942 953 1974; x_wconf 88' lang='lat' dir='ltr'><strong>camelos,</strong></span> <span class='ocrx_word' id='word_1_471' title='bbox 981 1946 1008 1970; x_wconf 88' lang='lat' dir='ltr'><strong>et</strong></span> 
     </span>
    </p>
   </div>
   <div class='ocr_carea' id='block_1_70' title="bbox 222 1978 1010 2022">
    <p class='ocr_par' dir='ltr' id='par_1_70' title="bbox 222 1978 1010 2022">
     <span class='ocr_line' id='line_1_70' title="bbox 222 1978 1010 2022; baseline 0.011 -14"><span class='ocrx_word' id='word_1_472' title='bbox 222 1983 333 2010; x_wconf 81' lang='lat' dir='ltr'><strong>veniens</strong></span> <span class='ocrx_word' id='word_1_473' title='bbox 348 1983 374 2009; x_wconf 94' lang='lat' dir='ltr'><strong>in</strong></span> <span class='ocrx_word' id='word_1_474' title='bbox 389 1978 545 2017; x_wconf 50' lang='lat' dir='ltr'><strong>civitatem,</strong></span> <span class='ocrx_word' id='word_1_475' title='bbox 556 1985 597 2012; x_wconf 87' lang='lat' dir='ltr'><strong>eis</strong></span> <span class='ocrx_word' id='word_1_476' title='bbox 608 1985 702 2013; x_wconf 77' lang='lat' dir='ltr'><strong>afferat</strong></span> <span class='ocrx_word' id='word_1_477' title='bbox 710 1986 810 2020; x_wconf 91' lang='lat' dir='ltr'><strong>oleum,</strong></span> <span class='ocrx_word' id='word_1_478' title='bbox 820 1996 874 2022; x_wconf 84' lang='lat' dir='ltr'><strong>quo</strong></span> <span class='ocrx_word' id='word_1_479' title='bbox 887 1989 937 2016; x_wconf 84' lang='lat' dir='ltr'><strong>sibi</strong></span> <span class='ocrx_word' id='word_1_480' title='bbox 951 1994 1010 2018; x_wconf 87' lang='lat' dir='ltr'><strong>erat</strong></span> 
     </span>
    </p>
   </div>
   <div class='ocr_carea' id='block_1_71' title="bbox 222 2028 1010 2067">
    <p class='ocr_par' dir='ltr' id='par_1_71' title="bbox 222 2028 1010 2067">
     <span class='ocr_line' id='line_1_71' title="bbox 222 2028 1010 2067; baseline 0.009 -12"><span class='ocrx_word' id='word_1_481' title='bbox 222 2028 485 2063; x_wconf 88' lang='lat' dir='ltr'><strong>opus.Cumautetn</strong></span> <span class='ocrx_word' id='word_1_482' title='bbox 505 2031 629 2065; x_wconf 88' lang='lat' dir='ltr'><strong>jam.iter</strong></span> <span class='ocrx_word' id='word_1_483' title='bbox 654 2037 730 2059; x_wconf 87' lang='lat' dir='ltr'><strong>esset</strong></span> <span class='ocrx_word' id='word_1_484' title='bbox 752 2033 886 2067; x_wconf 80' lang='lat' dir='ltr'><strong>ingressa,</strong></span> <span class='ocrx_word' id='word_1_485' title='bbox 911 2035 1010 2062; x_wconf 88' lang='lat' dir='ltr'><strong>accidit</strong></span> 
     </span>
    </p>
   </div>
   <div class='ocr_carea' id='block_1_72' title="bbox 222 2076 1008 2113">
    <p class='ocr_par' dir='ltr' id='par_1_72' title="bbox 222 2076 1008 2113">
     <span class='ocr_line' id='line_1_72' title="bbox 222 2076 1008 2113; baseline 0.009 -13"><span class='ocrx_word' id='word_1_486' title='bbox 222 2078 253 2101; x_wconf 92' lang='lat' dir='ltr'><strong>ut</strong></span> <span class='ocrx_word' id='word_1_487' title='bbox 263 2079 362 2108; x_wconf 72' lang='lat' dir='ltr'><strong>praeter</strong></span> <span class='ocrx_word' id='word_1_488' title='bbox 373 2076 605 2110; x_wconf 79' lang='lat' dir='ltr'><strong>exspectationem</strong></span> <span class='ocrx_word' id='word_1_489' title='bbox 619 2078 746 2104; x_wconf 87' lang='lat' dir='ltr'><strong>maritum</strong></span> <span class='ocrx_word' id='word_1_490' title='bbox 759 2079 903 2113; x_wconf 83' lang='lat' dir='ltr'><strong>aspiceret.</strong></span> <span class='ocrx_word' id='word_1_491' title='bbox 918 2080 1008 2107; x_wconf 87' lang='lat' dir='ltr'><strong>divina</strong></span> 
     </span>
    </p>
   </div>
   <div class='ocr_carea' id='block_1_73' title="bbox 223 2120 1009 2155">
    <p class='ocr_par' dir='ltr' id='par_1_73' title="bbox 223 2120 1009 2155">
     <span class='ocr_line' id='line_1_73' title="bbox 223 2120 1009 2155; baseline 0.009 -9"><span class='ocrx_word' id='word_1_492' title='bbox 223 2120 287 2147; x_wconf 85' lang='lat' dir='ltr'><strong>huic</strong></span> <span class='ocrx_word' id='word_1_493' title='bbox 303 2122 415 2148; x_wconf 90' lang='lat' dir='ltr'><strong>omnino</strong></span> <span class='ocrx_word' id='word_1_494' title='bbox 427 2129 506 2155; x_wconf 85' lang='lat' dir='ltr'><strong>opem</strong></span> <span class='ocrx_word' id='word_1_495' title='bbox 520 2122 626 2149; x_wconf 84' lang='lat' dir='ltr'><strong>ferente</strong></span> <span class='ocrx_word' id='word_1_496' title='bbox 639 2122 824 2151; x_wconf 88' lang='lat' dir='ltr'><strong>Providentia.</strong></span> <span class='ocrx_word' id='word_1_497' title='bbox 851 2124 919 2152; x_wconf 82' lang='lat' dir='ltr'><strong>Nam</strong></span> <span class='ocrx_word' id='word_1_498' title='bbox 948 2133 1009 2153; x_wconf 92' lang='lat' dir='ltr'><strong>cum</strong></span> 
     </span>
    </p>
   </div>
   <div class='ocr_carea' id='block_1_74' title="bbox 223 2165 1009 2207">
    <p class='ocr_par' dir='ltr' id='par_1_74' title="bbox 223 2165 1009 2207">
     <span class='ocr_line' id='line_1_74' title="bbox 223 2165 1009 2207; baseline 0.01 -16"><span class='ocrx_word' id='word_1_499' title='bbox 223 2165 345 2200; x_wconf 78' lang='lat' dir='ltr'><strong>seipsum</strong></span> <span class='ocrx_word' id='word_1_500' title='bbox 360 2166 496 2193; x_wconf 84' lang='lat' dir='ltr'><strong>consolari</strong></span> <span class='ocrx_word' id='word_1_501' title='bbox 509 2175 564 2194; x_wconf 91' lang='lat' dir='ltr'><strong>non</strong></span> <span class='ocrx_word' id='word_1_502' title='bbox 581 2173 672 2202; x_wconf 81' lang='lat' dir='ltr'><strong>posset</strong></span> <span class='ocrx_word' id='word_1_503' title='bbox 689 2169 749 2204; x_wconf 87' lang='lat' dir='ltr'><strong>ejus</strong></span> <span class='ocrx_word' id='word_1_504' title='bbox 765 2171 890 2204; x_wconf 86' lang='lat' dir='ltr'><strong>maritus,</strong></span> <span class='ocrx_word' id='word_1_505' title='bbox 922 2176 952 2199; x_wconf 88' lang='lat' dir='ltr'><strong>ut</strong></span> <span class='ocrx_word' id='word_1_506' title='bbox 963 2173 1009 2207; x_wconf 93' lang='lat' dir='ltr'><strong>qui</strong></span> 
     </span>
    </p>
   </div>
   <div class='ocr_carea' id='block_1_75' title="bbox 224 2212 1008 2249">
    <p class='ocr_par' dir='ltr' id='par_1_75' title="bbox 224 2212 1008 2249">
     <span class='ocr_line' id='line_1_75' title="bbox 224 2212 1008 2249; baseline 0.009 -11"><span class='ocrx_word' id='word_1_507' title='bbox 224 2217 298 2239; x_wconf 85' lang='lat' dir='ltr'><strong>esset</strong></span> <span class='ocrx_word' id='word_1_508' title='bbox 311 2221 326 2239; x_wconf 84' lang='lat' dir='ltr'><strong>a</strong></span> <span class='ocrx_word' id='word_1_509' title='bbox 339 2212 384 2239; x_wconf 87' lang='lat' dir='ltr'><strong>tali</strong></span> <span class='ocrx_word' id='word_1_510' title='bbox 404 2213 520 2249; x_wconf 80' lang='lat' dir='ltr'><strong>conjuge</strong></span> <span class='ocrx_word' id='word_1_511' title='bbox 530 2219 684 2249; x_wconf 84' lang='lat' dir='ltr'><strong>separatus,</strong></span> <span class='ocrx_word' id='word_1_512' title='bbox 700 2219 727 2242; x_wconf 89' lang='lat' dir='ltr'><strong>et</strong></span> <span class='ocrx_word' id='word_1_513' title='bbox 742 2223 774 2242; x_wconf 88' lang='lat' dir='ltr'><strong>ea</strong></span> <span class='ocrx_word' id='word_1_514' title='bbox 791 2216 825 2243; x_wconf 89' lang='lat' dir='ltr'><strong>de</strong></span> <span class='ocrx_word' id='word_1_515' title='bbox 845 2224 925 2244; x_wconf 84' lang='lat' dir='ltr'><strong>causa</strong></span> <span class='ocrx_word' id='word_1_516' title='bbox 948 2218 1008 2245; x_wconf 87' lang='lat' dir='ltr'><strong>abs-</strong></span> 
     </span>
    </p>
   </div>
   <div class='ocr_carea' id='block_1_76' title="bbox 222 2257 1009 2297">
    <p class='ocr_par' dir='ltr' id='par_1_76' title="bbox 222 2257 1009 2297">
     <span class='ocr_line' id='line_1_76' title="bbox 222 2257 1009 2297; baseline 0.01 -14"><span class='ocrx_word' id='word_1_517' title='bbox 222 2265 275 2292; x_wconf 83' lang='lat' dir='ltr'><strong>que</strong></span> <span class='ocrx_word' id='word_1_518' title='bbox 286 2257 489 2287; x_wconf 83' lang='lat' dir='ltr'><strong>intermissione</strong></span> <span class='ocrx_word' id='word_1_519' title='bbox 508 2260 661 2288; x_wconf 78' lang='lat' dir='ltr'><strong>effunderet</strong></span> <span class='ocrx_word' id='word_1_520' title='bbox 674 2261 816 2297; x_wconf 80' lang='lat' dir='ltr'><strong>lacrymas,</strong></span> <span class='ocrx_word' id='word_1_521' title='bbox 831 2267 859 2290; x_wconf 88' lang='lat' dir='ltr'><strong>et</strong></span> <span class='ocrx_word' id='word_1_522' title='bbox 874 2271 923 2290; x_wconf 90' lang='lat' dir='ltr'><strong>nec</strong></span> <span class='ocrx_word' id='word_1_523' title='bbox 939 2268 1009 2291; x_wconf 64' lang='lat' dir='ltr'><strong>temo</strong></span> 
     </span>
    </p>
   </div>
   <div class='ocr_carea' id='block_1_77' title="bbox 223 2305 1006 2343">
    <p class='ocr_par' dir='ltr' id='par_1_77' title="bbox 223 2305 1006 2343">
     <span class='ocr_line' id='line_1_77' title="bbox 223 2305 1006 2343; baseline 0.008 -12"><span class='ocrx_word' id='word_1_524' title='bbox 223 2311 289 2339; x_wconf 89' lang='lat' dir='ltr'><strong>pore</strong></span> <span class='ocrx_word' id='word_1_525' title='bbox 297 2305 407 2339; x_wconf 90' lang='lat' dir='ltr'><strong>quidem</strong></span> <span class='ocrx_word' id='word_1_526' title='bbox 418 2310 512 2340; x_wconf 83' lang='lat' dir='ltr'><strong>posset</strong></span> <span class='ocrx_word' id='word_1_527' title='bbox 526 2306 701 2342; x_wconf 78' lang='lat' dir='ltr'><strong>exstinguere</strong></span> <span class='ocrx_word' id='word_1_528' title='bbox 710 2308 793 2335; x_wconf 90' lang='lat' dir='ltr'><strong>animi</strong></span> <span class='ocrx_word' id='word_1_529' title='bbox 806 2309 1006 2343; x_wconf 54' lang='lat' dir='ltr'><strong>aegritudinem,</strong></span> 
     </span>
    </p>
   </div>
   <div class='ocr_carea' id='block_1_78' title="bbox 223 2351 1008 2390">
    <p class='ocr_par' dir='ltr' id='par_1_78' title="bbox 223 2351 1008 2390">
     <span class='ocr_line' id='line_1_78' title="bbox 223 2351 1008 2390; baseline 0.009 -13"><span class='ocrx_word' id='word_1_530' title='bbox 223 2351 321 2384; x_wconf 85' lang='lat' dir='ltr'><strong>petiita</strong></span> <span class='ocrx_word' id='word_1_531' title='bbox 336 2351 400 2384; x_wconf 83' lang='lat' dir='ltr'><strong>Deo,</strong></span> <span class='ocrx_word' id='word_1_532' title='bbox 424 2352 470 2387; x_wconf 88' lang='lat' dir='ltr'><strong>qui</strong></span> <span class='ocrx_word' id='word_1_533' title='bbox 494 2359 605 2380; x_wconf 83' lang='lat' dir='ltr'><strong>noverat</strong></span> <span class='ocrx_word' id='word_1_534' title='bbox 640 2354 735 2386; x_wconf 90' lang='lat' dir='ltr'><strong>telum,</strong></span> <span class='ocrx_word' id='word_1_535' title='bbox 763 2355 835 2389; x_wconf 86' lang='lat' dir='ltr'><strong>quod</strong></span> <span class='ocrx_word' id='word_1_536' title='bbox 866 2355 926 2390; x_wconf 81' lang='lat' dir='ltr'><strong>ejus</strong></span> <span class='ocrx_word' id='word_1_537' title='bbox 960 2365 1008 2384; x_wconf 88' lang='lat' dir='ltr'><strong>cor</strong></span> 
     </span>
    </p>
   </div>
   <div class='ocr_carea' id='block_1_79' title="bbox 222 2397 1007 2433">
    <p class='ocr_par' dir='ltr' id='par_1_79' title="bbox 222 2397 1007 2433">
     <span class='ocr_line' id='line_1_79' title="bbox 222 2397 1007 2433; baseline 0.009 -10"><span class='ocrx_word' id='word_1_538' title='bbox 222 2397 371 2431; x_wconf 88' lang='lat' dir='ltr'><strong>sauciabat,</strong></span> <span class='ocrx_word' id='word_1_539' title='bbox 391 2402 420 2425; x_wconf 88' lang='lat' dir='ltr'><strong>ut</strong></span> <span class='ocrx_word' id='word_1_540' title='bbox 435 2399 486 2426; x_wconf 86' lang='lat' dir='ltr'><strong>sibi</strong></span> <span class='ocrx_word' id='word_1_541' title='bbox 501 2400 674 2427; x_wconf 80' lang='lat' dir='ltr'><strong>manifestum</strong></span> <span class='ocrx_word' id='word_1_542' title='bbox 684 2400 771 2433; x_wconf 81' lang='lat' dir='ltr'><strong>ﬁeret,</strong></span> <span class='ocrx_word' id='word_1_543' title='bbox 799 2409 833 2428; x_wconf 78' lang='lat' dir='ltr'><strong>an</strong></span> <span class='ocrx_word' id='word_1_544' title='bbox 864 2401 1007 2430; x_wconf 87' lang='lat' dir='ltr'><strong>Theodora</strong></span> 
     </span>
    </p>
   </div>
   <div class='ocr_carea' id='block_1_80' title="bbox 223 2445 1009 2482">
    <p class='ocr_par' dir='ltr' id='par_1_80' title="bbox 223 2445 1009 2482">
     <span class='ocr_line' id='line_1_80' title="bbox 223 2445 1009 2482; baseline 0.006 -12"><span class='ocrx_word' id='word_1_545' title='bbox 223 2445 350 2470; x_wconf 82' lang='lat' dir='ltr'><strong>statuerit</strong></span> <span class='ocrx_word' id='word_1_546' title='bbox 369 2445 452 2471; x_wconf 88' lang='lat' dir='ltr'><strong>alium</strong></span> <span class='ocrx_word' id='word_1_547' title='bbox 485 2446 572 2472; x_wconf 89' lang='lat' dir='ltr'><strong>virum</strong></span> <span class='ocrx_word' id='word_1_548' title='bbox 599 2446 686 2480; x_wconf 77' lang='lat' dir='ltr'><strong>sequi.</strong></span> <span class='ocrx_word' id='word_1_549' title='bbox 722 2446 778 2473; x_wconf 91' lang='lat' dir='ltr'><strong>Hoc</strong></span> <span class='ocrx_word' id='word_1_550' title='bbox 813 2447 886 2474; x_wconf 88' lang='lat' dir='ltr'><strong>enim</strong></span> <span class='ocrx_word' id='word_1_551' title='bbox 920 2449 1009 2482; x_wconf 88' lang='lat' dir='ltr'><strong>suspi-</strong></span> 
     </span>
    </p>
   </div>
   <div class='ocr_carea' id='block_1_81' title="bbox 223 2489 1008 2526">
    <p class='ocr_par' dir='ltr' id='par_1_81' title="bbox 223 2489 1008 2526">
     <span class='ocr_line' id='line_1_81' title="bbox 223 2489 1008 2526; baseline 0.009 -12"><span class='ocrx_word' id='word_1_552' title='bbox 223 2489 346 2521; x_wconf 83' lang='lat' dir='ltr'><strong>cabatur,</strong></span> <span class='ocrx_word' id='word_1_553' title='bbox 377 2493 405 2516; x_wconf 87' lang='lat' dir='ltr'><strong>et</strong></span> <span class='ocrx_word' id='word_1_554' title='bbox 426 2495 569 2524; x_wconf 84' lang='lat' dir='ltr'><strong>propterea</strong></span> <span class='ocrx_word' id='word_1_555' title='bbox 584 2491 684 2526; x_wconf 77' lang='lat' dir='ltr'><strong>_major</strong></span> <span class='ocrx_word' id='word_1_556' title='bbox 702 2491 811 2519; x_wconf 77' lang='lat' dir='ltr'><strong>flamma</strong></span> <span class='ocrx_word' id='word_1_557' title='bbox 833 2493 924 2520; x_wconf 88' lang='lat' dir='ltr'><strong>cordis</strong></span> <span class='ocrx_word' id='word_1_558' title='bbox 951 2494 1008 2521; x_wconf 87' lang='lat' dir='ltr'><strong>ale-</strong></span> 
     </span>
    </p>
   </div>
   <div class='ocr_carea' id='block_1_82' title="bbox 223 2534 312 2561">
    <p class='ocr_par' dir='ltr' id='par_1_82' title="bbox 223 2534 312 2561">
     <span class='ocr_line' id='line_1_82' title="bbox 223 2534 312 2561; baseline 0 0"><span class='ocrx_word' id='word_1_559' title='bbox 223 2534 312 2561; x_wconf 85' lang='lat' dir='ltr'><strong>batur.</strong></span> 
     </span>
    </p>
   </div>
   <div class='ocr_carea' id='block_1_83' title="bbox 261 2626 1007 2666">
    <p class='ocr_par' dir='ltr' id='par_1_83' title="bbox 261 2626 1007 2666">
     <span class='ocr_line' id='line_1_83' title="bbox 261 2626 1007 2666; baseline 0.007 -12"><span class='ocrx_word' id='word_1_560' title='bbox 261 2626 304 2655; x_wconf 81' lang='lat' dir='ltr'><strong>Vl.</strong></span> <span class='ocrx_word' id='word_1_561' title='bbox 321 2627 371 2661; x_wconf 86' lang='lat' dir='ltr'><strong>Qui</strong></span> <span class='ocrx_word' id='word_1_562' title='bbox 396 2629 524 2657; x_wconf 85' lang='lat' dir='ltr'><strong>contritis</strong></span> <span class='ocrx_word' id='word_1_563' title='bbox 552 2637 618 2666; x_wconf 81' lang='lat' dir='ltr'><strong>ergo</strong></span> <span class='ocrx_word' id='word_1_564' title='bbox 643 2632 769 2659; x_wconf 89' lang='lat' dir='ltr'><strong>medetur</strong></span> <span class='ocrx_word' id='word_1_565' title='bbox 782 2631 882 2660; x_wconf 85' lang='lat' dir='ltr'><strong>animis</strong></span> <span class='ocrx_word' id='word_1_566' title='bbox 899 2632 931 2659; x_wconf 79' lang='lat' dir='ltr'><strong>ad</strong></span> <span class='ocrx_word' id='word_1_567' title='bbox 946 2641 1007 2660; x_wconf 90' lang='lat' dir='ltr'><strong>eum</strong></span> 
     </span>
    </p>
   </div>
   <div class='ocr_carea' id='block_1_84' title="bbox 226 2673 1011 2713">
    <p class='ocr_par' dir='ltr' id='par_1_84' title="bbox 226 2673 1011 2713">
     <span class='ocr_line' id='line_1_84' title="bbox 226 2673 1011 2713; baseline 0.006 -13"><span class='ocrx_word' id='word_1_568' title='bbox 226 2673 311 2701; x_wconf 88' lang='lat' dir='ltr'><strong>mittit</strong></span> <span class='ocrx_word' id='word_1_569' title='bbox 330 2675 466 2710; x_wconf 72' lang='lat' dir='ltr'><strong>angelum,</strong></span> <span class='ocrx_word' id='word_1_570' title='bbox 496 2677 543 2710; x_wconf 93' lang='lat' dir='ltr'><strong>qui</strong></span> <span class='ocrx_word' id='word_1_571' title='bbox 578 2677 639 2711; x_wconf 88' lang='lat' dir='ltr'><strong>ejus</strong></span> <span class='ocrx_word' id='word_1_572' title='bbox 669 2679 834 2712; x_wconf 84' lang='lat' dir='ltr'><strong>suspicionis</strong></span> <span class='ocrx_word' id='word_1_573' title='bbox 861 2679 1011 2713; x_wconf 86' lang='lat' dir='ltr'><strong>depelleret</strong></span> 
     </span>
    </p>
   </div>
   <div class='ocr_carea' id='block_1_85' title="bbox 225 2720 1010 2759">
    <p class='ocr_par' dir='ltr' id='par_1_85' title="bbox 225 2720 1010 2759">
     <span class='ocr_line' id='line_1_85' title="bbox 225 2720 1010 2759; baseline 0.006 -13"><span class='ocrx_word' id='word_1_574' title='bbox 225 2721 395 2748; x_wconf 83' lang='lat' dir='ltr'><strong>molestiam:</strong></span> <span class='ocrx_word' id='word_1_575' title='bbox 409 2722 436 2748; x_wconf 90' lang='lat' dir='ltr'><strong>Si</strong></span> <span class='ocrx_word' id='word_1_576' title='bbox 454 2722 530 2755; x_wconf 91' lang='lat' dir='ltr'><strong>velis,</strong></span> <span class='ocrx_word' id='word_1_577' title='bbox 550 2720 687 2758; x_wconf 84' lang='lat' dir='ltr'><strong>inquiens,</strong></span> <span class='ocrx_word' id='word_1_578' title='bbox 706 2724 800 2751; x_wconf 80' lang='lat' dir='ltr'><strong>venire</strong></span> <span class='ocrx_word' id='word_1_579' title='bbox 825 2725 850 2750; x_wconf 89' lang='lat' dir='ltr'><strong>in</strong></span> <span class='ocrx_word' id='word_1_580' title='bbox 865 2725 925 2759; x_wconf 84' lang='lat' dir='ltr'><strong>ejus</strong></span> <span class='ocrx_word' id='word_1_581' title='bbox 945 2733 1010 2752; x_wconf 86' lang='lat' dir='ltr'><strong>con-</strong></span> 
     </span>
    </p>
   </div>
   <div class='ocr_carea' id='block_1_86' title="bbox 226 2769 1012 2806">
    <p class='ocr_par' dir='ltr' id='par_1_86' title="bbox 226 2769 1012 2806">
     <span class='ocr_line' id='line_1_86' title="bbox 226 2769 1012 2806; baseline 0.004 -12"><span class='ocrx_word' id='word_1_582' title='bbox 226 2772 360 2802; x_wconf 87' lang='lat' dir='ltr'><strong>spectum,</strong></span> <span class='ocrx_word' id='word_1_583' title='bbox 378 2769 422 2795; x_wconf 85' lang='lat' dir='ltr'><strong>fac</strong></span> <span class='ocrx_word' id='word_1_584' title='bbox 435 2772 465 2795; x_wconf 90' lang='lat' dir='ltr'><strong>ut</strong></span> <span class='ocrx_word' id='word_1_585' title='bbox 479 2776 559 2796; x_wconf 84' lang='lat' dir='ltr'><strong>mane</strong></span> <span class='ocrx_word' id='word_1_586' title='bbox 573 2775 713 2806; x_wconf 77' lang='lat' dir='ltr'><strong>Surgas,et</strong></span> <span class='ocrx_word' id='word_1_587' title='bbox 724 2770 806 2797; x_wconf 81' lang='lat' dir='ltr'><strong>vadas</strong></span> <span class='ocrx_word' id='word_1_588' title='bbox 813 2774 886 2798; x_wconf 88' lang='lat' dir='ltr'><strong>recta</strong></span> <span class='ocrx_word' id='word_1_589' title='bbox 896 2771 929 2798; x_wconf 87' lang='lat' dir='ltr'><strong>ad</strong></span> <span class='ocrx_word' id='word_1_590' title='bbox 942 2778 1012 2797; x_wconf 84' lang='lat' dir='ltr'><strong>mar-</strong></span> 
     </span>
    </p>
   </div>
   <div class='ocr_carea' id='block_1_87' title="bbox 226 2814 1011 2852">
    <p class='ocr_par' dir='ltr' id='par_1_87' title="bbox 226 2814 1011 2852">
     <span class='ocr_line' id='line_1_87' title="bbox 226 2814 1011 2852; baseline 0.004 -11"><span class='ocrx_word' id='word_1_591' title='bbox 226 2816 323 2849; x_wconf 81' lang='lat' dir='ltr'><strong>tyrium</strong></span> <span class='ocrx_word' id='word_1_592' title='bbox 356 2814 430 2842; x_wconf 81' lang='lat' dir='ltr'><strong>Petri</strong></span> <span class='ocrx_word' id='word_1_593' title='bbox 455 2816 584 2850; x_wconf 83' lang='lat' dir='ltr'><strong>apostoli,</strong></span> <span class='ocrx_word' id='word_1_594' title='bbox 608 2822 634 2843; x_wconf 89' lang='lat' dir='ltr'><strong>et</strong></span> <span class='ocrx_word' id='word_1_595' title='bbox 668 2815 795 2842; x_wconf 78' lang='lat' dir='ltr'><strong>attendas</strong></span> <span class='ocrx_word' id='word_1_596' title='bbox 818 2816 921 2843; x_wconf 89' lang='lat' dir='ltr'><strong>vultum</strong></span> <span class='ocrx_word' id='word_1_597' title='bbox 950 2817 1011 2852; x_wconf 74' lang='lat' dir='ltr'><strong>ejus</strong></span> 
     </span>
    </p>
   </div>
   <div class='ocr_carea' id='block_1_88' title="bbox 226 2860 1010 2899">
    <p class='ocr_par' dir='ltr' id='par_1_88' title="bbox 226 2860 1010 2899">
     <span class='ocr_line' id='line_1_88' title="bbox 226 2860 1010 2899; baseline 0.006 -13"><span class='ocrx_word' id='word_1_598' title='bbox 226 2860 273 2894; x_wconf 89' lang='lat' dir='ltr'><strong>qui</strong></span> <span class='ocrx_word' id='word_1_599' title='bbox 291 2860 338 2887; x_wconf 94' lang='lat' dir='ltr'><strong>tibi</strong></span> <span class='ocrx_word' id='word_1_600' title='bbox 353 2861 442 2895; x_wconf 85' lang='lat' dir='ltr'><strong>primo</strong></span> <span class='ocrx_word' id='word_1_601' title='bbox 463 2866 504 2888; x_wconf 87' lang='lat' dir='ltr'><strong>est</strong></span> <span class='ocrx_word' id='word_1_602' title='bbox 523 2869 700 2894; x_wconf 88' lang='lat' dir='ltr'><strong>occursurus,</strong></span> <span class='ocrx_word' id='word_1_603' title='bbox 715 2865 742 2888; x_wconf 88' lang='lat' dir='ltr'><strong>ct</strong></span> <span class='ocrx_word' id='word_1_604' title='bbox 761 2865 787 2889; x_wconf 77' lang='lat' dir='ltr'><strong>te</strong></span> <span class='ocrx_word' id='word_1_605' title='bbox 812 2863 1010 2899; x_wconf 86' lang='lat' dir='ltr'><strong>contemplatu-</strong></span> 
     </span>
    </p>
   </div>
   <div class='ocr_carea' id='block_1_89' title="bbox 229 2905 1011 2942">
    <p class='ocr_par' dir='ltr' id='par_1_89' title="bbox 229 2905 1011 2942">
     <span class='ocr_line' id='line_1_89' title="bbox 229 2905 1011 2942; baseline 0.008 -10"><span class='ocrx_word' id='word_1_606' title='bbox 229 2913 285 2933; x_wconf 84' lang='lat' dir='ltr'><strong>rus.</strong></span> <span class='ocrx_word' id='word_1_607' title='bbox 305 2905 350 2934; x_wconf 78' lang='lat' dir='ltr'><strong>Sic</strong></span> <span class='ocrx_word' id='word_1_608' title='bbox 371 2906 443 2934; x_wconf 87' lang='lat' dir='ltr'><strong>enim</strong></span> <span class='ocrx_word' id='word_1_609' title='bbox 474 2907 530 2940; x_wconf 80' lang='lat' dir='ltr'><strong>fiet,</strong></span> <span class='ocrx_word' id='word_1_610' title='bbox 556 2911 585 2934; x_wconf 88' lang='lat' dir='ltr'><strong>ut</strong></span> <span class='ocrx_word' id='word_1_611' title='bbox 610 2914 781 2942; x_wconf 86' lang='lat' dir='ltr'><strong>nequaquam</strong></span> <span class='ocrx_word' id='word_1_612' title='bbox 813 2907 951 2937; x_wconf 86' lang='lat' dir='ltr'><strong>l‘rustrcris</strong></span> <span class='ocrx_word' id='word_1_613' title='bbox 979 2918 1011 2938; x_wconf 90' lang='lat' dir='ltr'><strong>eo</strong></span> 
     </span>
    </p>
   </div>
   <div class='ocr_carea' id='block_1_90' title="bbox 1059 1616 1846 1651">
    <p class='ocr_par' dir='ltr' id='par_1_90' title="bbox 1059 1616 1846 1651">
     <span class='ocr_line' id='line_1_90' title="bbox 1059 1616 1846 1651; baseline -0.001 -8"><span class='ocrx_word' id='word_1_614' title='bbox 1059 1617 1190 1644; x_wconf 69' lang='grc' dir='ltr'>ἐπίπονον</span> <span class='ocrx_word' id='word_1_615' title='bbox 1206 1617 1350 1651; x_wconf 77' lang='grc' dir='ltr'>ἑλομένην,</span> <span class='ocrx_word' id='word_1_616' title='bbox 1376 1618 1390 1643; x_wconf 85' lang='grc' dir='ltr'>ὁ</span> <span class='ocrx_word' id='word_1_617' title='bbox 1410 1617 1458 1643; x_wconf 81' lang='grc' dir='ltr'><strong>τοῦ</strong></span> <span class='ocrx_word' id='word_1_618' title='bbox 1483 1617 1666 1651; x_wconf 77' lang='grc' dir='ltr'>προλαϐόντος</span> <span class='ocrx_word' id='word_1_619' title='bbox 1684 1616 1846 1650; x_wconf 72' lang='grc' dir='ltr'>σφάλματος</span> 
     </span>
    </p>
   </div>
   <div class='ocr_carea' id='block_1_91' title="bbox 1058 1662 1848 1698">
    <p class='ocr_par' dir='ltr' id='par_1_91' title="bbox 1058 1662 1848 1698">
     <span class='ocr_line' id='line_1_91' title="bbox 1058 1662 1848 1698; baseline 0 -10"><span class='ocrx_word' id='word_1_620' title='bbox 1058 1662 1189 1697; x_wconf 76' lang='grc' dir='ltr'>λογισμὸς</span> <span class='ocrx_word' id='word_1_621' title='bbox 1205 1663 1256 1689; x_wconf 83' lang='grc' dir='ltr'>οὐκ</span> <span class='ocrx_word' id='word_1_622' title='bbox 1266 1663 1367 1697; x_wconf 79' lang='grc' dir='ltr'>ἀνῆκεν</span> <span class='ocrx_word' id='word_1_623' title='bbox 1383 1662 1451 1693; x_wconf 79' lang='grc' dir='ltr'>ὅλως</span> <span class='ocrx_word' id='word_1_624' title='bbox 1465 1663 1551 1697; x_wconf 74' lang='grc' dir='ltr'>αὐτὴν</span> <span class='ocrx_word' id='word_1_625' title='bbox 1567 1663 1692 1698; x_wconf 78' lang='grc' dir='ltr'>ἠρεμεῖν,</span> <span class='ocrx_word' id='word_1_626' title='bbox 1707 1662 1775 1689; x_wconf 75' lang='grc' dir='ltr'>ἀλλὰ</span> <span class='ocrx_word' id='word_1_627' title='bbox 1785 1663 1848 1694; x_wconf 84' lang='grc' dir='ltr'>ταῖς</span> 
     </span>
    </p>
   </div>
   <div class='ocr_carea' id='block_1_92' title="bbox 1059 1708 1847 1743">
    <p class='ocr_par' dir='ltr' id='par_1_92' title="bbox 1059 1708 1847 1743">
     <span class='ocr_line' id='line_1_92' title="bbox 1059 1708 1847 1743; baseline -0.001 -8"><span class='ocrx_word' id='word_1_628' title='bbox 1059 1709 1232 1743; x_wconf 81' lang='grc' dir='ltr'>πανημέροις</span> <span class='ocrx_word' id='word_1_629' title='bbox 1252 1708 1368 1739; x_wconf 83' lang='grc' dir='ltr'>ταύταις</span> <span class='ocrx_word' id='word_1_630' title='bbox 1390 1708 1542 1739; x_wconf 80' lang='grc' dir='ltr'>διακονίαις</span> <span class='ocrx_word' id='word_1_631' title='bbox 1555 1708 1606 1742; x_wconf 77' lang='grc' dir='ltr'>τῆς</span> <span class='ocrx_word' id='word_1_632' title='bbox 1629 1708 1726 1740; x_wconf 82' lang='grc' dir='ltr'>νυκτὸς</span> <span class='ocrx_word' id='word_1_633' title='bbox 1749 1708 1847 1735; x_wconf 83' lang='grc' dir='ltr'>ὲπιού-</span> 
     </span>
    </p>
   </div>
   <div class='ocr_carea' id='block_1_93' title="bbox 1059 1754 1847 1790">
    <p class='ocr_par' dir='ltr' id='par_1_93' title="bbox 1059 1754 1847 1790">
     <span class='ocr_line' id='line_1_93' title="bbox 1059 1754 1847 1790; baseline 0.001 -9"><span class='ocrx_word' id='word_1_634' title='bbox 1059 1763 1121 1790; x_wconf 84' lang='grc' dir='ltr'>σης,</span> <span class='ocrx_word' id='word_1_635' title='bbox 1148 1755 1192 1781; x_wconf 84' lang='grc' dir='ltr'>ὅτε</span> <span class='ocrx_word' id='word_1_636' title='bbox 1217 1755 1265 1782; x_wconf 76' lang='grc' dir='ltr'>καὶ</span> <span class='ocrx_word' id='word_1_637' title='bbox 1283 1754 1369 1780; x_wconf 79' lang='grc' dir='ltr'>ὕπνου</span> <span class='ocrx_word' id='word_1_638' title='bbox 1393 1755 1441 1780; x_wconf 81' lang='grc' dir='ltr'>καὶ</span> <span class='ocrx_word' id='word_1_639' title='bbox 1462 1754 1575 1789; x_wconf 68' lang='grc' dir='ltr'>μετρίας</span> <span class='ocrx_word' id='word_1_640' title='bbox 1598 1754 1653 1781; x_wconf 75' lang='grc' dir='ltr'>ἔδει</span> <span class='ocrx_word' id='word_1_641' title='bbox 1680 1754 1847 1789; x_wconf 78' lang='grc' dir='ltr'>μεταλαχεῖν</span> 
     </span>
    </p>
   </div>
   <div class='ocr_carea' id='block_1_94' title="bbox 1060 1800 1846 1836">
    <p class='ocr_par' dir='ltr' id='par_1_94' title="bbox 1060 1800 1846 1836">
     <span class='ocr_line' id='line_1_94' title="bbox 1060 1800 1846 1836; baseline 0.003 -10"><span class='ocrx_word' id='word_1_642' title='bbox 1060 1800 1254 1832; x_wconf 77' lang='grc' dir='ltr'>ἀναπαύσεως,</span> <span class='ocrx_word' id='word_1_643' title='bbox 1272 1800 1431 1834; x_wconf 79' lang='grc' dir='ltr'>πλήττουσα</span> <span class='ocrx_word' id='word_1_644' title='bbox 1445 1800 1475 1826; x_wconf 78' lang='grc' dir='ltr'><strong>τὺ</strong></span> <span class='ocrx_word' id='word_1_645' title='bbox 1491 1800 1601 1834; x_wconf 81' lang='grc' dir='ltr'>στῆθος,</span> <span class='ocrx_word' id='word_1_646' title='bbox 1624 1801 1672 1826; x_wconf 79' lang='grc' dir='ltr'>καὶ</span> <span class='ocrx_word' id='word_1_647' title='bbox 1690 1801 1741 1836; x_wconf 71' lang='grc' dir='ltr'><strong>τὴν</strong></span> <span class='ocrx_word' id='word_1_648' title='bbox 1753 1801 1846 1836; x_wconf 78' lang='grc' dir='ltr'>ψυχὴν</span> 
     </span>
    </p>
   </div>
   <div class='ocr_carea' id='block_1_95' title="bbox 1060 1846 1848 1882">
    <p class='ocr_par' dir='ltr' id='par_1_95' title="bbox 1060 1846 1848 1882">
     <span class='ocr_line' id='line_1_95' title="bbox 1060 1846 1848 1882; baseline 0.001 -10"><span class='ocrx_word' id='word_1_649' title='bbox 1060 1846 1175 1873; x_wconf 77' lang='grc' dir='ltr'>κινοῦσα</span> <span class='ocrx_word' id='word_1_650' title='bbox 1192 1847 1260 1881; x_wconf 74' lang='grc' dir='ltr'>πρὸς</span> <span class='ocrx_word' id='word_1_651' title='bbox 1274 1846 1391 1882; x_wconf 77' lang='grc' dir='ltr'>δάκρυα,</span> <span class='ocrx_word' id='word_1_652' title='bbox 1417 1847 1601 1882; x_wconf 79' lang='grc' dir='ltr'>Συγχώρησόν</span> <span class='ocrx_word' id='word_1_653' title='bbox 1621 1855 1666 1881; x_wconf 84' lang='grc' dir='ltr'><strong>μοι</strong></span> <span class='ocrx_word' id='word_1_654' title='bbox 1686 1846 1736 1882; x_wconf 79' lang='grc' dir='ltr'>τὴν</span> <span class='ocrx_word' id='word_1_655' title='bbox 1753 1848 1848 1882; x_wconf 79' lang='grc' dir='ltr'>ἀμαρ-</span> 
     </span>
    </p>
   </div>
   <div class='ocr_carea' id='block_1_96' title="bbox 1060 1891 1850 1928">
    <p class='ocr_par' dir='ltr' id='par_1_96' title="bbox 1060 1891 1850 1928">
     <span class='ocr_line' id='line_1_96' title="bbox 1060 1891 1850 1928; baseline 0.003 -10"><span class='ocrx_word' id='word_1_656' title='bbox 1060 1892 1132 1924; x_wconf 86' lang='grc' dir='ltr'>τίαν,</span> <span class='ocrx_word' id='word_1_657' title='bbox 1148 1891 1237 1925; x_wconf 70' lang='grc' dir='ltr'>ἔλεγε,</span> <span class='ocrx_word' id='word_1_658' title='bbox 1253 1892 1351 1927; x_wconf 81' lang='grc' dir='ltr'>Κύριε,</span> <span class='ocrx_word' id='word_1_659' title='bbox 1376 1892 1393 1927; x_wconf 84' lang='grc' dir='ltr'><strong>ἢ</strong></span> <span class='ocrx_word' id='word_1_660' title='bbox 1412 1893 1443 1918; x_wconf 82' lang='grc' dir='ltr'><strong>τὺ</strong></span> <span class='ocrx_word' id='word_1_661' title='bbox 1463 1891 1602 1927; x_wconf 80' lang='grc' dir='ltr'>εὔσχημον</span> <span class='ocrx_word' id='word_1_662' title='bbox 1620 1894 1668 1928; x_wconf 81' lang='grc' dir='ltr'>τῆς</span> <span class='ocrx_word' id='word_1_663' title='bbox 1683 1893 1753 1928; x_wconf 80' lang='grc' dir='ltr'>ἐμῆς</span> <span class='ocrx_word' id='word_1_664' title='bbox 1770 1894 1850 1920; x_wconf 79' lang='grc' dir='ltr'>ἀπώ-</span> 
     </span>
    </p>
   </div>
   <div class='ocr_carea' id='block_1_97' title="bbox 1060 1938 1850 1975">
    <p class='ocr_par' dir='ltr' id='par_1_97' title="bbox 1060 1938 1850 1975">
     <span class='ocr_line' id='line_1_97' title="bbox 1060 1938 1850 1975; baseline 0.001 -10"><span class='ocrx_word' id='word_1_665' title='bbox 1060 1938 1123 1965; x_wconf 85' lang='grc' dir='ltr'>λεσε</span> <span class='ocrx_word' id='word_1_666' title='bbox 1150 1939 1342 1974; x_wconf 81' lang='grc' dir='ltr'>σωφροσύνης.</span> <span class='ocrx_word' id='word_1_667' title='bbox 1368 1939 1473 1965; x_wconf 84' lang='grc' dir='ltr'>Ἐλαίου</span> <span class='ocrx_word' id='word_1_668' title='bbox 1496 1939 1524 1965; x_wconf 86' lang='grc' dir='ltr'><strong>δέ</strong></span> <span class='ocrx_word' id='word_1_669' title='bbox 1541 1947 1606 1965; x_wconf 83' lang='grc' dir='ltr'>ποτε</span> <span class='ocrx_word' id='word_1_670' title='bbox 1627 1940 1689 1971; x_wconf 85' lang='grc' dir='ltr'>τοὺς</span> <span class='ocrx_word' id='word_1_671' title='bbox 1710 1941 1850 1975; x_wconf 80' lang='grc' dir='ltr'>μοναχοὺς</span> 
     </span>
    </p>
   </div>
   <div class='ocr_carea' id='block_1_98' title="bbox 1061 1985 1846 2021">
    <p class='ocr_par' dir='ltr' id='par_1_98' title="bbox 1061 1985 1846 2021">
     <span class='ocr_line' id='line_1_98' title="bbox 1061 1985 1846 2021; baseline 0.001 -9"><span class='ocrx_word' id='word_1_672' title='bbox 1061 1985 1243 2018; x_wconf 73' lang='grc' dir='ltr'>ἐπιλιπόντος,</span> <span class='ocrx_word' id='word_1_673' title='bbox 1259 1985 1438 2021; x_wconf 69' lang='grc' dir='ltr'>ἑπιτρέπεται</span> <span class='ocrx_word' id='word_1_674' title='bbox 1450 1985 1519 2020; x_wconf 81' lang='grc' dir='ltr'>αὐτὴ</span> <span class='ocrx_word' id='word_1_675' title='bbox 1528 1985 1576 2017; x_wconf 85' lang='grc' dir='ltr'><strong>τὰς</strong></span> <span class='ocrx_word' id='word_1_676' title='bbox 1589 1985 1730 2021; x_wconf 80' lang='grc' dir='ltr'>καμήλους</span> <span class='ocrx_word' id='word_1_677' title='bbox 1741 1986 1846 2019; x_wconf 80' lang='grc' dir='ltr'>λαϐεῖν,</span> 
     </span>
    </p>
   </div>
   <div class='ocr_carea' id='block_1_99' title="bbox 1060 2027 1849 2067">
    <p class='ocr_par' dir='ltr' id='par_1_99' title="bbox 1060 2027 1849 2067">
     <span class='ocr_line' id='line_1_99' title="bbox 1060 2027 1849 2067; baseline 0.003 -10"><span class='ocrx_word' id='word_1_678' title='bbox 1060 2030 1103 2066; x_wconf 70' lang='grc' dir='ltr'><strong>ἐφ’</strong></span> <span class='ocrx_word' id='word_1_679' title='bbox 1128 2027 1150 2065; x_wconf 82' lang='grc' dir='ltr'>ᾦ</span> <span class='ocrx_word' id='word_1_680' title='bbox 1179 2033 1246 2067; x_wconf 75' lang='grc' dir='ltr'>πρὸς</span> <span class='ocrx_word' id='word_1_681' title='bbox 1263 2031 1313 2067; x_wconf 87' lang='grc' dir='ltr'>τὴν</span> <span class='ocrx_word' id='word_1_682' title='bbox 1342 2031 1419 2058; x_wconf 70' lang='grc' dir='ltr'>πόλιν</span> <span class='ocrx_word' id='word_1_683' title='bbox 1446 2031 1601 2067; x_wconf 78' lang='grc' dir='ltr'>ἀφικομένη</span> <span class='ocrx_word' id='word_1_684' title='bbox 1626 2032 1657 2058; x_wconf 76' lang='grc' dir='ltr'><strong>τὸ</strong></span> <span class='ocrx_word' id='word_1_685' title='bbox 1684 2033 1724 2063; x_wconf 78' lang='grc' dir='ltr'><strong>είς</strong></span> <span class='ocrx_word' id='word_1_686' title='bbox 1749 2033 1849 2067; x_wconf 83' lang='grc' dir='ltr'>χρείαν</span> 
     </span>
    </p>
   </div>
   <div class='ocr_carea' id='block_1_100' title="bbox 1063 2078 1849 2115">
    <p class='ocr_par' dir='ltr' id='par_1_100' title="bbox 1063 2078 1849 2115">
     <span class='ocr_line' id='line_1_100' title="bbox 1063 2078 1849 2115; baseline 0.003 -11"><span class='ocrx_word' id='word_1_687' title='bbox 1063 2078 1262 2113; x_wconf 84' lang='grc' dir='ltr'>μετακομίσειν</span> <span class='ocrx_word' id='word_1_688' title='bbox 1290 2078 1383 2109; x_wconf 83' lang='grc' dir='ltr'>αὐτοῖς</span> <span class='ocrx_word' id='word_1_689' title='bbox 1414 2078 1514 2104; x_wconf 75' lang='grc' dir='ltr'>ἔλαιον.</span> <span class='ocrx_word' id='word_1_690' title='bbox 1546 2079 1589 2110; x_wconf 83' lang='grc' dir='ltr'>Ὠς</span> <span class='ocrx_word' id='word_1_691' title='bbox 1615 2078 1661 2106; x_wconf 78' lang='grc' dir='ltr'>οὖν</span> <span class='ocrx_word' id='word_1_692' title='bbox 1688 2080 1777 2114; x_wconf 79' lang='grc' dir='ltr'>εἴχετο</span> <span class='ocrx_word' id='word_1_693' title='bbox 1794 2080 1849 2115; x_wconf 83' lang='grc' dir='ltr'>τῆς</span> 
     </span>
    </p>
   </div>
   <div class='ocr_carea' id='block_1_101' title="bbox 1061 2124 1850 2161">
    <p class='ocr_par' dir='ltr' id='par_1_101' title="bbox 1061 2124 1850 2161">
     <span class='ocr_line' id='line_1_101' title="bbox 1061 2124 1850 2161; baseline 0.004 -11"><span class='ocrx_word' id='word_1_694' title='bbox 1061 2125 1229 2159; x_wconf 75' lang='grc' dir='ltr'>ὁδοιπορίας,</span> <span class='ocrx_word' id='word_1_695' title='bbox 1256 2125 1297 2155; x_wconf 87' lang='grc' dir='ltr'><strong>είς</strong></span> <span class='ocrx_word' id='word_1_696' title='bbox 1326 2124 1391 2151; x_wconf 77' lang='grc' dir='ltr'>θέαν</span> <span class='ocrx_word' id='word_1_697' title='bbox 1419 2125 1558 2160; x_wconf 75' lang='grc' dir='ltr'>ἀδοκήτως</span> <span class='ocrx_word' id='word_1_698' title='bbox 1581 2124 1628 2151; x_wconf 86' lang='grc' dir='ltr'>τοῦ</span> <span class='ocrx_word' id='word_1_699' title='bbox 1655 2126 1750 2160; x_wconf 81' lang='grc' dir='ltr'>ἀνδρὸς</span> <span class='ocrx_word' id='word_1_700' title='bbox 1766 2134 1850 2161; x_wconf 84' lang='grc' dir='ltr'>περι-</span> 
     </span>
    </p>
   </div>
   <div class='ocr_carea' id='block_1_102' title="bbox 1062 2170 1852 2207">
    <p class='ocr_par' dir='ltr' id='par_1_102' title="bbox 1062 2170 1852 2207">
     <span class='ocr_line' id='line_1_102' title="bbox 1062 2170 1852 2207; baseline 0.004 -11"><span class='ocrx_word' id='word_1_701' title='bbox 1062 2171 1167 2203; x_wconf 84' lang='grc' dir='ltr'>πίπτει,</span> <span class='ocrx_word' id='word_1_702' title='bbox 1184 2171 1234 2206; x_wconf 82' lang='grc' dir='ltr'>τῆς</span> <span class='ocrx_word' id='word_1_703' title='bbox 1259 2170 1334 2202; x_wconf 81' lang='grc' dir='ltr'>Θείας</span> <span class='ocrx_word' id='word_1_704' title='bbox 1351 2171 1393 2201; x_wconf 84' lang='grc' dir='ltr'><strong>είς</strong></span> <span class='ocrx_word' id='word_1_705' title='bbox 1416 2171 1495 2197; x_wconf 84' lang='grc' dir='ltr'>τοῦτο</span> <span class='ocrx_word' id='word_1_706' title='bbox 1519 2171 1629 2203; x_wconf 82' lang='grc' dir='ltr'>πάντως</span> <span class='ocrx_word' id='word_1_707' title='bbox 1655 2172 1852 2207; x_wconf 84' lang='grc' dir='ltr'>συναραμένης</span> 
     </span>
    </p>
   </div>
   <div class='ocr_carea' id='block_1_103' title="bbox 1063 2215 1850 2251">
    <p class='ocr_par' dir='ltr' id='par_1_103' title="bbox 1063 2215 1850 2251">
     <span class='ocr_line' id='line_1_103' title="bbox 1063 2215 1850 2251; baseline 0.001 -9"><span class='ocrx_word' id='word_1_708' title='bbox 1063 2216 1202 2251; x_wconf 78' lang='grc' dir='ltr'>προνοίας.</span> <span class='ocrx_word' id='word_1_709' title='bbox 1231 2217 1406 2251; x_wconf 77' lang='grc' dir='ltr'>Παρηγορετν</span> <span class='ocrx_word' id='word_1_710' title='bbox 1425 2215 1480 2250; x_wconf 81' lang='grc' dir='ltr'>γὰρ</span> <span class='ocrx_word' id='word_1_711' title='bbox 1501 2216 1598 2242; x_wconf 76' lang='grc' dir='ltr'>ἑαυτὸν</span> <span class='ocrx_word' id='word_1_712' title='bbox 1621 2216 1670 2251; x_wconf 79' lang='grc' dir='ltr'><strong>οὐχ</strong></span> <span class='ocrx_word' id='word_1_713' title='bbox 1693 2215 1749 2248; x_wconf 75' lang='grc' dir='ltr'>οἷός</span> <span class='ocrx_word' id='word_1_714' title='bbox 1765 2225 1794 2243; x_wconf 81' lang='grc' dir='ltr'><strong>τε</strong></span> <span class='ocrx_word' id='word_1_715' title='bbox 1810 2216 1850 2243; x_wconf 85' lang='grc' dir='ltr'>ὣν</span> 
     </span>
    </p>
   </div>
   <div class='ocr_carea' id='block_1_104' title="bbox 1063 2261 1852 2298">
    <p class='ocr_par' dir='ltr' id='par_1_104' title="bbox 1063 2261 1852 2298">
     <span class='ocr_line' id='line_1_104' title="bbox 1063 2261 1852 2298; baseline 0.001 -10"><span class='ocrx_word' id='word_1_716' title='bbox 1063 2263 1078 2288; x_wconf 81' lang='grc' dir='ltr'>ὁ</span> <span class='ocrx_word' id='word_1_717' title='bbox 1091 2262 1192 2298; x_wconf 75' lang='grc' dir='ltr'>ταύτης</span> <span class='ocrx_word' id='word_1_718' title='bbox 1205 2262 1276 2296; x_wconf 74' lang='grc' dir='ltr'>ἀνὴρ</span> <span class='ocrx_word' id='word_1_719' title='bbox 1289 2262 1417 2296; x_wconf 76' lang='grc' dir='ltr'>τοιαύτης</span> <span class='ocrx_word' id='word_1_720' title='bbox 1433 2262 1550 2295; x_wconf 69' lang='grc' dir='ltr'>συζύγου</span> <span class='ocrx_word' id='word_1_721' title='bbox 1570 2261 1742 2297; x_wconf 76' lang='grc' dir='ltr'>διατμηθεὶς,</span> <span class='ocrx_word' id='word_1_722' title='bbox 1759 2263 1852 2289; x_wconf 76' lang='grc' dir='ltr'>ἄπαυ-</span> 
     </span>
    </p>
   </div>
   <div class='ocr_carea' id='block_1_105' title="bbox 1063 2307 1851 2344">
    <p class='ocr_par' dir='ltr' id='par_1_105' title="bbox 1063 2307 1851 2344">
     <span class='ocr_line' id='line_1_105' title="bbox 1063 2307 1851 2344; baseline 0.001 -10"><span class='ocrx_word' id='word_1_723' title='bbox 1063 2309 1126 2335; x_wconf 86' lang='grc' dir='ltr'>στόν</span> <span class='ocrx_word' id='word_1_724' title='bbox 1143 2316 1172 2334; x_wconf 82' lang='grc' dir='ltr'><strong>τε</strong></span> <span class='ocrx_word' id='word_1_725' title='bbox 1188 2308 1219 2334; x_wconf 81' lang='grc' dir='ltr'><strong>τὺ</strong></span> <span class='ocrx_word' id='word_1_726' title='bbox 1232 2309 1278 2334; x_wconf 79' lang='grc' dir='ltr'><strong>ἐπὶ</strong></span> <span class='ocrx_word' id='word_1_727' title='bbox 1292 2308 1379 2344; x_wconf 82' lang='grc' dir='ltr'>ταύτῃ</span> <span class='ocrx_word' id='word_1_728' title='bbox 1408 2307 1540 2339; x_wconf 77' lang='grc' dir='ltr'>σταλάζον</span> <span class='ocrx_word' id='word_1_729' title='bbox 1555 2307 1689 2342; x_wconf 74' lang='grc' dir='ltr'>δάκρυον,</span> <span class='ocrx_word' id='word_1_730' title='bbox 1710 2309 1757 2335; x_wconf 74' lang='grc' dir='ltr'>καὶ</span> <span class='ocrx_word' id='word_1_731' title='bbox 1781 2309 1851 2343; x_wconf 71' lang='grc' dir='ltr'>μηδὲ</span> 
     </span>
    </p>
   </div>
   <div class='ocr_carea' id='block_1_106' title="bbox 1063 2353 1852 2389">
    <p class='ocr_par' dir='ltr' id='par_1_106' title="bbox 1063 2353 1852 2389">
     <span class='ocr_line' id='line_1_106' title="bbox 1063 2353 1852 2389; baseline 0.001 -9"><span class='ocrx_word' id='word_1_732' title='bbox 1063 2353 1102 2389; x_wconf 85' lang='grc' dir='ltr'>τῷ</span> <span class='ocrx_word' id='word_1_733' title='bbox 1116 2354 1204 2389; x_wconf 83' lang='grc' dir='ltr'>χρόνῳ</span> <span class='ocrx_word' id='word_1_734' title='bbox 1215 2353 1365 2388; x_wconf 79' lang='grc' dir='ltr'>δυνάμενος</span> <span class='ocrx_word' id='word_1_735' title='bbox 1381 2353 1479 2379; x_wconf 76' lang='grc' dir='ltr'>σϐέσαι</span> <span class='ocrx_word' id='word_1_736' title='bbox 1490 2353 1540 2387; x_wconf 73' lang='grc' dir='ltr'>τὴν</span> <span class='ocrx_word' id='word_1_737' title='bbox 1553 2353 1684 2387; x_wconf 81' lang='grc' dir='ltr'>ἀθυμίαν,</span> <span class='ocrx_word' id='word_1_738' title='bbox 1699 2353 1744 2380; x_wconf 81' lang='grc' dir='ltr'><strong>τὸν</strong></span> <span class='ocrx_word' id='word_1_739' title='bbox 1758 2353 1852 2381; x_wconf 80' lang='grc' dir='ltr'>εἰδότα</span> 
     </span>
    </p>
   </div>
   <div class='ocr_carea' id='block_1_107' title="bbox 1063 2399 1852 2436">
    <p class='ocr_par' dir='ltr' id='par_1_107' title="bbox 1063 2399 1852 2436">
     <span class='ocr_line' id='line_1_107' title="bbox 1063 2399 1852 2436; baseline -0.001 -8"><span class='ocrx_word' id='word_1_740' title='bbox 1063 2400 1118 2428; x_wconf 76' lang='grc' dir='ltr'>οἷον</span> <span class='ocrx_word' id='word_1_741' title='bbox 1135 2400 1208 2436; x_wconf 66' lang='grc' dir='ltr'>αὐτῷ</span> <span class='ocrx_word' id='word_1_742' title='bbox 1220 2401 1250 2427; x_wconf 83' lang='grc' dir='ltr'><strong>τδ</strong></span> <span class='ocrx_word' id='word_1_743' title='bbox 1267 2401 1344 2435; x_wconf 84' lang='grc' dir='ltr'>βέλος</span> <span class='ocrx_word' id='word_1_744' title='bbox 1366 2400 1515 2434; x_wconf 75' lang='grc' dir='ltr'>ἐτίτρωσκε</span> <span class='ocrx_word' id='word_1_745' title='bbox 1531 2400 1580 2434; x_wconf 81' lang='grc' dir='ltr'>τὴν</span> <span class='ocrx_word' id='word_1_746' title='bbox 1595 2399 1709 2434; x_wconf 79' lang='grc' dir='ltr'>καρδίαν</span> <span class='ocrx_word' id='word_1_747' title='bbox 1725 2400 1786 2435; x_wconf 77' lang='grc' dir='ltr'>ᾔτει</span> <span class='ocrx_word' id='word_1_748' title='bbox 1803 2400 1852 2427; x_wconf 79' lang='grc' dir='ltr'>τὸν</span> 
     </span>
    </p>
   </div>
   <div class='ocr_carea' id='block_1_108' title="bbox 1063 2446 1852 2483">
    <p class='ocr_par' dir='ltr' id='par_1_108' title="bbox 1063 2446 1852 2483">
     <span class='ocr_line' id='line_1_108' title="bbox 1063 2446 1852 2483; baseline -0.005 -7"><span class='ocrx_word' id='word_1_749' title='bbox 1063 2449 1129 2476; x_wconf 71' lang='grc' dir='ltr'>Θεὸν</span> <span class='ocrx_word' id='word_1_750' title='bbox 1160 2448 1278 2483; x_wconf 72' lang='grc' dir='ltr'>φανερὸν</span> <span class='ocrx_word' id='word_1_751' title='bbox 1300 2447 1374 2482; x_wconf 84' lang='grc' dir='ltr'><strong>αὺτῷ</strong></span> <span class='ocrx_word' id='word_1_752' title='bbox 1395 2446 1533 2481; x_wconf 79' lang='grc' dir='ltr'>γενέσθαι,</span> <span class='ocrx_word' id='word_1_753' title='bbox 1551 2446 1575 2472; x_wconf 86' lang='grc' dir='ltr'><strong>εἰ</strong></span> <span class='ocrx_word' id='word_1_754' title='bbox 1591 2446 1718 2481; x_wconf 77' lang='grc' dir='ltr'>Θεοδώρα</span> <span class='ocrx_word' id='word_1_755' title='bbox 1733 2447 1852 2481; x_wconf 87' lang='grc' dir='ltr'>προσεί-</span> 
     </span>
    </p>
   </div>
   <div class='ocr_carea' id='block_1_109' title="bbox 1063 2492 1853 2530">
    <p class='ocr_par' dir='ltr' id='par_1_109' title="bbox 1063 2492 1853 2530">
     <span class='ocr_line' id='line_1_109' title="bbox 1063 2492 1853 2530; baseline -0.001 -9"><span class='ocrx_word' id='word_1_756' title='bbox 1063 2495 1125 2522; x_wconf 83' lang='grc' dir='ltr'>λετο</span> <span class='ocrx_word' id='word_1_757' title='bbox 1144 2495 1222 2530; x_wconf 81' lang='grc' dir='ltr'>ἀνδρὶ</span> <span class='ocrx_word' id='word_1_758' title='bbox 1237 2495 1325 2529; x_wconf 82' lang='grc' dir='ltr'>ἑτέρῳ</span> <span class='ocrx_word' id='word_1_759' title='bbox 1339 2492 1497 2520; x_wconf 77' lang='grc' dir='ltr'>ἀκολουθεῖν</span> <span class='ocrx_word' id='word_1_760' title='bbox 1510 2499 1518 2507; x_wconf 85' lang='grc'><strong>·</strong></span> <span class='ocrx_word' id='word_1_761' title='bbox 1539 2492 1618 2518; x_wconf 80' lang='grc' dir='ltr'>τοῦτο</span> <span class='ocrx_word' id='word_1_762' title='bbox 1639 2492 1694 2527; x_wconf 80' lang='grc' dir='ltr'><strong>γὰρ</strong></span> <span class='ocrx_word' id='word_1_763' title='bbox 1711 2492 1787 2527; x_wconf 77' lang='grc' dir='ltr'>αὐτῷ</span> <span class='ocrx_word' id='word_1_764' title='bbox 1802 2493 1853 2520; x_wconf 79' lang='grc' dir='ltr'>καὶ</span> 
     </span>
    </p>
   </div>
   <div class='ocr_carea' id='block_1_110' title="bbox 1065 2537 1853 2575">
    <p class='ocr_par' dir='ltr' id='par_1_110' title="bbox 1065 2537 1853 2575">
     <span class='ocr_line' id='line_1_110' title="bbox 1065 2537 1853 2575; baseline -0.005 -8"><span class='ocrx_word' id='word_1_765' title='bbox 1065 2541 1265 2575; x_wconf 80' lang='grc' dir='ltr'>ὑπονοούμενον</span> <span class='ocrx_word' id='word_1_766' title='bbox 1282 2537 1325 2573; x_wconf 82' lang='grc' dir='ltr'><strong>ἦν,</strong></span> <span class='ocrx_word' id='word_1_767' title='bbox 1346 2539 1394 2565; x_wconf 75' lang='grc' dir='ltr'>καὶ</span> <span class='ocrx_word' id='word_1_768' title='bbox 1410 2538 1454 2565; x_wconf 88' lang='grc' dir='ltr'><strong>διά</strong></span> <span class='ocrx_word' id='word_1_769' title='bbox 1469 2537 1548 2564; x_wconf 79' lang='grc' dir='ltr'>τοῦτο</span> <span class='ocrx_word' id='word_1_770' title='bbox 1565 2537 1667 2572; x_wconf 82' lang='grc' dir='ltr'>μείζων</span> <span class='ocrx_word' id='word_1_771' title='bbox 1681 2538 1701 2573; x_wconf 68' lang='grc' dir='ltr'><strong>ἡ</strong></span> <span class='ocrx_word' id='word_1_772' title='bbox 1717 2537 1767 2572; x_wconf 83' lang='grc' dir='ltr'>τῆς</span> <span class='ocrx_word' id='word_1_773' title='bbox 1781 2546 1853 2573; x_wconf 65' lang='lat' dir='ltr'><strong>amp.</strong></span> 
     </span>
    </p>
   </div>
   <div class='ocr_carea' id='block_1_111' title="bbox 1064 2585 1657 2621">
    <p class='ocr_par' dir='ltr' id='par_1_111' title="bbox 1064 2585 1657 2621">
     <span class='ocr_line' id='line_1_111' title="bbox 1064 2585 1657 2621; baseline -0.003 -8"><span class='ocrx_word' id='word_1_774' title='bbox 1064 2587 1123 2617; x_wconf 83' lang='grc' dir='ltr'>δίας</span> <span class='ocrx_word' id='word_1_775' title='bbox 1141 2586 1272 2621; x_wconf 78' lang='grc' dir='ltr'>ἐτρέφετο</span> <span class='ocrx_word' id='word_1_776' title='bbox 1288 2585 1365 2619; x_wconf 77' lang='grc' dir='ltr'>φλόξ.</span> <span class='ocrx_word' id='word_1_777' title='bbox 1655 2609 1657 2611; x_wconf 85' lang='grc'><strong><em>,</em></strong></span> 
     </span>
    </p>
   </div>
   <div class='ocr_carea' id='block_1_112' title="bbox 1100 2629 1853 2665">
    <p class='ocr_par' dir='ltr' id='par_1_112' title="bbox 1100 2629 1853 2665">
     <span class='ocr_line' id='line_1_112' title="bbox 1100 2629 1853 2665; baseline -0.004 -7"><span class='ocrx_word' id='word_1_778' title='bbox 1100 2630 1146 2664; x_wconf 73' lang='grc' dir='ltr'><strong>ς’.</strong></span> <span class='ocrx_word' id='word_1_779' title='bbox 1167 2631 1196 2657; x_wconf 92' lang='lat'><strong>&#39;0</strong></span> <span class='ocrx_word' id='word_1_780' title='bbox 1209 2631 1299 2657; x_wconf 84' lang='grc' dir='ltr'>τοίνυν</span> <span class='ocrx_word' id='word_1_781' title='bbox 1313 2629 1496 2665; x_wconf 62' lang='grc' dir='ltr'>ἰώμενοςςτὰς</span> <span class='ocrx_word' id='word_1_782' title='bbox 1508 2629 1744 2664; x_wconf 81' lang='grc' dir='ltr'>συντετριμμένας</span> <span class='ocrx_word' id='word_1_783' title='bbox 1760 2629 1853 2664; x_wconf 75' lang='grc' dir='ltr'>ψυχὰς</span> 
     </span>
    </p>
   </div>
   <div class='ocr_carea' id='block_1_113' title="bbox 1065 2676 1854 2712">
    <p class='ocr_par' dir='ltr' id='par_1_113' title="bbox 1065 2676 1854 2712">
     <span class='ocr_line' id='line_1_113' title="bbox 1065 2676 1854 2712; baseline -0.004 -7"><span class='ocrx_word' id='word_1_784' title='bbox 1065 2678 1181 2712; x_wconf 78' lang='grc' dir='ltr'>ἄγγελον</span> <span class='ocrx_word' id='word_1_785' title='bbox 1199 2677 1274 2712; x_wconf 83' lang='grc' dir='ltr'>αὐτῷ</span> <span class='ocrx_word' id='word_1_786' title='bbox 1289 2677 1444 2710; x_wconf 75' lang='grc' dir='ltr'>ἐπιπέμπει</span> <span class='ocrx_word' id='word_1_787' title='bbox 1469 2676 1500 2703; x_wconf 73' lang='grc' dir='ltr'>τὸ</span> <span class='ocrx_word' id='word_1_788' title='bbox 1514 2676 1636 2711; x_wconf 79' lang='grc' dir='ltr'>λυπηρὸν</span> <span class='ocrx_word' id='word_1_789' title='bbox 1652 2677 1702 2711; x_wconf 77' lang='grc' dir='ltr'>τῆς</span> <span class='ocrx_word' id='word_1_790' title='bbox 1718 2676 1854 2708; x_wconf 76' lang='grc' dir='ltr'>ὑπονοίας</span> 
     </span>
    </p>
   </div>
   <div class='ocr_carea' id='block_1_114' title="bbox 1064 2723 1854 2757">
    <p class='ocr_par' dir='ltr' id='par_1_114' title="bbox 1064 2723 1854 2757">
     <span class='ocr_line' id='line_1_114' title="bbox 1064 2723 1854 2757; baseline -0.003 -5"><span class='ocrx_word' id='word_1_791' title='bbox 1064 2724 1275 2756; x_wconf 79' lang='grc' dir='ltr'>διασκεδάζοντα</span> <span class='ocrx_word' id='word_1_792' title='bbox 1291 2732 1299 2739; x_wconf 93' lang='grc'>·</span> <span class='ocrx_word' id='word_1_793' title='bbox 1321 2723 1351 2749; x_wconf 75' lang='lat' dir='ltr'><strong>Et</strong></span> <span class='ocrx_word' id='word_1_794' title='bbox 1368 2723 1491 2757; x_wconf 80' lang='grc' dir='ltr'>βούλοιτο</span> <span class='ocrx_word' id='word_1_795' title='bbox 1515 2723 1554 2755; x_wconf 78' lang='grc' dir='ltr'><strong>δὲ,</strong></span> <span class='ocrx_word' id='word_1_796' title='bbox 1577 2723 1656 2757; x_wconf 79' lang='grc' dir='ltr'>φησὶ,</span> <span class='ocrx_word' id='word_1_797' title='bbox 1671 2723 1719 2749; x_wconf 73' lang='grc' dir='ltr'>καὶ</span> <span class='ocrx_word' id='word_1_798' title='bbox 1733 2724 1775 2754; x_wconf 80' lang='grc' dir='ltr'><strong>είς</strong></span> <span class='ocrx_word' id='word_1_799' title='bbox 1790 2723 1854 2757; x_wconf 73' lang='grc' dir='ltr'>ὄψιν</span> 
     </span>
    </p>
   </div>
   <div class='ocr_carea' id='block_1_115' title="bbox 1065 2769 1853 2805">
    <p class='ocr_par' dir='ltr' id='par_1_115' title="bbox 1065 2769 1853 2805">
     <span class='ocr_line' id='line_1_115' title="bbox 1065 2769 1853 2805; baseline 0 -9"><span class='ocrx_word' id='word_1_800' title='bbox 1065 2770 1134 2805; x_wconf 83' lang='grc' dir='ltr'>αὐτῇ</span> <span class='ocrx_word' id='word_1_801' title='bbox 1155 2769 1325 2804; x_wconf 81' lang='grc' dir='ltr'>προσελθεῖν,</span> <span class='ocrx_word' id='word_1_802' title='bbox 1352 2769 1536 2804; x_wconf 85' lang='grc' dir='ltr'>ὀρθριώτερον</span> <span class='ocrx_word' id='word_1_803' title='bbox 1551 2769 1702 2804; x_wconf 83' lang='grc' dir='ltr'>ἀναστῆναι</span> <span class='ocrx_word' id='word_1_804' title='bbox 1719 2769 1768 2795; x_wconf 78' lang='grc' dir='ltr'>καὶ</span> <span class='ocrx_word' id='word_1_805' title='bbox 1785 2769 1853 2796; x_wconf 79' lang='grc' dir='ltr'>εὐθὺ</span> 
     </span>
    </p>
   </div>
   <div class='ocr_carea' id='block_1_116' title="bbox 1066 2814 1850 2851">
    <p class='ocr_par' dir='ltr' id='par_1_116' title="bbox 1066 2814 1850 2851">
     <span class='ocr_line' id='line_1_116' title="bbox 1066 2814 1850 2851; baseline -0.001 -9"><span class='ocrx_word' id='word_1_806' title='bbox 1066 2816 1175 2851; x_wconf 81' lang='grc' dir='ltr'>βαδίσαι</span> <span class='ocrx_word' id='word_1_807' title='bbox 1205 2814 1253 2841; x_wconf 87' lang='grc' dir='ltr'>τοῦ</span> <span class='ocrx_word' id='word_1_808' title='bbox 1285 2815 1438 2850; x_wconf 85' lang='grc' dir='ltr'>μαρτυρίου</span> <span class='ocrx_word' id='word_1_809' title='bbox 1467 2814 1572 2850; x_wconf 78' lang='grc' dir='ltr'>Πέτρου</span> <span class='ocrx_word' id='word_1_810' title='bbox 1598 2814 1646 2841; x_wconf 79' lang='grc' dir='ltr'>τοῦ</span> <span class='ocrx_word' id='word_1_811' title='bbox 1673 2814 1850 2847; x_wconf 78' lang='grc' dir='ltr'>ἀποστόλου,</span> 
     </span>
    </p>
   </div>
   <div class='ocr_carea' id='block_1_117' title="bbox 1068 2860 1852 2897">
    <p class='ocr_par' dir='ltr' id='par_1_117' title="bbox 1068 2860 1852 2897">
     <span class='ocr_line' id='line_1_117' title="bbox 1068 2860 1852 2897; baseline 0 -9"><span class='ocrx_word' id='word_1_812' title='bbox 1068 2861 1212 2897; x_wconf 71' lang='grc' dir='ltr'>προσέχειν</span> <span class='ocrx_word' id='word_1_813' title='bbox 1225 2869 1254 2888; x_wconf 90' lang='grc' dir='ltr'><strong>τε</strong></span> <span class='ocrx_word' id='word_1_814' title='bbox 1266 2862 1300 2896; x_wconf 82' lang='grc' dir='ltr'><strong>τῇ</strong></span> <span class='ocrx_word' id='word_1_815' title='bbox 1316 2860 1376 2895; x_wconf 74' lang='grc' dir='ltr'>ὕψει</span> <span class='ocrx_word' id='word_1_816' title='bbox 1393 2860 1438 2887; x_wconf 84' lang='grc' dir='ltr'>τοῦ</span> <span class='ocrx_word' id='word_1_817' title='bbox 1452 2860 1560 2897; x_wconf 79' lang='grc' dir='ltr'>πρώτου</span> <span class='ocrx_word' id='word_1_818' title='bbox 1574 2860 1648 2896; x_wconf 82' lang='grc' dir='ltr'>αὐτῷ</span> <span class='ocrx_word' id='word_1_819' title='bbox 1667 2862 1852 2896; x_wconf 72' lang='grc' dir='ltr'>συναντήσονο</span> 
     </span>
    </p>
   </div>
   <div class='ocr_carea' id='block_1_118' title="bbox 1069 2904 1851 2942">
    <p class='ocr_par' dir='ltr' id='par_1_118' title="bbox 1069 2904 1851 2942">
     <span class='ocr_line' id='line_1_118' title="bbox 1069 2904 1851 2942; baseline -0.004 -7"><span class='ocrx_word' id='word_1_820' title='bbox 1069 2916 1115 2940; x_wconf 79' lang='grc' dir='ltr'><strong>τος</strong></span> <span class='ocrx_word' id='word_1_821' title='bbox 1131 2908 1178 2934; x_wconf 76' lang='grc' dir='ltr'><strong>καὶ</strong></span> <span class='ocrx_word' id='word_1_822' title='bbox 1199 2905 1477 2941; x_wconf 55' lang='grc' dir='ltr'>προσαγορεύσοντας.</span> <span class='ocrx_word' id='word_1_823' title='bbox 1495 2907 1573 2933; x_wconf 69' lang='grc' dir='ltr'>Οὕτω</span> <span class='ocrx_word' id='word_1_824' title='bbox 1595 2907 1659 2942; x_wconf 76' lang='grc' dir='ltr'>γὰρ,</span> <span class='ocrx_word' id='word_1_825' title='bbox 1688 2904 1776 2940; x_wconf 75' lang='grc' dir='ltr'>εἶπεν,</span> <span class='ocrx_word' id='word_1_826' title='bbox 1799 2906 1851 2932; x_wconf 78' lang='grc' dir='ltr'>οὐκ</span> 
     </span>
    </p>
   </div>
  </div>
