2034 3152
145 159 192 193 673

596 152 688 184 VITA
709 151 740 183 S.
758 147 974 180 THEODORIE
999 146 1300 177 ALEXANDRINr‘E.

1709 144 1763 176 674

148 215 279 252 ἀποτεύξει
305 212 354 241 τοῦ
380 211 560 249 ζητουμένου.
581 211 718 237 Ἤκουσεν
741 209 855 240 ἐκεῖνος,
881 206 944 233 καὶ.

997 203 1050 231 ιιοὰ
1065 203 1176 238 quaeris.
1192 204 1302 231 Audivit
1319 204 1374 236 ille,
1391 207 1418 230 et
1431 204 1493 231 fecit
1506 204 1577 232 sicut
1595 202 1688 238 jussus
1709 203 1769 230 fue-

149 262 214 291 κατὰ
232 261 266 288 τὰ
282 258 477 295 ἐπηγγελμένα
493 258 577 289 ποιεῖ,
594 257 641 283 καὶ
656 255 778 282 συνίασιν
802 253 927 287 ἀλλήλοις

149 299 356 343 ἀντιπρόσωπον
383 305 431 332 καὶ
460 304 521 331 κατ’
548 302 716 338 ὀφθαλμούς.
740 300 820 328 ’Λλλὰ
847 298 929 325 πόθεν

149 357 178 383 ἂν
191 355 291 388 ἐκείνῳ
307 351 460 388 συμϐαλεῖν
472 351 521 386 τὴν
533 350 670 384 ὸμόζυγον
686 347 768 380 εἶναι,
793 346 879 380 ἄνδρα
900 345 930 371 τὺ

150 391 314 435 φαινόμενον
337 396 503 432 καθορῶντι,
524 397 572 422 καὶ
586 395 650 422 κατ’
665 393 766 428 ἄνδρας
785 390 931 425 ἐνδεδυμέ-

149 456 201 479 νον,
220 446 268 472 καὶ
281 445 368 476 ἄλλως
391 444 504 478 ἐσθῆτος
522 442 606 476 οὔσης
639 439 802 476 μο-δαχιιιῆς,
828 438 880 473 ἠδη
903 436 932 463 δὲ

149 494 195 521 καὶ
211 492 263 526 τῆς
280 491 356 526 ὥρας
382 488 627 524 ὑπομαρανθείσης
653 487 722 522 αὐτῇ
763 487 797 520 τῇ
819 484 933 519 ἀμέτρῳ

150 539 321 574 κακοπαθείᾳ
340 537 387 564 καὶ
400 536 440 572 τῷ
467 536 563 571 τραχεῖ
577 535 625 569 τῆς
640 534 784 569 ἀσκήσεως
797 541 804 565 ;
826 531 932 566 Ἐκιίνη

149 587 243 621 μέντοι
269 584 308 619 τῷ
337 583 419 619 μόνον
443 582 525 609 αὑτὸν
555 580 628 613 ίδιῖν,
649 580 697 607 καὶ
720 579 770 614 τὴν
785 577 847 612 δψιν
864 577 933 612 αὐτῇ

149 633 270 668 μηνῦσαι
285 631 326 663 τίς
339 633 353 657 ὁ
366 629 533 666 βλεπόμενος
561 627 657 663 (ἔσωζε
687 627 741 661 γὰρ
755 627 770 653 ὸ
791 624 934 660 χαρακτὴρ

148 679 253 706 ἐκείνου
265 677 420 711 ἀτρέστατα
432 675 466 703 τὰ
479 674 680 709 γνωρίτματα),
692 673 845 707 ἀνάμνησιν
855 670 936 700 εὐθὺς

152 721 288 758 ἐλάμϐανε
300 721 349 748 τοῦ
363 721 404 752 είς
420 719 502 747 αὐτὸν
518 720 631 753 φίλτρου
649 719 698 744 καὶ
723 717 935 752 ἁμαρτήματος,

153 770 199 796 καὶ
217 767 253 796 οτ
269 768 333 803 μοιὲ
352 767 431 802 ἄνερ,
462 765 658 793 ἀνακλαύσασα
678 761 765 797 εἶπεν,
797 763 836 794 εἰς
864 762 937 793 οἴους

153 814 250 845 πόνους
268 813 405 840 ἑχδέδωκα
431 811 554 846 ίμαυτὴν
574 810 724 845 θεραπείαν
753 809 937 844 μηχανωμένη

152 859 198 886 τοῦ
211 859 280 894 πρὸς
294 860 325 885 at
335 858 504 892 σφάλματος,
522 857 570 883 καὶ
583 856 714 890 δάκρυσιν
728 855 816 882 ἐκεῖνο
829 854 937 883 πολλοῖς

153 905 298 939 ἀναλεῖψαι
315 904 518 936 σπουδάζουσα.
539 903 594 929 Καὶ
607 902 638 937 δὴ
656 901 703 928 καὶ
723 900 836 935 πλησίον
853 899 936 926 αὐτοῦ

154 952 303 986 γενομένη,
322 951 410 985 Χαῖρε
426 958 456 976 τε
474 948 548 982 αὺτῷ
565 947 798 983 προσφωνήσασα,
815 945 844 972 τὸ
855 946 937 980 τάχος

156 997 387 1032 ἁντιπαρήρχετο.
410 995 440 1021 ὐ
456 995 485 1021 δὲ
495 996 529 1029 τῇ
543 994 623 1029 ὁμοίᾳ
641 994 690 1028 μὲν
707 993 753 1019 καὶ
770 992 851 1022 αὐτὸς
863 993 939 1018 ἀντι-

156 1042 356 1079 προσαγορεύιι
386 1042 475 1076 φωνῇ.
516 1039 640 1075 Παρῆλθε
667 1039 696 1065 δὲ
722 1037 776 1065 τῶν
803 1037 939 1073 ῥηθέντων

158 1089 230 1124 αὐτῷ
246 1089 317 1123 πρὸς
331 1088 380 1114 τοῦ
391 1087 510 1121 ἀγγέλου
525 1086 653 1121 καθάπερ
671 1085 878 1119 ἐπιλαθόμενος,
901 1084 940 1115 ὡς

158 1137 189 1170 τῇ
208 1135 345 1170 μεταϐολῇ
364 1142 395 1160 τε
419 1133 467 1160 τοῦ
486 1134 626 1168 σχήματος
642 1133 689 1158 καὶ
704 1130 742 1166 τῷ
754 1131 873 1166 ἀνομοίῳ
889 1130 940 1166 τῆς

158 1182 242 1216 ὅψεως
264 1181 294 1207 τὸ
311 1180 444 1214 παράπαν
461 1179 626 1214 ἀπατηθείς.

190 1227 228 1255 Z'.
244 1227 333 1261 Πολλῇ
365 1226 411 1252 οὖν
435 1227 467 1260 τῇ
493 1225 598 1260 ἀθυμίᾳ
626 1225 794 1260 βαλλόμενος
818 1221 863 1251 οἷα
885 1224 942 1250 διας

159 1274 266 1309 ψευθεὶς
275 1275 323 1308 τὴν
334 1272 510 1306 ἐπαγγελίαν,
521 1271 606 1298 Ἲνατί
618 1271 798 1306 με,δέσποτα,
809 1269 940 1305 παριῐὼν,

161 1322 246 1354 ἔλεγε,
271 1319 309 1354 μὴ
321 1319 360 1350 εἰς
387 1318 465 1348 τέλος
481 1318 514 1344 τὰ
541 1317 735 1352 ἐπηγγελμένα
762 1317 941 1352 προήγαγες;

166 1367 237 1394 Ἀλλ’
246 1363 326 1396 αὖθις
339 1366 352 1391 ὁ
363 1365 456 1399 φανεὶς
471 1364 544 1399 αὐτῷ
555 1364 708 1399 παραστὰς,
721 1364 778 1390 Οὐκ
791 1364 942 1398 ἠπάτησαι,

161 1411 247 1439 εἶπεν.
263 1411 294 1438 '0
304 1413 337 1446 τῇ
350 1410 502 1446 προτεραίᾳ
513 1411 567 1445 γὰρ
584 1411 752 1445 συναντήσας
767 1419 808 1437 σοι
827 1410 945 1444 μοναχὺς

161 1461 207 1486 καὶ
221 1458 310 1493 Χαῖρέ
326 1466 367 1484 σοι
381 1457 552 1493 προσειπὼν,
571 1457 652 1489 αὐτὸς
664 1455 709 1492 ἦν,
731 1458 836 1488 ἐκεῖνος
851 1457 943 1489 αὐτὸς,

163 1507 221 1542 ἢτοι
234 1505 388 1535 σπουδαίως
413 1503 583 1538 ὲπιζητεῖται
612 1504 694 1539 γυνή.
720 1504 774 1530 Καὶ
796 1503 867 1530 οὕτω
895 1502 945 1537 μὲν

162 1549 234 1584 αὑτῷ
248 1549 284 1575 τὰ
298 1549 347 1584 τῆς
378 1549 505 1579 ὑπονοίας
532 1547 634 1580 ἐλύετο,
649 1549 679 1575 τὸ
694 1548 731 1583 μὴ
741 1549 828 1583 ἑτέρῳ
842 1549 944 1583 ταύτην
958 1543 981 1576 C

161 1596 236 1630 ἀνδρὶ
270 1594 431 1630 προσελθεῖν
456 1595 526 1629 ὅπερ
549 1594 634 1629 ἡτῶν
656 1595 811 1629 μοναχικῶν
835 1595 944 1629 ἁμερίων

162 1643 256 1678 ἐδήλου
279 1641 423 1677 περιὸολή.
444 1641 544 1675 Ἐμενι
559 1641 581 1667 δ’
595 1639 642 1668 οὗν
668 1641 741 1668 οὕτω
779 1640 944 1676 περιαλγῶν,

162 1690 207 1717 καὶ
223 1690 257 1725 τῇ
274 1690 324 1723 τῆς
338 1688 473 1723 ὁμοζύγου
491 1689 618 1722 στερήσει
637 1688 841 1723 ὃιαιαιόμενος.
876 1687 906 1714 Ἦ
918 1688 945 1715 δὲ

164 1735 288 1771 μακαρία
310 1733 448 1770 Θεοδώρα,
473 1735 505 1762 τὸ
529 1735 598 1770 πρὸς
625 1735 729 1770 Κύριον
753 1735 946 1770 φιλάνθρωπον

162 1783 242 1809 πλέον
254 1782 422 1814 ὲξάπτουσα,
437 1780 485 1807 ἅτε
498 1781 545 1807 καὶ
558 1781 606 1816 τῆς
621 1781 703 1808 αὐτοῦ
715 1782 884 1817 γλυκύτητος
897 1782 945 1817 ήδη

163 1828 335 1863 γευσαμένη,
351 1828 399 1854 καὶ
418 1828 541 1862 μείζοσιν
568 1828 671 1862 ἀγῶσιν
700 1828 800 1863 ἑαυτὴν
818 1828 948 1863 ἐμϐαλεῖν

163 1873 304 1909 πρόθυμος
313 1871 358 1908 ἦν,
368 1873 416 1899 καὶ
428 1872 570 1907 ἇπαξ,τῆς
583 1873 691 1908 ἡμέρας
707 1874 808 1900 ἐσθίειν
822 1874 852 1900 τὸ
867 1874 947 1908 σῶμα

163 1920 353 1954 ἱπαιδαγώγει
364 1928 372 1935 θ
407 1919 503 1946 ἔπειτα
527 1921 585 1952 τοῖς
601 1920 693 1951 πόνοις
705 1920 856 1955 προσθεῖσα
877 1921 948 1947 κατὰ

164 1966 219 2000 δύο,
232 1966 269 1992 τὰ
295 1965 370 1991 σιτία
402 1966 527 2000 παρεῖχε,
559 1966 607 1992 καὶ
627 1965 699 1992 οὕτω
720 1966 862 1999 χατολίγον
893 1967 948 1998 τοῖς

164 2012 382 2046 ὶπιπονωτέροις
407 2011 624 2045 προσϐαίνουσα,
648 2011 697 2038 καὶ
721 2011 761 2042 εἰς
777 2010 835 2044 ἕξιν
861 2012 948 2046 ἄκρας

165 2056 331 2092 ὶγκρατιίας
355 2055 472 2082 ὲλθοῦσα
502 2058 573 2082 κινεῖ
598 2057 668 2092 πρὸς
692 2056 798 2083 ῐκεσίαν
810 2058 872 2088 τοὺς
886 2065 950 2083 συν-

166 2103 356 2137 ασκουμένους
382 2101 452 2137 αὐτῇ
485 2102 632 2137 μοναχοὺς,
648 2102 799 2139 ἐπιτροπὴν
821 2104 868 2130 τοῦ
884 2113 950 2140 προ-

166 2148 285 2179 εστῶτος
299 2147 405 2180 λαϐεῖν,
422 2147 567 2182 ἀρκεῖσθαι
582 2147 616 2175 δι’
625 2147 771 2184 έθδομάδος
781 2151 950 2186 προσαγωγῇ

981 254 1034 277 rat.
1050 249 1083 277 Et
1097 250 1262 277 conveniunt
1277 250 1399 277 adversis
1418 250 1564 282 frontibus,
1593 255 1620 278 et
1646 258 1675 278 se
1697 250 1769 277 invi-

980 303 1041 323 ccm
1059 296 1238 330 aspicientes;
1257 296 1304 322 sed
1320 297 1455 323 undenam
1485 301 1577 332 posset
1603 297 1649 324 ille
1684 298 1770 332 conji-

980 349 1043 369 cere
1058 349 1118 368 eam
1133 349 1195 368 esse
1211 349 1287 369 suam
1314 343 1470 377 conjugem,
1499 350 1560 370 cum
1589 343 1616 370 id
1645 343 1716 378 quod
1744 343 1770 370 ei

980 388 1130 423 apparebat
1145 389 1248 416 videret
1263 396 1324 416 esse
1341 389 1442 420 virum,
1457 393 1483 415 et
1503 390 1573 416 virili
1592 395 1670 416 veste
1690 390 1770 417 indu-

982 439 1052 467 tum,
1066 436 1185 462 maxime
1202 443 1265 462 cum
1285 438 1370 462 vestis
1383 442 1457 462 esset
1473 436 1634 467 mouastica,
1670 440 1697 463 et
1715 437 1771 471 jam

983 481 1008 509 ei
1023 482 1202 509 emarcuisset
1227 482 1334 516 species
1351 482 1496 508 immodica
1517 482 1666 509 afﬂictione
1682 487 1709 508 et
1728 490 1771 508 as-

984 529 1098 563 peritate
1106 529 1306 556 exercitationis
1314 529 1326 553 7
1334 529 1378 556 illa
1387 533 1478 555 autem
1489 536 1549 555 cum
1558 535 1619 554 eunt
1634 529 1720 554 solum
1733 528 1773 554 vi-

984 575 1079 607 disset,
1095 575 1157 602 etei
1172 575 1306 602 indicaret
1323 576 1424 607 vultus,
1440 576 1567 610 quisnam
1582 579 1655 601 esset
1671 574 1715 608 qui
1732 574 1774 600 vi-

986 621 1102 648 debatur
1130 622 1267 657 (servabat
1278 622 1351 649 enim
1369 622 1442 648 illius
1471 622 1556 656 figura
1593 621 1694 648 indicia
1722 620 1775 647 im-

987 667 1150 700 mutabilia),
1174 667 1315 694 recordata
1330 672 1372 694 est
1385 667 1509 702 protinus
1521 667 1562 694 sui
1579 667 1607 693 in
1621 673 1683 693 eum
1702 673 1775 692 amo~

987 713 1025 740 ris
1038 718 1064 740 et
1083 714 1198 748 peccati,
1211 718 1247 745 et,
1263 714 1310 741 Hei
1319 714 1396 747 mihi,
1411 722 1427 741 ο
1439 715 1545 745 marite,
1558 713 1625 740 ﬂens
1637 717 1664 739 et
1680 712 1776 740 humili

987 766 1055 786 voce
1073 759 1152 791 dixit,
1184 759 1217 786 ad
1232 765 1349 794 quantos
1378 767 1422 786 me
1457 760 1565 786 loborcs
1588 759 1695 790 tradidi,
1713 758 1776 784 dum

988 805 1042 832 mei
1063 805 1090 831 in
1107 809 1132 832 te
1146 805 1235 832 delicti
1249 813 1342 840 qurere
1355 806 1529 839 medicinam,
1547 809 1574 832 et
1589 805 1686 832 studeo
1708 803 1777 830 mul-

990 850 1024 877 tis
1035 851 1100 877 illud
1117 850 1209 878 delere
1221 851 1366 886 lacrymisl
1385 850 1416 878 Et
1430 859 1492 878 cum
1509 851 1534 878 ei
1549 850 1644 877 fuisset
1653 857 1777 884 propvus,

990 899 1017 922 et
1034 896 1071 927 ei,
1087 895 1176 927 Salve,
1193 896 1315 927 dixisset,
1329 903 1409 930 quam
1419 896 1536 929 primum
1564 894 1707 930 praeteriit.
1733 893 1778 921 ille

989 947 1080 969 autent
1096 949 1156 968 eam
1171 950 1281 977 quoque
1294 942 1376 968 simili
1394 950 1461 969 voce
1477 942 1647 969 resalutavit.
1672 941 1778 967 Prme-

989 987 1036 1013 riit
1049 992 1141 1014 autem
1172 988 1256 1014 veluti
1283 987 1385 1014 oblitus
1406 995 1501 1014 eorum
1525 995 1586 1022 qua:
1617 987 1643 1014 ei
1674 987 1779 1014 dixerat

990 1034 1111 1068 angelus,
1127 1035 1211 1068 utqui
1222 1033 1314 1069 figura:
1327 1035 1479 1061 mutatione
1493 1038 1520 1061 et
1535 1034 1627 1061 vultus
1656 1033 1779 1061 dissimi-

991 1079 1222 1107 litudineluisset
1256 1080 1369 1107 omnino
1403 1080 1546 1114 dcceptus.

1027 1185 1083 1214 VII.
1102 1185 1186 1213 Multa
1204 1186 1295 1220 itaque
1316 1184 1434 1213 afflictus
1452 1185 1535 1212 animi
1558 1185 1731 1221 aegritudine,
1753 1192 1781 1214 ut

992 1233 1036 1268 qui
1047 1233 1193 1259 frustratus
1207 1232 1302 1259 fuisset
1312 1232 1493 1266 promissione
1504 1241 1510 1258 :
1521 1232 1576 1258 Cur
1585 1240 1637 1265 me,
1656 1231 1782 1265 Domine,

993 1280 1156 1313 despiciens.
1171 1279 1290 1310 dicebat.
1309 1287 1364 1306 non
1378 1279 1515 1305 deduxiin
1532 1278 1565 1305 ad
1587 1279 1667 1305 finem
1681 1287 1712 1305 ea
1723 1286 1783 1313 quae

993 1326 1127 1360 promissa
1149 1326 1279 1352 fuerant?
1293 1325 1346 1352 Sed
1362 1333 1458 1353 rursus
1474 1325 1607 1352 accedens
1631 1325 1665 1357 is,
1682 1325 1729 1360 qui
1758 1326 1783 1352 ei

994 1376 1178 1406 apparuerat:
1195 1371 1255 1398 Non
1283 1371 1358 1398 fuisti
1377 1372 1518 1406 decsptus.
1536 1371 1615 1398 dixit.
1644 1371 1711 1398 Nam
1737 1372 1783 1406 qui

997 1420 1043 1446 tibi
1060 1419 1146 1454 pridie
1158 1419 1278 1446 occurrit
1293 1418 1453 1449 monachus,
1464 1422 1491 1446 et
1504 1418 1570 1444 dixit
1584 1417 1642 1450 tibi,
1659 1417 1750 1448 Salve,
1762 1417 1785 1444 is

997 1468 1054 1502 ipse
1065 1472 1122 1493 erat
1134 1466 1178 1493 illa
1190 1471 1234 1492 tua
1249 1466 1359 1500 conjux,
1376 1473 1436 1501 qua:
1451 1473 1464 1491 a
1473 1470 1499 1492 te
1509 1465 1629 1492 studiose
1640 1465 1782 1500 quieritur.

997 1513 1030 1540 Et
1045 1514 1084 1540 sic
1095 1514 1204 1548 quidem
1220 1513 1308 1540 soluta
1323 1513 1348 1539 ei
1372 1513 1425 1539 fuit
1439 1512 1570 1547 suspicio,
1595 1512 1667 1547 quod
1692 1519 1723 1538 ea
1751 1512 1784 1538 ad

997 1560 1115 1586 alterum
1129 1561 1216 1586 virum
1237 1567 1292 1586 non
1304 1560 1466 1587 accessisset
1484 1568 1490 1586 :
1518 1559 1592 1593 quod
1615 1559 1725 1594 quidem
1749 1560 1785 1586 si-

997 1604 1141 1639 gnificabat
1157 1605 1272 1631 amictus
1285 1605 1499 1632 monasticarum
1516 1605 1643 1631 vestium.
1675 1604 1719 1631 llle
1747 1610 1786 1632 ta-

998 1657 1060 1676 men
1075 1649 1204 1684 deinccps
1220 1651 1346 1678 manebat
1361 1651 1454 1678 dolore
1468 1651 1583 1678 affectus
1601 1656 1627 1678 et
1650 1653 1787 1680 cruciatus

999 1702 1110 1731 propter
1124 1697 1305 1730 privationem
1320 1698 1454 1733 conjugis.
1468 1697 1551 1725 Beata
1571 1703 1662 1725 autem
1694 1698 1787 1726 Theo-

998 1743 1063 1770 dora
1079 1751 1172 1770 amore
1185 1744 1293 1771 Domini
1318 1746 1404 1780 magis
1434 1753 1560 1778 accensa,
1593 1750 1622 1773 ut
1644 1754 1704 1781 quae
1730 1746 1787 1780 jatu

999 1792 1121 1822 gnstarat
1134 1789 1193 1823 ejus
1208 1790 1382 1821 suavitatem,
1406 1794 1434 1816 et
1462 1795 1554 1825 parata
1584 1796 1644 1818 erat
1670 1792 1787 1826 seipsam

1000 1834 1028 1860 in
1044 1835 1146 1869 majora
1165 1835 1303 1869 conjicere
1315 1836 1476 1868 certamina,
1494 1842 1521 1863 et
1534 1838 1619 1864 semel
1634 1838 1661 1864 in
1682 1838 1727 1865 dic
1740 1846 1787 1865 co-

1000 1880 1125 1914 medens,
1144 1888 1244 1914 corpus
1265 1881 1416 1916 castigabat
1432 1891 1439 1914 ;
1453 1879 1552 1909 deinde
1565 1883 1697 1918 adjicicns
1711 1884 1789 1911 labo-

1001 1927 1087 1958 ribus,
1109 1927 1228 1953 secundo
1241 1935 1349 1961 quoque
1366 1928 1409 1954 die
1424 1929 1515 1954 cibum
1546 1930 1691 1962 sumebat;
1708 1936 1735 1958 ct
1750 1931 1789 1957 sic

1001 1972 1131 2007 paulatim
1144 1973 1305 2008 aggrediens
1323 1973 1407 2008 magis
1423 1974 1568 2007 laboriosa,
1595 1983 1656 2001 cum
1689 1984 1787 2010 pcrve-

1002 2021 1087 2047 uisset
1102 2020 1136 2047 ad
1151 2020 1272 2047 habitum
1293 2028 1406 2047 summa:
1419 2011 1602 2054 abstinentiae,
1614 2026 1705 2048 monet
1731 2029 1791 2049 mo-

1003 2067 1118 2099 nachos,
1130 2067 1175 2102 qui
1188 2074 1250 2094 cum
1260 2074 1292 2094 ea
1325 2067 1535 2100 exercebantur,
1562 2073 1592 2094 ut
1618 2075 1633 2094 a
1660 2068 1790 2103 praefecto

1003 2117 1130 2148 peterent
1143 2113 1167 2140 ei
1185 2113 1315 2148 permitti,
1332 2118 1362 2141 ut
1377 2114 1468 2141 cibum
1481 2114 1566 2142 semel
1580 2119 1684 2142 tantum
1697 2123 1791 2143 sume-

1003 2164 1045 2187 ret
1062 2159 1090 2186 in
1105 2159 1289 2187 hebdomada.
1307 2159 1361 2188 Sed
1378 2168 1441 2188 eum
1467 2161 1494 2188 id
1520 2169 1629 2196 quoque
1652 2165 1736 2194 esset,
1762 2167 1792 2189 ut

167 2193 216 2230 τῆς
229 2195 346 2230 τροφῆς.
355 2193 436 2220 Ἀλλὰ
452 2194 500 2220 καὶ
512 2193 609 2220 τούτου
623 2195 693 2221 κατὰ
701 2195 815 2232 γνώμην
831 2197 944 2232 τυχοῦσα

1003 2207 1120 2241 volebat,
1136 2214 1293 2241 consecuta,
1309 2208 1343 2236 ad
1372 2208 1485 2235 alteram
1500 2209 1605 2243 aspexit
1621 2193 1792 2243 petitionem,

168 2241 235 2275 πρὸς
248 2240 345 2274 ἑτέραν
377 2239 472 2266 ἁπιῖδι
497 2239 600 2274 δέησιν,
644 2242 777 2277 τριχίνοις
803 2241 952 2277 ἑνδὺμασιν

168 2285 311 2321 ἔπιτρίψαι
325 2285 356 2311 τὸ
371 2285 462 2320 σῶμα,
471 2285 567 2320 ὥσπερ
577 2287 737 2322 ἀμυνομένη
749 2287 798 2322 τὴν
811 2288 953 2322 πλήξασαν

169 2332 275 2367 ἡδονήν.
303 2331 386 2358 οὔπω
413 2331 468 2368 γὰρ
500 2331 561 2358 οὐδὲ
588 2333 660 2367 μετὰ
671 2333 818 2364 τοσούτους
845 2334 954 2368 ἀγῶνας

169 2378 254 2413 λήθην
286 2377 405 2412 ¹ὴδὺνατο
419 2377 471 2413 τῆς
499 2378 607 2413 πληγῆς
633 2378 743 2414 ἐκείνης
759 2379 861 2411 λαϐεῖν,
890 2380 954 2407 ἀλλ’

170 2423 277 2458 ῑμεινιν
291 2423 336 2450 ἀεὶ
353 2424 386 2459 τῇ
401 2423 546 2459 προσθήκῃ
566 2424 621 2450 τῶν
636 2425 786 2457 ἐπιπόνων,
797 2425 841 2451 τὸν
858 2425 955 2461 βεὸλη-

171 2469 238 2497 κὸτα
268 2469 414 2504 βάλλουσα,
445 2469 492 2496 καὶ
519 2469 609 2504 πολλῴ
626 2469 738 2504 μείζονα
753 2470 803 2506 τὴν
822 2470 954 2505 αἰσχύνην

170 2513 203 2550 ἧς
234 2516 306 2550 αὑτὴ
331 2515 468 2542 πέπονθεν
495 2515 594 2551 ἐκείνῳ
625 2516 809 2551 περιτιθεῖσα,
831 2517 954 2552 γυνὴτον

171 2563 218 2587 καὶ
234 2562 358 2592 πολλοὺς1
372 2562 523 2597 νικήσαντα
547 2562 602 2588 τῶν
620 2561 726 2596 ἀνδρῶν
739 2564 786 2588 καὶ
801 2562 892 2598 σάρκα
908 2571 969 2597 φοι

173 2607 258 2641 ροῦσα
282 2607 328 2634 τὸν
341 2607 487 2642 ἀσώματον
503 2608 690 2644 τροπουμένη.

207 2678 250 2704 Η’.
267 2677 327 2704 ’Ἰνα
346 2677 374 2703 δὲ
390 2678 438 2704 καὶ
452 2678 465 2704 ὁ
481 2677 565 2709 πολὺς
586 2678 615 2705 ἐν
639 2679 710 2705 ἐλέει
734 2679 801 2712 Θεὸς
826 2679 955 2715 δοξασθῇ,

175 2722 220 2749 καὶ
248 2724 266 2758 ἡ
293 2723 402 2758 ἐκείνης
437 2723 656 2759 ἁξιοθαύμαστος
696 2725 791 2760 ἀγωγή
818 2726 957 2762 γνώριμος

176 2770 308 2804 καταστῇ,
334 2769 584 2804 θαυματουργείταί
612 2779 639 2797 τι
657 2771 778 2798 τοιοῦτον
801 2772 881 2806 λόγου
910 2774 957 2800 καὶ

177 2816 286 2850 μνήμης
312 2815 398 2848 ἄξιον.
428 2816 519 2852 Δίμνη
543 2817 592 2851 τῆς
620 2818 703 2851 μονῆς
719 2819 839 2854 ὑπῆρχεν
862 2821 956 2854 ἐγγύς·

178 2861 266 2898 ταύτῃ
287 2862 462 2898 κροκόδειλος
477 2862 686 2899 ὲμφιλοχωρῶν,
710 2861 731 2898 ᾧ
752 2864 785 2891 ἂν
803 2865 909 2901 ἐντύχοι
925 2869 958 2901 τῇ

1005 2261 1104 2290 nempe
1114 2258 1144 2281 ut
1157 2261 1258 2288 corpus
1274 2259 1429 2282 contereret
1442 2254 1543 2286 cilicio,
1556 2255 1639 2282 veluti
1658 2255 1793 2282 ulciscens

1006 2309 1078 2333 eam,
1108 2308 1170 2335 quae
1204 2302 1289 2335 ipsam
1311 2301 1456 2333 sauciarat,
1472 2302 1649 2336 voluptatem.
1665 2301 1791 2328 Nondum

1007 2349 1080 2375 enim
1095 2354 1147 2374 nec
1162 2352 1223 2382 post
1240 2351 1294 2373 tam
1315 2347 1399 2373 multa
1414 2347 1525 2381 quidem
1543 2348 1694 2375 certamina
1712 2353 1792 2382 pote-

1007 2398 1049 2420 rat
1060 2401 1118 2420 eam
1130 2400 1228 2427 capere
1243 2392 1343 2420 oblivio
1357 2392 1429 2419 illius
1443 2392 1538 2428 plagae,
1551 2393 1597 2420 sed
1609 2400 1718 2427 semper
1732 2401 1794 2427 per-

1010 2440 1100 2476 gebat,
1114 2439 1269 2473 adjiciendo
1283 2439 1402 2470 labores,
1419 2439 1503 2466 ferire
1516 2447 1578 2466 cum
1593 2439 1638 2473 qui
1654 2446 1794 2474 percusse-

1008 2490 1060 2518 rat,
1077 2491 1103 2512 et
1120 2485 1145 2512 ei
1161 2485 1291 2520 majorem
1315 2484 1426 2511 inurere
1460 2485 1637 2519 ignominiam
1657 2491 1690 2510 ea
1712 2491 1793 2518 quam

1008 2541 1087 2569 passa
1108 2533 1205 2565 fuerat,
1221 2532 1321 2559 femina
1337 2539 1399 2559 eum
1415 2531 1461 2564 qui
1477 2532 1577 2558 multos
1591 2531 1665 2558 viros
1679 2531 1792 2562 vicerat,

1008 2588 1035 2610 ct
1049 2589 1159 2610 carnem
1174 2585 1296 2617 gestans,
1312 2588 1374 2608 cum
1389 2579 1508 2607 fundens
1528 2586 1561 2606 ac
1579 2577 1736 2614 proﬂigans,
1746 2577 1793 2611 qui

1008 2635 1068 2658 erat
1084 2630 1271 2663 iucorporeus.

1045 2677 1110 2704 \‘lll.
1137 2675 1173 2702 Ut
1200 2679 1292 2702 autem
1321 2674 1517 2710 glorificaretur
1555 2671 1639 2704 Deus,
1672 2671 1718 2707 qui
1752 2675 1794 2699 est

1009 2731 1124 2760 magnus
1145 2727 1172 2750 et
1193 2721 1319 2756 copiosus
1345 2721 1372 2747 in
1401 2719 1598 2750 misericordia,
1631 2722 1659 2746 et
1692 2725 1792 2753 cogno~

1009 2777 1130 2800 scerctur
1145 2769 1219 2798 illius
1238 2768 1293 2796 vita
1308 2767 1485 2799 admirabilis,
1501 2766 1530 2794 tit
1551 2767 1605 2794 tale
1625 2765 1794 2796 miraculum,

1011 2820 1120 2855 dignum
1143 2817 1215 2852 quod
1247 2816 1384 2843 scribatur
1407 2819 1435 2842 et
1469 2814 1613 2842 mandetur
1646 2812 1794 2840 memoria.

1015 2866 1079 2894 Erat
1113 2865 1221 2900 quidam
1251 2863 1326 2890 lacus
1361 2869 1446 2897 prope
1476 2862 1683 2890 monasterium.
1707 2862 1735 2889 In
1761 2870 1795 2889 eo
