2034 3152
238 166 294 198 675

855 164 996 195 MENSIS
1017 164 1255 194 SEPTEMBER.

1811 165 1866 198 676

242 225 370 253 habitans
405 223 571 256 crocodilus,
608 223 636 251 in
664 230 855 259 quemcunque
888 223 1025 251 incidissel

1082 223 1166 259 λίμνῃ
1191 222 1394 259 παραϐάλλοντι
1417 223 1555 259 ἀθορώπῳ
1588 223 1605 258 ἢ
1636 224 1741 258 κτήνει,
1772 226 1868 260 μικρῷ

241 272 380 298 hominem
404 270 446 297 vel
472 270 599 301 bestiam,
626 277 674 298 seu
693 277 803 304 parvam
822 277 871 297 seu
889 277 1025 305 magnam,

240 325 300 344 eam
331 316 455 352 protinus
486 315 632 343 exedebat.
670 316 706 343 lis
738 316 840 351 itaque,
868 316 914 351 qui
943 316 971 343 in
995 323 1027 342 ca

239 364 350 399 regione
375 363 544 395 habitabant,
571 369 631 391 erat
655 364 756 391 malum
795 365 863 391 adeo
895 364 1025 394 terribile,

241 414 270 438 ut
296 411 354 445 ipse
381 410 525 444 praefectus
551 409 762 444 civitatis(erat
789 414 881 437 autem
913 409 957 436 hic
982 410 1026 437 ille

239 455 409 490 Gregorius,
455 462 535 490 quem
578 463 638 489 quae
685 455 826 490 praecessit
865 455 1026 491 significavit

239 501 388 535 oratio)in
405 508 437 526 eo
456 500 515 529 loco
541 501 668 528 statuerit
697 501 798 529 milites
829 501 862 528 ad
895 501 1025 529 arcendos

238 553 286 573 eos
322 545 368 580 qui
403 545 463 573 illac
493 545 654 573 transibant.
689 545 757 572 Cum
798 553 863 580 ergo
901 546 1025 573 scivisset

239 591 383 626 praefectus
395 590 563 622 monasterii,
573 591 660 626 qualis
673 595 745 618 esset
758 591 811 618 vita
823 591 980 622 Theodorae.
997 596 1026 619 et

237 637 310 671 quod
342 643 427 671 prope
456 635 576 663 conferri
607 641 699 670 posset
725 644 787 663 cum
812 636 879 670 ipsis
908 636 1022 670 angelis,

239 686 267 708 ct
285 681 359 715 quod
388 689 442 707 non
469 685 542 708 esset
571 688 670 715 expers
702 681 801 708 divina:
834 681 940 716 gratiae,
964 689 1024 709 eam

237 729 380 756 accersivit
397 733 425 756 et
446 728 471 755 ei
485 728 572 756 dixit:
589 727 650 761 Fili,
668 727 819 761 Theodore,
838 728 900 756 tolle
917 736 1024 761 urnam,

237 779 266 801 et
291 782 409 809 propera
429 774 508 801 nobis
530 781 628 809 aquam
645 774 744 802 all‘erre
761 782 794 802 ex
815 774 867 802 hoc
885 775 954 802 lacu.
975 775 1021 802 Illa

239 825 330 847 autem
350 828 383 847 ex
398 821 550 855 apostolico
575 825 712 856 przecepto
731 821 822 849 sciens
845 829 906 849 esse
922 830 1023 856 paren-

237 867 302 894 dum
327 867 361 894 iis
376 868 420 901 qui
438 872 567 902 praesunt,
592 867 714 902 implevit
731 868 803 902 quod
823 868 900 902 jussa
922 868 1021 895 fuerat.

239 914 270 942 Et
282 914 374 942 multis
388 914 547 949 jubentibtts
560 914 634 942 illam
649 922 665 942 e
684 915 744 942 loco
759 915 902 947 excedere,
925 915 947 943 si
966 923 1020 942 non

237 968 353 989 mortem
369 966 483 997 cuperet
497 962 680 997 apertissime,
697 962 742 989 illa
767 966 856 989 tamen
879 962 947 990 freta
969 963 1021 990 fide

237 1008 265 1034 in
284 1008 379 1039 Deum,
398 1012 426 1034 et
442 1015 575 1042 peragens
594 1015 663 1043 opus
684 1008 857 1040 obedientiae,
871 1016 933 1044 qua:
947 1009 1023 1036 novit

238 1053 320 1080 vitam
351 1053 510 1084 conciliare,
545 1061 601 1080 non
631 1059 760 1086 mortem,
785 1062 848 1081 cum
880 1054 1023 1091 effugisset

237 1105 334 1125 omnes
359 1098 404 1133 qui
441 1099 590 1131 arcebant,
614 1100 718 1127 accedit
745 1100 777 1127 ad
804 1100 917 1129 locum:
936 1106 964 1128 et
989 1101 1023 1135 (ο

238 1144 408 1171 admirabilia
446 1149 490 1171 tua
532 1152 624 1179 opera,
656 1153 672 1172 ο
706 1145 852 1180 Domine“)
878 1151 1022 1180 conspecta

237 1190 288 1217 fuit
318 1190 382 1217 velii
415 1198 429 1217 a
463 1190 551 1217 bellua
571 1197 621 1224 ;et
645 1199 707 1219 eum
739 1199 838 1227 aquam
876 1193 1022 1226 hausisset,

237 1240 266 1263 et
298 1235 438 1271 implesset
465 1244 513 1263 vas
538 1237 610 1271 quod
638 1242 697 1264 erat
724 1237 750 1264 in
785 1237 922 1273 manibps,
947 1242 1023 1264 vecta

239 1290 335 1309 rursus
356 1283 390 1310 ab
414 1283 458 1310 illa
484 1283 575 1310 bellua
598 1288 676 1311 terra;
704 1284 837 1311 redditur.
866 1283 899 1312 Et
921 1285 961 1311 sic
980 1284 1023 1310 ilia

238 1329 348 1363 quidem
373 1329 400 1356 in
420 1336 492 1356 terra
508 1335 684 1358 conservatur
697 1330 779 1358 illmsa
793 1339 800 1363 ;
818 1330 906 1358 bellua
922 1335 1023 1364 autem,

239 1381 302 1401 cum
348 1379 442 1401 sancta
493 1375 578 1409 ipsam
620 1376 798 1410 increpasset,
835 1375 886 1402 luit
927 1382 1024 1409 poenas

239 1427 334 1447 eorum
372 1429 432 1455 qua:
459 1421 493 1448 ad
526 1421 578 1448 hoc
615 1429 702 1457 usque
729 1427 835 1457 tempus
866 1422 1023 1454 admiserat,

239 1470 267 1493 et
293 1473 326 1493 eo
353 1466 381 1493 in
406 1466 466 1494 loco
496 1468 587 1494 statim
621 1467 744 1495 cernitur
780 1473 898 1495 mortua.
930 1467 1026 1495 Evadit

238 1519 303 1548 ergo
332 1520 377 1540 res
399 1513 461 1540 aliis
497 1521 606 1548 quoque
634 1514 789 1548 manifesta,
822 1519 914 1550 utpote
953 1513 1025 1548 quod

1079 277 1109 295 τε
1122 269 1169 296 καὶ
1186 269 1301 304 μείζονι,
1313 269 1394 296 τοῦτο
1404 269 1514 296 δεῖπνον
1530 269 1612 300 εὐθὺς
1625 269 1758 296 ἐποιεῖτο·
1778 271 1866 302 οὕτως

1078 313 1125 342 οὖν
1138 315 1256 350 κατέστη
1288 316 1344 347 τοῖς
1369 314 1605 350 ὲπιχωριάζουσιν
1628 316 1761 350 ἐπίφοϐον
1774 316 1803 342 τδ
1819 325 1872 342 κα-

1077 362 1134 394 κὸν,
1144 362 1182 394 ὡς
1196 361 1244 388 καὶ
1256 361 1338 388 αὐτὸν
1348 362 1395 388 τὸν
1413 362 1464 396 τῆς
1482 361 1589 392 πόλεως
1604 360 1728 396 ὕπαρχον
1752 363 1870 397 (Γρηγᾰ-

1078 417 1135 443 ριος
1161 409 1190 435 δὲ
1209 405 1287 440 οὗτος
1301 405 1336 443 ἦν
1353 407 1382 434 ὃν
1413 408 1462 434 καὶ
1493 407 1613 443 πρόσθεν
1638 408 1746 442 φθάσας
1758 410 1772 434 ὀ
1790 409 1872 442 λόγος

1076 453 1208 489 ἐδήλωσε)
1230 452 1401 488 στρατιώτας
1420 453 1619 489 ,παρακαθίσαι
1632 453 1671 488 τῷ
1699 454 1784 488 τόπῳ,
1811 455 1870 489 εἰρ-

1076 507 1135 534 γειν
1149 500 1213 531 τοὺς
1227 499 1261 526 δι’
1289 499 1399 534 ἐκείνης
1426 499 1579 530 ὁδεύοντας.
1614 498 1700 530 Εἰδὼς
1719 498 1766 526 οὖν
1781 501 1795 525 ὁ
1817 499 1871 533 τῆς

1077 547 1162 582 μονῆς
1179 546 1332 582 προεστὼς,
1348 543 1406 577 οἷος
1422 543 1457 580 ἦν
1472 547 1486 572 ὀ
1500 545 1551 580 τῆς
1565 546 1709 580 Θεοδώρας
1729 546 1797 581 βίος,
1821 548 1870 573 καὶ

1075 592 1112 623 ὡς
1127 591 1228 626 μικροῦ
1251 592 1301 619 καὶ
1329 592 1458 626 ἀγγέλοις
1483 591 1578 623 αὐτοῖς
1597 591 1798 628 ἁμιλλώμενος,
1821 594 1871 619 καὶ

1076 636 1125 669 ὡς,
1138 637 1189 663 οὐκ
1206 636 1240 663 ἂν
1256 637 1301 671 εἴη
1338 638 1386 662 καὶ
1400 633 1513 672 χάριτος
1547 636 1624 667 θείας
1657 635 1727 670 αὕτη
1741 637 1869 672 ἄμοιρος,

1076 683 1250 719 μετακλητον
1264 684 1350 718 αὐτὴν
1363 683 1559 718 ποιησάμενος,
1576 683 1632 709 Τέκ
1648 691 1688 714 ον,
1706 681 1785 714 εἶπε,
1800 683 1870 709 Θεό-

1074 731 1156 765 δωρε,
1179 730 1211 756 τὸ
1239 731 1373 765 κεράμιον
1404 729 1487 765 ἄρας,
1505 728 1578 764 ὕδωρ
1591 730 1658 763 ἡμῖν
1679 729 1735 755 ἀπὸ
1751 728 1801 763 τῆς
1816 727 1870 755 ὦδε

1075 776 1174 812 λίμνης
1203 776 1317 811 ὲπείχθη
1341 784 1367 802 τι
1396 776 1522 809 ἀγαγεῖν.
1542 775 1576 801 'H
1599 775 1628 801 δὲ
1646 775 1788 801 πείθεσθαι
1808 776 1871 807 τοῖς

1075 824 1237 858 ἡγουμένοις
1248 824 1432 859 ἀποστολικὴν
1447 823 1538 850 εἰδυῖα
1556 823 1729 858 παραίνεσιν,
1746 823 1869 857 ἐπλήρου

1074 871 1104 898 τὸ
1124 871 1282 902 κελευσθὲν,
1301 871 1349 897 καὶ
1365 871 1473 896 πολλῶν
1490 869 1577 904 αὐτὴν
1609 870 1744 904 ἐκχωρεῖν
1759 869 1806 895 τοῦ
1823 868 1867 894 τό·

1074 925 1126 943 που
1151 917 1395 952 διακελευομένων,
1412 917 1436 942 ει
1463 916 1499 952 μὴ
1527 915 1632 950 θανατᾷ
1665 915 1867 950 προδηλότατα,

1073 963 1166 998 ἐκείνη
1195 963 1286 990 πίστει
1304 965 1337 999 τῇ
1354 964 1395 994 εἰς
1432 963 1499 989 Θεὸν
1517 962 1659 998 θαρροῦσα
1674 962 1722 988 καὶ
1737 958 1866 996 ὑπακοῆς

1073 1009 1153 1044 ἔργον
1175 1008 1306 1041 ἀνύουσα,
1323 1009 1339 1044 ἢ
1355 1008 1428 1044 ζωὴν
1448 1008 1550 1042 μᾶλλον
1560 1005 1642 1039 οἶδεν,
1659 1007 1722 1040 οὐχὶ
1736 1005 1868 1036 θάνατον,

1074 1055 1227 1090 προξενεῖν,
1243 1055 1348 1086 πάντας
1366 1053 1435 1089 ὁμοῦ
1448 1053 1622 1088 διαφυγοῦσα
1636 1054 1700 1083 τοὺς
1711 1053 1868 1087 εἴργοντας,

1073 1103 1107 1137 τῇ
1121 1102 1203 1136 λίμνῃ
1220 1101 1400 1136 προσῦόιλλει,
1418 1101 1476 1134 καὶ,
1493 1100 1517 1126 ὣ
1530 1102 1585 1126 τῶν
1598 1100 1758 1133 παραδόξων
1774 1099 1869 1133 ἔργων

1075 1157 1134 1180 σου,
1148 1148 1233 1183 Κύριε
1247 1149 1253 1174 l
1271 1149 1363 1175 ἐπάνω
1373 1147 1421 1174 τοῦ
1434 1147 1528 1182 θηρὸς,
1544 1147 1647 1181 ἑωρᾶτο
1664 1145 1868 1181 βασταζομένη,

1075 1195 1257 1232 ὰῤῥυοαμένη
1270 1203 1300 1220 τε
1333 1194 1406 1229 ὕδωρ
1422 1195 1470 1221 καὶ
1485 1194 1516 1220 τὸ
1533 1194 1561 1219 ἐν
1576 1193 1671 1228 χερσὶν
1692 1192 1777 1225 ἄγγος
1792 1192 1868 1226 πλή-

1076 1251 1157 1274 σασα,
1183 1242 1281 1276 ἔποχος
1305 1241 1387 1269 πάλιν
1416 1240 1462 1266 ὑπ’
1485 1239 1592 1266 ἐκείνου
1610 1239 1642 1273 δὴ
1654 1239 1703 1265 τοῦ
1719 1237 1815 1273 θηρὸς,
1831 1239 1867 1274 τῇ

1075 1289 1146 1325 ξηρᾴ
1163 1289 1355 1324 παραδίδοται.
1379 1287 1434 1314 Καὶ
1448 1287 1534 1318 οὓτως
1566 1286 1659 1321 ἐκείνη
1681 1285 1730 1321 μὲν
1754 1285 1868 1320 ἀπαθὴς

1074 1336 1107 1370 τῇ
1127 1336 1162 1370 γῇ
1178 1334 1341 1366 διασώζεται
1356 1341 1365 1350 ·
1382 1333 1413 1360 τὸ
1427 1333 1456 1360 δὲ
1471 1332 1566 1367 θηρίον
1593 1332 1660 1366 παρ’
1672 1332 1760 1366 αὐτῆς
1775 1331 1868 1357 ἐπιτι-

1077 1381 1163 1416 μηθὲν
1191 1380 1383 1416 εἰσπράττεται
1406 1379 1484 1415 δίκην
1498 1379 1552 1406 τῶν
1574 1379 1655 1414 μέχρι
1673 1378 1733 1404 τότε
1759 1377 1869 1412 τολμη-

1075 1429 1178 1457 θέντων
1184 1428 1269 1462 αὐτῷ,
1280 1427 1327 1454 καὶ
1336 1427 1401 1461 παρ’
1416 1427 1514 1453 αὐτίκα
1525 1425 1563 1460 τῷ
1574 1425 1651 1458 τόπῳ
1666 1423 1749 1450 πεσὸν
1758 1423 1869 1458 ἑωρᾶτο

1075 1475 1171 1509 νεκρόν
1186 1481 1195 1488 ⁸
1223 1474 1330 1508 γίνεται
1362 1470 1408 1499 οὖν
1430 1472 1461 1498 τὸ
1479 1473 1595 1506 πρᾶγμα
1625 1470 1673 1496 καὶ
1699 1470 1756 1500 τοῖς
1773 1469 1868 1500 dum;

1076 1521 1212 1556 ἐπίδηλον,
1228 1520 1276 1547 ἅτε
1290 1519 1346 1545 τῶν
1361 1518 1512 1553 ὀφθαλμοῖς
1528 1516 1610 1543 τοῦτο
1635 1515 1867 1551 παραλαὸόντων,

238 1559 285 1594 qui
311 1559 499 1595 percepissent
522 1561 621 1592 oculis,
646 1568 705 1588 eam
729 1561 876 1588 multorum
912 1561 1024 1588 auribus

1077 1567 1181 1594 πολλῶν
1195 1567 1292 1597 ἀκοαῖς
1306 1564 1474 1600 χαρίσασθαι
1488 1562 1687 1598 βουληθέντων,
1701 1561 1748 1588 καὶ
1759 1561 1870 1592 πάντας

239 1605 346 1633 tradere
384 1606 545 1633 voluerint:
577 1611 604 1633 et
642 1610 787 1642 propterea
831 1606 888 1634 Dco
925 1614 1023 1635 omnes

239 1656 353 1686 egerunt
375 1652 487 1686 gratias.

274 1697 320 1725 ΙΧ.
344 1698 409 1725 Erat
437 1702 529 1725 autem
559 1698 604 1725 hic
639 1705 749 1732 quoque
777 1697 878 1725 invidia
905 1696 1023 1731 factura,

239 1751 300 1779 quae
334 1744 360 1770 ei
397 1744 575 1777 conveniunt,
623 1747 650 1770 et
694 1745 755 1778 ejus
803 1748 867 1770 sunt
905 1743 1024 1779 propria.

239 1790 355 1823 Quidam
393 1791 468 1817 enim
503 1797 536 1817 ex
567 1789 710 1817 monachis
732 1789 832 1825 (nemo
866 1794 908 1816 est
940 1788 1024 1820 enim,

240 1835 285 1871 qui
323 1843 379 1863 non
407 1839 553 1871 appetatur
583 1835 688 1862 inimici
725 1834 848 1870 insidiis)
871 1835 1026 1862 invidentia:

239 1881 359 1908 stimulis
384 1881 442 1914 icti,
474 1881 556 1916 qmod
583 1881 707 1908 riderent
734 1881 842 1908 beatam
871 1881 966 1908 venire
992 1881 1026 1908 ad

239 1934 377 1954 summum
402 1927 522 1960 virtutis,
549 1926 684 1955 insciente
707 1927 846 1962 praefecto,
871 1935 932 1954 eam
959 1927 1026 1955 mit-

239 1977 302 2000 tunt
325 1973 354 2000 in
378 1973 516 2008 quoddam
538 1973 634 2009 procul
659 1978 793 2000 remotum
818 1972 1024 2004 monasterium,

240 2020 379 2047 tradentes
404 2019 430 2047 ei
458 2019 612 2054 epistolam,
643 2020 735 2054 specie
760 2019 883 2053 quidem,
914 2023 942 2046 ut
966 2026 1026 2054 quae

240 2066 355 2092 haberet
371 2065 472 2100 aliquid
487 2066 560 2100 quod
576 2070 695 2100 urgeret,
708 2069 736 2093 et
760 2065 912 2100 postularet
928 2065 1026 2092 celeri-

241 2114 324 2137 tatem
341 2119 348 2142 ;
366 2118 461 2138 revera
484 2115 573 2137 autem
590 2111 627 2137 ita
647 2116 756 2138 structae
779 2111 888 2137 fuerant
910 2110 1026 2143 insidiae,

240 2156 369 2190 quoniam
411 2156 463 2183 hoc
503 2159 586 2183 noctu
625 2156 716 2188 ﬁebat,
751 2162 781 2183 ut
810 2157 986 2183 devoraretur
1011 2163 1027 2183 a

242 2202 347 2230 bestiis.
385 2201 449 2229 Erat
481 2203 555 2229 enim
588 2202 632 2229 illa
662 2203 706 2229 via
738 2203 855 2233 deserta,
878 2207 905 2229 et
924 2203 952 2228 in
974 2210 1027 2237 qua

241 2248 307 2275 solm
335 2248 479 2276 alebantur
507 2248 581 2275 ferae.
616 2247 668 2275 Sed
702 2247 802 2275 frustra
834 2248 883 2274 has
915 2247 1027 2274 insidias

241 2294 352 2321 molitus
384 2299 427 2322 est
455 2294 637 2327 adversarius,
661 2298 688 2321 et
714 2302 794 2322 secus
824 2294 918 2321 evenit
946 2302 1028 2329 quam

241 2341 299 2375 ipse
333 2341 551 2369 machinabatur.
579 2342 620 2368 Ad
654 2346 776 2368 sanctam
814 2341 887 2367 enim
922 2340 949 2366 in
985 2340 1027 2367 via

241 2392 378 2414 errantem
410 2388 515 2415 accedit
540 2387 663 2422 quaedam
694 2388 792 2418 bestia.
819 2386 903 2422 fitque
926 2387 949 2414 ei
974 2386 1028 2413 dux

242 2433 293 2460 viae
319 2441 374 2460 non
399 2433 490 2467 fallax,
517 2434 603 2461 donec
640 2441 699 2460 eam
733 2433 845 2461 deduxit
870 2432 904 2459 ad
934 2440 1029 2459 mona-

242 2479 366 2512 sterium,
393 2480 426 2506 ad
439 2481 510 2514 quod
535 2480 624 2507 fuerat
639 2481 741 2507 missa:
760 2481 815 2506 imo
828 2487 891 2506 vero
906 2487 941 2505 ne
966 2483 1030 2505 tunc

241 2525 350 2559 quidem
394 2526 531 2554 discessit.
557 2525 625 2553 Cum
654 2534 685 2554 ea
716 2526 787 2553 enim
817 2525 948 2560 ingressa,
971 2525 1028 2559 ipsa

242 2578 351 2606 quoque
369 2571 496 2605 introiit;
525 2576 553 2599 et
572 2580 634 2599 cum
658 2572 703 2599 illa
717 2572 821 2603 ivisset.
848 2577 877 2598 ut
902 2570 1029 2605 praefecto

242 2617 370 2645 redderet
385 2617 498 2651 litteras,
520 2619 641 2654 ingressa
666 2623 708 2646 est
733 2619 789 2645 fera
813 2617 845 2644 ad
871 2618 1028 2652 janitorem,

243 2670 361 2698 rumque
377 2671 438 2690 mox
457 2669 516 2691 erat
532 2664 713 2698 discerptura,
729 2664 783 2690 nisi
799 2663 844 2690 ille
864 2663 1028 2693 clamasset;

242 2713 270 2735 et
299 2716 361 2736 cum
385 2715 425 2735 ex-
446 2708 567 2736 clamore
595 2716 726 2736 conversa
754 2709 834 2735 beata
856 2707 1030 2741 cognovisset

242 2754 371 2789 quisnam
400 2759 474 2782 esset
499 2754 643 2787 tumultus,
667 2754 782 2782 oﬂ'endit
807 2752 953 2786 virum,qui
974 2753 1028 2787 jam

242 2800 410 2828 exedebatur
424 2807 439 2826 a
457 2800 558 2828 bestia.
577 2800 623 2827 Illa
640 2807 706 2836 ergo
729 2799 833 2831 statim,
851 2797 1023 2833 apprehenso

281 2902 291 2918 ⁶
304 2900 377 2928 Psal.
392 2908 484 2932 suis.
498 2902 527 2931 ϐ.

1075 1614 1131 1650 εἶχε
1149 1613 1215 1645 Θεὸς
1228 1613 1262 1639 δι’
1273 1613 1380 1647 ἐκείνης
1403 1609 1632 1646 εὐχαριστοῦντας
1643 1608 1729 1643 αὐτῷ.

1110 1692 1149 1719 Θ¹.
1165 1692 1212 1718 Δεῖ
1229 1691 1279 1718 κάν
1296 1690 1382 1725 τούτῳ
1404 1690 1439 1717 τὰ
1468 1691 1557 1716 οίκεῖα
1573 1690 1587 1716 ὁ
1607 1689 1705 1724 φθόνος
1728 1688 1870 1715 ἐνδείκνυ-

1077 1738 1150 1765 σθαι.
1175 1738 1253 1768 Τινὲς
1273 1737 1327 1772 γὰρ
1345 1737 1399 1763 τῶν
1428 1736 1554 1772 μοναχῶν
1581 1735 1655 1770 (ἐπεὶ
1679 1735 1776 1770 μηδεὶς
1803 1735 1867 1765 ταῖς

1075 1783 1219 1818 ὲπηρείαις
1235 1779 1385 1817 ἀχείρωτος
1400 1781 1448 1809 τοῦ
1465 1780 1588 1816 ἐχθροῦ),
1598 1780 1749 1815 βασκανίας
1758 1780 1869 1815 κέντρῳ

1076 1829 1233 1865 βληθέντες,
1249 1826 1290 1860 οἷς
1303 1828 1397 1864 ἐώρων
1407 1829 1458 1862 τὴν
1472 1827 1613 1862 μακαρίαν
1629 1828 1669 1858 εἰς
1687 1827 1774 1861 ἄκρον
1801 1827 1870 1861 ἀρε-

1076 1876 1126 1911 τῆς
1139 1875 1262 1910 ἥκουσαν
1275 1895 1282 1907 ,
1302 1874 1390 1908 λάθρα
1415 1874 1466 1908 τῆς
1481 1872 1528 1900 τοῦ
1549 1873 1723 1907 προεστῶτος
1740 1872 1867 1907 γνώμης,

1076 1922 1116 1952 είς
1128 1921 1157 1947 ἓν
1172 1929 1198 1946 τι
1226 1920 1280 1947 τῶν
1296 1919 1407 1954 μακρὰν
1430 1919 1608 1954 ἀσκητηρίων
1634 1918 1738 1952 ταύτην
1751 1918 1862 1951 ἐκπὲμς

1076 1975 1183 1997 πουσιν,
1212 1965 1360 2001 ἐπιστολὴν
1391 1965 1604 2000 ὲγχείριζοντες,
1637 1965 1669 1990 τὸ
1702 1964 1869 1998 φαινόμενον

1077 2014 1139 2049 μὲν,
1160 2014 1231 2040 ὥστε
1263 2014 1317 2039 τῶν
1341 2012 1513 2046 ἐπειγόντων
1535 2011 1664 2045 ἔχουσαν,
1697 2011 1744 2036 καὶ
1770 2011 1868 2042 τέλους

1076 2061 1203 2095 δεόμενον
1222 2059 1364 2094 ὀξυτέρου,
1381 2058 1412 2085 τὸ
1428 2058 1456 2084 δὲ
1469 2057 1570 2093 ἀληθὲς
1596 2057 1714 2092 συσκειὴ
1735 2054 1780 2092 ἦν,
1803 2057 1869 2082 ἐπεὶ

1077 2105 1125 2132 καὶ
1153 2106 1251 2136 νυκτὸς
1276 2104 1477 2139 διεπράττετο,
1527 2102 1698 2137 κατάφρωνα
1736 2101 1868 2135 γενέσθαι

1079 2151 1199 2187 θηρίων
1218 2151 1320 2186 ἕρημος
1347 2151 1442 2189 ’γὰρὴ
1469 2149 1528 2181 ὁδὸς
1556 2149 1650 2185 ἐκείνη
1681 2149 1729 2176 καὶ
1763 2148 1868 2183 θηρίων

1080 2198 1168 2233 μόνων
1208 2198 1318 2233 τροῳός.
1371 2197 1440 2224 Ἀλλ’
1482 2198 1522 2228 εἰς
1563 2197 1653 2231 μάτην
1684 2196 1700 2230 ή
1735 2195 1869 2230 ἐπιϐουλὴ

1080 2245 1118 2280 τῷ
1140 2244 1334 2280 ἀντικειμένῳ,
1360 2245 1408 2271 καὶ
1427 2243 1584 2271 τούναντίον
1614 2242 1726 2277 μᾶλλον,
1746 2242 1761 2276 ἦ
1784 2241 1869 2273 αὐτὸς

1079 2291 1247 2327 ὲτεχνάζετο.
1296 2291 1466 2326 Πλανωμένῃ
1488 2290 1541 2325 γὰρ
1562 2289 1625 2316 καθ’
1657 2288 1715 2315 ὁδὸν
1740 2290 1775 2324 τῇ
1805 2289 1869 2323 ὁσία

1079 2336 1262 2372 προσέρχεταέ
1283 2345 1309 2363 τι
1335 2336 1439 2371 θηρίον,
1460 2337 1506 2363 καὶ
1524 2336 1630 2370 γίνεται
1651 2334 1754 2369 ταύτης
1769 2334 1868 2368 όδηγὸς

1078 2384 1200 2420 ἀπλανὴς
1218 2384 1270 2415 ἓως
1284 2383 1359 2417 ἄγων
1374 2385 1407 2418 τῇ
1427 2384 1494 2417 μονῇ
1509 2381 1679 2416 παρέστησε,
1692 2381 1762 2416 πρδς
1779 2380 1813 2414 ἢν
1821 2381 1869 2406 καὶ

1080 2431 1175 2466 ἔτυχεν
1204 2430 1413 2465 ὲκπεμφθεῖσα·
1442 2428 1542 2463 μᾶλλον
1568 2427 1598 2453 δὲ
1627 2427 1686 2453 οὐδὲ
1708 2425 1797 2456 οὕτως
1815 2426 1869 2452 ἁπ-

1082 2478 1149 2512 έστη
1168 2484 1174 2491 ·
1195 2476 1359 2512 εἰσελθούσῃ
1374 2475 1428 2510 γὰρ
1454 2474 1500 2500 καὶ
1516 2473 1582 2499 αὐτὸ
1600 2472 1748 2506 συνεισήει.
1766 2470 1871 2498 Κάκεί-

1085 2531 1129 2557 δης
1146 2522 1213 2557 πρὸς
1227 2521 1258 2548 τὸ
1270 2521 1424 2556 ἐγχειρίσαι
1439 2519 1478 2555 τῷ
1490 2518 1644 2555 προεστῶτι
1657 2518 1706 2553 τὴν
1722 2517 1870 2552 ἐπιστολὴν

1081 2567 1263 2603 ἀπελθούσης,
1279 2568 1292 2594 ὀ
1320 2566 1372 2601 θὴρ
1395 2566 1434 2600 τῷ
1460 2565 1580 2600 πυλωρῷ
1610 2564 1701 2599 ἐπῄει,
1730 2564 1778 2589 καὶ
1805 2563 1870 2588 ὅσον

1081 2613 1158 2640 οὔπω
1181 2613 1299 2648 διασπᾷν
1328 2611 1410 2639 αὑτὸν
1439 2610 1562 2645 ἔμελλεν,
1585 2610 1610 2636 εἰ
1640 2610 1678 2644 μὴ
1718 2607 1870 2642 βοήσαντος

1081 2659 1197 2691 ἐκείνου,
1215 2659 1262 2686 καὶ
1287 2657 1443 2692 συνδρομῆς
1472 2655 1616 2691 γεγονυίας
1634 2654 1840 2688 ὲπιστραφεῖςα
1855 2654 1872 2687 ἡ

1083 2705 1216 2741 μακαρία,
1233 2705 1281 2731 καὶ
1296 2704 1371 2735 ὅστις
1394 2704 1436 2739 εῑη
1448 2704 1462 2729 ὸ
1478 2703 1592 2737 θόρυϐος
1608 2700 1767 2734 διαγνοῠσα,
1783 2707 1871 2725 κατα-

1081 2751 1217 2787 λαμϐάνει
1230 2751 1277 2778 τὸν
1291 2750 1378 2785 ἄνδρα
1391 2749 1492 2785 βρῶσιν
1505 2749 1567 2784 ήδη,
1583 2747 1632 2774 τοῦ
1647 2747 1732 2782 θηρὸς
1756 2746 1871 2780 γινόμε-

1080 2807 1134 2828 νον.
1159 2797 1246 2829 Εὐθὺς
1261 2795 1320 2834 οὖν.
1337 2796 1433 2831 ἐκείνη
1453 2794 1501 2821 τοῦ
1527 2794 1671 2830 φάρυγγος
1688 2791 1770 2819 αὐτοῦ
1805 2792 1870 2827 δρα-
