2034 3152
166 177 215 207 {77

632 173 720 202 VlTA
738 172 770 202 S.
788 170 1004 201 THEODOR/E
1026 169 1323 201 ALEXANDRIN/E.

1711 182 1715 187 '
1731 171 1784 204 δ’ἶὸ

165 230 278 266 suum,
296 229 447 265 διαφθορᾶς
461 228 506 255 τὸν
521 227 665 262 ἄνθρωπον
677 227 856 259 ἀπαλλάττει,
867 226 948 260 ἐλαίῳ

1002 225 1062 260 ejus
1078 229 1197 260 gutture.
1213 225 1301 260 ipsum
1315 224 1412 252 liberat
1423 225 1458 253 ab
1474 224 1596 254 interitu.
1613 227 1680 257 Oieo
1692 234 1784 259 autem

163 278 188 304 δὲ
205 276 397 311 ὐπαλείφουσα
423 277 457 302 τὰ
472 274 608 310 βλαδέντα
631 275 711 309 μέλη,
723 274 770 301 καὶ
788 273 907 308 Χριατοῦ
920 272 949 298 τὺ

162 323 243 356 ὖνομα
270 321 491 357 προσεπᾴδουσα,
521 319 614 346 τοῦτον
642 320 690 354 μὲν
718 319 756 350 ὡς
771 319 800 345 τὸ
817 319 950 353 πρότερον

163 367 225 400 ὑγιᾶ
239 366 425 398 ἀποδείκνυσι,
446 365 476 392 τὸ
488 364 515 391 δὲ
534 364 630 400 θηρίον
645 365 738 390 πεσεῖν
750 373 778 391 τε
800 363 848 390 καὶ
873 363 949 398 διαρ-

163 413 281 448 ραγῆναι
299 412 473 448 παραχρῆμα
484 412 568 437 ποιεῖ.

193 456 223 483 ι’.
240 456 334 483 Ταῦτα
350 456 444 490 ἐκείνη
460 456 510 490 μὲν
521 455 614 481 λαθεῖν
647 454 790 489 ἠϐούλετο,
809 454 858 481 καὶ
872 453 949 480 οὐδὲν

163 502 232 537 μετὰ
255 501 306 536 τὴν
335 500 465 527 ἐπάνοδον
492 501 624 535 ἐφανέρου
655 501 713 531 τοῖς
740 501 868 534 μοναχοίς
883 508 891 516 ο
923 500 948 526 οι

161 547 289 582 τυχόντες
302 547 331 573 δὲ
363 547 413 581 τῆς
430 545 591 580 εὐεργεσίας
608 546 666 581 ἅμα
691 545 766 581 πρωῒ
786 545 949 579 αὐτάγγελοι

160 594 206 621 τοῦ
224 593 395 629 πραχθέντος
419 592 552 627 γίνονται,
570 593 672 627 Εὐχαῖς
688 592 840 628 Θεοδώρου,
857 592 950 627 λέγον-

160 647 221 671 τες,
237 638 360 674 χαλεποῦ
385 639 503 666 θανάτου
526 638 622 674 ῥύεται
636 639 779 674 ἄνθρωπος
795 639 842 666 καὶ
853 638 949 674 θηρίου

160 685 272 720 φάρυγξ
295 685 363 720 ἡμῖν
385 684 541 720 χαρίζεται,
565 685 612 711 τὸν
641 685 681 717 είς
714 684 817 721 βρῶσιν
831 685 882 720 ἤδη
900 683 949 720 λη’

161 731 274 765 φθέντα.
291 729 343 758 Ὦν
354 732 402 758 καὶ
417 732 480 762 τοὺς
495 731 593 766 λόγους
607 732 621 758 ὁ
643 732 785 765 προεστὼς
804 732 850 759 τοῦ
866 741 948 767 φρον-

160 776 303 811 τιστηρίου
333 776 525 811 καταπλαγεὶς
552 776 593 809 τίς
609 777 638 809 ὃς
650 778 741 804 ἐκεῖσε
757 778 852 805 τοῦτον
867 777 949 804 ἀπεί-

162 823 278 850 σταλκεν
291 823 481 858 ἀπορούμενος
492 823 627 858 διηρώτα⁸
639 823 678 855 ὡς
694 824 723 850 δὲ
744 821 816 859 ἦσαν
828 824 948 856 ἅπαντες

159 866 280 902 ἔξαρνοι,
293 867 344 903 τὴν
360 868 504 903 μακαρίαν
517 867 702 904 προσϐλέψας·
721 869 770 901 Τίς
780 867 868 902 οὗτος,
883 869 946 905 ἔφη,

159 913 294 950 Θεόδωρε,
310 913 343 946 ὃς
359 915 409 940 ἐπὶ
422 916 558 950 προφανεῐ
572 915 688 950 κινδύνῳ
696 915 797 951 ἀωρίσε
812 915 866 941 τῶν
883 915 948 942 νύκ-

159 967 213 985 των
225 961 380 995 κατήπειγε
401 960 435 987 τὰ
453 962 544 987 ἔκεῖσε
568 960 752 994 καταλαΰεϊνς
771 961 825 988 Καὶ
836 961 884 988 θέα
903 970 948 997 μοι

158 1005 248 1040 ψυχῆς
279 1005 390 1038 εὐθείας
417 1006 599 1041 ἁνάπλασμα,
630 1007 678 1033 καὶ
707 1007 739 1033 τὸ
773 1008 876 1041 ἄτυφον
893 1007 948 1043 γὰρ

160 1051 243 1086 ἑαυτῇ
257 1051 488 1087 περιποιουμένῃ,
498 1052 547 1078 καὶ
561 1053 618 1084 τοῖς
632 1052 760 1087 ἀδελφοῖς
773 1052 949 1087 φυλάττουσα

159 1097 190 1123 τὸ
207 1097 392 1132 ἀνέγκλητον·
409 1097 516 1133 ’Υπνῳ,
535 1097 623 1131 εἶπεν,
637 1099 696 1125 τότε
710 1100 774 1131 τοὺς
793 1099 949 1134 ὀφθαλμοὺς

160 1143 221 1174 τοὺς
235 1143 310 1169 ἔνδον
324 1151 355 1170 τι
368 1143 414 1170 καὶ
441 1144 505 1176 τοὺς
528 1143 581 1176 ἔξω
597 1144 780 1180 βαρυνομένη,
797 1145 835 1180 μὴ
861 1146 949 1172 εἰπεῖν

161 1188 233 1224 ἔχειν
263 1189 326 1225 ᾱρτι
354 1190 419 1221 τοὺς
448 1190 653 1222 ἀποσταλέντας
672 1190 702 1223 ἔξ
725 1192 877 1226 ὀνόματος”
893 1192 949 1218 διε-

161 1235 257 1269 κρῐετο
272 1235 368 1266 δεινῶς
379 1236 393 1262 δ
416 1235 550 1268 διάϐολος,
564 1236 650 1271 αὐτὴν
666 1236 715 1271 μὲν
731 1237 781 1272 τὴν
802 1237 948 1264 ὑποσκελι-

164 1280 273 1307 σθεῐσαν
287 1281 359 1317 όρῶν
384 1283 533 1313 τοσαύταις
558 1282 648 1314 νίκαις
676 1283 726 1318 τὴν
742 1281 828 1319 ἧτταν
842 1284 947 1311 ἀναπα-

163 1326 303 1360 λαίουσαν,
324 1327 423 1354 ἑαυτὸν
446 1328 475 1354 δι
489 1328 662 1362 κατακράτος
677 1329 844 1364 ἡττώμενον.
868 1329 949 1364 Ἀφει-

164 1380 242 1406 μενος
255 1371 304 1399 οὖν
327 1372 375 1399 τοῦ
391 1372 460 1399 κατὰ
472 1373 502 1399 τὺ
516 1372 647 1400 λανθάνον
661 1374 849 1401 ἔπιὸουλεύειν
862 1383 946 1409 φανε-

163 1418 217 1454 ρῶς
231 1419 319 1454 αὐτῆς
331 1418 478 1453 παραστὰς
500 1419 608 1454 ὴπείλει
630 1419 667 1455 μὴ
679 1420 790 1455 ἀνήσειν
812 1421 876 1453 τοὺς
889 1429 949 1448 πει-

164 1464 288 1499 ρασμοὺς
304 1465 456 1499 ἔπάγοντα,
467 1465 520 1498 ἔως
534 1465 618 1500 αὐτὴν
634 1465 694 1501 θείη
711 1466 811 1502 πτῶμα
827 1466 949 1502 γελώμε-

162 1519 205 1538 νον
222 1511 273 1541 τὴν
287 1511 336 1537 νῦν
369 1511 424 1545 ἀπὸ
454 1512 564 1538 πάντων
577 1512 802 1548 θαυμαζομένην.
818 1512 885 1540 Eius
902 1514 948 1540 καὶ

161 1557 190 1584 οὺ
202 1557 287 1584 πολὺν
297 1557 388 1592 ἀφῆκε
402 1557 448 1584 τὸν
481 1558 583 1592 μεταξὺ
600 1559 697 1593 χρόνον
723 1559 861 1594 γενεσθαι,
878 1559 948 1587 ἀλλὰ

162 1603 236 1630 σίτου
245 1603 296 1638 τῆς
312 1603 396 1638 μονῆς
410 1603 450 1634 είς
473 1603 578 1631 ἔνδειαν
595 1606 784 1641 καταστάσης,
807 1606 950 1633 κελεύεται

162 1650 237 1686 παρὰ
258 1649 308 1676 τοῦ
322 1649 524 1685 προεστῶτοςὴ
542 1651 666 1686 μακαρία
691 1652 728 1687 μὴ
747 1652 866 1687 μέλλειν,
883 1653 951 1680 ἀλλὰ

161 1695 208 1726 τὰς
236 1696 387 1731 καμήλους·
413 1695 492 1728 αὖθις
515 1696 637 1723 λαϐοῦσα
652 1697 699 1723 καὶ
718 1698 788 1732 πρὸς
810 1698 860 1733 τὴν
872 1698 950 1725 πόλιν

161 1741 335 1777 ἀφικομένην
356 1742 430 1768 σῖτον
456 1742 549 1774 αὐτοῖς
573 1742 722 1777 πρίασθαι.
745 1743 951 1780 Ἐπετέτραπτο

162 1786 190 1814 δὴ
203 1787 252 1813 καὶ
265 1786 357 1819 τοῦτο,
372 1786 410 1818 ὡς
423 1787 451 1813 εί
464 1795 496 1821 γε
522 1787 662 1819 ἀδυνάτως
678 1788 748 1824 αὐτῇ
774 1789 882 1823 γένοιτο
898 1790 950 1825 πρὸ

162 1833 210 1868 τῆς
236 1833 359 1868 ἑσπέρας
385 1833 556 1865 ἐπανελθεῖν,
584 1834 751 1861 καταλύσειν
782 1836 811 1861 ἔν
837 1835 877 1870 τῷ
902 1835 949 1861 τοῦ

165 1880 259 1907 ἐνάτου
272 1879 486 1915 φροντιστηρίφ,
502 1881 616 1907 κάκεῖσε
640 1882 689 1914 τὰς
704 1881 845 1917 καμήλους
859 1883 950 1909 διανα-

163 1924 280 1952 παῦσαι.
302 1925 467 1954 Ἐπανιοῦσα
483 1926 630 1961 τοιγαροῦν
640 1927 672 1954 ἔκ
683 1928 732 1963 τῆς
746 1928 859 1961 πόλεως,
876 1928 951 1955 ὲπείε

164 1979 216 2008 περ
231 1972 284 2008 ἠδη
301 1971 371 2008 πρὸς
386 1971 492 2007 δυσμὰς
505 1971 579 2007 ἑώρα
597 1973 644 1999 τὸν
660 1973 749 2008 ἥλιον,
766 1975 800 2009 τῇ
817 1973 865 2000 τοῦ
887 1974 951 2001 ἔνά-

162 2026 208 2046 του
221 2018 297 2046 κατὰ
312 2018 343 2045 τὸ
357 2018 499 2054 ἐπίταγμα
515 2019 584 2054 μονῇ
599 2019 764 2054 προσφοιτᾷ,
785 2019 897 2054 δοθῆναί
919 2028 948 2046 τε

161 2065 243 2092 τόπον
267 2065 338 2101 αὐτῇ
366 2065 415 2092 καὶ
454 2066 514 2096 ταῖς
545 2065 681 2100 καμήλοις
708 2065 777 2100 πρδς
792 2066 949 2094 ὰνᾶπαυσιν

161 2110 233 2146 ᾔτει,
243 2107 275 2136 οὗ
290 2110 346 2138 καὶ.
360 2110 518 2145 γενομένου,
536 2110 604 2146 πρὸς
621 2111 685 2137 ποσὶ
702 2110 771 2148 αὕτη
787 2111 842 2139 τῶν
858 2113 949 2148 καμή-

161 2157 216 2185 λων
239 2157 431 2184 διανεπαῠετο.

195 2202 250 2230 1Δ¹.
270 2201 411 2229 Ἐντεῦθεν
427 2199 475 2229 οὖν
491 2202 563 2238 ἁρχὴ
576 2202 683 2237 γίνεται
700 2203 747 2230 τοῦ
763 2202 883 2238 πολέμου
900 2202 947 2230 τοῦ

1002 272 1128 297 membra
1144 270 1206 297 laesa
1237 271 1380 305 inungens,
1404 276 1431 298 et
1453 271 1555 300 Christi
1577 281 1677 303 nomen
1702 285 1785 312 super

1001 324 1033 343 ea
1069 321 1193 347 cantans.
1227 324 1289 343 eum
1318 317 1439 351 quidem,
1472 318 1544 346 sicut
1581 322 1668 354 prius.
1696 325 1784 351 reddit

1001 369 1122 395 sanum;
1143 361 1224 389 efﬁcit
1249 367 1352 394 autem,
1378 367 1407 389 ut
1433 363 1519 391 bestia
1550 367 1675 399 protinus
1702 370 1784 397 cade-

1001 412 1053 439 rct,
1080 410 1108 434 et
1135 408 1362 443 disrumperetur.

1038 452 1070 480 X.
1100 454 1164 480 Haec
1192 453 1236 480 illa
1265 455 1374 487 quidem
1407 455 1513 483 volt-bat
1547 456 1641 491 latere,
1669 463 1698 485 et
1726 466 1786 494 post

1004 499 1122 526 reditum
1156 499 1226 526 nihil
1260 500 1401 534 aperiebat
1435 503 1597 529 monachis:
1623 504 1668 538 qui
1695 512 1785 532 autem

1001 544 1164 571 beneﬁcium
1184 544 1294 572 fuerant
1315 546 1445 575 assecuti.
1467 547 1556 574 statim
1584 548 1634 582 ipsi
1665 548 1690 575 id
1714 553 1785 584 quoi

1000 589 1101 616 factum
1143 590 1232 618 fuerat
1257 592 1426 623 renuntiant,
1465 594 1589 621 dicentes
1622 603 1628 621 ε
1657 594 1786 623 Precibus

1001 634 1137 663 Theodori
1165 636 1296 664 liberatus
1328 643 1370 665 est
1401 638 1483 666 homo
1505 646 1520 666 a
1542 640 1619 674 gravi
1635 645 1733 672 morte,
1760 647 1787 668 et

999 683 1093 711 bestiae
1111 684 1171 720 gula
1188 685 1266 712 nobis
1292 686 1411 712 restituit
1435 693 1509 719 eum,
1527 687 1571 721 qui
1595 689 1650 722 jam
1672 693 1783 723 coeptus

999 734 1058 757 erat
1077 730 1215 757 devorari.
1240 730 1360 764 Quorum
1381 732 1473 759 verbis
1488 733 1691 768 obstupefactus
1715 741 1785 769 pra:-

999 774 1086 803 fectus
1101 776 1272 809 monasterii,
1289 779 1414 812 quisnam
1438 786 1500 805 eum
1522 780 1638 811 miserit,
1655 780 1785 808 dubitans

999 822 1195 857 interrogabat.
1222 821 1370 857 Postquam
1400 828 1491 850 autem
1512 832 1607 852 omnes
1631 831 1785 860 negassent.

999 866 1105 893 beatam
1121 867 1256 894 intuitus:
1284 866 1351 900 Quis
1376 873 1428 900 est,
1458 869 1558 903 inquit,
1585 878 1600 897 ο
1630 870 1785 902 Theodore,

965 905 984 932 Β
999 912 1055 946 qui,
1071 919 1133 939 cum
1160 917 1233 940 esset
1260 913 1433 940 manifestum
1458 915 1619 948 periculum,
1645 921 1670 942 te
1691 917 1787 943 intern-

1000 960 1077 991 pesta
1113 961 1194 984 nocte
1236 957 1353 992 impulit,
1382 963 1411 985 ut
1453 959 1508 987 itiic
1548 962 1786 995 proﬁciscereris?

1001 1001 1066 1029 Mihi
1101 1009 1167 1029 vero
1204 1003 1347 1030 considera
1374 1009 1454 1031 rectae
1488 1005 1585 1033 animae
1615 1007 1784 1042 ﬁgmentum.

1002 1047 1060 1075 Sibi
1083 1048 1156 1075 enim
1175 1050 1326 1076 attribuens
1349 1050 1562 1085 simplicitatem,
1577 1057 1605 1079 et
1619 1061 1786 1081 conservans

1000 1092 1097 1120 fratres
1127 1097 1256 1128 tanquam
1296 1095 1365 1122 nulli
1399 1096 1507 1123 crimini
1548 1098 1668 1126 amnes:
1697 1100 1784 1134 Tunc.

1000 1139 1098 1174 inquit.
1128 1144 1185 1167 tam
1217 1139 1319 1168 intemi
1364 1148 1445 1176 quam
1474 1144 1580 1170 externi
1614 1145 1684 1172 oculi
1707 1153 1786 1174 erant

1000 1184 1066 1212 mihi
1087 1192 1184 1212 somno
1209 1186 1277 1213 adeo
1297 1187 1411 1220 gravati.
1435 1193 1464 1215 ut
1491 1196 1544 1216 non
1569 1191 1670 1225 possim
1696 1194 1786 1219 nomi-

999 1231 1083 1258 natim
1109 1231 1201 1259 dicere
1218 1239 1265 1259 eos
1289 1235 1335 1267 qui
1353 1234 1499 1261 miserunt.
1520 1235 1672 1271 Egerrime
1695 1242 1785 1264 autem

999 1276 1104 1304 ferebat
1129 1278 1262 1311 diabolus.
1289 1279 1385 1307 videns
1410 1280 1496 1315 ipsam
1523 1282 1632 1316 quidem
1658 1285 1786 1318 supplan-

1001 1327 1095 1355 tatam,
1122 1325 1222 1352 talibus
1250 1325 1372 1353 victoriis
1398 1334 1413 1353 a
1439 1334 1468 1354 se
1485 1327 1607 1354 dedecus
1629 1329 1785 1364 repnlisse;

999 1376 1028 1396 se
1042 1375 1134 1397 autem
1150 1371 1176 1398 vi
1194 1379 1255 1398 esse
1272 1377 1442 1406 superatum.
1467 1373 1578 1401 Mittens
1594 1383 1658 1411 ergo
1674 1376 1785 1402 clancu-

1000 1415 1056 1444 lum
1083 1417 1218 1450 insidiari,
1241 1422 1336 1452 aperte
1360 1419 1394 1446 ad
1417 1427 1476 1446 eam
1498 1420 1641 1454 accedens,
1668 1422 1786 1449 minatus

1004 1466 1045 1488 881.
1079 1469 1109 1489 se
1137 1469 1190 1489 non
1229 1467 1398 1491 cessaturum
1432 1465 1567 1493 intentare
1610 1468 1784 1498 tentationes,

1001 1507 1092 1535 donec
1123 1508 1254 1540 eﬂ‘ecerit,
1281 1514 1311 1535 ut
1334 1509 1392 1542 ipsa
1416 1511 1503 1542 cadat.
1526 1519 1586 1546 qua:
1612 1512 1728 1539 habetur
1750 1513 1785 1539 ab

999 1554 1127 1581 omnibus
1164 1554 1192 1581 in
1227 1555 1419 1583 admiratione.
1457 1556 1558 1584 Dixit:
1582 1563 1608 1585 cl
1635 1567 1688 1585 non
1723 1560 1786 1586 sivit

1003 1599 1117 1626 multum
1143 1599 1313 1628 intercedere
1330 1602 1482 1636 temporis;
1498 1603 1545 1630 sed
1567 1611 1628 1631 cum
1654 1605 1787 1631 laboraret

1002 1645 1200 1672 monasterium
1235 1645 1328 1681 inopia
1363 1646 1504 1682 frumenti,
1530 1649 1608 1682 jubet
1643 1650 1786 1684 prwieculs

1001 1690 1087 1718 beata:
1118 1699 1154 1718 ne
1188 1697 1354 1726 cunctetur;
1379 1694 1426 1720 sed
1451 1695 1588 1728 accipiens
1617 1703 1713 1724 rursus
1736 1703 1786 1723 ca-

1001 1737 1098 1770 melos,
1123 1741 1151 1764 et
1182 1737 1285 1765 vadens
1306 1739 1334 1766 in
1367 1739 1514 1773 civitatem,
1554 1741 1594 1768 eis
1624 1747 1698 1769 emat
1731 1743 1788 1770 frn-

1002 1787 1136 1811 mentum.
1156 1783 1241 1810 Porro
1259 1788 1352 1811 autem
1375 1784 1427 1812 hoc
1447 1793 1553 1820 quoque
1577 1787 1601 1813 ei
1624 1787 1786 1822 imperatum

1001 1827 1099 1858 fuerat,
1113 1829 1185 1862 quod
1198 1829 1220 1856 si
1235 1836 1265 1856 ea
1280 1837 1334 1856 non
1349 1835 1440 1865 posset
1452 1832 1540 1858 redire
1555 1837 1618 1860 ante
1634 1841 1786 1868 vesperam,

1000 1873 1185 1901 diversaretur
1210 1875 1238 1902 in
1266 1876 1434 1904 monasterio
1462 1876 1550 1909 Nono,
1567 1883 1594 1905 et
1613 1878 1732 1906 efficeret
1757 1885 1786 1907 ut

1001 1919 1097 1946 cameli
1141 1920 1198 1947 illic
1232 1921 1448 1956 requiescerent.
1489 1923 1641 1952 Revertens
1679 1934 1743 1960 ergo
1772 1934 1788 1953 ο

1000 1965 1122 1997 civitate,
1144 1965 1273 2000 quoniam
1296 1966 1352 2001 jam
1376 1967 1460 1994 solem
1485 1969 1594 1996 videbat
1625 1971 1651 1997 in
1673 1978 1784 2002 occasu,

1002 2011 1074 2038 venit
1093 2010 1127 2038 ad
1144 2009 1252 2038 Nonum
1269 2013 1476 2045 monasterium,
1494 2014 1569 2041 sicut
1589 2015 1613 2042 ei
1632 2015 1720 2043 fuerat
1735 2017 1787 2043 im-

1000 2060 1123 2092 peratum
1140 2065 1147 2089 ;
1167 2061 1194 2084 et
1213 2057 1291 2092 petiit
1314 2058 1365 2085 sibi
1381 2064 1409 2086 et
1425 2060 1538 2087 camelis
1560 2061 1618 2087 dari
1642 2061 1730 2089 locum
1753 2063 1787 2090 ad

1000 2103 1208 2138 quiescendum.
1224 2103 1301 2136 Quod
1310 2112 1371 2131 cum
1388 2105 1488 2133 factum
1503 2111 1586 2139 esset,
1601 2107 1660 2142 ipsa
1677 2109 1786 2144 requie-

1001 2150 1093 2177 scebat
1109 2150 1144 2177 ad
1160 2150 1245 2185 pedes
1260 2151 1437 2178 camelorum.

1036 2213 1161 2242 XLHinc
1173 2222 1236 2250 ergo
1247 2215 1333 2243 oritur
1345 2216 1407 2244 belli
1420 2217 1446 2243 in
1456 2217 1541 2251 ipsam
1552 2218 1724 2253 principium.
1736 2219 1788 2253 Qui

162 2250 224 2276 κατ’
238 2249 324 2284 αὐτήν
334 2256 342 2264 ο
355 2249 369 2275 6
381 2249 436 2284 γὰρ
451 2249 510 2280 τοῖς
527 2250 657 2285 πονηροῖς
679 2249 770 2285 ἔργοις
801 2250 948 2285 ἐπιτερπό-

1001 2258 1073 2286 enim
1093 2249 1225 2294 improbis
1254 2260 1331 2289 factis
1346 2262 1497 2290 delectatur
1520 2264 1638 2295 dannon,
1651 2269 1678 2291 et
1689 2265 1787 2292 adver-

163 2304 244 2332 μενος
261 2295 377 2329 δαίμων⁷
392 2295 439 2321 καὶ
447 2295 510 2326 τοὺς
525 2295 596 2322 κατὰ
610 2296 665 2321 τῶν
678 2296 763 2330 ἁγίων
777 2297 947 2331 πειρασμοὺς

160 2342 312 2376 ἀνεγείρειν
325 2340 369 2367 ἀεὶ
387 2340 593 2376 μηχανώμενος,
619 2342 689 2368 κατὰ
703 2341 784 2377 τῆσδε
799 2342 847 2369 καὶ
863 2342 947 2368 πλείω

161 2387 212 2423 τὴν
226 2387 331 2422 λύσσαν
365 2386 602 2421 ἐπιδεικνύμενος,
631 2385 679 2413 an:
703 2386 736 2422 δὴ
752 2386 798 2414 καὶ
814 2387 882 2422 μετὰ
898 2387 948 2422 τὴν

161 2434 251 2469 θήραν
278 2433 328 2464 τὰς
346 2431 450 2459 ἐκείνου
466 2433 560 2468 χεῖρας
587 2431 787 2467 διαφυγούσης,
802 2433 837 2460 τὰ
848 2432 948 2460 ἑαυτοῦ

160 2480 251 2507 ποιεῖν
275 2479 326 2506 οὐκ
347 2478 454 2514 ἡμέλει,
483 2477 553 2505 ἀλλὰ
584 2478 695 2505 νεάνιδα
721 2487 795 2511 τινα,
816 2479 877 2505 τότε
894 2479 948 2506 τῶν

162 2525 292 2562 μοναχῶν
322 2525 375 2552 τινὶ
415 2523 575 2559 συγγενείας
602 2524 948 2562 λόγιμσυνδιατρίϐουσαν

160 2572 232 2608 πρὸς
255 2569 366 2607 οἶστρον
395 2571 550 2606 ἀνερεθίζει
580 2570 720 2604 λαγνείας,
748 2572 766 2606 ἢ
793 2571 839 2598 καὶ
866 2571 950 2607 ἄνδρα

162 2615 234 2645 εἶναι
251 2617 303 2651 τὴν
334 2617 474 2652 μακαρίαν
491 2617 522 2649 ἔξ
536 2613 574 2644 ὧν
594 2616 667 2652 ἔώρα
682 2616 864 2652 λογισαμένη,
881 2618 949 2652 πρὸς

161 2664 193 2691 τὺ
208 2664 297 2699 ταύτῃ
313 2662 533 2698 συγκαθευδῆσαι
553 2663 759 2698 προσεκαλεῖτο,
781 2661 848 2689 αἰδῶ
858 2663 950 2689 πᾶσαν

162 2710 330 2745 ἀποθεμένη,
357 2709 404 2735 καὶ
435 2707 583 2744 προσώπου
605 2708 718 2742 καὶτῆς
740 2707 841 2743 ψυχῆς.
863 2707 906 2740 Ὠς
921 2707 949 2734 δὲ

163 2757 211 2784 καὶ
225 2757 346 2791 ὑπήκοον
360 2755 433 2798 ἔιῦρα
446 2755 512 2790 πρὸς
526 2755 615 2787 τοῦτο,
626 2754 674 2781 καὶ
685 2754 864 2790 προτιμῶσαν
881 2754 950 2789 μᾶλ-

163 2803 210 2829 λον
239 2802 289 2838 τὴν
315 2803 362 2829 ἐπὶ
391 2801 462 2837 ψιλῷ
488 2801 528 2836 τῷ
554 2801 648 2836 ἐδάφει
675 2803 723 2827 καὶ
738 2801 798 2832 ταῖς
814 2801 950 2837 καμήλοις

164 2849 309 2877 κατάκλισι
339 2849 369 2875 τὸ
403 2846 568 2883 ινδομυχοῦν
591 2848 684 2884 ἔκείνη
709 2846 756 2875 τοῦ
784 2847 894 2882 οἴστρου
911 2847 950 2883 μὴ

163 2895 336 2923 κατασσέσαι
351 2894 406 2928 πῦρ
416 2893 564 2929 δυναμένη,
577 2893 716 2921 ἔκδίδωσιν
725 2893 824 2929 ἑαυτὴν
838 2893 879 2922 lvi.
893 2894 947 2920 τῶν

1001 2311 1048 2332 sus
1056 2309 1165 2332 sanctos
1182 2313 1290 2340 semper
1307 2307 1417 2334 molitur
1434 2308 1551 2335 excitare
1568 2309 1742 2341 tentationes,
1759 2310 1788 2337 in

1002 2349 1088 2385 ipsam
1112 2355 1203 2377 autem
1219 2351 1351 2384 majorem
1370 2352 1452 2379 etiam
1475 2358 1616 2381 ostentans
1630 2354 1744 2388 rabiem,
1759 2361 1789 2383 ut

1001 2403 1062 2431 qua:
1084 2400 1144 2430 post
1162 2397 1335 2424 venationem
1354 2397 1497 2432 elIugisset
1522 2398 1596 2426 illius
1615 2407 1721 2433 manus.
1732 2409 1788 2429 non

1002 2438 1225 2479 neglexit'facere
1248 2451 1308 2478 quae
1323 2448 1388 2472 sunt
1412 2440 1535 2478 sumsed
1569 2446 1712 2480 quamdam
1724 2448 1791 2475 adu-

1001 2488 1192 2523 iescentulam,
1208 2497 1268 2524 quae
1280 2494 1345 2518 tunc
1368 2491 1531 2519 versabatur
1547 2499 1609 2520 cum
1625 2494 1789 2528 quibusdam

1002 2535 1144 2562 monachis
1159 2535 1265 2563 ratione
1287 2537 1544 2572 consanguinitatis,
1567 2538 1663 2566 incitat
1686 2540 1790 2575 ad,sti-

1003 2579 1105 2606 mulum
1120 2580 1241 2608 libidinis
1256 2589 1331 2616 :qute
1340 2582 1447 2610 beatam
1461 2582 1533 2610 illam
1548 2591 1581 2610 ex
1597 2585 1632 2611 iis
1644 2592 1704 2618 quae
1713 2585 1789 2612 vide-

1003 2625 1060 2658 bat,
1092 2626 1222 2655 arbitrata
1256 2635 1319 2656 esse
1356 2629 1444 2656 virum
1481 2629 1613 2657 invitabat
1643 2635 1672 2657 ut
1697 2638 1791 2659 secum

1004 2669 1145 2702 dormiret,
1162 2671 1286 2706 deposito
1302 2673 1377 2700 omni
1397 2674 1501 2708 pudore
1517 2679 1544 2701 et
1557 2682 1590 2701 ex
1608 2675 1684 2702 vultu
1712 2680 1739 2703 et
1755 2683 1788 2703 ex

1003 2716 1105 2743 animo.
1121 2716 1267 2751 Postquam
1290 2723 1382 2746 autem
1407 2719 1474 2747 vidit
1500 2727 1559 2747 eam
1584 2728 1639 2747 non
1667 2721 1790 2754 obedire,

1004 2764 1030 2786 et
1058 2759 1139 2787 malle
1160 2760 1188 2787 in
1217 2762 1290 2789 nudo
1322 2763 1382 2790 solo
1406 2763 1528 2793 dormire
1558 2773 1641 2800 prope
1662 2766 1792 2798 camelos.

1004 2809 1060 2832 non
1077 2805 1171 2832 valens
1189 2805 1233 2832 illa
1251 2807 1426 2843 exstinguere
1450 2809 1580 2837 latentem
1599 2811 1673 2837 intus
1701 2811 1792 2846 ignem

1005 2850 1136 2883 libidinis,
1159 2851 1206 2878 dat
1230 2859 1260 2879 se
1284 2853 1331 2879 uni
1354 2861 1386 2881 ex
1409 2854 1443 2881 iis
1465 2854 1510 2888 qui
1529 2855 1584 2881 illic
1609 2856 1790 2889 dormiebant,

1005 2896 1050 2930 qui
1067 2895 1125 2930 ipse
1150 2903 1259 2933 quoque
1273 2902 1333 2926 erat
1355 2898 1454 2933 viator,
1469 2903 1497 2926 et
1512 2899 1540 2926 in
1566 2900 1680 2928 transitu
1701 2902 1791 2929 diver-
