2034 3152
260 171 313 203 683

874 168 1014 199 MENSIS
1033 167 1266 199 SEPTEMBER.

1828 169 1882 200 σει

261 226 387 254 οσεοῑιιιη
417 229 460 252 est
488 224 632 252 deductus.
664 224 690 251 Id
720 224 792 251 enim
821 223 997 251 declarabant
1022 225 1049 249 et

1105 221 1212 248 λευσθέν
1226 222 1306 256 ἔργον
1316 219 1361 257 ἦν·
1372 222 1482 256 ἐδήλουν
1493 223 1548 258 γὰρ
1559 223 1589 250 αἱ
1597 232 1625 250 τε
1639 223 1742 258 πληγαὶ
1754 226 1886 259 φαινόμε-

264 271 357 306 ριοεαι,
375 277 438 304 quae
452 268 633 304 apparebant,
661 273 688 295 et
706 268 763 303 ipsa
788 268 844 295 visa
869 273 975 295 mortua
1001 266 1044 298 iis,

261 315 306 345 qui
348 318 521 349 aspexerant.
561 313 685 340 Fuerunt
727 319 819 340 autem
857 312 883 339 hi
913 317 1045 348 pastores,

261 359 306 393 qui
320 358 430 386 iverunt
453 358 479 384 in
499 358 706 390 monasterium,
724 362 753 384 et
769 357 894 384 dixerunt
921 356 1046 384 Theodo-

262 411 322 431 rum
356 411 416 430 esse
449 407 600 436 mortuum,
632 407 660 429 et
678 406 806 437 oportere
834 410 899 429 eum
917 401 1046 429 mandare

261 449 417 483 sepulturae.
434 447 487 475 Sed
509 449 588 476 beata
606 448 661 480 illa,
682 455 744 475 cum
761 447 850 475 media
866 452 945 475 nocte
966 447 999 474 ad
1017 454 1047 474 se

263 493 396 524 rediisset.
422 493 472 519 sibi
497 492 650 520 ascribebat
672 498 794 525 causam,
810 498 837 520 et
852 493 878 520 id
892 492 963 527 quod
978 492 1048 519 acci-

262 539 351 570 derat,
379 538 488 565 dicebat
517 545 578 565 esse
603 537 646 564 sui
666 538 756 564 delicti
783 538 965 572 disciplinam.
980 537 1047 564 Cum

262 592 291 611 se
309 591 372 618 ergo
389 583 535 610 muniisset
552 583 636 610 armis
652 583 797 619 orationis.
818 583 898 618 petiit
923 583 1048 610 inducias

266 629 448 655 tentationum
466 637 473 655 :
491 628 513 654 O
531 628 602 654 Deus
619 635 705 659 meus,
726 628 831 660 dicens,
850 627 964 654 Domine
986 628 1049 654 uni-

262 674 346 706 versi,
368 674 470 701 oblitus
489 673 541 700 mei
569 674 685 708 peccati,
716 673 800 700 libera
825 681 870 700 me
885 673 920 700 ab
948 673 1049 700 insultu

262 719 376 753 inimici,
392 720 437 754 qui
456 723 502 746 tuo
518 719 621 747 invidet
641 719 780 755 ﬁgmento.
793 719 861 746 Cum
879 726 940 746 eam
955 724 1047 746 autem

262 771 419 800 precantem
438 765 580 797 vidissent,
607 766 651 800 qui
668 765 723 792 illic
743 770 822 792 erant
841 771 974 800 pastores,
991 772 1050 800 qua:

262 811 297 837 ab
314 811 353 837 eis
369 810 449 845 paulo
462 814 527 837 ante
545 811 600 837 visa
618 814 677 837 erat
702 815 819 843 mortua,
840 810 924 838 Deum
940 811 1050 845 quidem

262 857 415 887 laudarunt.
457 856 598 884 monachis
636 861 738 889 autem,
782 856 856 891 quod
894 856 1049 889 revixisset,

261 903 475 930 annuntiarunt.

298 948 355 975 XV.
375 949 476 976 Statuit
501 956 567 976 vero
593 949 737 984 praefectus
768 949 926 976 m0nasterii
955 949 1046 976 infan-

263 1000 317 1021 tem
353 995 486 1029 recipere.
516 999 645 1029 reputans
671 1003 754 1030 quam
790 995 920 1022 diuturna
953 995 1049 1023 fuisset

262 1044 365 1067 sanctae
382 1040 506 1067 amictio.
526 1040 587 1067 Non
614 1041 686 1067 enim
717 1048 775 1068 eam
803 1049 885 1075 parva
917 1041 1050 1069 alliciebat

263 1086 387 1113 molestia
412 1093 508 1112 errans
534 1093 603 1121 puer
629 1094 678 1121 per
694 1093 788 1120 aspera
805 1087 863 1114 loca
882 1087 1047 1115 solitudinis.

263 1131 315 1159 Sed
331 1139 364 1158 ne
389 1132 428 1158 sic
448 1131 557 1166 quidem
584 1132 689 1159 destitit
715 1132 800 1159 hostis
824 1140 884 1160 eam
910 1134 1049 1166 invadere,

264 1176 319 1203 Deo
346 1176 386 1203 sic
412 1170 596 1210 permittente,
624 1175 662 1202 uti
681 1183 712 1202 ea
740 1176 790 1202 sibi
817 1176 909 1210 plures
936 1184 1051 1204 coronas

263 1226 431 1249 contexeret.
451 1222 480 1248 Ei
496 1221 570 1248 enim
586 1228 680 1248 rursus
696 1221 783 1248 visum
800 1226 842 1248 est
863 1229 958 1248 aurum
975 1222 1049 1249 humi

265 1267 429 1302 projectum.
445 1266 547 1293 Aderat
571 1271 663 1293 autem
694 1273 790 1301 magna
818 1267 936 1293 virorum
958 1267 1050 1293 multi-

263 1313 340 1344 tudo.
356 1320 417 1348 quae
435 1312 502 1339 illud
518 1311 672 1347 colligebat.
690 1311 718 1338 ld
735 1319 799 1338 vero
819 1319 872 1338 non
889 1315 948 1338 erat
963 1312 1048 1344 aliud,

263 1365 344 1393 quam
370 1357 438 1384 visio
453 1356 553 1383 inanis.
570 1355 637 1382 Nam
656 1360 685 1382 ut
711 1363 770 1382 eam
790 1356 877 1382 solum
900 1355 1048 1388 deciperet,

262 1407 290 1430 et
305 1408 335 1430 ut
349 1410 446 1429 aurum
460 1405 564 1428 amaret
579 1400 708 1433 elliceret,
725 1400 751 1426 id
770 1405 856 1427 totum
875 1404 935 1426 crat
951 1399 1051 1426 machi-

263 1453 354 1476 natus.
379 1448 438 1475 Non
463 1447 539 1474 multi
555 1447 614 1474 dies
639 1447 838 1482 praeterieram,
863 1451 890 1473 et
909 1447 934 1473 ei
953 1453 1050 1472 rursus

262 1495 319 1521 viSa
334 1498 377 1522 est
401 1493 498 1520 adesse
517 1500 659 1520 servorum
683 1493 839 1525 multitudo,
856 1492 881 1519 ei
903 1492 930 1518 in
954 1499 1050 1518 manus

264 1540 429 1567 tradentium
453 1539 565 1566 obsonia
596 1539 671 1565 varie
693 1539 803 1565 condita
830 1545 889 1572 quae
912 1538 936 1564 ei
960 1537 1051 1565 dixit:

264 1586 317 1619 Qui
344 1585 391 1613 tibi
420 1585 514 1620 plagas
533 1584 674 1618 imposuit,
702 1584 745 1610 bis
776 1588 801 1611 lc
816 1584 899 1611 donat
919 1583 1050 1610 obsoniis.

264 1631 330 1665 Quae
346 1631 456 1665 quidem
480 1631 507 1656 in
533 1629 613 1661 nihil,
640 1629 712 1656 sicut
733 1635 823 1662 erant,
839 1629 973 1662 dissolvit,
990 1637 1051 1656 cum

264 1685 294 1705 se
311 1678 444 1712 signasset
460 1676 522 1702 luce
537 1675 629 1702 vultus
649 1675 766 1702 Domini.
782 1675 850 1702 Cum
867 1684 899 1702 ex
922 1675 964 1702 bis
991 1683 1050 1702 eam

265 1723 380 1750 vidisset
406 1722 535 1749 invictam
559 1721 582 1747 is
599 1721 644 1755 qui
670 1721 789 1748 minatus
813 1726 872 1748 erat
895 1729 924 1748 se
951 1725 1050 1748 terram

266 1775 294 1797 ct
305 1777 380 1796 mare
404 1775 465 1795 esse
482 1767 649 1798 deletorum,
673 1775 792 1802 cumque
814 1775 847 1794 ex
871 1767 952 1797 bello.
979 1767 1052 1801 quod

266 1817 400 1844 adversus
428 1820 488 1840 eum
515 1818 646 1847 gesserat,
682 1812 788 1848 pudore
821 1817 897 1840 esset
924 1812 1051 1846 allectus,

267 1862 363 1891 statuit
376 1860 530 1888 discedere.

303 1908 369 1937 XVI.
396 1907 463 1936 Cum
491 1911 582 1934 autem
617 1909 720 1940 septem
753 1904 818 1932 anni
846 1904 1051 1939 prateriissent,

269 1956 395 1984 monachi
410 1956 510 1983 laureae
530 1952 595 1981 noni
611 1951 780 1982 monasterii,
808 1951 855 1985 qui
882 1950 947 1977 illati
965 1950 1052 1985 stupri

268 2011 328 2029 eam
346 2003 553 2029 accusaverant,
576 2004 636 2024 eam
652 2003 712 2023 esse
726 1995 867 2022 mulierem
886 1995 1053 2029 ignorantes,

268 2057 331 2076 cum
348 2048 476 2075 omnibus
492 2045 630 2079 supplices
660 2046 756 2077 pctnnt
782 2049 796 2067 ιι
815 2041 942 2075 praefecto
960 2048 1055 2067 mona-

269 2095 356 2127 sterii,
374 2099 405 2121 ut
429 2094 456 2120 in
474 2099 528 2126 quo
546 2091 605 2117 loco
624 2097 654 2116 ca
673 2088 748 2123 prius
767 2095 796 2114 se
821 2086 976 2117 exercebat,
995 2094 1054 2112 eam

270 2148 366 2170 rursus
387 2140 554 2168 admitteretl
571 2140 597 2162 et
625 2136 740 2161 referret
757 2134 785 2160 in
808 2140 951 2159 numerum
975 2136 1056 2158 crete-

270 2195 364 2216 rorum
394 2183 603 2212 monachorum.
639 2180 711 2207 Satis
747 2179 832 2211 enim,
859 2179 977 2209 aiebant,
1007 2177 1057 2204 luit

1097 275 1159 298 ναι,
1177 267 1224 293 καὶ
1237 268 1307 303 αὐτὴ
1321 268 1405 303 νεκρὰ
1421 268 1519 300 δόξασα
1540 269 1596 300 τοῖς
1613 269 1788 305 θεασαμένοις
1804 271 1884 305 (τίοι-

1099 311 1177 346 μένες
1191 313 1220 340 δὲ
1235 311 1305 348 ἦσαν
1317 310 1412 348 οὗτοι),
1434 314 1459 340 οἱ
1475 313 1523 340 καὶ
1536 315 1564 341 ἐν
1578 315 1609 349 τῇ
1625 316 1692 350 μονῇ
1707 315 1884 347 ἀπελθόντες.

1098 355 1175 384 εἷπον
1196 359 1236 385 ὅτι
1252 359 1378 394 τεθνήκοι
1398 359 1546 394 Θεόδωρος,
1562 360 1609 386 καὶ
1627 360 1665 392 ὡς
1680 362 1766 396 ἐχρῆν
1790 361 1887 388 τοῦτον

1098 403 1212 435 ἀξιῶσαι
1227 405 1324 439 ταφῆς.
1349 405 1421 431 Ἀλλ’
1436 405 1452 440 ή
1467 406 1591 441 μακαρία
1607 407 1670 442 περὶ
1685 408 1771 442 μέσας
1785 407 1887 440 νύκτας

1100 448 1296 474 ἀνανενευκυῖα
1319 449 1402 484 ἑαυτῇ
1426 450 1563 485 ἐπέγραψε
1591 451 1641 487 τὴν
1665 452 1765 482 αἰτίαν,
1783 453 1828 478 καὶ
1857 454 1888 479 th

1099 493 1206 527 συμϐὰν
1223 494 1299 526 ἔλεγε
1309 493 1356 519 τοῦ
1379 495 1479 522 οἰκείου
1495 496 1652 530 σφάλματος
1666 495 1736 523 εἶναι
1750 497 1886 524 παιδείαν.

1103 538 1140 564 Τὸ
1154 538 1218 570 γοῦν
1235 539 1312 574 ὅπλῳ
1326 539 1375 573 τῆς
1390 540 1473 575 εὐχῆς
1495 542 1596 576 ἑαυτὴν
1613 543 1807 578 περιφράξασα
1826 544 1888 570 ἐκιι

1099 584 1204 618 χειρὶαν
1216 584 1276 619 ᾔτει
1290 585 1344 611 τῶν
1361 587 1533 621 πειρασμῶν,
1546 588 1596 614 Θεέ
1612 596 1675 622 μου,
1693 588 1820 622 λέγουσι,
1840 590 1889 616 καὶ

1099 630 1223 656 Δέσποτα
1240 629 1287 655 τοῦ
1308 631 1426 663 παντὸς,
1446 631 1525 667 ῥῦσαί
1549 642 1581 667 με
1599 634 1649 667 τῆς
1671 634 1821 668 ἐπαγωγῆς
1838 634 1890 660 τοῦ

1099 674 1138 709 τῷ
1161 675 1199 707 σῷ
1223 675 1362 708 πλάσματι
1384 676 1590 710 διαφυονοῦντος
1611 677 1708 713 ἐχθροῦ
1721 699 1728 710 ,
1748 678 1799 713 τῆς
1819 679 1891 713 ἐμῆς

1100 719 1296 754 ἐπιλαθόμενος
1319 721 1641 757 ἁμαρτίας.Εὺχομένην
1664 723 1692 749 δέ
1717 724 1741 749 οε
1756 724 1815 750 ἐκεῖ
1827 732 1893 750 ποι-

1102 764 1190 799 μένες,
1213 766 1312 798 [δόντες
1331 767 1382 801 τὴν
1406 770 1459 802 πρὸ
1483 767 1581 802 μικροῦ
1611 768 1712 803 νεκρὰν
1733 769 1824 800 αὐτοῖς
1844 777 1890 795 νο-

1103 810 1256 845 μισθεῖσαν,
1272 812 1312 846 τῷ
1328 812 1377 846 μὲν
1394 812 1454 846 Θεῷ
1468 812 1549 846 δόξαν
1565 813 1707 848 ἀνέφερον,
1724 815 1781 846 τοῖς
1797 814 1825 841 δὲ
1839 815 1891 849 τῆς

1103 857 1186 892 μονῆς
1199 857 1236 888 ῶς
1251 858 1407 885 ἀναστᾶσαν
1421 858 1502 885 πάλιν
1512 859 1732 894 εὐηγγελίζοντο.

1135 945 1187 971 ιε’.
1208 945 1320 980 Ἐκρινε
1332 945 1360 971 δὲ
1377 945 1424 972 καὶ
1445 945 1459 971 ὁ
1474 946 1522 980 τῆς
1545 946 1629 981 μονῆς
1644 946 1846 981 ἐξηγούμενος,
1859 948 1892 974 τὸ

1101 990 1206 1017 παιδίον
1220 990 1363 1017 ἀναλαϐεῖν
1375 992 1568 1026 ἀναμετρήσας
1581 991 1630 1026 ὅση
1644 992 1692 1018 καὶ
1707 992 1782 1023 ὅπως
1794 993 1892 1027 χρονία

1100 1036 1150 1070 τῆς
1175 1035 1251 1067 ὁσίας
1272 1037 1288 1071 ή
1313 1036 1496 1068 κακοπάθεια,
1520 1037 1667 1063 καὶτοῦτο
1691 1038 1779 1072 χαρᾶς
1803 1038 1892 1072 αὐτῆς

1101 1080 1202 1114 ἔπλησε
1229 1081 1278 1115 τὴν
1306 1081 1408 1116 ψυχήν.
1434 1082 1470 1108 Οὐ
1489 1082 1543 1117 γὰρ
1565 1084 1673 1118 μικροῖς
1690 1083 1773 1117 αὐτὴν
1794 1084 1892 1110 ἐλύπει

1100 1127 1156 1157 τοῖς
1172 1127 1283 1161 τραχέσι
1297 1128 1345 1161 τῆς
1361 1127 1466 1162 ἐρήμου
1480 1127 1735 1162 περιπλανώμενον,
1751 1129 1809 1155 ἀλλ’
1827 1130 1892 1156 οὐδὲ

1101 1171 1186 1202 οὕτως
1196 1172 1328 1205 ἀφίπτατο
1342 1173 1389 1206 τῆς
1409 1172 1560 1208 προσϐολῆς
1575 1174 1589 1199 ὁ
1601 1174 1742 1208 πολέμιος,
1757 1174 1803 1200 τοῦ
1819 1175 1891 1201 Θεοῦ

1101 1217 1180 1242 τοῦτο
1193 1217 1433 1252 παραχωροῦντος,
1452 1218 1494 1244 ἵνα
1520 1221 1568 1244 καὶ
1581 1218 1709 1250 πλείονας
1720 1219 1789 1254 αὐτῇ
1803 1219 1893 1255 πλέξῃ

1101 1262 1164 1294 τοὺς
1177 1263 1336 1296 στεφάνους.
1357 1263 1476 1298 Ἐωρᾶτο
1487 1263 1540 1298 γὰρ
1551 1265 1619 1298 αὐτῇ
1636 1265 1746 1298 χρυσίον
1756 1265 1894 1300 ἐρριμμέ-

1101 1317 1146 1334 νον
1166 1309 1205 1339 εἰς
1221 1309 1284 1343 γῆν,
1308 1308 1410 1343 πλῆθός
1430 1318 1459 1335 τε
1484 1309 1613 1343 παρῆσαν
1635 1310 1739 1344 ἀνδρῶν
1765 1311 1790 1336 οἳ
1811 1310 1894 1337 τοῦτο

1104 1354 1207 1389 σπουδῇ
1224 1354 1378 1388 συνέλεγον.
1400 1355 1436 1380 Τὸ
1450 1355 1478 1380 δὲ
1498 1355 1571 1381 οὐδὲν
1586 1355 1678 1391 ἓτερον
1692 1354 1725 1391 ῆν
1751 1356 1768 1390 ἢ
1791 1365 1894 1390 φαντα-

1104 1399 1149 1425 σία
1160 1400 1237 1435 κενή.
1254 1401 1311 1427 Ἵνα
1328 1401 1383 1435 γὰρ
1399 1401 1528 1436 ἀπατήσῃ
1549 1402 1629 1435 μόνον
1640 1422 1647 1434 ,
1667 1403 1714 1428 καὶ
1728 1402 1766 1433 ὡς
1782 1403 1895 1436 ἐρῶσαν

1102 1444 1178 1480 δείξῃ
1196 1445 1297 1480 χρυσοῦ
1309 1466 1315 1477 ,
1330 1446 1361 1472 τὸ
1373 1447 1426 1472 πᾶν
1442 1446 1689 1481 ἑσκαιώρησεν.οὺ
1705 1449 1801 1475 πολλαὶ
1818 1457 1895 1484 παρκ

1103 1491 1184 1525 ἦλθον
1209 1491 1331 1526 ἡμέραι,
1367 1492 1415 1518 καὶ
1451 1492 1532 1519 πάλιν
1557 1493 1670 1519 οίκετῶν
1694 1495 1762 1529 αὐτῇ
1787 1495 1895 1529 πλῆθος

1105 1537 1186 1572 ἐῴκει
1202 1537 1394 1571 παρίστασθαι,
1413 1538 1466 1572 ὄψα
1486 1537 1622 1572 φερόντων
1633 1540 1678 1565 ἐπὶ
1694 1541 1788 1574 χεῖρας
1804 1539 1897 1567 ποικί-

1106 1583 1160 1614 λως
1176 1583 1373 1617 ἐσκευασμένα,
1385 1584 1432 1609 καὶ
1455 1583 1484 1610 Ὁ
1498 1585 1546 1615 τὰς
1559 1584 1664 1618 πληγάς
1679 1593 1720 1611 σοι
1735 1585 1896 1620 ἐπενεγκὼι

1106 1629 1215 1663 ἄρχων,
1230 1630 1296 1663 φησὶ
1306 1650 1312 1659 ,
1329 1629 1434 1661 τούτοις
1451 1638 1480 1655 σε
1495 1630 1642 1662 δεξιοῦται,
1657 1630 1674 1657 ἃ
1696 1632 1744 1657 καὶ
1758 1633 1796 1663 εις
1816 1632 1896 1659 οὐδὲν

1107 1674 1201 1710 ὥσπερ
1215 1672 1286 1710 ἦσαν
1301 1674 1416 1706 διέλυσε,
1430 1675 1468 1710 τῷ
1482 1677 1550 1709 φωτὶ
1563 1676 1610 1702 τοῦ
1625 1677 1772 1711 προτώπου
1794 1678 1895 1713 κυρίου

1107 1719 1286 1754 σημειώσασα
1303 1720 1415 1755 ἑαυτήν.
1437 1720 1501 1747 Ἀπὸ
1523 1723 1625 1746 τουτων
1641 1721 1670 1746 τὸ
1683 1720 1788 1755 ἄμαχον
1806 1721 1897 1756 αὐτῆς

1109 1765 1171 1791 ἰδὼν
1189 1765 1236 1792 καὶ
1252 1766 1400 1800 ἀήττητον,
1419 1767 1433 1792 ὁ
1449 1766 1500 1800 γῆν
1520 1767 1566 1792 καὶ
1587 1767 1725 1793 θάλασσαν
1740 1768 1898 1802 ἐξαλείφειν

1108 1811 1276 1847 ἠπειληκὼς,
1289 1812 1337 1838 τοῦ
1352 1812 1420 1847 πρὸς
1434 1813 1518 1847 αὐτὴν
1531 1813 1651 1848 πολέμου
1667 1814 1799 1849 αἰσχύνην
1812 1815 1897 1849 ὀφλή-

1107 1865 1167 1888 σας,
1182 1857 1332 1892 ἀποστῆναι
1343 1857 1484 1891 διέγνωκε.

1143 1902 1202 1936 ις’.
1213 1904 1272 1930 Τῶν
1291 1904 1360 1931 ἐτττὰ
1375 1904 1402 1930 δὲ
1420 1905 1616 1939 διαγεγονότων
1633 1905 1710 1936 ἐτῶν,
1727 1906 1752 1931 ot
1767 1906 1816 1941 τῆς
1829 1906 1899 1932 λαί-

1111 1957 1158 1983 ρας
1176 1948 1223 1974 τοῦ
1238 1949 1332 1976 ἐνάτου
1356 1948 1517 1982 μονάζοντες
1533 1950 1557 1976 οἳ
1575 1952 1621 1976 καὶ
1637 1951 1685 1986 τὴν
1699 1951 1747 1985 τῆς
1766 1953 1898 1985 πορνείας

1109 1994 1218 2030 γραφὴν
1245 1995 1389 2029 προσῆψαν
1410 1997 1443 2031 τῇ
1468 1997 1602 2031 μακαρίᾳ,
1626 1997 1656 2022 τὸ
1686 1998 1802 2029 γυναῖκα.
1825 1996 1899 2024 εἶναι

1110 2039 1212 2074 ταύτην
1238 2041 1308 2074 μετὰ
1332 2041 1439 2066 πάντων
1458 2041 1634 2076 ἠγνοηκότες,
1660 2041 1747 2067 ἱκέται
1773 2042 1900 2075 γίνονται

1111 2085 1158 2112 τοῦ
1186 2085 1235 2120 τῆς
1260 2086 1342 2120 μονῆς
1367 2086 1548 2120 προεστῶτος,
1562 2087 1626 2113 ἔνθα
1646 2087 1778 2121 πρότερον
1800 2088 1899 2123 ἔτυχεν

1115 2131 1285 2166 ἁσκουμένη,
1301 2131 1428 2163 δέξασθαί
1442 2140 1471 2157 τε
1486 2132 1567 2159 πάλιν
1581 2132 1675 2167 αὐτὴν,
1693 2135 1740 2159 καὶ
1755 2134 1794 2168 τῷ
1809 2134 1901 2169 λοιπῷ

1111 2176 1165 2202 τῶν
1175 2177 1346 2209 μοναζοντων
1356 2177 1540 2212 ἐναριθμῆσαι
1548 2178 1668 2212 τάγματι
1680 2180 1832 2213 ’ἀρκοῦσαν
1842 2181 1899 2214 γὰρ

269 2241 375 2270 pamas,
392 2231 439 2267 qui
459 2234 535 2257 tanto
551 2233 673 2262 tempore
691 2226 743 2252 i‘uit
758 2229 832 2252 extra
850 2224 1051 2251 monasterium.

1111 2221 1230 2255 ἔφασκον
1242 2241 1249 2253 ,
1267 2222 1351 2248 ἔδωκε
1366 2222 1454 2257 δίκην,
1470 2224 1644 2250 ἐπιτοσοῦτον
1662 2223 1713 2257 ἔξω
1728 2225 1776 2258 τῆς
1792 2228 1898 2260 μονῆς,

269 2287 298 2309 (ιι
322 2282 349 2308 in
367 2280 426 2314 ipso
453 2277 528 2304 aditu
558 2279 630 2302 totos
663 2277 769 2307 septem
798 2279 885 2298 annos
914 2271 1053 2305 transegit.

270 2327 446 2363 Adjiciebant
473 2327 576 2353 autent,
595 2327 646 2354 per
662 2319 784 2347 divinam
814 2324 923 2352 quoque
943 2315 1058 2363 lappari-

271 2361 374 2400 tionem
405 2369 456 2397 sibi
490 2368 587 2395 iactant
623 2373 684 2392 csse
715 2363 806 2394 ﬁdem,
835 2362 907 2396 quod
940 2361 996 2395 jam
1023 2361 1058 2388 sit

269 2421 410 2453 peccatum
425 2414 569 2442 remissum
586 2410 741 2438 Theodoro.
757 2409 875 2442 QuOrunI
897 2407 940 2433 ille
956 2407 1056 2433 cedens

268 2463 407 2498 precibus,
433 2460 536 2486 relaxat
552 2456 724 2484 Theodoram
742 2455 776 2481 ab
800 2454 900 2488 injusta
922 2453 965 2479 illa
989 2460 1057 2478 con-

271 2507 456 2537 dcmnntione,
474 2504 573 2539 iubens
588 2509 648 2529 eam
665 2501 698 2528 de
717 2505 815 2527 caetero
831 2505 940 2525 manere
964 2498 989 2524 in
1014 2498 1054 2524 in-

270 2556 336 2582 tima
359 2552 437 2582 colla.
458 2555 485 2578 et
500 2546 798 2584 nunquam'progredi,
813 2553 902 2580 neque
926 2545 1009 2570 ullum
1031 2543 1054 2569 ei

270 2599 404 2629 committi
426 2595 607 2624 ministerium
622 2592 788 2620 monasterii.
808 2591 865 2617 Duo
878 2590 977 2617 deinde
992 2589 1055 2624 anni

247 2646 471 2683 'prmterierant,
495 2650 528 2669 ex
552 2648 607 2675 quo
633 2647 665 2666 ea
682 2639 721 2666 sic
751 2638 853 2672 maiore
879 2634 1056 2662 exercebatur

272 2681 443 2720 lontincntia
461 2693 488 2715 et
507 2685 701 2713 intentioribus
716 2684 852 2718 precibus.
873 2681 977 2707 Deinde
994 2687 1055 2705 cum

271 2744 329 2766 orta
345 2741 416 2764 esset
440 2734 561 2763 siccitas,
587 2735 614 2759 ct
631 2732 768 2759 cisternae.
786 2736 847 2763 quae
861 2731 939 2753 erant
959 2726 985 2751 in
1001 2732 1055 2752 cce-

272 2783 363 2815 nobio,
378 2778 554 2808 ostenderent
570 2785 600 2804 se
614 2784 648 2804 ne
663 2775 806 2803 minimum
823 2773 932 2808 quidem
954 2771 1054 2798 habere

270 2835 348 2861 aqua:
373 2827 538 2852 humorem:
559 2822 689 2856 quoniam
717 2826 745 2847 et
776 2820 808 2847 iis
832 2827 892 2853 qua:
921 2819 1054 2850 audierat.

269 2879 300 2902 et
330 2873 364 2900 iis
390 2877 449 2905 qua:
480 2869 539 2903 ipse
567 2868 671 2895 viderat
707 2865 850 2900 praefectus
886 2866 1053 2897 monasterii,

1110 2269 1156 2294 καὶ
1178 2269 1244 2303 παρ’
1258 2268 1341 2302 αὐτὴν
1355 2268 1404 2303 τὴν
1423 2268 1524 2295 εἴσοδον
1540 2269 1616 2301 ὅλους
1631 2270 1700 2296 ἑπτὰ
1713 2280 1729 2305 χ
1749 2271 1826 2302 όνους
1841 2272 1901 2298 διε-

1108 2313 1262 2347 νεγκοῦσα·
1286 2314 1449 2348 προσέθεντο
1470 2315 1498 2340 δὲ
1519 2315 1566 2341 καὶ
1589 2316 1633 2342 διὰ
1655 2316 1728 2348 θείας
1745 2318 1900 2351 ἐμφανείας

1111 2359 1218 2390 πίστιν,
1253 2359 1375 2391 ἐκείνους
1410 2359 1513 2392 λαϐεῖν,
1538 2359 1576 2390 ὡς
1608 2361 1658 2395 ἤδη
1688 2362 1900 2397 συγκεχώρηται

1111 2405 1142 2431 τὸ
1173 2405 1322 2440 ἁμάρτημα
1350 2405 1491 2441 Θεοδώρῳ.
1518 2402 1567 2432 Ὧν
1603 2407 1650 2432 καὶ
1688 2407 1763 2439 εἶξας
1792 2408 1900 2440 ἐκεῖνος

1109 2454 1143 2488 τῇ
1164 2453 1346 2487 παρακλήσει,
1372 2453 1463 2488 ἀνίησι
1485 2453 1536 2489 τῆς
1556 2454 1650 2481 ἀδίκου
1673 2455 1824 2489 καταδίκης
1848 2457 1900 2490 τὴν

1111 2499 1266 2533 θεοδὼραν,
1283 2499 1321 2529 εἰς
1340 2499 1480 2526 ὲνόὀτατον
1497 2499 1601 2526 κελλίον
1616 2499 1646 2526 τὸ
1669 2500 1739 2533 μετὰ
1755 2500 1835 2526 τοῦτο
1853 2510 1898 2526 κε-

1110 2545 1209 2576 λεύσας
1226 2545 1316 2578 μένειν
1330 2545 1488 2578 ἀπρόσιτον,
1513 2547 1559 2572 καὶ
1574 2545 1708 2580 μηδεμίαν
1733 2547 1818 2581 αὐτὴν
1840 2546 1900 2573 δια-

1112 2589 1204 2615 κονίαν
1229 2589 1278 2622 τῆς
1309 2591 1392 2624 μονῆς
1421 2590 1633 2625 ἐγχειρίζεσοαι.
1664 2590 1716 2616 Δύο
1743 2590 1773 2616 τι
1803 2591 1899 2617 λοιπὸν

1113 2636 1286 2671 παρέδραμον
1321 2637 1385 2671 ἐτη,
1416 2636 1502 2668 οὖ;ως
1539 2638 1712 2672 ἁσκουμένης
1746 2639 1898 2674 ἐγκρατείᾳ

1114 2683 1228 2716 μείζονι,
1260 2682 1308 2709 καὶ
1340 2683 1551 2717 συντοπνωτέραις
1582 2683 1694 2718 εὐχαῖς·
1727 2681 1779 2709 εἷθ’
1809 2683 1899 2714 οὕτως

1112 2728 1219 2762 αὐχμοῦ
1235 2728 1392 2763 γενομένου,
1408 2729 1455 2754 καὶ
1471 2728 1525 2754 τῶν
1545 2730 1572 2754 ἐν
1586 2729 1625 2763 τῷ
1645 2729 1771 2764 κοινοϐἱῳ
1786 2729 1898 2755 λάκκων

1112 2773 1172 2799 οὐδὲ
1190 2773 1278 2800 νοτίδα
1293 2774 1394 2808 μικρὰν
1410 2772 1505 2804 ὕδατος
1521 2773 1595 2807 ἐχειν
1612 2773 1816 2807 ὐποφαινόντων
1836 2774 1898 2800 ἐπεί

1112 2828 1164 2854 περ
1182 2817 1222 2851 οἷς
1235 2827 1265 2845 τε
1277 2819 1386 2854 ἡκουεν,
1400 2816 1441 2851 οἷς
1455 2827 1484 2845 τε
1499 2818 1582 2850 αὐτὸς
1594 2818 1706 2844 ἔϐλεπεν
1719 2819 1732 2844 ὁ
1748 2819 1798 2852 τῆς
1813 2819 1899 2854 μονῆς

1111 2864 1241 2900 ἀρχηγὸς,
1263 2865 1311 2891 τοῦ
1328 2864 1498 2900 χαρίσματος
1520 2863 1651 2900 ἠξιῶσθαι
1677 2863 1731 2891 τῶν
1754 2864 1896 2898 ἰαμάτων,
