2034 3152
235 169 289 201 (ιὲδῦ

847 170 988 202 MENSIS
1005 171 1244 203 SEPTEMBER.

1798 178 1853 210 ιω

234 231 267 256 ad
284 230 368 257 Deum
383 229 470 265 magis
496 229 640 263 clamabat,
673 237 754 265 quam
778 231 869 258 Abelis
906 229 1014 266 sanguis

1068 230 1203 266 Ζαχαρίου
1229 230 1276 257 τοῦ
1303 229 1378 258 θείου
1405 231 1548 266 πρότερον,
1564 231 1579 259 ὃ
1590 231 1623 268 δὴ
1640 231 1687 260 καὶ
1707 233 1771 260 ὲδόα
1787 234 1857 270 πρὸς

228 276 327 309 iniuste
337 275 424 302 fusus.
441 275 474 303 Et
486 275 547 304 ideo
560 283 655 304 eorum
673 277 795 312 quidem,
810 277 856 312 qui
872 276 1018 304 intereme-

227 324 303 352 runt,
324 320 352 347 in
369 324 502 348 aeternum
528 325 646 349 testatur
672 322 850 358 impietatem,
882 330 930 350 eos
955 322 1017 357 igne

229 375 280 402 pro
290 367 365 395 caade
380 367 529 399 ulciscens,
546 373 573 396 et
586 376 640 396 non
660 369 737 396 brevi
751 374 876 404 tempore
891 368 1015 396 dolorem

227 413 363 447 praebens,
376 413 423 440 sed
441 418 575 441 aeternum
587 415 738 442 cruciatum
754 424 760 442 :
774 415 886 450 martyri
913 419 1016 447 autem,

229 466 290 493 qua:
309 466 363 485 non
376 458 489 491 desinit,
523 459 658 494 laetitiam,
685 461 767 488 vitam
792 465 964 496 perpetuam,
988 464 1017 489 et

226 511 339 538 regnum
358 503 403 530 Dei
424 504 563 532 conciliat.

262 548 306 576 IV.
324 548 377 576 Sed
394 549 531 584 pontiﬁcis
556 549 666 584 quidem
693 556 721 578 et
749 552 884 586 praeconis
918 552 1016 580 verita-

226 595 263 622 tis
277 595 351 622 hunc
365 595 513 629 gloriosum
527 596 631 623 exitum
646 596 741 624 habuit
756 598 936 633 martyrium:
951 605 1014 626 san-

225 641 355 669 ctissimae
371 646 462 669 autem
473 641 533 676 ejus
545 642 667 677 reliquiae
678 650 692 669 a
711 643 827 678 quadam
847 642 941 677 Maria,
954 652 1015 679 qua!

227 688 390 715 diaconatus
405 688 516 722 dignata
543 687 634 716 fuerat
648 690 825 722 charismate,
849 698 912 717 eum
933 690 1015 718 simul

228 742 291 761 eum
310 734 344 761 iis
361 734 406 768 qui
420 742 453 761 ex
468 734 770 770 propinquisemporiis
788 743 842 763 non
854 736 943 763 solum
961 735 1014 763 sibi

226 779 410 807 vendicabant
422 780 562 815 pietatem,
591 781 638 808 sed
671 781 753 808 etiam
778 782 920 814 virtutem,
962 781 1015 808 illis

225 826 357 861 prmelare
369 830 396 852 et
412 831 507 854 sancte
528 826 602 861 justa
631 826 752 860 fecisset,
781 826 918 854 mandatae
951 831 1015 854 sunt

224 872 386 906 sepultura,
404 872 556 900 honoriﬁce
584 873 611 900 in
637 880 718 907 capsa
741 873 884 907 deposita.
912 872 1013 900 Proce-

226 917 308 945 dente
324 923 415 945 autem
429 923 561 953 tempore,
572 906 682 953 quando
691 906 890 945 Constantinus
914 918 1011 952 impri-
1029 906 1050 934 Β

225 963 279 990 niis
295 963 358 997 pius
369 963 531 998 imperator,
544 969 653 998 sceptra
674 963 797 990 Romana
814 963 905 990 divina
923 963 1015 998 potius

225 1015 320 1041 manu.
346 1016 429 1043 quam
454 1009 574 1036 exercitu
602 1013 631 1036 et
652 1009 737 1036 armis
755 1008 851 1041 fretus,
879 1010 1013 1035 tenebat:

225 1053 392 1081 Severianus
411 1054 535 1090 quidam,
562 1054 732 1081 Alexandria
744 1058 855 1088 accepta
880 1054 1013 1085 rectione,

223 1108 287 1128 cum
303 1106 378 1129 metu
393 1101 476 1130 maris
492 1109 542 1136 per
557 1102 711 1138 viam,qua
737 1107 780 1130 est
803 1103 874 1129 circa
912 1102 1013 1133 sinum.

224 1147 278 1174 iter
301 1146 415 1180 faceret,
459 1148 533 1175 venit
560 1148 669 1183 quidem
697 1156 782 1183 prope
819 1155 924 1175 sacram
969 1155 1014 1174 ea-

223 1199 301 1228 psam
319 1193 478 1225 Autonomi,
498 1193 635 1221 retinetur
651 1199 742 1221 autem
754 1194 866 1226 virtute,
886 1201 947 1229 quae
959 1201 1013 1221 non

225 1237 341 1264 cadebat
356 1237 407 1265 sub
421 1242 563 1273 aspectum
579 1246 587 1265 :
604 1246 667 1266 cum
680 1239 747 1266 muli
766 1239 877 1274 quidem
903 1239 1014 1266 scuticis

224 1282 406 1315 mederentur,
423 1283 560 1310 tantillum
572 1288 665 1311 autem
691 1292 745 1311 non
766 1288 953 1316 moverentur,
966 1284 1014 1311 sed

225 1333 360 1363 tanquam
378 1329 484 1364 lapides
499 1334 604 1357 starent
619 1330 784 1358 immobiles.
800 1331 949 1358 Severiano
965 1338 1015 1358 au-

223 1380 281 1402 tem
300 1376 418 1403 mirante
430 1377 468 1408 id,
494 1377 566 1412 quod
578 1376 680 1403 factum
706 1376 806 1410 fuerat,
829 1377 941 1412 quidam
972 1377 1016 1404 vir

224 1422 287 1456 pius
301 1427 330 1449 et
344 1421 500 1458 religiosus,
513 1427 540 1450 et
553 1422 598 1457 qui
613 1422 726 1458 gratiam
736 1423 858 1450 solvendi
870 1423 1020 1458 aenigmata.

225 1475 240 1493 a
255 1466 310 1494 Deo
324 1472 477 1502 acceperat.
490 1475 565 1495 suam
582 1468 684 1503 profert
695 1469 871 1501 sententiam,
880 1469 1014 1496 mulorum

226 1517 327 1540 statum
341 1512 393 1540 hoc
408 1513 583 1548 significare;
591 1518 720 1548 oportere
741 1521 803 1541 eum
820 1515 865 1548 qui
891 1515 1013 1547 vehitur,

224 1557 271 1585 hic
285 1557 394 1590 sistere,
422 1562 450 1585 et
477 1558 596 1586 excitare
624 1559 754 1593 templum
770 1558 862 1586 divino
889 1559 1012 1595 martyri.

227 1604 305 1636 Quod
319 1607 409 1631 autem
437 1608 511 1630 recta
539 1608 612 1631 esset
651 1604 811 1636 admonitio,
838 1605 1014 1632 ostendemus

227 1655 243 1673 ιι
255 1647 378 1682 vestigio.
396 1646 425 1675 Si
442 1648 526 1681 enim,
543 1648 631 1683 inquit
646 1648 702 1681 ille,
722 1649 809 1676 solum
820 1650 894 1685 operi
907 1658 1014 1678 annue-

224 1693 275 1725 ris,
291 1693 395 1720 videbis
410 1693 540 1721 salientes
549 1695 683 1729 protinus,
702 1695 748 1730 qui
762 1699 827 1722 sunt
843 1695 1010 1723 immobiles.

225 1737 260 1765 Et
276 1737 322 1764 ille
336 1737 447 1772 quidem
461 1739 558 1766 annuit
587 1744 713 1774 prompto
741 1744 768 1768 et
797 1740 879 1767 alacri
900 1741 1013 1768 animo:

228 1783 560 1817 ingrediebanturautem
572 1784 638 1811 muli
654 1785 773 1813 maximo
788 1785 904 1820 impetu.
926 1785 1015 1813 Proti-

226 1833 280 1853 nus
290 1834 355 1854 vero
371 1827 622 1863 Severianusjussit
649 1829 778 1857 aediﬁcari
809 1831 968 1862 oratorium,
987 1835 1015 1858 et

224 1873 297 1899 viam
309 1878 352 1900 est
363 1873 515 1908 ingressus.
532 1874 600 1902 Cum
623 1880 715 1903 autem
732 1880 928 1910 reverteretur,
946 1881 1014 1905 tem-

225 1919 301 1954 plum
319 1920 438 1953 dedicat,
456 1925 483 1948 et
509 1921 602 1954 efﬁcit,
626 1927 656 1949 ut
684 1922 803 1957 posteris
831 1922 867 1950 sit
888 1923 1014 1959 martyris

225 1969 358 2000 perpetua
386 1966 528 1994 memoria.

265 2012 374 2039 V.Cum
389 2020 443 2039 non
458 2021 552 2048 parum
565 2017 656 2041 autem
671 2015 803 2049 temporis
817 2014 926 2042 interlm
942 2022 1014 2050 pra-

224 2055 402 2088 terﬁuxisset,
424 2057 554 2085 invitaret
567 2064 658 2086 autem
676 2058 807 2086 memoria
830 2060 969 2095 martyris,
983 2064 1014 2087 ut

226 2101 322 2128 divino
334 2103 436 2136 templo
455 2102 532 2130 ﬁeret
548 2104 725 2131 incruentum
742 2104 920 2137 sacriﬁcium,
936 2112 1014 2132 acce-

227 2147 268 2174 dit
283 2147 391 2182 quidem
406 2148 439 2175 ad
454 2156 560 2176 sacrum
574 2149 606 2181 is,
621 2150 668 2184 qui
692 2154 757 2177 tunc
773 2150 938 2185 fungebatur
952 2158 1014 2178 mu-

226 2201 293 2222 nere
304 2194 479 2225 sacerdotali.
497 2202 573 2221 sacra
591 2195 703 2230 mystica
734 2200 904 2229 peracturus.
935 2196 1011 2231 Aqua

1069 275 1135 302 Θεὸν
1152 275 1288 311 μᾶλ).ον,ῆ
1302 276 1332 302 τδ
1346 276 1392 303 τοῦ
1409 277 1492 303 ’Δδελ
1511 277 1611 310 ἀδίκως
1637 278 1735 313 χυθένν
1748 280 1794 306 καὶ
1812 280 1858 307 διὰ

1067 321 1155 348 ταῦτα
1177 321 1231 348 τῶν
1248 322 1297 356 μὲν
1316 322 1466 349 ἀνελόντων
1481 322 1514 350 δι’
1533 323 1632 355 αἰῶνος
1649 325 1786 360 μαρτυρεῖ
1805 325 1857 360 τὴν

1067 366 1206 398 ἀσέϐειαν,
1225 367 1291 401 πυρὶ
1307 367 1418 399 τούτους
1445 368 1505 394 ἀντὶ
1519 369 1569 403 τῆς
1589 371 1697 403 σφαγῆς
1712 369 1857 405 ἀμυνόμε-

1067 422 1123 444 νον,
1140 413 1189 440 οὐκ
1200 413 1229 440 ὲν
1244 413 1340 448 βραχεῐ
1355 413 1404 449 τὴν
1422 414 1532 449 ὀδύνην,
1544 414 1603 441 ἀλλ’
1618 416 1732 442 αῐωνίαν
1741 416 1790 451 τὴν
1806 415 1856 442 κός
1881 438 1886 444 ,

1067 460 1145 486 λασιν
1162 459 1358 494 παρεχόμενον,
1371 460 1411 495 τῷ
1426 460 1546 496 μάρτυρι
1564 460 1592 487 δὲ
1615 461 1703 496 χαρὰν
1717 461 1854 495 ἄληκτον,

1067 505 1178 540 διηνεκῆ
1192 505 1264 540 ζωὴν
1279 505 1326 532 καὶ
1349 504 1489 540 βασιλείαν
1505 505 1573 532 Θεοῦ
1589 506 1820 541 μνηστευόμενον.

1101 549 1138 578 Δ’.
1155 551 1236 578 Ἀλλὰ
1249 551 1296 577 τοῦ
1311 551 1361 586 μὲν
1373 551 1524 586 ἀρχιερέως
1539 552 1587 578 καὶ
1608 553 1728 587 κήρυκος
1743 551 1793 586 τῆς
1808 551 1858 578 εὖ·

1067 597 1174 629 σεὸείας
1188 597 1219 624 τὸ
1239 596 1409 632 μαρτυρικδν
1435 596 1522 628 οὕτως
1549 597 1610 632 ἔσχε
1628 597 1674 623 καὶ
1698 596 1857 624 καλλίνικον

1065 643 1156 674 τέλος·
1172 643 1202 670 τὺ
1225 643 1254 669 δὲ
1278 643 1412 676 πανάγιον
1437 642 1519 669 αὑτοῦ
1539 642 1664 677 λείψανον
1690 642 1785 677 Μαρία
1801 650 1857 674 τις,

1065 688 1219 716 διακονικοῦ
1242 688 1413 724 χαρίσματος
1436 687 1627 723 κατηξιωμένη
1647 687 1706 722 ἅμα
1728 688 1785 718 τοῖς
1800 687 1857 713 τῶν

1065 735 1180 769 πλησίον
1203 733 1355 769 ὲμπορὶων,
1369 733 1420 760 οὐκ
1441 733 1584 765 εὐσεϐείας
1607 734 1701 767 μόνον,
1712 732 1781 758 ἀλλὰ
1804 731 1857 758 καὶ

1065 781 1165 816 ἀρετῆς
1180 780 1426 814 ἀντιποιουμένοις,
1442 779 1578 815 λαμπρῶς
1595 787 1626 805 τε
1641 778 1689 805 καὶ
1703 777 1784 809 ὁσίως
1804 786 1860 811 κη·

1064 827 1194 859 δεύσασα,
1205 828 1277 861 ταφῇ
1298 827 1493 862 παραδίδωσιν,
1513 827 1542 852 ὲν
1564 826 1636 861 θήκῃ
1652 824 1732 851 τοῦτο
1749 823 1856 857 φιλοτί·

1067 881 1124 907 μως
1140 872 1325 906 καταθεμένη.
1336 872 1440 906 Χρόνου
1450 872 1479 898 δὲ
1495 872 1651 906 παρῖόντος,
1675 870 1758 905 ἡνίκα
1775 869 1856 894 Κων-

1067 918 1211 949 σταντῖνος-
1232 918 1246 943 ὁ
1271 916 1468 948 εὐσεϐέστατος
1494 916 1622 951 βασιλεὺς
1643 915 1676 941 τὰ
1710 912 1856 948 Ῥωμαϊκὰ

1067 963 1194 998 σκῆπτρα
1209 962 1287 998 θεϊκῇ
1304 963 1377 998 χειρὶ
1396 963 1496 998 μᾶλλον
1520 962 1537 997 ἢ
1556 961 1671 997 στρατιᾷ
1693 959 1740 1002 καὶ
1759 959 1857 990 ὅπλοις

1067 1006 1175 1041 θαρῤὦν
1200 1007 1343 1041 ἐκράτυνε,
1362 1006 1527 1041 Σευηριανός
1542 1014 1596 1037 τις,
1619 1005 1670 1040 τὴν
1688 1004 1776 1040 ἀρχὴν
1802 1003 1855 1038 τῆς

1072 1051 1268 1087 Ἀλεξανδρέων
1295 1053 1472 1087 πσραλαὸὼν,
1493 1052 1541 1079 καὶ
1565 1051 1620 1078 δέει
1645 1051 1695 1085 τῆς
1714 1050 1857 1083 θαλάσσης

1066 1097 1110 1124 διὰ
1128 1098 1176 1132 τῆς
1205 1099 1234 1124 ὲν
1261 1097 1354 1133 κύκλῳ
1376 1097 1423 1124 τοῦ
1449 1099 1550 1124 κόλπου
1581 1097 1694 1131 πορείαν
1720 1096 1770 1130 τὴν
1794 1095 1858 1122 ὁδὸν

1066 1142 1236 1176 ποιούμενος,
1247 1143 1355 1175 γίνεται
1373 1142 1423 1177 μὲν
1438 1143 1486 1177 τῆς
1503 1142 1579 1176 ἱερᾶς
1595 1140 1749 1174 Αὑτονόμου
1764 1138 1857 1173 Θήχης

1065 1188 1188 1223 πλησίον’
1205 1189 1315 1224 ἀοράτῳ
1323 1189 1352 1215 δὲ
1362 1188 1477 1223 δυνάμει
1493 1188 1651 1222 κατέχεται,
1662 1186 1717 1212 τῶν
1729 1185 1854 1220 ἡμιόνων

1067 1233 1185 1269 ἰσχυρῶς
1201 1235 1250 1268 μὲν
1262 1233 1419 1268 παιομένων
1441 1235 1500 1264 ταῖς
1521 1232 1659 1268 μάστιξιν,
1675 1231 1735 1258 οὐδὲ
1762 1230 1853 1265 βραχὺ

1064 1279 1092 1306 δὲ
1115 1280 1293 1314 κινουμένων,
1317 1279 1377 1306 ἀλλ’
1397 1279 1442 1306 ῐσα
1469 1279 1502 1314 δὴ
1527 1280 1574 1305 καὶ
1603 1277 1688 1309 λίθοις
1712 1277 1856 1310 ἀκινήτων

1066 1324 1215 1358 μενουσῶν.
1226 1324 1280 1350 Τοῦ
1295 1323 1461 1359 Σευηριανοῦ
1476 1325 1504 1350 δὲ
1518 1324 1548 1350 τὸ
1563 1323 1676 1357 γεγονὸς
1696 1322 1858 1354 καταπλητ-

1063 1371 1189 1405 τομένου,
1201 1371 1255 1397 τῶν
1278 1370 1398 1397 εὐσεϐῶν
1410 1378 1464 1402 τις,
1473 1371 1521 1398 καὶ
1535 1372 1569 1396 τὰ
1588 1370 1705 1405 μάλιστα
1717 1367 1856 1397 εὐλαῦὦν.

1064 1417 1112 1443 καὶ
1137 1416 1212 1444 λύειν
1236 1416 1387 1451 αἰνίγματα
1419 1417 1500 1452 χάριν
1526 1417 1558 1442 ὲκ
1569 1415 1637 1442 Θεοῦ
1670 1413 1855 1449 δεδεγμένων,

1065 1461 1179 1496 γνώμην
1193 1462 1299 1496 εἰσάγει
1313 1463 1363 1495 τὴν
1376 1462 1429 1488 τῶν
1441 1461 1562 1496 ἡμιόνων
1580 1460 1675 1486 στάσιν
1698 1459 1777 1486 τοῦτο
1805 1459 1856 1493 δη-

1064 1505 1128 1532 λοῦν
1138 1513 1145 1520 ·
1163 1505 1200 1537 ὡς
1215 1505 1269 1541 ἄρα
1283 1506 1325 1532 δεῖ
1337 1506 1383 1532 τὸν
1408 1506 1592 1541 ὲποχούμενον
1608 1504 1726 1532 ἐνταῦθα
1741 1512 1771 1530 τε
1787 1503 1856 1537 στῆ-

1065 1558 1121 1582 ναι,
1135 1550 1182 1577 καὶ
1196 1550 1309 1585 τέμενος
1323 1551 1427 1585 ἐγεῖραι
1454 1550 1494 1585 τῷ
1511 1549 1577 1585 ίερῷ
1600 1549 1729 1584 μάρτυρι,
1739 1548 1787 1574 καὶ
1810 1548 1856 1575 ὅτι

1065 1596 1191 1632 ἀσφαλὴς
1206 1597 1222 1631 ἠ
1238 1597 1374 1631 ὑποθήκη.
1385 1596 1457 1622 κατᾶ
1481 1596 1565 1626 πόδας
1589 1594 1683 1629 ήμίνή
1699 1593 1851 1626 ἀπόδειξις.

1065 1641 1098 1669 Ei
1111 1642 1165 1677 γὰρ
1182 1642 1346 1674 ὲπινεύσοις,
1357 1642 1435 1676 φησὶ,
1453 1641 1534 1675 μόνον
1542 1640 1580 1674 τῷ
1595 1640 1678 1675 ἔργῳ,
1699 1639 1855 1673 ἀλλομένας

1065 1687 1145 1716 εὐθὺς
1173 1686 1257 1722 θιάσῃ
1286 1687 1336 1718 τὰς
1359 1687 1516 1722 ἀκινήτους.
1537 1687 1592 1713 Καὶ
1612 1687 1626 1712 ὀ
1646 1685 1696 1720 μὲν
1719 1684 1855 1711 ἐπένευσε

1065 1732 1212 1768 προθύμως
1223 1741 1229 1748 ·
1242 1733 1271 1759 αι
1285 1732 1312 1759 δι
1321 1732 1542 1768 έρμητικὼτερον
1553 1731 1672 1764 ἑὸαινον,
1685 1731 1734 1757 καὶ
1749 1730 1854 1757 αὐτίκα

1064 1779 1095 1805 το
1127 1779 1298 1814 εὐκτήριονὸ
1314 1778 1478 1813 Σευηριανὸς
1503 1778 1687 1813 προσέταττεν
1713 1775 1855 1803 ἀνοικοδο-

1066 1824 1187 1859 μεῖσθαι,
1205 1824 1252 1850 καὶ
1264 1825 1351 1859 εἴχετο
1363 1824 1414 1858 τῆς
1427 1823 1499 1850 ὁδοῦ.
1528 1822 1698 1850 Ἐπανελθὼν
1706 1821 1733 1848 at
1744 1821 1854 1848 ἐκεῖθεν

1065 1869 1214 1902 ἔγκαινίζει
1227 1869 1258 1895 τὸ
1270 1869 1394 1904 τέμενος,
1410 1870 1458 1896 καὶ
1472 1870 1532 1900 ταῖς
1546 1868 1641 1894 ἔπειτα
1658 1868 1766 1901 γενεαῖς
1784 1867 1854 1901 ἄλη-

1065 1924 1126 1942 στον
1141 1915 1189 1942 τεῦ
1207 1915 1345 1952 μάρτυρος
1363 1914 1493 1951 εἶναιτὴν
1508 1915 1619 1950 μνήμην
1630 1913 1851 1948 παρασκευάζει.

1099 2004 1203 2032 Ε’.οὗκ
1223 2005 1314 2038 ὀλίγον
1334 2004 1362 2032 δὲ
1387 2004 1597 2040 διαρρεύσαντος
1626 2003 1726 2038 μεταξὺ
1742 2003 1854 2038 χρόνου,

1063 2048 1124 2077 εἶτα
1136 2051 1185 2086 τῆς
1198 2051 1308 2086 μνήμης
1319 2050 1367 2077 τοῦ
1387 2050 1527 2085 μάρτυρος
1557 2051 1607 2083 τὴν
1623 2048 1794 2084 ἀναίμακτον
1814 2049 1854 2074 ἱε-

1065 2097 1195 2132 ρουργίαν
1212 2097 1283 2123 κατὰ
1293 2098 1322 2123 τὸ
1335 2097 1405 2123 θεῖον
1412 2096 1525 2131 τέμενος
1534 2096 1690 2131 τελεσθῆναι
1701 2095 1853 2129 καλούσης,

1063 2142 1206 2176 ἐφίσταται
1230 2141 1280 2176 μὲν
1295 2140 1333 2176 τῷ
1350 2142 1415 2176 ἱερῷ
1431 2142 1444 2167 ὁ
1457 2140 1608 2176 τηνικαῦτα
1632 2141 1681 2176 τὴν
1709 2142 1854 2175 ἱερατικὴν

1064 2187 1134 2223 έχων
1161 2187 1260 2222 ἀρχὴν,
1285 2188 1452 2214 ὲπιτελὲσων
1480 2190 1514 2215 τὰ
1544 2187 1682 2222 μυστικά·
1712 2186 1853 2218 ὓδατοςῶ

225 2244 317 2267 autem
344 2247 378 2267 ex
404 2240 540 2274 tabulatis,
565 2249 626 2276 quas
649 2241 725 2275 juxta
755 2249 898 2269 asconsum
925 2243 1012 2276 posita

1067 2233 1141 2268 αὐτῷ
1161 2234 1193 2259 ἐκ
1208 2233 1261 2260 τῶν
1292 2233 1507 2268 παρακειμένων
1524 2236 1556 2269 τῇ
1573 2234 1659 2267 ἀνόδῳ
1686 2233 1853 2268 δρυφὰκτων

225 2289 314 2316 erant,
328 2284 414 2312 effusa
426 2285 575 2313 arbitratus
590 2285 643 2313 hoc
656 2285 742 2312 fuisse
775 2285 876 2312 factum
896 2287 929 2313 ad
945 2294 1013 2314 con-

172 2353 177 2357 .
225 2331 377 2364 tumeliam,
396 2339 504 2359 sacrum
523 2331 632 2366 quidem
651 2331 830 2359 ministerium
851 2332 954 2367 peragit
965 2332 1012 2360 illo

224 2377 269 2405 die
284 2386 291 2404 :
304 2378 402 2406 deinde
415 2386 477 2406 cum
491 2378 558 2406 illud
574 2378 705 2406 diruisset
722 2377 883 2411 oratorium,
896 2379 1012 2406 tediﬁcat

225 2424 341 2451 alterunt
359 2425 385 2451 in
402 2425 480 2456 lacis,
495 2432 555 2458 quae
571 2429 636 2452 sunt
664 2431 748 2459 prope
776 2432 861 2457 mare,
887 2425 1012 2452 nesciens

226 2470 298 2504 quod
314 2477 394 2504 supra
407 2470 559 2505 religiosam
574 2470 681 2498 thecam
693 2470 819 2506 martyris
844 2469 1011 2498 Severianus

226 2516 291 2542 olim
309 2515 444 2542 exstruxit
455 2515 618 2549 oratorium,
630 2516 704 2550 quod
716 2516 773 2550 ipse
792 2515 924 2544 diruerat.
941 2515 1010 2543 Cum

225 2560 365 2595 sexaginta
386 2565 476 2587 autem
489 2561 553 2587 anni
572 2562 768 2595 prteteriissent
784 2569 870 2596 usque
881 2562 915 2589 ad
940 2566 1011 2589 tem-

224 2613 277 2641 pus
294 2606 389 2633 mortis
409 2605 538 2637 Zenonis,
552 2606 597 2640 qui
637 2605 690 2634 fuit
732 2606 881 2641 imperator
911 2607 1012 2634 Roma-

225 2658 334 2684 norum,
349 2651 469 2680 Joannes
495 2652 604 2687 quidam
621 2652 709 2684 miles,
724 2653 769 2687 qui
794 2658 853 2680 erat
869 2652 895 2679 in
913 2661 1011 2680 nume~

224 2705 255 2726 ro
271 2706 377 2731 eorum,
393 2699 439 2734 qui
458 2704 589 2726 vocantur
602 2698 787 2730 excubitores,
810 2703 840 2724 ut
853 2697 1010 2732 imperatori

224 2746 314 2781 aliqua
331 2745 358 2773 in
389 2753 418 2772 re
442 2745 604 2777 deserviret,
632 2744 794 2772 versabatur
821 2743 849 2770 in
878 2743 920 2770 his
944 2743 1010 2772 locis

224 2792 295 2819 circa
307 2792 407 2819 Soreos
421 2796 448 2818 et
459 2791 579 2818 Limnas.
598 2790 632 2819 Et
660 2798 722 2818 cum
747 2785 846 2824 corpus
864 2789 1010 2824 aliquando

224 2841 372 2868 exerceret,
384 2844 511 2871 egressus
533 2841 575 2863 est
600 2835 634 2862 ad
658 2834 852 2862 venationem:
886 2839 913 2862 et
947 2843 1009 2864 cum

225 2879 322 2909 fuisset
335 2882 362 2909 in
376 2890 408 2909 eo
425 2882 492 2914 loco,
510 2882 536 2908 in
566 2889 619 2916 quo
637 2879 788 2914 martyrieae
814 2879 925 2914 sepulta:
951 2881 1009 2910 fuc-

1066 2279 1256 2315 ὲπιχυθέντος,
1275 2279 1317 2314 ἐφ’
1336 2278 1414 2314 ὕϐρει
1438 2279 1516 2306 τοῦτο
1542 2279 1705 2314 γεγενῆσθαι
1722 2279 1852 2313 νομίσας,

1063 2325 1113 2361 τὴν
1131 2325 1179 2360 μὶν
1193 2325 1269 2360 ἱερὰν
1282 2325 1454 2360 λειτουργίαν
1475 2327 1536 2352 κατ’
1553 2326 1661 2360 ἐκείνην
1670 2324 1790 2352 ἐπιτελεῖ
1800 2325 1852 2359 τὴν

1062 2371 1186 2407 ἡμέραν·
1209 2369 1269 2397 εἶτα
1289 2371 1320 2398 τὺ
1358 2372 1504 2407 εὐκτήριον
1521 2371 1654 2403 καθελὼν.
1666 2372 1695 2398 ιν
1710 2373 1766 2403 τοῖς
1779 2371 1851 2406 πρὸς

1063 2417 1202 2444 θάλασσαν
1216 2417 1308 2449 τόποις
1334 2417 1471 2452 οἰκοδομεῖ
1492 2417 1598 2452 ἕτερον,
1617 2418 1668 2444 οὐκ
1688 2417 1766 2448 εἰδὼς
1795 2417 1852 2451 ἄρα

1061 2464 1102 2491 ὅτι
1116 2465 1188 2491 κατὰ
1202 2465 1280 2491 νότον
1295 2465 1345 2498 τῆς
1360 2463 1476 2498 εὐαγοῦς
1493 2464 1542 2491 τοῦ
1559 2465 1698 2499 μάρτυρος
1720 2464 1808 2498 θήκης
1835 2465 1850 2490 ὁ

1061 2511 1227 2546 Σευηριανὸς
1247 2511 1278 2538 τὺ
1289 2511 1433 2546 εὐκτήριον
1452 2511 1466 2538 δ
1481 2511 1562 2543 αὐτὸς
1585 2511 1647 2547 ἄρτι
1671 2511 1780 2538 καθεῖλε
1797 2511 1849 2537 πά-

1061 2556 1107 2582 λαι
1132 2556 1289 2591 ἀνήγειρεν.
1315 2557 1464 2591 Ἐξήκοντα
1489 2557 1518 2583 δὲ
1547 2557 1756 2593 παρῳχηκότων
1782 2557 1851 2591 ἄχρι

1060 2604 1110 2637 τῆς
1134 2604 1267 2638 Ζήνωνος,
1296 2603 1326 2635 ὃς
1360 2603 1504 2638 Ῥωμαίων
1520 2603 1690 2636 ἐϐασίλευσε,
1707 2602 1850 2637 τελευτῆς,

1067 2648 1194 2684 Ὶώαννης
1212 2658 1265 2682 τις,
1282 2649 1452 2684 στρατιώτης
1469 2651 1498 2677 ὲν
1513 2652 1569 2682 τοῖς
1585 2650 1765 2683 καλουμένοις
1788 2649 1850 2681 ἘΞ-

1061 2695 1230 2731 κουείτορσιν
1248 2697 1459 2732 ἀριθμούμενος,
1474 2698 1610 2724 κατάτινα
1620 2696 1762 2732 βασιλικὴν
1775 2696 1850 2730 ὑπη-

1062 2741 1156 2777 ρεσίαν
1181 2743 1210 2768 ὲν
1225 2744 1282 2773 τοῖς
1297 2743 1409 2777 χωρίοις
1423 2742 1543 2777 διέτριδε
1564 2743 1621 2774 τοῖς
1640 2743 1706 2777 περὶ
1722 2742 1849 2778 Σωρεοίδς

1061 2788 1108 2815 καὶ
1123 2788 1238 2822 Λίμνας.
1264 2788 1318 2815 Καί
1343 2797 1409 2815 ποτε
1428 2788 1568 2824 γυμνασίᾳ
1585 2789 1616 2815 τὸ
1643 2789 1723 2823 σῶμα
1746 2788 1847 2819 διδοὺς,

1061 2835 1106 2861 ἐπὶ
1126 2834 1213 2869 θήραν
1225 2834 1309 2870 ἐξῄει,
1324 2835 1371 2861 καὶ
1396 2835 1468 2861 κατὰ
1480 2835 1526 2861 τὸν
1540 2835 1624 2861 τόπνν
1646 2833 1804 2869 γενόμενος,
1817 2835 1848 2858 ἐν

1061 2878 1082 2916 ᾧ
1099 2881 1128 2908 τὶ)
1146 2880 1314 2916 μαρτυρικδν
1339 2881 1473 2907 ἐτέθαπτο
1496 2880 1632 2914 λείψανον,
1647 2879 1752 2913 λαγωὸν
1776 2880 1848 2913 τόξῳ
