2034 3152
261 172 317 204 ϐ’νθ

877 169 1017 200 MENSIS
1040 167 1277 199 SEPTEMBER.

1837 167 1889 199 700

262 227 310 261 qui
324 226 358 254 ab
373 224 541 252 Athanarleo
567 233 632 261 rege
656 226 691 253 ob
711 225 873 253 catholicam
892 226 971 253 fidem
995 226 1055 260 jus-
1069 227 1095 257 Α
1109 226 1274 260 impressum
1307 227 1349 252 est
1372 224 1398 251 iu
1427 223 1560 252 Thesauro
1582 223 1776 258 Autiqultalum
1801 223 1890 250 “alii!

262 280 309 300 sus
320 275 361 299 est
377 271 438 306 igne
454 272 589 299 comburi.
609 271 718 298 iPetrus
734 271 768 298 de
788 271 939 303 Natalibus,
957 271 1005 298 lib.
1022 279 1051 304 v,

261 325 312 352 cap
326 317 362 349 ,4,
389 317 506 352 elogium
536 318 678 345 contexuit
701 324 735 344 ex
756 317 830 344 Actis
853 317 923 344 infra
946 317 1054 349 dandis,

263 363 310 390 sed
329 370 382 390 non
399 363 458 390 sine
480 363 620 390 erroribus
640 363 754 397 aliquot,
773 367 940 398 martemque
954 364 1053 395 sancti,

263 416 341 442 quem
354 408 478 436 Nicetum
491 414 579 440 vocat,
596 409 654 436 ilxit
672 409 707 436 25
721 409 795 436 Maii.
813 409 882 436 Hinc
895 408 1009 441 factum,
1024 414 1054 437 ut

264 453 405 480 Grevenus
424 453 525 488 aliique
549 454 625 488 pauci
649 454 821 490 utartyrologi
850 454 984 485 Nicetum,
1007 459 1054 482 aut

263 497 354 531 potius
369 497 501 531 Nicetatn,
520 499 553 525 ad
574 498 609 525 Q5
622 498 683 525 Maii
705 499 761 525 suis
775 498 863 526 Fastis
875 499 1051 526 inserueriut.

264 543 314 569 Alii
336 547 426 571 tamen
454 543 543 571 Latini
573 552 634 571 cum
656 544 763 571 Molana
780 549 904 572 sanctum
931 545 1051 572 Nicetam

266 588 346 615 hodie
361 594 557 617 memorarunt.
575 590 752 624 Antiquiores
770 590 940 625 utartyrologi
962 591 1053 618 Latini

265 638 390 661 sanctum
410 634 483 661 hunc
508 635 665 670 ignorarunt
681 644 687 661 :
703 636 751 662 sed
764 634 850 662 Graeci
872 643 969 671 magno
984 630 1058 663 con-V

263 685 356 710 scnsu,
370 682 397 705 et
417 686 478 705 cum
495 678 537 706 his
559 679 659 707 Moschi
683 684 807 707 sanctum
827 680 948 707 Nicetam
973 680 1053 707 hodie

263 722 411 753 celebrant.
437 728 465 750 ιιι
491 731 616 759 nragnum
633 729 790 760 martyrem,
815 726 848 752 de
870 733 923 760 quo
937 725 1053 752 cilicium

263 767 478 795 ecclesiasticum
495 769 590 796 eodem
606 770 650 796 die
665 771 849 804 peragendum
865 771 891 797 in
907 771 985 798 libris
1002 778 1050 798 eo-

263 821 322 840 rum
336 813 478 842 ritualibus
493 816 688 849 praescribitur.
705 816 732 843 ln
747 816 896 852 Menologia
908 817 1052 845 Sirletiano

264 859 315 886 hoc
329 860 417 887 sancti
438 861 540 888 Nicetaa
552 861 632 889 datur
645 862 762 898 elogium
779 871 787 889 :
803 862 1046 890 «Commemoratia

263 906 349 933 sancti
366 907 492 942 martyris
503 907 614 940 Nicette,
631 909 675 942 qui
689 909 740 935 sub
755 909 871 943 imperio
882 908 1051 936 Constantini

263 951 349 986 Magni
373 957 462 985 natus,
478 958 559 988 atque
579 954 712 981 educatus
731 955 758 981 in
776 957 885 989 regione
900 954 1050 983 Gothorum

264 997 334 1024 ultra
348 997 510 1029 Danubium,
528 1006 582 1025 non
598 999 817 1026 communicabat
837 1007 898 1026 cum
913 999 1050 1034 Barbaris,

263 1043 311 1069 sed
326 1050 388 1069 cum
402 1043 466 1070 viris
482 1043 532 1078 piis
544 1043 628 1070 Deum
640 1044 804 1076 colentibus,
819 1044 932 1071 edoctus
947 1044 1051 1073 Christi

264 1089 343 1116 [idem
361 1097 375 1115 a
394 1089 567 1116 sanctissimo
583 1089 712 1124 episcopo
728 1089 877 1117 Gothorum
890 1092 1050 1127 Theophila,

263 1135 477 1168 comprehensus
494 1135 528 1162 ab
549 1135 698 1163 Athanasio
713 1136 781 1172 (lege
797 1137 960 1165 Athanarico
981 1138 1053 1172 prin-

262 1180 321 1214 cipe
352 1185 462 1214 propter
490 1181 653 1208 Christiauze
687 1182 749 1209 ﬁdei
782 1183 989 1216 professionem,
1025 1189 1053 1212 et

262 1226 356 1251 multis
402 1227 544 1254 tormentis
575 1227 722 1257 cruciatus,
761 1228 823 1263 igne
866 1234 1052 1264 (consumptus,

263 1276 470 1298 consummatus
491 1276 542 1298 est.
564 1281 573 1296 ›
589 1271 746 1298 Consonaut
760 1272 871 1299 omnino
889 1272 990 1300 Mensa
1005 1274 1054 1300 im-

264 1325 367 1351 pressa,
385 1317 429 1344 ubi
447 1325 544 1344 nomen
563 1318 732 1350 Athanarici,
752 1326 800 1352 pro
811 1326 865 1352 quo
879 1319 923 1347 hic
942 1320 1054 1347 mendo-

263 1369 293 1388 se
309 1361 472 1388 Athanasius
486 1361 592 1396 legitur,
605 1367 679 1390 recte
689 1367 731 1389 est
744 1370 914 1396 expressum.

299 1406 330 1433 ll.
357 1406 384 1433 In
411 1407 561 1443 lienologio
587 1408 721 1436 Basiliana
746 1409 811 1436 Acta
843 1410 930 1436 sancti
953 1409 1053 1438 Nicelat

261 1453 425 1488 compendio
443 1458 628 1487 exponuntur.
648 1455 713 1481 Nam
738 1461 799 1489 post
819 1455 888 1483 hanc
906 1457 1052 1483 annuntia-

263 1499 375 1530 tionem,
394 1498 553 1527 (Certamen
574 1501 660 1527 sancti
674 1501 763 1535 magni
779 1501 907 1535 martyris
921 1501 1050 1533 Nicena,»

264 1546 389 1579 sequitur
402 1545 520 1580 elogium
538 1546 573 1572 ita
590 1551 753 1580 conceptum
768 1555 774 1572 :
791 1546 925 1576 «Nic-etas.
942 1547 1054 1582 pracla-

261 1596 309 1615 rus
341 1589 441 1616 Christi
471 1595 583 1624 martyr,
610 1589 660 1617 fuit
692 1591 843 1625 imperante
872 1591 1052 1619 Constantino

260 1633 366 1669 Magtio,
387 1642 485 1669 genere
502 1634 617 1666 Gothus,
646 1635 787 1662 nobilitate
820 1643 851 1663 ac
868 1636 967 1664 divitiis
983 1637 1055 1664 inter

262 1681 407 1715 populares
422 1688 486 1707 suos
506 1680 617 1712 floreus,
633 1688 648 1707 a
669 1680 824 1715 Theophila
842 1683 1052 1717 religiosissima

260 1725 366 1753 Gothize
388 1726 516 1759 episcopo
543 1725 622 1752 flJem
652 1726 775 1754 edoctus.
799 1727 867 1754 Cum
905 1733 995 1755 autem
1025 1728 1053 1755 in

261 1772 329 1799 duas
344 1771 474 1798 factiones
493 1776 547 1798 tota
578 1769 729 1798 Gothorum
750 1781 817 1806 gens
841 1774 926 1801 scissa
943 1773 1052 1803 fuisset.

261 1823 343 1853 atque
358 1824 471 1853 utraque
493 1827 571 1846 suum
585 1817 636 1846 sibi
654 1819 805 1854 principem
829 1825 966 1852 creasset;
987 1828 1053 1848 con-

263 1865 407 1899 fugitalter
418 1865 571 1899 principum
586 1867 620 1893 ad
636 1865 820 1892 Romanorum
835 1865 1027 1900 imperatorem
1042 1876 1048 1894 :

261 1911 308 1946 qui
331 1919 393 1938 cum
416 1916 541 1946 suscepta
560 1912 586 1939 in
602 1912 744 1940 contraria:
761 1911 886 1939 factiOuis
909 1916 1051 1947 tyrannum

261 1956 444 1990 expeditione,
463 1956 594 1991 insignem
610 1964 642 1984 ex
664 1964 697 1983 eo
715 1960 882 1991 reportasset
897 1956 1050 1988 victoriam,

259 2001 418 2036 Gothosque
433 2002 593 2035 subegisset.
611 2009 644 2029 ex
672 2010 706 2029 ea
736 2007 857 2037 tempore
874 2009 958 2036 genus
973 2001 1050 2028 Chri-

261 2047 413 2073 stianorum
440 2047 511 2074 inter
533 2047 636 2075 Gothos
653 2047 860 2081 multiplicatum
875 2052 927 2074 est.
949 2046 1051 2073 Horum

262 2092 367 2127 primus
386 2097 496 2119 sanctus
512 2092 620 2120 Nicetas
634 2092 695 2125 fuit,
707 2092 752 2127 qui
767 2098 795 2120 et
805 2100 911 2119 summa
925 2092 1051 2120 libertate

262 2137 444 2165 Christianam
471 2140 551 2166 iidem
568 2141 668 2174 populo
687 2140 879 2167 annuntiabat.
900 2139 952 2166 Sed
977 2143 1052 2173 post-

262 2191 343 2217 quam
379 2191 506 2211 reversus
526 2190 569 2212 est
592 2185 747 2220 imperator,
769 2185 850 2212 Gothi
871 2184 992 2211 inﬁdeles
1010 2184 1052 2211 fu-

263 2236 323 2256 rore
339 2229 444 2264 perciti,
469 2235 603 2258 commata
622 2231 647 2257 in
663 2231 833 2259 Christianos
849 2230 1047 2265 persecutione,

262 2275 328 2302 alios
345 2276 453 2310 quidem
470 2276 548 2303 aliter
565 2281 668 2303 torsere
679 2296 686 2308 ,
708 2275 830 2303 Nicetam
859 2280 950 2301 autem
978 2275 1048 2301 mul-

262 2319 399 2354 tiplicibus
423 2321 562 2354 suppliciis
584 2321 766 2348 excruciatum
792 2320 846 2356 igni
869 2319 1016 2347 tradidere.
1037 2329 1046 2346 ι

263 2366 398 2394 Hactenus
410 2367 591 2402 Menologium
605 2367 671 2395 satis
683 2372 766 2394 recte.

297 2412 342 2439 lll.
366 2412 402 2439 De
419 2413 595 2440 translatione
610 2414 732 2448 corporis
748 2413 833 2440 sancti
849 2412 950 2440 Nicctae
967 2412 1047 2440 Gothi

263 2461 345 2492 agunt
361 2458 427 2485 Acta
443 2459 558 2489 edenda,
577 2459 663 2493 iisque
684 2460 822 2486 consentit
837 2458 933 2486 Petrus
950 2459 983 2485 de
999 2459 1050 2486 Na-

267 2503 367 2530 talibus
386 2503 441 2538 jam
466 2504 602 2531 laudatus.
618 2504 767 2538 Utrobique
783 2505 863 2531 etiam
879 2505 987 2539 legitur,
1003 2512 1049 2531 cc-

263 2549 374 2577 clcsiam
401 2554 494 2577 sancto
520 2550 679 2577 mdilicatam
695 2558 755 2578 esse
771 2550 942 2585 Mopsuestia;
963 2550 990 2576 in
1006 2549 1049 2577 Ci-

261 2596 334 2628 licia,
353 2603 407 2630 qtto
429 2603 536 2622 sacrum
560 2603 658 2630 carpas
674 2600 732 2624 erat
748 2596 877 2623 delatum.
894 2595 976 2622 Addit
1001 2595 1050 2621 de-

263 2642 327 2669 inde
340 2641 437 2668 Petrus
451 2642 486 2669 de
508 2641 670 2669 Natalibus:
691 2651 699 2667 ι
716 2642 781 2668 Post
797 2641 928 2676 temporis
952 2640 1050 2667 decur-

263 2696 322 2716 sum
336 2696 435 2723 carpus
460 2688 548 2723 ipsum
566 2687 694 2715 Venetias
722 2688 895 2719 translatum,
910 2686 1051 2720 quiescere

261 2735 361 2762 dicitur
379 2735 406 2762 in
420 2735 535 2762 ecclesia
553 2734 582 2761 S.
598 2734 712 2761 Nicolai.
730 2744 739 2760 ι
760 2733 796 2759 De
814 2739 929 2766 corpore
943 2729 1045 2757 ibidem

262 2786 369 2808 servato
388 2781 549 2815 astipulatur
566 2780 692 2806 Nicolaus
722 2778 842 2814 Doglioui
868 2777 896 2803 in
919 2774 1050 2809 opuscula

264 2826 357 2853 ltalico
375 2827 405 2852 de
416 2825 581 2852 Notabilibus
597 2825 667 2852 urbis
689 2824 790 2851 Venetae
805 2823 852 2850 lib.
868 2830 886 2850 ιι
903 2829 963 2857 pag.
981 2820 1048 2853 555;

267 2873 304 2899 uti
321 2877 346 2900 et
366 2873 524 2907 opusculum
547 2871 672 2900 Latinum
689 2871 719 2899 de
739 2872 804 2900 Urbe
832 2870 941 2902 Velwta,
974 2867 1045 2903 quod

1067 1567 1089 1597 C

1067 2231 1088 2258 ι)

1107 275 1175 298 tom.
1193 279 1209 298 v
1228 274 1298 305 part.
1324 278 1354 297 tt.
1375 269 1404 297 In
1427 269 1473 297 illo
1499 269 1572 297 enim
1593 273 1723 296 tractatur
1739 268 1773 296 de
1790 269 1892 303 templo

1105 315 1133 343 S.
1165 315 1278 348 Nicolai,
1318 315 1444 350 parochia
1476 315 1695 350 presbyterorum
1723 315 1751 342 in
1782 315 1892 349 regione

1104 361 1181 387 Dorsi
1204 361 1275 393 duri,
1304 364 1386 394 atque
1403 361 1429 386 in
1445 360 1499 387 fine
1521 360 1640 387 dicitur:
1662 359 1711 387 Hic
1730 360 1816 387 sancti
1836 359 1892 386 Ni-

1104 412 1171 434 cette
1185 414 1284 441 corpus
1297 406 1412 440 aliaeque
1426 411 1583 433 sanctorum
1601 405 1724 440 reliquiae
1741 404 1890 432 habentur.

1139 452 1183 479 IV.
1204 452 1281 485 Quod
1296 457 1401 487 spectat
1414 453 1447 480 ad
1465 457 1582 487 tempus,
1600 459 1654 486 quo
1680 456 1792 479 sanctus
1809 451 1893 479 Nice-

1105 501 1146 525 tas
1158 498 1287 533 martyrio
1299 503 1444 526 coronatus
1456 505 1508 531 est,
1519 498 1584 525 illud
1595 503 1743 532 utcumque
1757 497 1891 532 assignari

1103 549 1194 579 potest
1212 552 1244 571 ex
1261 549 1393 579 tempore,
1421 553 1476 580 qua
1498 545 1648 572 Gothorum
1665 545 1792 580 princeps
1806 546 1894 572 Atha—

1103 591 1213 618 naricus
1230 591 1448 626 persecutionem
1466 592 1550 619 movit
1566 592 1696 619 adversus
1709 591 1891 619 Christianos.

1102 637 1142 664 De
1170 644 1313 664 numerosa
1340 636 1492 664 Gothorum
1519 641 1667 671 martyrum
1696 637 1783 664 classe
1805 638 1838 664 ad
1856 637 1892 664 26

1102 682 1191 708 Martii
1218 682 1272 716 egit
1297 682 1496 716 Papebrochius
1533 687 1625 710 noster
1656 682 1775 710 breviter
1798 683 1893 710 admo-

1102 727 1177 754 dum.
1191 727 1324 755 Prolixius
1338 732 1365 755 et
1378 728 1532 756 accuratius
1547 728 1580 755 de
1596 733 1691 755 sancto
1706 728 1775 754 Saba
1789 727 1891 758 Gotho,

1103 773 1130 799 in
1146 773 1238 800 eadem
1256 781 1364 808 quoque
1379 775 1569 808 persecutione
1589 781 1680 808 passa,
1697 774 1768 800 idem
1791 775 1845 808 egit
1858 773 1892 800 ad

1102 819 1135 846 l2
1150 819 1258 853 Aprilis,
1279 827 1333 854 quo
1353 820 1460 847 occisus
1493 824 1534 847 est
1548 828 1620 847 anno
1632 820 1696 846 572.
1716 819 1818 847 Eodem
1834 819 1893 846 for-

1103 871 1150 891 san
1168 872 1251 896 anno.
1269 870 1342 892 certe
1361 873 1413 892 non
1431 865 1522 892 multis
1545 865 1624 892 annis
1640 865 1724 892 citius
1739 871 1785 892 aut
1802 866 1893 892 srrius

1105 914 1251 937 coronatus
1265 915 1306 936 est
1322 915 1432 937 sanctus
1453 910 1571 937 Nicetas.
1588 910 1676 937 Locus
1692 911 1814 945 martyrii
1842 911 1894 938 iuit

1103 956 1129 982 in
1143 956 1246 982 ditione
1264 954 1424 984 Gothorum.
1447 955 1517 982 ultra
1534 955 1684 982 Danubium
1703 959 1767 982 tunc
1784 955 1890 989 degen-

1104 1000 1180 1028 tium.
1198 1001 1294 1028 Nescia
1317 1008 1393 1033 sane,
1407 1008 1462 1036 quo
1479 1001 1614 1028 memoria:
1629 1001 1706 1036 lapsu
1720 1001 1893 1027 Castellanus

1103 1047 1130 1074 in
1144 1047 1331 1082 Martyrologio
1358 1047 1503 1074 universali
1528 1047 1562 1074 ad
1579 1047 1740 1082 marginem,
1758 1051 1786 1074 et
1804 1047 1831 1073 in
1848 1046 1893 1073 in-

1103 1092 1172 1124 dice,
1188 1097 1282 1120 notare
1295 1093 1423 1128 potuerit,
1440 1100 1524 1128 prope
1542 1091 1734 1126 Mopsuestiam
1752 1092 1778 1118 in
1789 1091 1890 1119 Cilicia

1102 1138 1220 1166 occisum
1236 1145 1297 1166 esse
1318 1143 1453 1169 sanctum,
1479 1138 1530 1165 nisi
1555 1138 1654 1170 locum,
1673 1137 1706 1164 ad
1730 1146 1810 1172 quem
1827 1145 1893 1165 cor-

1102 1191 1154 1217 pus
1174 1183 1334 1211 translatum
1351 1187 1402 1214 est,
1422 1190 1483 1210 cum
1499 1182 1558 1209 loco
1583 1182 1702 1218 martyrii
1722 1181 1892 1210 confuderit.

1102 1228 1181 1256 Nulla
1202 1230 1275 1256 enim
1295 1234 1338 1256 est
1356 1229 1436 1260 ratio,
1450 1237 1498 1255 cur
1523 1229 1658 1261 dicamus,
1684 1229 1804 1255 occisum
1829 1236 1894 1256 esse

1103 1274 1233 1302 Sanctum
1248 1279 1324 1301 extra
1336 1274 1466 1301 ditionem
1491 1274 1647 1300 Athanarici
1671 1273 1821 1301 Gothorum
1845 1282 1891 1301 ro-

1103 1320 1151 1355 gis,
1171 1327 1231 1353 qua:
1260 1320 1393 1347 immenso
1421 1325 1556 1347 terrarum
1583 1319 1726 1346 intervallo
1753 1327 1767 1346 a
1791 1319 1889 1347 Cilicia

1103 1365 1230 1392 distabat.
1258 1365 1287 1392 Si
1316 1373 1397 1400 porro
1427 1365 1557 1393 ditionem
1582 1365 1739 1393 Athanarici
1762 1366 1892 1400 proprius

1103 1410 1242 1445 inquirere
1274 1410 1398 1442 velimus,
1423 1418 1456 1438 ex
1485 1411 1639 1442 Ammiano,
1667 1415 1740 1444 gesta
1770 1410 1895 1438 Valentis

1104 1456 1278 1490 imperatoris
1304 1461 1399 1483 contra
1435 1455 1632 1483 Athanaricum
1669 1455 1817 1488 referente,
1843 1457 1894 1484 lib.

1103 1508 1177 1527 xxvu
1200 1508 1261 1535 cap.
1279 1501 1305 1533 5,
1323 1501 1403 1528 facile
1424 1500 1669 1535 deprehendemus,
1696 1500 1893 1528 Athanaricqu

1104 1552 1137 1572 eo
1154 1549 1275 1580 tempore
1293 1544 1461 1571 dominatum
1477 1552 1537 1571 esse
1552 1544 1579 1570 in
1593 1543 1727 1571 hodierna
1746 1543 1891 1574 Moldavia.

1104 1597 1135 1617 ac
1161 1589 1229 1616 forte
1249 1590 1276 1616 in
1300 1589 1426 1616 Valachia
1447 1593 1475 1615 et
1498 1588 1669 1620 Bessarabia,
1699 1593 1746 1616 aut
1765 1593 1839 1615 certe
1863 1589 1891 1615 in

1104 1640 1182 1671 parte
1211 1635 1300 1669 aliqua
1330 1634 1437 1661 illarum
1464 1634 1666 1669 provinciarum
1684 1641 1793 1668 :neque
1816 1634 1895 1661 enim

1103 1682 1239 1714 novimus,
1254 1687 1335 1714 quam
1352 1680 1404 1707 late
1424 1680 1580 1714 imperaret.

1139 1726 1171 1753 ν.
1190 1726 1261 1753 Loca
1277 1726 1311 1752 ab
1325 1725 1469 1752 Ammiano
1484 1730 1643 1756 memorata.
1660 1726 1706 1752 ubi
1725 1724 1825 1752 Valens
1850 1725 1893 1752 ls—

1106 1775 1176 1797 trum
1191 1770 1278 1804 primo
1290 1773 1318 1797 et
1330 1770 1407 1796 tertio
1421 1769 1491 1796 illius
1508 1769 1570 1796 belli
1585 1777 1657 1796 anno
1669 1770 1784 1802 trajecit.
1800 1774 1828 1796 et
1842 1769 1891 1796 ubi

1103 1823 1174 1842 anno
1191 1815 1310 1842 secundo
1331 1815 1475 1841 transitum
1495 1814 1596 1841 frustra
1624 1816 1749 1846 tentavit,
1766 1819 1844 1842 erant
1861 1815 1889 1842 in

1103 1861 1194 1888 Moesia
1217 1860 1358 1891 inferiore,
1372 1860 1451 1887 dictis
1474 1860 1630 1894 provinciis,
1649 1862 1797 1895 pra-sertim
1822 1860 1893 1887 Mol-

1102 1907 1187 1934 davia:
1200 1907 1335 1941 opposita,
1352 1906 1465 1940 soloque
1481 1905 1549 1932 Istro
1565 1906 1598 1932 ab
1616 1906 1648 1932 iis
1667 1906 1761 1933 divisa.
1789 1906 1892 1932 Marci-

1103 1953 1226 1988 anopolis
1247 1951 1369 1986 ejusdem
1389 1951 1537 1986 provincia:
1553 1951 1638 1983 urbis,
1663 1951 1690 1977 in
1713 1959 1764 1986 qua
1787 1951 1890 1978 Valens

1103 1999 1216 2026 hiberna
1232 1998 1360 2030 habebat,
1377 2004 1409 2024 ac
1424 2004 1475 2031 pax
1490 1996 1517 2022 in
1535 1997 1593 2031 ipso
1615 1995 1683 2023 Istro
1700 1997 1771 2023 inter
1783 2002 1892 2024 utrum-

1102 2052 1154 2081 que
1170 2043 1320 2079 principem
1337 2043 1413 2076 inita,
1441 2042 1564 2069 similiter
1581 2041 1739 2074 ostendunt,
1765 2042 1891 2069 Athana-

1102 2091 1150 2118 rici
1169 2090 1299 2118 ditionem
1311 2096 1327 2116 a
1343 2088 1435 2115 Mt}:le
1457 2087 1585 2114 inferiore
1600 2087 1659 2115 solo
1673 2087 1742 2114 Istro
1759 2087 1816 2115 sive
1837 2087 1891 2114 Da-

1102 2136 1185 2163 nubio
1202 2135 1364 2169 diremptam
1390 2133 1485 2161 fuisse.
1513 2134 1607 2167 Itaque
1630 2133 1808 2160 dubitandum
1834 2141 1891 2160 non

1102 2187 1153 2214 est,
1171 2181 1236 2216 quin
1268 2185 1379 2207 sanctus
1405 2178 1513 2206 Nicetas
1536 2186 1632 2213 passus
1653 2178 1687 2205 sit
1703 2179 1731 2205 in
1759 2179 1893 2206 hodierna

1104 2227 1245 2258 Moldavia,
1262 2226 1304 2253 vel
1320 2226 1384 2253 huic
1398 2224 1567 2252 contermina
1589 2224 1714 2251 Valachia
1729 2229 1776 2252 aut
1791 2224 1893 2251 Bessa-

1100 2273 1186 2301 rabia.
1207 2272 1273 2300 Nam
1291 2270 1507 2305 persecutionem
1532 2275 1626 2297 contra
1643 2270 1814 2297 Christianos
1831 2277 1895 2296 ma-

1100 2320 1139 2347 vit
1159 2317 1351 2348 Athanaricus,
1379 2316 1535 2350 priusquam
1557 2315 1638 2343 Gothi
1664 2315 1764 2342 Istrum
1779 2315 1894 2343 fuerunt

1102 2365 1274 2400 transgressi,
1301 2363 1410 2397 quando
1436 2361 1548 2389 haeresis
1570 2362 1670 2388 Ariana
1685 2362 1802 2389 necdum
1824 2369 1894 2395 prve-

1100 2412 1223 2438 valuerat
1248 2409 1320 2444 apud
1337 2408 1450 2438 Gothos.
1466 2412 1495 2434 ut
1517 2409 1644 2435 observat
1664 2413 1775 2435 sanctus
1796 2407 1894 2442 Augu-

1101 2458 1198 2489 stinus,
1236 2457 1284 2484 lib.
1313 2463 1377 2483 mu
1397 2454 1431 2481 de
1448 2454 1568 2486 civitate,
1599 2462 1658 2488 cap.
1679 2453 1723 2480 52.
1752 2452 1798 2480 ubi
1834 2452 1895 2480 haec

1101 2503 1217 2530 scribit:
1239 2512 1247 2528 ι
1261 2502 1317 2529 Rex
1341 2502 1491 2529 Gothorum
1510 2500 1537 2527 in
1560 2500 1618 2535 ipsa
1639 2499 1736 2526 Gothia
1761 2505 1895 2534 persecu-

1102 2554 1145 2576 tus
1174 2554 1216 2576 est
1242 2548 1413 2576 Christianos
1437 2546 1597 2575 crudelitate
1616 2545 1744 2577 mirabili,
1768 2552 1831 2571 cum
1855 2544 1894 2571 ibi

1101 2602 1156 2621 non
1179 2599 1270 2621 essent
1291 2594 1342 2621 nisi
1358 2592 1501 2624 Catholici,
1521 2599 1636 2626 quarum
1656 2590 1766 2625 plurimi
1788 2594 1894 2625 marty-

1101 2639 1141 2666 rio
1151 2639 1271 2666 coronati
1290 2645 1370 2672 sunt;
1388 2638 1458 2666 sicut
1472 2646 1487 2664 a
1502 2637 1664 2672 quibusdam
1683 2635 1825 2666 fratribus,
1843 2637 1893 2670 qui

1103 2689 1168 2711 tunc
1188 2684 1242 2710 illic
1263 2683 1340 2718 pueri
1375 2683 1494 2715 luerant,
1514 2687 1542 2709 et
1555 2689 1584 2708 se
1609 2682 1659 2707 ista
1679 2681 1779 2708 vidisse
1794 2681 1894 2708 incuu-

1102 2737 1207 2758 ctanter
1221 2729 1445 2759 recordabantur,
1461 2728 1625 2755 audivimus.
1639 2738 1648 2753 ›
1660 2728 1759 2754 Paulus
1767 2728 1894 2759 Orosius,

1101 2777 1151 2803 lib-
1168 2784 1216 2808 vu,
1232 2783 1294 2810 cap.
1309 2774 1354 2806 52,
1367 2775 1400 2802 de
1415 2773 1509 2801 eadem
1525 2774 1715 2808 persecutione
1733 2773 1773 2800 sic
1789 2773 1893 2799 habet:

1105 2830 1113 2847 t
1135 2822 1268 2848 Prmterca
1284 2819 1466 2847 Athanaricus
1483 2827 1528 2846 rex
1542 2818 1706 2850 Gothorum,
1721 2817 1894 2844 Christianos

1102 2869 1130 2897 in
1151 2873 1230 2904 gente
1262 2875 1310 2894 sua
1343 2866 1532 2894 crudelissime
1560 2870 1729 2900 persecutus,
1762 2864 1894 2899 plurimos
