2034 3152
182 172 232 205 ’101

682 171 914 203 MARTYRIUM
940 172 971 203 S.
993 172 1140 203 NICET/E
1160 173 1290 206 GOTIII.

1749 174 1802 205 70!

180 229 357 257 barbarorum
377 227 412 255 ob
429 226 508 255 fidem
524 226 681 254 interfectos
695 227 729 255 ad
751 235 879 255 coronam
896 235 968 254 mar-
981 233 1004 260 Α
1018 230 1110 264 inepto
1125 234 1152 258 et
1166 230 1279 258 ridiculo
1301 231 1394 259 scribit
1409 230 1443 258 de
1459 231 1538 259 rebus
1554 231 1626 265 fidei,
1649 231 1806 266 Gothosque

180 275 240 311 tyrii
264 273 432 306 sublimavit,
452 283 461 299 ι
477 277 530 300 etc.
556 272 619 300 ΙΙεο
649 273 694 300 ille
712 273 804 306 refert,
823 276 966 308 postquam

178 321 286 348 dixerat
316 319 474 346 Gratianum
510 323 630 346 creatum
677 325 736 345 esse
763 318 967 352 imperatorem.

178 367 306 393 Attamen
322 365 387 392 hinc
407 364 502 398 nequit
517 363 624 395 inferri,
641 363 735 391 eodem
751 371 822 390 anno
834 363 897 395 367,
912 370 967 398 quo

177 414 325 442 Gratianus
342 413 429 441 factus
443 417 484 440 est
503 413 660 447 imperator,
683 417 775 440 natam
788 419 848 440 esse
864 420 965 447 perse-

176 460 332 492 cutionem;
359 459 405 486 seti
435 459 521 486 solutn
553 463 670 493 coeptam
698 465 753 484 non
785 465 845 485 esse
873 458 966 484 ntultis

175 506 255 532 anuis
280 505 368 533 serius
384 513 390 530 :
409 504 520 531 Orosius
536 504 607 530 enim
632 503 738 538 singula
759 511 812 530 non
830 502 913 530 refert
930 503 964 530 ad

176 558 264 578 annos
281 549 488 577 determinatus.
515 549 553 576 Ex
568 549 683 576 laudatis
701 553 763 576 ante
780 548 865 576 sancti
887 547 965 575 Snbaa

176 596 252 622 Actis
276 599 381 623 certum
417 599 469 627 est,
495 594 713 629 persecutionem
745 594 863 628 viguisse
893 601 966 621 anno

175 642 238 673 572,
255 645 282 668 et
295 642 351 676 jam
380 645 461 668 antea
489 640 572 668 fuisse
602 645 731 675 coeptam.
762 640 818 667 Hac
833 640 867 667 de
884 646 964 666 causa

177 684 336 718 martyrium
359 684 445 711 sancti
471 683 572 712 Nicetae
607 684 681 712 circa
707 684 832 712 eumdem
861 691 962 711 annum

175 730 228 757 572
243 729 379 764 figendum
397 729 502 756 censui.

212 775 255 802 Vl.
283 774 396 802 Occasio
416 775 615 810 persecutionis
636 775 663 803 in
688 775 764 803 Actis
782 776 915 812 repetitur
931 783 964 803 ex

173 820 343 848 dissentione
366 820 530 853 Gothorum,
553 825 581 849 et
598 821 680 854 bello,
704 822 775 856 quod
791 827 881 849 ortum
897 822 965 849 dici-

174 873 219 895 tur
244 867 316 894 inter
333 868 469 902 principes
480 868 594 896 duarum
620 868 748 903 partium,
767 868 963 904 Phritigernem

175 914 301 942 videlicet
316 919 343 941 et
369 914 574 942 Athanaricum.
593 914 620 942 Si
643 915 718 943 Actis
731 916 894 943 credendum
916 916 961 947 sit,

174 961 358 996 Phritigernes
374 960 424 988 fuit
452 961 570 995 primum
595 961 683 988 victus
712 961 746 989 ab
779 962 961 995 Athanarico;

172 1005 220 1032 sed
236 1011 340 1040 postea,
366 1004 467 1032 findere
490 1005 558 1033 ittito
572 1013 634 1033 cum
654 1006 774 1039 Valcnte,
804 1007 883 1041 hujus
898 1007 962 1033 sub-

172 1051 243 1079 sidio
258 1052 354 1079 victor.
374 1051 478 1078 Similia
493 1051 575 1079 habet
589 1052 767 1084 Sozomcnus,
785 1052 832 1079 lib.
847 1060 884 1079 vi.
901 1060 961 1087 cap.

171 1097 217 1128 57,
233 1098 268 1124 ita
294 1097 441 1124 scribens:
463 1105 472 1122 (
495 1096 570 1124 [laud
590 1097 676 1124 multo
704 1101 776 1132 post,
805 1096 863 1124 orta
892 1097 962 1124 inter

171 1151 219 1170 eos
232 1142 366 1178 (Gothos)
383 1143 527 1176 seditione,
544 1144 612 1171 duas
628 1143 654 1170 in
672 1149 763 1178 partes
781 1143 861 1171 divisi
876 1148 958 1170 sunt:

170 1196 286 1223 quarum
312 1188 390 1215 alteri
408 1189 602 1221 Athanaricus,
624 1188 700 1216 alteri
721 1193 835 1224 prmerat
859 1189 961 1216 Phriti-

171 1242 283 1270 gernes.
313 1236 386 1268 Mox,
403 1235 549 1262 commisso
569 1236 639 1262 inter
668 1243 715 1262 eos
741 1236 844 1270 praelia,
874 1235 961 1262 victus

169 1280 370 1316 Phritigerncs,
407 1279 590 1308 Romanorum
624 1281 754 1308 auxilium
794 1281 959 1315 imploravit,

171 1324 249 1357 Quod
267 1332 329 1351 cum
349 1325 495 1359 imperator
515 1325 705 1357 concessisset,
725 1325 905 1360 jussitsetque.
931 1331 960 1352 ut

170 1370 280 1401 milites,
298 1370 342 1404 qui
359 1370 385 1396 in
407 1368 522 1396 Thracia
547 1377 636 1402 crant,
652 1371 676 1398 ei
697 1371 826 1397 auxilium
843 1370 958 1402 ferrent,

170 1415 260 1442 denuo
279 1422 451 1450 congressus,
467 1415 607 1443 victoriam
626 1417 728 1448 retulit,
745 1421 772 1443 et
797 1417 955 1444 Athanarira'

171 1460 263 1494 copias
291 1459 319 1486 in
349 1460 438 1496 fugam
470 1461 561 1487 vertit.
594 1461 753 1488 illactenus
781 1461 958 1493 Sozomeuus,

169 1506 272 1532 addens
285 1513 316 1532 ea
331 1506 481 1538 occasione,
498 1505 693 1541 Phritigcrmtu
710 1514 770 1533 cum
781 1506 886 1541 L'lphila
900 1507 960 1541 epi-

979 899 1001 928 B

169 1558 252 1585 scopo
263 1558 294 1578 ac
306 1551 420 1578 subditis
430 1553 485 1578 suis
494 1561 508 1578 a
521 1551 629 1578 Valente
642 1552 674 1578 ad
687 1552 814 1578 Ariauam
828 1552 953 1579 hmresim
970 1567 991 1597 α

170 1597 334 1624 traductum.
357 1596 455 1624 Verum
472 1598 588 1632 scriptor
604 1597 647 1624 ille
669 1598 726 1624 hare
740 1597 830 1624 omnia
848 1605 952 1624 tuemo~

169 1645 210 1668 rat
227 1645 288 1675 post
314 1641 404 1674 pulsos
421 1642 455 1668 ab
472 1640 577 1667 llunuis
598 1649 612 1668 e
628 1642 738 1669 Sedibus
761 1642 818 1669 suis
838 1642 952 1675 Gothos,

167 1687 213 1722 qui
231 1694 245 1713 a
263 1686 374 1713 Valente
389 1687 489 1721 recepti
506 1692 568 1715 sunt
584 1687 609 1714 in
628 1687 753 1714 Thracia.

205 1730 261 1758 VII.
294 1731 329 1757 At
348 1731 501 1765 persecutio
527 1731 684 1759 Athanarici
716 1732 812 1763 saeviit,
844 1732 952 1766 quando

168 1776 247 1804 Gothi
277 1784 373 1804 omnes
398 1777 467 1803 ultra
497 1778 594 1803 Istrum
619 1778 763 1813 degebant,
788 1782 816 1804 ut
842 1783 952 1806 sanctus

168 1822 336 1858 Augustinus
355 1830 416 1849 mox
439 1822 563 1850 laudatus
589 1827 711 1855 testatur,
728 1824 808 1858 idque
823 1823 903 1850 etiam
922 1823 953 1850 li-

168 1874 232 1904 quet
249 1876 281 1896 ex
300 1872 420 1903 tempore
446 1869 643 1903 persecutionis
666 1878 713 1903 pcr
739 1869 863 1897 Orosium
883 1870 952 1896 assi-

168 1919 260 1950 gnato.
270 1914 401 1942 Prteterea
413 1919 522 1942 sanctus
537 1915 714 1949 Epiphanius,
727 1916 771 1950 qui
783 1923 816 1942 eo
831 1919 952 1948 tempore

166 1960 289 1991 ﬂorebat.
307 1969 390 1995 agens
410 1961 443 1988 de
469 1961 622 1988 vehementi
641 1962 685 1988 illa
709 1966 898 1995 persecutione
923 1962 950 1988 in

166 2005 264 2033 laresi
280 2006 313 2033 70
328 2007 525 2037 Audianorutn,
543 2015 603 2042 cap.
621 2008 664 2039 15,
683 2008 719 2034 ait
737 2017 746 2033 t
764 2008 947 2035 Ronmnorunt

166 2053 315 2088 praesertim
329 2053 390 2080 odio
404 2063 415 2079 ι
431 2061 445 2080 a
461 2061 524 2088 rege
539 2050 688 2081 Gothorum
702 2059 864 2081 commotam
878 2062 950 2087 esse,

168 2108 178 2125 α
190 2098 263 2133 quod
284 2098 421 2127 Romanos
437 2099 613 2134 imperatores
638 2099 807 2127 Christianos
831 2108 892 2128 esse
911 2100 951 2127 vi-

166 2144 253 2173 deret.
273 2152 283 2169 t
303 2143 396 2178 Itaque
423 2145 570 2172 verendum
588 2149 640 2176 est,
669 2153 704 2172 ne
728 2145 819 2180 aliqua
847 2149 899 2172 tam
921 2145 949 2172 in

165 2189 241 2216 Actis
255 2197 335 2224 quam
348 2189 419 2224 apud
436 2189 617 2218 Sozomenum
632 2192 667 2218 sit
681 2191 814 2224 confusio,
831 2191 949 2226 indeque

166 2242 309 2270 perperam
320 2235 454 2270 assignata
469 2237 663 2270 persecutionis
674 2245 766 2264 causa.
783 2236 850 2264 Nam
867 2237 952 2264 Atha-

166 2282 277 2309 naricus
296 2285 360 2308 ante
387 2283 604 2316 persecutionem
622 2289 715 2310 contra
736 2283 874 2309 Valentem
893 2290 953 2318 ges-

167 2327 201 2355 sit
210 2327 321 2359 bellum,
333 2327 367 2354 ab
376 2335 462 2362 eoque
473 2327 559 2355 victus
570 2334 610 2355 est
623 2336 694 2356 anno
702 2327 775 2361 ⁵569,
790 2329 862 2356 circa
872 2336 952 2362 quem

167 2374 292 2401 inchoata
319 2379 360 2401 est
382 2375 545 2409 persecutio,
569 2375 659 2402 forsan
681 2375 762 2402 simul
791 2383 822 2402 ac
841 2373 951 2406 Valens,

166 2420 268 2447 saneita
286 2428 363 2455 pace,
379 2428 440 2448 cum
458 2421 577 2448 exercitu
595 2420 717 2447 Romano
732 2424 891 2447 recesserat.
910 2420 951 2446 An

165 2473 229 2493 vero
254 2466 336 2493 etiam
356 2471 419 2494 ante
443 2466 468 2493 id
494 2472 600 2501 tempus
612 2467 799 2500 Pltritigernes
825 2470 852 2492 ct
868 2465 952 2491 Atha-

166 2513 276 2540 naricus
302 2512 373 2540 bello
399 2513 572 2543 certaverint.
600 2521 654 2540 non
680 2513 750 2540 adeo
767 2517 870 2540 certum
897 2515 949 2542 est,

166 2557 226 2584 licet
244 2557 296 2584 hoc
318 2558 399 2585 etiam
419 2558 519 2586 habeat
531 2558 666 2592 Socrates,
682 2559 727 2586 lib.
747 2567 784 2590 tv,
797 2565 856 2592 cap.
873 2557 919 2586 55.

199 2600 271 2629 Vlll.
301 2602 437 2636 Quidquid
469 2604 515 2636 sit,
546 2609 653 2632 constat
683 2604 717 2631 dc
741 2604 949 2638 persecutione;

166 2652 326 2682 constatque
357 2649 480 2682 ulterius,
513 2657 572 2678 eam
598 2650 683 2678 fuisse
710 2656 820 2682 motam,
841 2650 949 2685 quando

165 2693 246 2720 Gothi
265 2699 342 2721 erant
366 2696 505 2728 catholici,
527 2701 557 2724 ut
574 2697 700 2724 observat
718 2702 828 2725 sanctus
857 2698 947 2731 Augu~

167 2739 268 2770 stinus,
293 2744 321 2767 et
337 2740 421 2775 liquet
445 2749 478 2768 ex
500 2747 620 2777 tempore
642 2751 695 2778 quo
714 2743 748 2770 ad
764 2743 947 2770 Arianismunt

166 2785 280 2813 traducti
306 2791 369 2814 sunt
389 2786 481 2814 Gothi.
503 2787 630 2816 Socrates
654 2789 764 2823 quidem
783 2788 897 2820 Gothos,
913 2787 947 2814 ab

167 2831 329 2859 Athanarico
346 2833 461 2865 occisos,
479 2834 559 2862 simul
576 2839 603 2862 et
620 2834 734 2862 Arianos
757 2835 821 2862 facit
835 2840 863 2862 et
877 2834 946 2862 Mar-

166 2880 236 2912 tyres
257 2884 264 2903 :
285 2877 332 2905 sed
354 2878 468 2914 scriptor
504 2880 549 2908 ille
574 2880 729 2916 frequenter
755 2882 835 2910 modo
865 2883 944 2917 plane

1017 277 1072 312 jam
1094 280 1158 303 tunc
1173 276 1286 303 Arianos
1307 276 1381 307 facit.
1399 277 1462 311 quia
1478 285 1532 304 non
1554 277 1639 305 multo
1657 283 1717 312 post
1731 278 1804 305 illam

1021 322 1146 350 hzeresim
1180 326 1244 349 sunt
1276 322 1390 355 amplexi
1414 330 1422 350 :
1444 326 1474 348 ut
1500 327 1590 350 narrat
1617 323 1805 352 'l‘lieodoretus

1019 375 1081 394 mox
1097 366 1257 399 laudandus,
1275 366 1319 401 qui
1345 366 1371 393 id
1389 366 1504 401 Uipbilae
1518 367 1667 394 Gothorum
1684 369 1803 402 episcopi

1019 412 1138 447 perfidiae
1147 413 1280 439 attribuit.
1291 412 1355 445 Quae
1366 416 1456 438 atttem
1471 412 1657 439 Theodoretus
1665 413 1697 439 de
1711 413 1806 448 Ulphi-

1018 456 1051 483 l.-e
1069 457 1245 491 pervcrsione
1263 460 1405 487 memorat,
1431 456 1509 490 longe
1528 456 1710 489 probabiliora
1726 462 1803 490 sunt,

1019 510 1098 537 quam
1114 510 1173 538 quae
1188 502 1222 530 de
1233 502 1328 529 eodem
1344 501 1452 536 scripsit
1472 501 1665 536 Pliilostorgius
1678 502 1803 529 Arianus.

1020 548 1088 575 Nam
1108 555 1169 574 eum
1195 548 1229 574 ab
1256 547 1374 574 Eusebio
1398 547 1527 582 episcopo
1554 547 1803 580 (Nicom~-diensem

1019 593 1160 626 insinuans
1180 592 1308 620 Arianum
1325 594 1332 625 )
1354 592 1437 620 fuisse
1469 593 1635 624 ordinatum,
1653 592 1803 620 Pbilostor-

1019 638 1079 674 gius
1104 639 1152 670 ait,
1179 646 1255 665 tcum
1271 647 1284 665 a
1308 646 1380 675 rege,
1405 639 1450 673 qui
1470 643 1535 665 tunc
1557 638 1653 666 Gothis
1679 643 1802 673 prtecrat,

1018 684 1122 719 legatus
1139 691 1191 711 una
1219 691 1280 711 cum
1296 684 1357 711 aliis
1371 684 1404 711 ad
1430 684 1621 718 imperatorem
1645 685 1803 712 Constanti-

1019 738 1084 758 num
1109 730 1208 757 missus
1232 734 1313 757 esset.
1334 739 1343 756 ι
1367 730 1554 765 Improbabilia
1572 730 1628 758 hac
1646 735 1719 763 sunt,
1739 731 1803 765 quia

1020 775 1060 802 sic
1084 774 1191 809 Ulphila
1214 774 1356 801 ordinatus
1370 778 1443 801 esset
1458 778 1521 800 ante
1538 778 1652 801 mortem
1671 774 1804 801 Constan-

1019 821 1080 853 tini,
1108 829 1182 848 anno
1207 821 1259 848 557
1288 819 1420 851 deiuneti,
1446 824 1473 846 et
1497 819 1606 854 quidem
1629 820 1662 847 ab
1685 820 1801 847 Eusebio

1018 867 1216 894 Nicomediensi
1230 866 1341 894 Ariano.
1355 866 1389 893 At
1405 873 1455 893 nec
1471 866 1616 893 verisimile
1633 870 1685 896 est.
1704 866 1801 901 Ulphi-

1016 914 1068 940 lam
1085 917 1140 940 tam
1153 913 1207 941 cito
1224 913 1308 940 fuisse
1322 914 1490 947 episcopum,
1506 917 1552 939 aut
1573 912 1725 939 ordinatum
1741 918 1802 938 esse

1018 965 1142 995 tempore
1172 959 1344 987 Constantini
1372 959 1405 986 ab
1432 959 1542 985 homine
1566 958 1675 988 Ariano,
1693 957 1802 992 quando

1014 1005 1345 1040 Constantinopolitanam
1371 1004 1463 1031 sedent
1480 1005 1622 1031 obtinebat
1637 1003 1664 1031 S.
1681 1003 1800 1031 Alexan-

1012 1052 1060 1079 der
1087 1050 1265 1078 Coustantino
1298 1049 1445 1086 gratiosus.
1484 1050 1576 1084 Itaque
1602 1049 1727 1084 figmenta
1757 1049 1802 1076 illa

1012 1102 1076 1125 sunt
1103 1096 1288 1131 Philostorgii,
1316 1096 1343 1123 in
1369 1096 1480 1131 gratiam
1511 1096 1670 1122 Arianorum
1689 1103 1799 1122 suorum

1011 1150 1063 1170 non
1074 1150 1134 1169 raro
1144 1142 1208 1169 falsa
1221 1141 1374 1168 scribentis.
1384 1141 1465 1168 Valde
1473 1141 1552 1167 etiam
1562 1141 1706 1172 incertum,
1715 1145 1742 1167 et
1751 1141 1800 1167 mi-

1010 1196 1061 1215 nus
1078 1187 1216 1222 probabile
1231 1192 1282 1218 est,
1295 1187 1366 1222 quod
1382 1186 1474 1214 scribit
1488 1187 1521 1213 de
1539 1186 1645 1221 Ulphila
1660 1186 1798 1219 Socrates,

1010 1233 1057 1260 lib.
1072 1237 1102 1265 it,
1117 1241 1176 1267 cap.
1193 1233 1238 1265 Δί,
1253 1240 1315 1260 eum
1331 1232 1416 1259 fuisse
1432 1233 1458 1258 in
1475 1232 1589 1259 concilio
1604 1232 1798 1259 Constantino-

1010 1280 1131 1314 politano
1145 1287 1217 1306 anno
1243 1279 1305 1311 360,
1323 1279 1368 1305 tibi
1395 1279 1485 1305 Ariani
1502 1286 1598 1305 novam
1616 1279 1798 1306 condiderunt

1010 1324 1071 1351 fidei
1087 1325 1241 1356 formulam,
1259 1325 1303 1351 cui
1321 1324 1427 1358 L'lphila
1443 1329 1507 1351 tunc
1519 1325 1709 1351 consensisset.
1725 1324 1798 1351 ldcm

1011 1375 1100 1397 tatuen
1131 1371 1213 1396 habet
1236 1369 1418 1400 Sozomcnus,
1434 1370 1480 1396 lib.
1496 1378 1532 1401 tv,
1549 1378 1608 1405 cap.
1636 1370 1682 1397 24.
1700 1371 1734 1396 At
1751 1370 1796 1397 hic

1010 1415 1057 1443 lib.
1074 1423 1110 1446 vt,
1125 1423 1184 1450 cap,
1197 1415 1241 1445 57,
1257 1415 1406 1447 existimat,
1425 1415 1612 1449 imprudenter
1636 1415 1736 1442 factum
1761 1415 1796 1442 ab

1011 1460 1134 1494 Ulphila,
1159 1461 1204 1494 qui
1233 1460 1332 1495 inquit,
1353 1470 1361 1484 ε
1379 1468 1439 1487 cum
1465 1461 1598 1495 episcopis
1624 1461 1795 1488 Nicmnorum

1010 1506 1119 1533 Patrum
1148 1507 1256 1533 decrcta
1281 1507 1449 1535 sectantibus
1475 1508 1678 1535 communicare
1702 1515 1796 1543 perse-

1010 1553 1123 1579 veravit.

1044 1596 1089 1624 lx.
1110 1597 1244 1631 Quidquid
1259 1605 1340 1632 porro
1359 1597 1394 1624 sit
1412 1597 1446 1625 de
1467 1597 1545 1624 factis
1560 1598 1663 1632 aliquot
1678 1598 1798 1633 particu-

1008 1643 1110 1670 laribus
1127 1643 1251 1677 Ulphilar,
1273 1651 1287 1670 a
1313 1643 1412 1678 quibus
1427 1644 1492 1670 fides
1509 1643 1658 1671 Gothorum
1673 1651 1725 1671 non
1742 1644 1792 1671 dc-

1007 1690 1104 1724 peutlet
1115 1696 1122 1721 ;
1132 1689 1356 1721 constatGotlios,
1370 1690 1414 1717 diu
1430 1696 1493 1716 ante
1503 1695 1608 1725 tempus
1623 1691 1656 1718 de
1668 1698 1722 1725 quo
1736 1690 1794 1726 agi-

1009 1741 1061 1767 tur,
1085 1735 1167 1762 fuisse
1186 1743 1340 1768 conversos,
1367 1744 1399 1763 ac
1422 1736 1571 1763 Gothorum
1590 1737 1787 1772 metropolitam

1007 1781 1186 1816 Theophilth
1198 1784 1222 1810 iu
1232 1783 1343 1809 consilio
1350 1781 1457 1809 Nicmuo
1466 1783 1548 1810 fuisse
1558 1791 1628 1810 anno
1638 1783 1794 1817 525.]taque

1007 1827 1087 1855 Gothi
1102 1829 1203 1856 dttdum
1221 1829 1367 1855 Christiani
1384 1834 1462 1855 erant
1478 1834 1505 1856 et
1519 1829 1670 1860 Catholici;
1698 1830 1744 1856 sed
1759 1829 1794 1856 ad

1009 1874 1148 1910 perfidiam
1167 1875 1252 1901 tradut
1263 1875 1280 1901 ti
1296 1880 1359 1901 sunt
1373 1883 1387 1901 a
1402 1875 1515 1902 Valente
1529 1876 1599 1902 circa
1615 1883 1715 1902 annum
1730 1875 1792 1907 376,

1005 1919 1112 1953 quando
1134 1919 1203 1953 pulsi
1226 1920 1260 1946 ab
1286 1920 1402 1951 liuunis,
1433 1921 1581 1955 petierunt,
1600 1925 1629 1948 ut
1648 1922 1725 1948 sedes
1743 1921 1794 1949 sibi

1006 1966 1088 2000 figere
1103 1965 1198 1992 liceret
1218 1966 1288 1992 intra
1306 1966 1404 1993 limites
1424 1967 1537 1992 Romani
1559 1967 1675 2001 imperzi.
1699 1967 1795 1994 Obser-

1006 2017 1050 2039 vat
1067 2012 1117 2038 hoc
1133 2011 1312 2043 Sozomenus.
1329 2012 1376 2047 qui
1394 2012 1461 2039 alias
1479 2013 1616 2039 Socratem
1637 2013 1735 2047 passim
1753 2013 1793 2040 ni-

1007 2059 1058 2084 mis
1078 2063 1217 2094 sequitur;
1247 2058 1374 2093 additque
1398 2059 1430 2086 de
1446 2061 1576 2094 episcopo
1596 2058 1745 2086 Gothorum
1763 2059 1790 2086 in

1005 2103 1240 2130 confirmationem
1267 2104 1408 2138 sequentia
1435 2105 1531 2131 verba.
1561 2103 1651 2131 (Nam
1670 2103 1790 2138 Ulphila,

1005 2149 1051 2184 qui
1071 2154 1135 2176 tunc
1150 2150 1221 2184 apttd
1241 2149 1313 2184 ipsos
1335 2155 1392 2176 erat
1411 2150 1565 2184 cpiscopus,
1584 2150 1660 2176 itiitio
1676 2150 1784 2184 quidem

1005 2196 1078 2222 nulla
1103 2196 1129 2222 iu
1155 2199 1231 2230 parte
1247 2196 1379 2224 dissensit
1405 2197 1439 2224 ab
1462 2196 1580 2223 Eoilcsia
1599 2196 1750 2223 Catholica.
1779 2206 1788 2222 ι

969 2242 989 2268 ι)
1007 2241 1065 2268 Mox
1082 2242 1183 2274 subdit,
1211 2242 1356 2276 Ulphilattt,
1380 2243 1456 2277 quia
1473 2242 1569 2269 Gothis
1592 2243 1624 2269 ad
1649 2242 1788 2269 Valentetn

1005 2286 1109 2321 legatus
1128 2293 1186 2314 erat
1211 2288 1320 2319 missus,
1340 2288 1481 2322 promissis
1504 2289 1666 2315 Arianorum
1683 2289 1790 2322 episco-
1819 2293 1822 2295 '

1004 2341 1100 2368 porum
1116 2341 1176 2360 esse
1196 2340 1365 2368 corruptum.

1038 2379 1071 2405 X.
1090 2378 1189 2406 Verum
1205 2379 1348 2406 audiamus
1364 2379 1578 2410 Theodorctum.
1600 2381 1633 2407 de
1655 2379 1697 2406 his
1719 2379 1789 2407 scri-

1002 2424 1123 2455 bentem,
1139 2424 1185 2451 lib.
1201 2433 1237 2454 tv.
1252 2433 1312 2459 cap.
1325 2426 1368 2455 57,
1383 2425 1429 2452 ubi
1449 2426 1488 2454 sic
1505 2427 1583 2454 habet
1599 2435 1606 2453 :
1624 2435 1633 2452 ‹
1645 2427 1704 2459 Quo
1719 2431 1788 2453 tem-

1002 2477 1068 2504 pore
1083 2470 1161 2497 Gothi
1181 2470 1278 2497 lstrttm
1297 2471 1472 2506 trajicientcs,
1490 2472 1578 2500 fcedus
1592 2481 1653 2499 cum
1673 2472 1786 2499 Valente

1002 2521 1204 2550 percusserunt,
1225 2516 1422 2544 abominandus
1443 2517 1486 2544 ille
1505 2518 1643 2545 Eudoxius
1664 2516 1786 2552 (verisi-

1002 2560 1102 2587 militer
1127 2560 1267 2595 legendum
1287 2561 1414 2593 Euzoius,
1436 2563 1482 2596 qui
1500 2563 1661 2589 Arianorum
1679 2563 1786 2596 episco-

1001 2612 1051 2639 pus
1071 2610 1129 2632 erat
1151 2606 1313 2638 Antiochiae,
1337 2608 1382 2635 ubi
1409 2612 1473 2635 tunc
1496 2609 1589 2635 valens
1602 2607 1786 2642 dcgv-bat)qui

1001 2655 1065 2678 tunc
1083 2651 1187 2682 aderat,
1214 2653 1346 2689 suggessit
1374 2653 1542 2687 imperatori,
1567 2654 1784 2688 persuadendum

999 2705 1058 2725 esse
1072 2697 1176 2729 Gothis,
1188 2703 1217 2724 ut
1227 2707 1287 2725 cum
1300 2698 1359 2733 ipso
1381 2700 1624 2726 totumunicarent.
1643 2699 1708 2726 Nam
1722 2707 1784 2727 cum

999 2744 1046 2771 diu
1064 2749 1143 2771 antea
1155 2744 1254 2772 divinae
1269 2745 1431 2778 cogniionis
1445 2746 1527 2772 radiis
1541 2746 1666 2772 illustrati
1681 2750 1782 2778 cSSent,

999 2789 1025 2816 in
1033 2790 1178 2825 apostolica
1189 2790 1310 2818 doctrim
1320 2798 1427 2825 semper
1438 2791 1546 2818 fuerant
1558 2791 1694 2818 innutriti.
1702 2791 1782 2826 Quip.

998 2844 1041 2873 pe,
1050 2837 1138 2864 aiebat
1147 2837 1294 2866 Eutloxius.
1303 2837 1382 2865 unius
1388 2838 1520 2877 dogmatis
1526 2839 1680 2866 communio
1689 2847 1781 2874 pacem

999 2878 1266 2923 lirniiorctnefliriet.
1287 2883 1364 2916 Quod
1381 2884 1523 2912 consilium
1536 2893 1595 2913 cum
1607 2886 1782 2920 approbasaet
