2034 3152
220 154 275 185 703

838 155 981 186 MENSIS
998 155 1090 186 SEP’I‘
1096 155 1144 185 ΕΜ
1150 155 1235 185 BER.

1790 146 1842 177 ’ἲοι

220 212 328 245 Valens,
346 212 523 247 optimatibus
532 213 682 241 Gothorum
696 215 847 250 proposuit,
861 221 892 243 ut
912 216 939 243 in
957 215 1006 243 do-
1022 221 1044 247 Α
1059 219 1121 242 nata
1136 218 1188 247 est,
1205 221 1284 248 quam
1305 220 1337 240 ex
1353 211 1412 239 solo
1437 208 1628 245 Metaphrastis
1643 206 1754 234 nomine
1767 213 1774 232 :
1788 213 1843 233 non

219 259 306 286 ctrina
314 257 376 286 ﬁdei
385 266 445 286 cum
455 258 514 294 ipso
523 260 757 288 conscntirent.At
764 261 800 288 illi
808 261 1007 296 responderunt

220 311 368 338 numquam
386 312 415 332 se
439 305 535 332 adduci
553 313 644 341 posse,
660 310 690 334 ut
712 314 727 333 a
743 307 875 342 majorum
895 315 1006 334 suorum

219 352 342 378 doctrina
359 351 538 379 discederent.
561 353 645 379 Porro
668 360 699 380 ea
718 357 879 387 tempestate
896 352 1007 387 Ulpliila

222 397 305 424 totius
335 397 423 431 gentis
448 403 508 424 erat
537 398 690 432 episcopus,
718 405 821 432 magnae
847 398 916 431 apud
947 397 1007 425 illos

220 442 400 473 auctoritatis,
416 449 442 469 et
463 443 541 475 cuius
556 443 635 470 verba
653 451 700 477 pro
717 443 881 470 ﬁrmissimis
901 443 1006 478 legibus

221 487 366 516 habebant.
387 486 464 514 Hune
493 487 632 515 Eudoxius
649 496 710 515 cum
734 492 762 515 et
786 488 877 515 verbis
902 488 1007 516 demul-

220 533 311 563 sisset,
334 537 360 559 et
376 533 535 561 muneribus
562 533 701 563 inexisset,
727 542 759 561 eo
774 534 890 569 impulit,
908 539 937 561 ut
951 534 1006 561 Go-

220 578 283 606 thos
303 578 336 604 ad
352 578 573 606 communionem
600 578 773 612 imperatoris
792 579 1006 613 amplectendam

220 622 376 650 adduceret.
392 622 420 650 Id
430 627 520 649 autem
547 623 692 657 persuasit,
716 631 778 650 cum
804 623 920 655 diceret,
941 631 1008 651 con-

220 668 368 694 tentionem
390 675 421 694 ex
448 668 596 695 ambitione
621 673 706 695 ortam
738 676 817 701 esse;
851 669 1006 704 dogmatum

219 719 284 739 vero
294 713 395 739 nullam
406 720 465 739 esse
477 713 765 748 discrepantiam.)Sic
776 713 888 748 Ulphilae
895 713 1007 749 perﬁdia

219 759 289 787 circa
307 768 409 787 annum
424 760 475 787 376
490 761 523 788 ad
545 760 669 787 haeresim
690 760 814 794 perducti
835 764 899 787 sunt
914 758 1006 786 Gothi.

256 804 302 833 XI.
320 805 396 838 Quod
420 809 525 840 spectat
544 805 577 832 ad
592 805 657 832 Acta
680 804 772 832 Greca
788 805 873 832 sancti
897 805 1007 836 Nicone,

221 854 358 877 auctorem
386 858 417 877 ea
434 850 535 878 habent
555 850 775 886 Metaphrastem,
795 851 840 885 qui
868 851 1006 879 verisimi-

220 893 281 921 liter
300 894 395 922 habuit
413 895 480 922 Acta
501 885 664 928 antiquiora,
680 903 740 930 quae
758 897 792 923 ad
807 896 904 931 styium
927 905 1005 926 suum
1023 885 1042 912 Η

221 939 349 966 traduxit.
379 939 473 966 Latine
497 940 570 967 edita
596 945 660 967 sunt
687 941 758 975 apud
777 941 956 976 Lipomanum
981 949 1008 972 et

221 983 344 1018 Surium,
360 985 451 1019 ibique
469 986 642 1020 Metaphrasti
665 986 792 1020 ascripta.
812 987 924 1015 Allatius
940 997 1009 1023 quo-

220 1037 274 1064 que
293 1030 319 1057 in
336 1030 474 1064 Opusculo
491 1033 522 1058 de
543 1032 701 1059 Simeonum
725 1032 845 1067 scriptis,
867 1042 928 1069 pag.
947 1035 1009 1068 1‘27,

223 1074 321 1101 borum
344 1076 472 1102 Actorum
488 1076 534 1103 dat
554 1076 673 1108 initium,
693 1081 872 1112 aggregatque
889 1079 1010 1114 catalogo

222 1119 343 1152 illorum,
358 1129 417 1155 quae
436 1121 627 1156 Metaphrastis
642 1129 703 1149 esse
723 1122 860 1151 videntur.
883 1123 1011 1153 Bailletus

221 1164 249 1191 in
269 1166 357 1192 tabula
377 1166 467 1193 critica
484 1167 518 1194 ad
536 1167 608 1194 hunc
623 1167 695 1194 diem
716 1167 855 1200 observat,
871 1169 922 1195 alia
940 1170 1008 1197 olim

222 1211 288 1237 Acta
308 1211 393 1237 sancti
415 1211 515 1238 Niceten
528 1211 675 1243 exstitisse,
689 1211 735 1238 sed
751 1219 782 1238 ea
805 1215 932 1246 tanquam
951 1221 1013 1247 per—

223 1255 279 1282 dita
303 1255 395 1282 haberi
424 1263 514 1290 posse,
542 1261 683 1291 postquam
711 1256 757 1282 illa
774 1264 824 1284 suo
847 1258 915 1292 stylo
930 1266 1010 1285 exor—

223 1301 314 1328 nauda
338 1303 456 1336 suscepit
481 1303 690 1337 Metaphrastes.
714 1301 814 1330 Verum
834 1303 909 1337 justo
929 1305 1011 1332 vehe-

223 1346 340 1373 mentior
351 1347 459 1374 videtur
471 1348 528 1376 haec
540 1355 666 1381 censura,
675 1355 735 1383 quae
750 1348 819 1376 forte
831 1357 885 1376 non
901 1349 1009 1378 aliunde

1057 263 1130 289 enim
1149 261 1268 292 invenio,
1285 259 1349 295 quid
1364 264 1529 293 magnopere
1548 254 1691 291 displicere
1711 253 1797 288 possit
1814 253 1842 279 in

1057 306 1131 333 Actis
1145 306 1232 333 sancti
1255 305 1354 333 Niceta:
1372 308 1469 338 pru'ter
1490 302 1579 336 aliqua
1601 300 1633 327 ad
1654 303 1779 327 sanetum
1800 298 1842 326 vix

1057 352 1218 387 spectantia,
1231 357 1258 379 et
1271 352 1443 380 occasionem
1458 347 1659 384 persecutionis
1674 344 1843 378 Athanarici,

1058 398 1195 431 bujusque
1213 402 1306 424 contra
1324 396 1521 431 Phritigernem
1541 394 1652 425 bellum,
1669 392 1740 428 quod
1754 396 1845 418 tamen

1057 443 1137 470 etiam
1151 443 1251 470 habent
1272 442 1399 469 Socrates
1421 446 1448 468 et
1467 440 1645 467 Sozomenus.

1081 489 1142 516 ΧΠ.
1154 489 1277 515 Fortasse
1285 488 1391 518 Valens,
1402 486 1545 522 instigante
1554 484 1734 518 Phritigerne,
1744 483 1846 509 bellum

1057 539 1151 562 contra
1161 534 1352 561 Athanaricum
1368 533 1488 566 suscepit
1501 541 1509 558 :
1524 531 1648 566 quamvis
1660 530 1724 556 illud
1736 535 1846 562 qunque

1058 579 1156 608 fecisse
1169 580 1283 614 legatur,
1301 578 1362 614 quia
1379 578 1562 605 Athanaricus
1577 576 1711 610 Procopio
1727 580 1845 610 tyranno

1058 625 1177 654 subsidia
1198 629 1292 653 contra
1316 624 1454 650 Valentem
1478 622 1597 649 miserat.
1618 621 1744 648 Fortasse
1763 620 1848 647 Atha-

1058 671 1168 698 naricus
1184 669 1382 705 Phritigernem
1393 677 1535 705 aggressus
1548 673 1587 695 est
1605 671 1663 702 post
1675 673 1769 701 parem
1785 673 1847 692 cum

1058 714 1170 742 Valente
1196 715 1304 742 laetam.
1334 714 1472 748 Quidquid
1489 713 1535 745 sit,
1558 712 1669 739 dubium
1696 710 1781 745 magis
1806 715 1849 736 est

1058 761 1129 788 istud
1144 760 1255 792 bellum,
1270 768 1348 795 quam
1367 764 1441 788 certo
1458 759 1592 786 ﬁctilium.
1603 757 1717 791 Reliqua
1729 757 1755 782 in
1772 756 1849 782 Artis

1059 807 1142 834 relata
1155 807 1188 833 de
1202 812 1297 834 sancto
1311 806 1415 838 Niceta,
1443 806 1506 832 licet
1536 809 1589 831 tam
1614 809 1687 830 certa
1714 811 1765 829 non
1779 802 1849 834 sint,

1059 859 1138 886 quam
1165 850 1234 878 facta
1256 851 1290 878 ab
1315 855 1427 878 auctore
1438 851 1706 884 comtemporataneo
1733 848 1848 881 scripta,

1058 896 1138 922 modo
1165 897 1230 923 satis
1253 896 1393 923 verisimili
1415 899 1479 922 sunt
1497 899 1633 921 enarrata.
1660 893 1726 919 Acta
1750 898 1846 918 autem

1056 941 1100 968 illa
1115 941 1218 973 Grazea,
1235 949 1294 976 qum
1309 941 1414 971 eadem,
1428 941 1454 966 in
1468 939 1624 974 apographo
1641 944 1732 965 nostro
1747 942 1850 964 notan-

1059 991 1104 1013 tur
1119 987 1260 1021 desumpta
1288 994 1321 1013 ex
1342 986 1435 1013 codice
1451 993 1502 1013 ms.
1519 986 1589 1020 regis
1607 983 1736 1010 Francire.
1763 982 1851 1009 Inter-

1058 1032 1173 1066 pretalio
1188 1031 1282 1059 Latina
1297 1032 1367 1066 apud
1384 1031 1563 1066 Lipomanum
1583 1033 1610 1057 et
1628 1029 1737 1056 Surium
1754 1029 1854 1055 (ἐκεςο

1060 1077 1199 1105 contextui
1236 1077 1395 1112 plerumque
1426 1077 1582 1111 respondet,
1607 1083 1661 1102 non
1697 1078 1786 1101 tamen
1814 1074 1852 1100 ita

1061 1131 1170 1159 semper
1193 1128 1234 1150 est
1259 1128 1394 1155 accurata,
1413 1128 1442 1150 ut
1467 1126 1584 1157 nequeat
1607 1120 1754 1148 emendari.
1781 1119 1852 1146 Nam

1059 1169 1174 1196 subinde
1192 1169 1280 1204 aliqua
1297 1170 1377 1196 verba
1402 1176 1512 1204 prorsus
1535 1167 1629 1194 Latine
1653 1171 1715 1193 sunt
1736 1166 1850 1195 omissa.

1061 1223 1121 1250 quae
1147 1216 1298 1242 secundum
1329 1216 1420 1243 Graeca
1444 1215 1598 1249 adjungam.
1626 1212 1716 1240 Semel
1750 1212 1852 1238 iterum

1060 1261 1198 1296 interpres
1214 1269 1228 1288 a
1250 1270 1313 1288 vero
1330 1269 1413 1289 sensu
1431 1262 1571 1288 aberrasse
1587 1260 1712 1291 videtur;
1734 1258 1854 1292 ideoque

1063 1313 1154 1332 veram
1171 1305 1423 1341 interpretationem
1446 1305 1620 1333 substituant.
1638 1309 1742 1331 servata
1758 1308 1850 1329 tamen

1063 1352 1174 1386 antiqua
1191 1352 1325 1384 versione,
1348 1352 1511 1386 ubicumque
1528 1350 1665 1378 videbitur
1681 1349 1814 1385 legitima.

828 1516 1235 1577 ΑΘΛΗΣΙΣ

944 1626 1012 1654 ΤΟΥ
1035 1628 1137 1655 ΑΓΙΟΥ

436 1709 1238 1778 ΜΕΓΑΛΟΜΑΡΤΥΡΟΣ
1302 1708 1645 1776 ΝΙΚΗΤΑ.

839 1914 1224 1973 CERTAMEN

642 2021 656 2032 ‘
976 2024 1112 2056 SANCTI

225 2124 350 2198 ET
448 2119 755 2199 MAGNI
852 2119 1348 2198 MARTYRIS
1442 2121 1847 2199 NlCET/E.

260 2358 283 2383 1.
306 2352 435 2383 Victricia
463 2352 591 2388 martyris
611 2351 714 2380 Nicelaa
738 2352 819 2380 hodie
844 2351 1011 2379 celebramus

1101 2354 1139 2380 A'.
1155 2353 1320 2388 Νικητικοῦς
1336 2353 1444 2388 ἀγῶνας
1458 2353 1504 2380 τοῦ
1519 2353 1657 2388 μάρτυρος
1670 2352 1780 2387 Νικήτα
1797 2361 1855 2380 πα-

225 2399 382 2432 ecrtamina,
394 2405 449 2426 non
466 2406 545 2432 quem
563 2398 692 2433 princeps
712 2398 899 2433 apostolorum
916 2396 1014 2425 Petrus

224 2444 335 2475 erudiit,
360 2449 386 2471 et
415 2445 460 2479 qui
477 2445 624 2472 Clementis
644 2444 693 2472 fuit
723 2444 805 2472 frater
825 2444 873 2479 (Ι),
893 2449 919 2472 et
933 2453 1013 2479 quem

224 2489 389 2517 Commodus
404 2494 536 2524 tyrannus
556 2493 666 2524 propter
686 2489 824 2518 Christum
850 2490 924 2517 illato
947 2497 1013 2516 con-

223 2536 371 2563 summavit
382 2536 521 2570 martyrio.
535 2534 594 2562 Non
614 2535 804 2567 convenimus,
825 2540 855 2561 ut
869 2534 948 2567 huius
965 2542 1011 2561 ce-

223 2580 361 2608 lebremus
383 2579 533 2607 certamina
554 2579 623 2606 :sed
639 2587 720 2615 quem
735 2579 827 2614 (quod
849 2579 882 2606 ad
904 2578 1011 2605 laudem

260 2681 339 2717 (l)ln
365 2681 490 2710 versione
508 2681 717 2717 Latinarlegitur
736 2680 836 2717 tociusf;
859 2679 1019 2717 sedc-mea

223 2715 409 2752 phra‘sisrlare
427 2716 535 2744 fratrem
547 2715 688 2752 signiﬁcat.
702 2716 835 2752 lnreadem
850 2715 974 2752 versique
987 2715 1019 2741 ad

226 2748 329 2779 nomen
352 2752 500 2779 Clementis
521 2751 629 2779 additur
644 2760 652 2779 :
667 2750 816 2781 Pontiﬁcis,
832 2750 905 2783 quod
927 2748 1018 2777 Graeca

225 2794 279 2813 non
295 2786 405 2813 habent.
418 2787 447 2814 In
458 2786 698 2821 Reeognitionibas
712 2785 751 2821 Sa
759 2784 908 2821 Clementis
922 2792 1018 2811 occur-

228 2826 294 2856 runt
306 2821 399 2848 Niceta
416 2825 444 2856 et
465 2819 573 2856 Aquila,
595 2826 722 2856 tanquam
736 2820 765 2847 S.
776 2819 925 2856 Clementis
945 2826 1019 2854 papa:

233 2855 338 2885 fratres.
355 2856 390 2883 At
417 2855 478 2884 libri
496 2854 732 2891 'Recognitionum
755 2854 947 2882 auctoritatem
964 2862 1017 2881 non

1063 2399 1246 2434 νηγυρίζομεν
1263 2399 1381 2434 σήμερον
1396 2406 1404 2413 ’
1420 2399 1468 2434 οὐχ
1482 2398 1511 2426 ὃν
1530 2399 1544 2425 ὁ
1560 2399 1614 2426 τῶν
1630 2398 1788 2425 ἀποστόλων
1807 2407 1856 2424 χο-

1063 2446 1178 2480 ρυφαῖος
1202 2445 1303 2479 Πέτρος
1328 2444 1549 2479 ἐπαιδαγώγησε,
1575 2445 1623 2471 καὶ
1646 2444 1763 2480 Κλήμης
1790 2444 1856 2479 ἔσχε

1062 2489 1190 2515 κοινωνὸν
1214 2489 1316 2516 ὼδὶνων
1340 2490 1395 2516 τῶν
1421 2490 1571 2525 μητρικῶν,
1596 2489 1675 2525 ρὡη
1707 2498 1736 2515 τε
1767 2490 1856 2524 προή-

1063 2541 1155 2566 νεγκε,
1173 2534 1220 2560 καί
1236 2535 1357 2568 Κόμοδος
1373 2535 1512 2570 τυραννῶν
1526 2534 1564 2570 τῷ
1579 2534 1624 2561 διὰ
1638 2534 1754 2570 Χριστὸν
1774 2541 1855 2559 τετε-

1060 2578 1158 2607 λείωκε
1179 2580 1321 2616 μαρτυρίῳ
1331 2588 1338 2596 ·
1363 2581 1393 2607 οὖ
1409 2580 1504 2607 τούτου
1521 2579 1568 2607 νῦν
1581 2581 1644 2612 τοὺς
1657 2579 1754 2612 ἄθλους
1766 2588 1857 2614 πανη-

1071 2680 1186 2715 balient;
1199 2687 1286 2715 neque
1298 2679 1376 2708 video
1386 2680 1518 2710 Nicctam,
1534 2680 1553 2707 S
1565 2680 1713 2708 Clementis
1725 2679 1855 2713 fratrem,

1070 2715 1097 2741 in
1113 2713 1308 2750 Martyrologiis
1323 2715 1422 2743 Grmeis
1435 2721 1477 2742 aut
1495 2715 1599 2742 Latinis
1612 2716 1757 2743 celebrari.
1774 2715 1856 2743 Forte

1068 2755 1163 2777 auctor
1189 2758 1224 2778 ne
1247 2751 1385 2778 insinuare
1414 2751 1523 2785 quidem
1549 2751 1642 2782 voluit,
1671 2751 1751 2777 talem
1779 2751 1855 2777 ullihi

1069 2785 1181 2847 rcpcrliri
1202 2791 1344 2826 sanctum:
1367 2784 1526 2815 scd’aolum
1553 2785 1656 2817 dicere,
1689 2785 1723 2813 de
1752 2786 1800 2813 tali
1823 2784 1859 2814 ἰο

1069 2828 1122 2847 non
1152 2828 1226 2847 Oﬂul.

1069 2828 1122 2848 non
1142 2828 1226 2856 toqut.
