2034 3152
257 172 309 203 Ή5

875 161 1016 192 MENSIS
1035 160 1269 191 SEPTEMBEB.

1821 158 1876 190 716

257 230 360 256 ducens
377 228 448 254 hunc
476 230 577 254 curtum
597 224 702 259 piorum
729 221 895 256 Apellianus,
917 227 981 246 cum
1005 219 1038 246 dc

1102 219 1191 252 ὶνάξια
1208 219 1240 246 τὰ
1261 218 1332 246 κατὰ
1346 218 1391 245 τὸν
1407 217 1520 253 θεοσεϐῆ
1533 217 1626 245 τοῦτον
1642 217 1734 244 θίασον
1750 216 1874 252 θέμενος.

258 282 292 302 eo
307 273 454 308 diligenter
478 271 657 306 inquisiisset,
674 272 700 295 et
728 267 828 294 certior
855 265 942 292 iactus
958 269 1040 296 esset,

259 327 291 348 ea
318 318 454 354 signiﬁcat
468 315 637 353 proconsuli.
655 313 783 341 Protinus
803 316 902 342 autem,
921 317 1044 345 compre-

260 366 389 394 henditur
405 371 467 390 cum
483 363 568 393 multa
583 362 636 389 alia
654 360 800 389 multitudo
813 359 1041 390 Christianorum,

247 405 317 439 itum
342 411 401 447 ipse
419 417 526 445 quoque
539 408 648 436 divinus
664 407 776 439 chorus,
793 405 820 432 in
836 412 891 440 quo
908 408 966 431 erat
975 411 1044 439 prte-

260 458 332 485 clara
348 458 407 484 hac
429 456 505 490 virgo
521 453 757 489 Euphemia,quaa
782 456 810 479 ct
837 450 959 485 corporis
985 448 1045 484 pul-

261 501 428 533 chritudine,
457 504 484 527 et
500 498 606 526 virtutis
634 497 737 532 specie,
764 500 792 523 et
808 496 896 523 astatis
913 493 988 527 llore,
1018 497 1045 521 et

262 546 369 583 generis
384 545 519 577 claritate,
540 544 612 571 inter
633 551 680 570 eos
694 542 802 569 lucebat
817 541 901 568 veluti
911 541 989 568 stella
1002 539 1045 567 lu-

259 593 412 621 cidissima.
429 591 469 618 Ad
497 589 675 625 quadraginta
699 591 790 615 autem
807 592 834 614 ct
859 595 958 614 novem
978 595 1045 614 con-

260 643 434 674 gregatorum
451 641 510 664 erat
529 635 574 663 ille
591 642 668 662 sacer
680 634 793 662 chorus.
811 632 864 665 Qui
888 640 952 659 cum
978 631 1046 659 fuis-

256 688 324 711 sent
340 681 544 717 comprehensi,
571 679 695 715 producti
719 683 784 706 sunt
816 678 844 705 in
868 682 1044 712 conspectum

259 729 446 765 proconsulis.
474 727 521 753 llle
539 730 630 753 autem
649 732 696 752 eos
710 724 788 760 prius
803 724 936 751 inducens
951 723 1046 750 admo-

263 775 379 807 nitione,
390 773 539 801 conabatur
549 772 687 798 abducere
702 778 717 798 a
734 770 847 806 pietate,
864 769 943 796 bonis
968 773 1046 795 teme

263 821 358 848 volens
373 827 420 846 eos
434 819 600 848 demulcere,
617 816 663 851 qui
681 815 827 851 cupiebant
850 814 982 845 coelestia,
1006 813 1048 840 di-

263 865 342 893 cebat
357 864 430 891 enim
449 872 457 890 :
473 862 632 890 Sacriticate
650 867 747 895 magno
760 859 816 886 deo
831 858 921 889 Marti,
945 860 975 883 ut
989 856 1047 890 rius

262 909 466 941 benevolentia,
489 913 516 935 et
533 908 567 935 ab
591 905 802 942 imperatoribus
815 904 903 932 danda
918 903 1046 930 felicitate

262 965 312 985 vos
333 957 431 992 dignos
462 953 595 984 elliciatis.
626 957 653 980 et
690 952 807 987 plurima
845 948 1046 983 consequamini

264 1010 376 1030 munera
388 1002 560 1029 ethonores.
577 999 627 1026 Cui
642 998 750 1025 divinus
779 996 823 1023 ille
848 995 959 1027 chorus,
987 998 1049 1021 tan-

260 1055 345 1084 quam
365 1055 420 1074 uno
445 1045 536 1072 animo
549 1048 577 1071 et
603 1051 656 1071 uno
681 1050 752 1070 ore:
783 1041 850 1073 Nos,
867 1041 1006 1072 dixerunt,
1032 1047 1049 1066 ο

263 1093 420 1130 proconsul,
441 1092 525 1119 Deum
554 1097 649 1118 verum
671 1089 761 1117 colere
789 1087 943 1120 didicimus,
972 1086 1050 1121 cujus

258 1143 349 1171 verbo
369 1150 402 1170 ex
419 1141 454 1168 iis
475 1147 535 1175 quae
551 1147 605 1166 non
624 1143 702 1166 erant
728 1137 908 1166 constitutum
931 1140 973 1163 est
989 1136 1050 1162 nni-

261 1195 389 1220 versum,
401 1186 501 1214 caelum
515 1189 543 1212 et
555 1189 638 1216 terra,
654 1188 681 1210 ct
691 1183 782 1223 omnia
795 1189 854 1217 qua:
870 1187 934 1209 sunt
946 1182 973 1208 in
990 1181 1029 1208 eis
1041 1189 1049 1214 ;

262 1242 355 1269 neque
368 1233 452 1261 tritum
463 1232 548 1259 alium
565 1230 650 1258 Deum
664 1230 776 1262 scimus,
797 1233 894 1262 praeter
906 1228 990 1260 hunc,
1005 1234 1052 1253 ne-

265 1289 320 1317 que
345 1280 460 1308 adorare
491 1277 584 1313 (absit,
616 1276 675 1303 Rex
700 1274 819 1310 Christe)
845 1274 1050 1302 sustinebimus.

267 1328 325 1356 Tua
342 1331 434 1354 autem
447 1325 518 1353 dona
533 1328 561 1350 et
579 1323 696 1350 honores
714 1321 781 1349 alios
795 1321 924 1351 alliciant,
950 1327 1051 1354 eosque

268 1372 314 1408 qui
331 1369 584 1406 suntpusillanimi,
607 1373 634 1394 ct
651 1375 732 1402 parva
757 1366 966 1400 concupiscunt,
984 1365 1052 1392 deli-

265 1419 354 1446 niant.
371 1417 433 1444 Haec
444 1416 516 1443 enim
530 1423 544 1442 a
567 1414 647 1441 nobis
674 1413 749 1448 parvi
769 1412 846 1444 ﬁunt,
862 1417 889 1439 et
910 1411 953 1440 vix
971 1411 1051 1438 ullam

266 1472 363 1492 eorum
380 1463 505 1490 ducimus
519 1461 664 1492 rationem,
678 1467 739 1486 cum
756 1459 843 1486 solum
864 1465 988 1485 amemus
1005 1459 1053 1485 ho-

267 1517 374 1542 norem,
388 1502 433 1543 qui
451 1511 493 1535 est
509 1506 536 1533 in
554 1505 641 1537 uelis,
656 1512 737 1538 quem
761 1504 843 1530 vitam
870 1503 1051 1530 immOrtalem

267 1560 296 1583 et
312 1561 426 1590 regnum
449 1552 496 1579 Dei
511 1559 650 1579 vocamus.
663 1549 708 1578 Sic
721 1549 830 1585 quidem
842 1549 965 1576 dixitille
989 1549 1046 1583 glo-
1066 1563 1085 1589 ε

268 1602 358 1628 riosus
374 1599 522 1631 exercitus,
551 1597 598 1631 qui
621 1596 740 1623 habebat
763 1595 860 1622 ducem
883 1594 1052 1622 bcnedictam

266 1644 460 1681 Euphemiam.

303 1691 349 1718 Ill.
360 1691 502 1726 Tyrannus
514 1692 604 1714 autem
613 1694 647 1714 ne
657 1686 695 1714 sic
705 1685 813 1721 quidem
826 1685 974 1718 desperans
986 1683 1053 1716 fore,

271 1741 303 1764 ut
331 1737 371 1764 eis
387 1734 574 1771 persuaderet,
599 1732 647 1760 scd
672 1732 722 1758 sibi
747 1732 848 1759 bonam
864 1731 897 1758 de
913 1730 952 1757 eis
979 1737 1054 1765 spem

270 1783 396 1819 praebens
432 1779 628 1816 (admirabatur
653 1778 726 1805 enim
753 1777 813 1804 illos
854 1776 999 1811 aspiciens,
1028 1780 1056 1802 ct

271 1829 368 1856 videns
402 1827 510 1853 illorum
538 1823 648 1851 liberale
683 1822 832 1858 ingenium,
858 1826 885 1850 et
909 1828 1056 1857 generosos

270 1872 395 1908 spiritus,
412 1877 501 1904 neque
517 1868 626 1896 volebat
643 1872 697 1895 tant
715 1867 860 1902 pulchrum
882 1871 911 1893 et
927 1870 1054 1893 ornatum

268 1923 371 1946 emtum
390 1923 470 1952 pcena
485 1914 577 1949 allici),
598 1913 663 1941 fecit
679 1920 773 1940 rursus
790 1912 941 1947 periculum
955 1917 1055 1946 marty-

271 1971 332 1992 rum
357 1962 526 1992 constantiae,
543 1964 572 1987 et
599 1967 648 1995 pro
664 1959 767 1987 viribus
783 1958 886 1985 studuit
910 1965 957 1985 eos
974 1965 989 1984 a
1006 1965 1054 1984 sua

272 2011 414 2039 traducere
426 2008 562 2036 sententia
575 2015 582 2034 :
595 2006 662 2034 Cum
681 2005 799 2037 videam,
813 2004 920 2036 dicens,
937 2004 965 2031 in
979 2004 1055 2031 vobis

271 2059 385 2087 multam
408 2058 518 2086 elucere
543 2054 762 2090 intelligentiam,
785 2053 819 2080 de
856 2057 945 2080 vestra
970 2058 1056 2079 muta-

272 2107 347 2133 tione
364 2105 485 2132 nondum
500 2109 576 2138 spem
592 2101 702 2136 abjicio,
716 2099 764 2127 sed
780 2099 836 2126 scio
866 2098 934 2131 fore,
949 2103 979 2125 ut
990 2098 1055 2125 mihi

273 2150 394 2178 credatis
407 2148 562 2177 consulenti
577 2154 620 2179 ea,
633 2153 694 2181 quae
707 2150 771 2173 sunt
789 2144 860 2171 bona
868 2148 896 2171 et
918 2143 1005 2174 utilia,
1029 2147 1057 2170 et

272 2205 330 2226 non
346 2205 397 2234 pro
414 2196 519 2224 honore
532 2194 639 2229 eligatis
656 2192 844 2228 ignominiam,
874 2195 902 2218 et
917 2198 967 2226 pro
985 2190 1055 2217 deli-

271 2242 325 2270 ciis
346 2247 375 2269 et
398 2241 482 2277 gloria
506 2239 635 2270 dedecus,
665 2243 693 2265 et
715 2237 807 2264 videre
829 2241 883 2263 tam
915 2236 1056 2271 pulchram

270 2288 442 2323 iuventuten:
455 2290 485 2313 et
496 2285 591 2312 ﬂorem
605 2283 740 2318 corporis,
768 2289 829 2317 quze
843 2286 906 2309 sunt
930 2281 1057 2309 omnibus

273 2330 656 2367 hominibusjucundissima,
671 2328 799 2364 gravibus
821 2326 966 2353 tormentis
987 2325 1057 2353 allici

272 2384 301 2407 et
317 2379 426 2406 laniari.
443 2377 483 2405 Ad
499 2377 557 2403 haec
573 2382 667 2402 rursus
689 2373 774 2400 libere
802 2371 888 2398 sancti
913 2379 920 2397 :
934 2369 999 2402 Nos,
1017 2371 1058 2398 di-

275 2429 384 2456 xerunt,
400 2420 584 2457 oproconsnl,
603 2419 699 2447 cadent
723 2424 820 2444 rursus
842 2416 969 2449 dicimus,
985 2415 1058 2450 quod

274 2470 423 2497 maximum
445 2467 632 2495 existimamus
651 2466 779 2496 dedecus,
807 2463 829 2490 si
858 2470 920 2490 cum
939 2467 1057 2489 mentem

274 2520 302 2543 et
330 2513 537 2549 intelligentiam
553 2519 567 2538 a
586 2510 652 2549 ‘Deo
666 2508 865 2544 acceperimus,
886 2508 952 2534 deos
970 2506 1059 2533 nomi-

275 2567 372 2588 nemus
386 2566 418 2585 ea
434 2565 494 2592 qua:
511 2564 564 2583 non
577 2546 642 2582 sunt
654 2554 743 2581 solum
764 2558 838 2580 muta
855 2557 882 2579 et
895 2552 988 2583 surda,
1011 2550 1059 2578 sed

275 2607 357 2634 etiam
370 2610 462 2632 mente
477 2607 505 2630 et
516 2610 597 2630 scusu
613 2608 707 2628 vacua.
723 2600 788 2633 Quas
801 2603 896 2626 autem
909 2598 988 2625 nobis
1014 2597 1057 2623 in-

273 2655 345 2682 feres
361 2651 508 2687 supplicia,
525 2654 629 2677 tantum
661 2647 748 2680 abest,
765 2651 796 2673 ut
812 2653 844 2673 ea
871 2645 1059 2673 existimemus

275 2698 418 2732 terribilia,
444 2701 473 2725 ut
500 2700 596 2724 contra
618 2693 702 2729 magis
722 2693 877 2723 timeamus,
906 2698 941 2717 ne
961 2690 984 2716 si
1006 2689 1060 2716 sint

276 2746 344 2773 levia
356 2750 385 2772 et
396 2743 548 2774 moderata,
558 2749 612 2768 non
624 2740 732 2775 possint
746 2745 807 2765 esse
823 2737 889 2764 satis
903 2739 1059 2763 accuratum

277 2791 459 2819 testimonium
493 2789 539 2816 Dei
569 2790 596 2814 in
622 2795 672 2814 nos
699 2784 809 2813 virtutis
850 2788 877 2811 et
923 2781 1059 2817 potentiae.

277 2837 331 2864 Sed
355 2844 390 2863 ne
409 2835 549 2872 prolixiori
575 2834 662 2861 utaris
695 2832 830 2862 oratione,
862 2830 903 2856 l‘ac
932 2829 993 2864 ejus
1022 2829 1059 2855 rei

275 2881 427 2916 periculum
457 2886 511 2910 :ct
538 2885 602 2907 tunc
632 2878 704 2906 scies
738 2880 843 2912 aperte,
874 2882 925 2903 nos
952 2873 1058 2901 facilius

1091 265 1148 292 ἀλλ’
1164 265 1200 297 ὡς
1218 265 1337 298 μάλιστα
1351 264 1609 300 περιεργασάμενος
1627 264 1674 290 καὶ
1687 262 1792 298 μαθὼν,
1805 263 1878 298 δῆλα

1092 310 1178 337 ταῦτα
1203 311 1241 346 τῷ
1257 311 1405 346 ἀνθυπάτῳ
1431 312 1514 342 ποιεῖ,
1540 310 1587 336 καὶ
1611 309 1782 344 παραχρῆμα
1801 317 1879 335 συνε-

1092 356 1259 392 λαμϐάνοντο
1273 357 1340 384 ἄλλα
1355 365 1386 383 τε
1404 356 1491 383 πολλὰ
1502 355 1556 382 τῶν
1576 355 1750 390 Χριστιανῶν
1773 353 1879 389 πλήθη,

1093 403 1141 430 καὶ
1150 403 1231 435 αὐτὸς
1244 404 1258 430 ὁ
1273 402 1345 434 θεῖος
1359 399 1435 433 οὗτος
1449 402 1540 438 χορὸς,
1567 401 1596 433 ὃς
1609 401 1735 427 ἐπλούτει
1749 400 1798 435 τὴν
1813 399 1880 426 καλ-

1093 448 1257 483 λιπάρθενον
1285 448 1444 483 Εὐφημίαν,
1461 447 1479 482 ἢ
1503 446 1596 474 κάλλει
1623 455 1651 472 τε
1678 446 1802 480 σώματος
1830 445 1881 471 καὶ

1094 494 1194 531 ἀρετῆς
1208 494 1280 530 ὥρᾳ,
1299 494 1376 521 ἆνθει
1401 501 1431 519 τε
1460 493 1569 528 ἡλικίας
1585 494 1632 519 καὶ¹
1650 492 1746 526 γένους
1765 499 1883 526 περιφα-

1094 541 1165 576 νείᾳ,
1191 542 1275 576 μέσον
1297 540 1387 567 αὐτῶν
1415 540 1484 566 κατά
1509 539 1572 570 τοὺς
1592 538 1737 573 λαμπροὺς
1760 537 1883 572 ἀστέρας

1094 586 1243 621 λάμπουσα
1260 583 1305 620 ἦν.
1323 586 1370 615 Εἰς
1384 585 1462 611 ἐννέα
1489 584 1538 619 μὲν
1549 583 1595 610 οὖν
1607 585 1653 609 καὶ
1667 583 1882 618 τεσσαράκοντα

1094 633 1125 659 τὺ
1138 631 1211 668 ἱερὸν
1235 632 1324 658 ἐκεῖνο
1353 630 1512 657 συνείλεκτο
1538 629 1686 665 ἄθροισμα,
1714 629 1739 655 οἳ
1755 628 1802 655 καὶ
1818 628 1883 654 κατ’

1095 679 1156 714 ὄψιν
1175 679 1237 704 ἐπεὶ
1254 677 1461 712 συνελήφθησαν
1475 676 1512 710 τῷ
1525 676 1677 710 ἀνθυπάτῳ
1692 674 1883 709 παρέστησανσ

1095 727 1109 753 ὁ
1123 725 1152 752 δὲ
1164 724 1328 760 παραινέσει
1344 724 1477 758 πρότερον
1491 722 1610 755 ἀπάγειν
1631 721 1732 751 αὐτοὺς
1750 720 1885 754 ἐπειρᾶτο

1097 771 1148 804 τῆς
1164 771 1316 803 εὐσεϐείας,
1337 770 1394 801 τοῖς
1413 769 1525 803 ἀγαθοῖς
1540 770 1590 803 τῆς
1606 767 1658 802 γῆς
1685 766 1792 800 θέλγειν
1821 764 1885 800 βου-

1097 818 1219 853 λόμενος,
1247 816 1310 848 τοὺς
1332 816 1389 842 τῶν
1406 835 1414 843 .
1432 835 1439 842 .
1458 834 1466 842 .
1486 834 1493 842 .
1517 835 1524 842 .
1545 833 1552 840 .
1569 813 1746 848 εφισμένους,
1760 811 1882 842 Θύσιτε,

1098 864 1197 898 λέγων,
1223 862 1263 898 τῷ
1291 862 1401 897 μεγάλῳ
1432 859 1486 895 θεῷ
1510 861 1590 895 Ἀρει
1604 859 1642 890 ὡς
1655 858 1688 885 ἂν
1704 858 1753 892 τῆς
1769 866 1799 883 τε
1818 856 1885 891 παρ’

1098 909 1182 937 αὑτοῦ
1209 908 1353 944 εὐμενείας
1378 907 1489 942 καὶτῆς
1511 906 1544 932 ἐκ
1562 904 1696 940 βασιλέων
1708 902 1886 938 εὐδαιμονίας

1098 957 1189 989 ἀξίους
1204 955 1317 985 ἑαυτοὺς
1333 954 1535 988 καταστήσητε,
1549 952 1596 978 καὶ
1615 949 1725 985 δωρεῶν
1748 948 1886 974 πλείστων

1098 1000 1273 1035 ἀπολαύσητε
1310 999 1358 1025 καὶ
1383 998 1483 1033 τιμῶν·
1511 997 1579 1031 πρὸς
1599 995 1629 1022 ὃν
1650 996 1664 1021 ὁ
1685 994 1754 1026 θεῖος
1781 994 1886 1023 ἐκεῖνος

1099 1047 1189 1082 χορὸς,
1203 1045 1277 1072 ὥσπε
1282 1053 1297 1080 ρ
1308 1045 1340 1070 ἐκ
1349 1044 1412 1079 μιᾶς
1422 1043 1469 1069 καὶ
1475 1042 1566 1078 ψυχῆς
1574 1041 1620 1067 καὶ
1628 1039 1762 1074 γλώττης,
1776 1039 1886 1073 Ἡμεῖς,

1100 1091 1250 1122 ἀνθύπατε.
1263 1089 1351 1123 εἷπον,
1361 1088 1504 1125 λατρεύειν
1515 1086 1609 1122 ἀληθεί
1618 1085 1677 1120 Θεῷ
1691 1083 1886 1118 δεδιδάγμεθα,

1100 1135 1131 1165 οὖ
1150 1138 1252 1174 ῥήματι
1269 1138 1300 1163 ἐκ
1317 1136 1354 1171 μὴ
1366 1136 1451 1162 ὄντων
1471 1134 1575 1167 ὑπέστη
1591 1133 1621 1158 τὺ
1635 1132 1690 1158 πᾶν
1704 1151 1712 1158 .

1100 1185 1148 1210 καὶ
1162 1185 1197 1218 γῆ
1210 1183 1257 1209 καὶ
1271 1182 1306 1209 τὰ
1320 1183 1349 1209 ἐν
1364 1182 1456 1211 αὐτοῖς
1472 1176 1590 1212 ἅπαντα,
1604 1177 1666 1204 οὔτε
1687 1177 1714 1204 δὲ
1731 1177 1791 1204 θεὸν
1807 1176 1890 1204 ἀλλον

1101 1229 1178 1264 παρὰ
1193 1229 1287 1256 τοῦτον
1304 1228 1381 1262 ἴσμεν
1394 1226 1456 1253 οὔτε
1471 1225 1643 1261 προσκυνεῖν,
1657 1223 1695 1258 μὴ
1702 1222 1808 1257 γένοιτό
1822 1230 1888 1249 ποτε

1101 1285 1128 1311 χ.
1145 1295 1152 1303 .
1167 1296 1174 1302 .
1190 1294 1198 1302 .
1214 1293 1221 1301 .
1247 1273 1370 1309 βασιλεῦ,
1386 1271 1549 1306 ἀνεξόμεθα,
1576 1270 1611 1296 τὰ
1626 1270 1654 1296 δέ
1682 1270 1715 1296 σὰ
1740 1269 1814 1304 δῶρα
1841 1269 1890 1294 καὶ

1102 1322 1129 1348 αἱ
1158 1321 1237 1355 τιμαὶ
1262 1319 1349 1347 ἀλλων
1386 1318 1508 1344 ἔστωσαν
1533 1315 1685 1351 θεραπεῖαι,
1714 1314 1830 1349 μικροᾶς
1859 1321 1890 1340 τε

1102 1367 1150 1394 καὶ
1181 1366 1286 1402 μικρῶν
1305 1364 1478 1400 ἐπιθυμητὰς
1507 1363 1689 1396 θελγέτωσαν.
1725 1361 1808 1402 Ἡμῖν
1834 1360 1890 1394 γὰρ

1103 1399 1205 1448 φαύλου
1221 1399 1302 1447 λόγου
1317 1412 1364 1438 καὶ
1384 1410 1432 1437 τοῦ
1454 1409 1583 1444 τυχόντος
1612 1407 1676 1441 ἀξια
1697 1399 1796 1440 ταῦτα,
1823 1406 1890 1440 μιᾶς

1105 1460 1190 1494 μόνης
1205 1458 1290 1494 ἐρῶσι
1306 1458 1389 1493 τιμῆς
1405 1457 1457 1491 τῆς
1474 1457 1502 1482 ἐν
1565 1475 1572 1482 .
1648 1473 1656 1481 .
1729 1472 1738 1480 .
1810 1453 1843 1488 ἧν
1859 1452 1893 1486 δὴ

1104 1507 1150 1532 καὶ
1164 1506 1301 1532 ἀθάνατον
1330 1505 1403 1540 ζωὴν
1427 1505 1475 1531 καὶ
1501 1503 1641 1540 βασιλείαν
1654 1500 1723 1528 Θεοῦ
1741 1500 1834 1527 καλεῖν
1849 1498 1890 1524 οἴ-

1105 1550 1199 1584 δαμεν.
1210 1549 1288 1575 Οὕτω
1305 1549 1354 1584 μὲν
1371 1547 1418 1576 οὖν
1428 1551 1441 1576 ὁ
1453 1549 1606 1580 καλλίνικος
1623 1549 1727 1578 ἐκεῖνος
1740 1546 1793 1580 ἔφη
1808 1552 1892 1578 στρα-

1104 1596 1160 1628 τὸς,
1183 1596 1217 1630 τῇ
1240 1595 1412 1631 πανευφήμῳ
1437 1594 1674 1630 στρατηγούμενος
1691 1592 1836 1626 Εὑφημίᾳ.

1141 1670 1178 1698 Γ.
1207 1671 1237 1698 ’0
1251 1671 1383 1706 τύραννος
1408 1671 1436 1698 δὲ
1462 1671 1493 1697 τὸ
1518 1670 1695 1705 μεταπείσειν
1716 1667 1816 1698 αὐτοὺς
1835 1667 1891 1693 οὐδ’

1105 1715 1190 1747 οὕτως
1202 1716 1387 1751 ἀπαγορεύσει
1398 1724 1404 1731 ·
1419 1715 1487 1742 ἀλλὰ
1498 1717 1544 1742 καὶ
1555 1716 1596 1742 ἔτι
1608 1716 1728 1750 χρηστὰς
1741 1713 1893 1740 ὑποτείνων

1106 1761 1197 1796 ἐαυτῷ
1213 1763 1260 1792 τὰς
1275 1761 1386 1793 ἐλπίδας
1415 1761 1565 1797 (ἐθαύμασε
1577 1762 1631 1796 γὰρ
1645 1761 1766 1790 ἐκείνους
1782 1759 1893 1794 βλέπων

1106 1807 1248 1841 ἐλεύθερόν
1264 1815 1294 1833 τε
1313 1808 1383 1843 ὁρῶν
1396 1807 1533 1842 φρόνημα,
1548 1807 1595 1833 καὶ
1605 1806 1695 1842 ψυχῆς
1718 1806 1892 1840 παράστημα

1106 1853 1226 1886 εὐγενὲς,
1256 1852 1304 1879 κα)⁵
1330 1853 1381 1878 οὐκ
1407 1852 1538 1887 ἠϐούλετο
1563 1852 1739 1887 ζημιωθῆναι
1758 1850 1890 1883 σύστημα.

1105 1897 1177 1924 οὕτω
1192 1898 1305 1932 κόσμιον
1323 1899 1371 1924 καὶ
1387 1897 1491 1932 καλὸν),
1506 1898 1676 1932 ἀπεπειρᾶτο
1690 1898 1737 1922 καὶ
1748 1893 1828 1926 αὖθις
1840 1896 1892 1929 τῆς

1103 1946 1292 1986 ¹σιιςεῤῥότηλιῖος
1305 1945 1359 1971 τῶν
1378 1943 1540 1979 μαρτύρων,
1560 1944 1605 1970 καὶ
1627 1943 1665 1974 ὡς
1683 1940 1739 1968 οἷόν
1754 1950 1785 1968 τε
1806 1949 1894 1976 μετα-

1107 1991 1212 2017 πείθειν
1226 1991 1323 2021 αὐτοὺς
1334 1990 1473 2022 ἔσπευδεν,
1494 1989 1581 2024 Ὀρῶν
1596 1989 1671 2023 ὑμῖν,
1681 1987 1779 2022 λέγων,
1789 1987 1894 2022 πολλὴν

1109 2037 1175 2072 ὅσην
1188 2037 1390 2072 ἐμφαινομένην
1403 2036 1452 2070 τὴν
1467 2035 1586 2067 σύνεσιν,
1604 2036 1653 2061 οὐκ
1676 2035 1836 2061 ἀνέλπιστον
1852 2036 1894 2060 ἔτι

1108 2083 1157 2110 καὶ
1169 2084 1219 2117 τήν
1241 2082 1393 2117 μεταϐολὴν
1405 2081 1545 2116 ποιοῦμαι,
1562 2080 1620 2107 ἀλλ’
1641 2079 1690 2106 οἷδ’
1703 2081 1743 2106 ὅτι
1765 2081 1812 2106 καὶ
1834 2089 1894 2106 πει-

1110 2128 1243 2164 σθήσεσθε
1259 2136 1305 2163 μοι
1320 2128 1354 2154 τὰ
1366 2128 1473 2163 χρηστὰ
1499 2127 1720 2162 συμϐουλεύοντι,
1736 2127 1784 2153 καὶ
1796 2127 1848 2153 οὐκ
1860 2126 1896 2153 ἂν

1108 2176 1214 2202 ἕλοισθε
1234 2175 1347 2210 ἀτιμίαν
1371 2175 1433 2201 ἀντὶ
1456 2174 1550 2209 τιμῆς,
1567 2175 1614 2200 καὶ
1639 2174 1700 2200 ἀντὶ
1720 2174 1825 2208 τρυφῆς
1845 2173 1896 2200 καὶ

1072 2227 1094 2254 ι)
1110 2221 1189 2255 δόξης
1200 2220 1342 2254 αἰσχύνην,
1354 2220 1400 2245 καὶ
1409 2220 1440 2245 τὺ
1455 2219 1518 2246 ίδείν
1537 2220 1651 2255 νεότητα
1662 2219 1734 2245 οὕτω
1748 2220 1832 2254 καλὴν
1847 2221 1897 2245 καὶ

1110 2267 1190 2299 ἄνθος
1204 2268 1330 2302 σώματος
1340 2267 1374 2293 τὰ
1386 2267 1469 2293 πᾶσιν
1480 2267 1634 2302 ἀνθρώποις
1647 2268 1742 2302 ἣδιστα
1761 2267 1896 2302 χαλεπαῖς

1110 2314 1236 2349 βασάνοις
1244 2312 1409 2348 ὑϐριζόμενά
1415 2321 1443 2338 τε
1452 2313 1498 2338 καὶ
1508 2313 1802 2347 σπαραττόμενοᾟρδς
1812 2312 1898 2338 ταῦτα

1109 2360 1189 2387 πάλιν
1198 2360 1430 2396 εὐπαῤῥησίαστοι
1439 2360 1463 2385 οἱ
1471 2359 1554 2393 ἅγιοι,
1563 2358 1669 2393 Ἡμεῖς,
1680 2356 1767 2391 εἷπον,
1775 2358 1898 2385 ἀνθύπα-

1108 2415 1149 2438 τε,
1161 2407 1209 2433 καὶ
1221 2406 1352 2440 πρότερον
1365 2405 1498 2438 εἰπόντες,
1512 2405 1558 2430 καὶ
1571 2404 1617 2431 νῦν
1629 2405 1682 2430 τῶν
1696 2404 1760 2430 ἴσων
1776 2405 1898 2439 ἐχόμεθα

1111 2453 1207 2484 λόγων,
1226 2452 1266 2477 δτι
1294 2451 1424 2485 αἰσχύνην
1460 2449 1600 2485 ἡγούμεθα
1623 2452 1669 2476 καὶ
1700 2449 1845 2484 μεγίστην,
1873 2451 1898 2475 εἰ

1110 2498 1172 2524 νοῦν
1188 2498 1236 2524 καὶ
1252 2497 1355 2530 φρένας
1375 2496 1501 2527 λαϐόντες
1519 2497 1595 2530 παρὰ
1620 2495 1688 2521 θεοῦ
1704 2495 1779 2526 θεοὺς
1796 2496 1899 2530 ὀνομα-

1111 2543 1206 2577 ζοιμεν
1232 2543 1266 2569 τὰ
1288 2542 1326 2577 μὴ
1352 2542 1448 2573 ἁπλῶς
1465 2542 1561 2575 ἄφωνα
1583 2542 1630 2568 καὶ
1655 2542 1747 2575 κιυφὰ,
1762 2541 1830 2567 ἀλλὰ
1850 2542 1898 2566 καὶ

1111 2589 1216 2624 φρενῶν
1232 2589 1324 2624 ἔρημα
1341 2590 1388 2615 καὶ
1402 2588 1565 2622 αἰσθήσεως.
1579 2588 1626 2619 Ἀς
1641 2587 1670 2613 δὲ
1682 2588 1747 2621 ἡμῖν
1761 2586 1898 2617 ἐπισείεις

1111 2635 1255 2670 βασάνους,
1270 2634 1397 2662 τοσούτου
1415 2633 1511 2669 δέομεν
1528 2634 1648 2668 φοϐερὰς
1671 2632 1809 2668 ἡγεῖσθαι,
1825 2631 1898 2658 ὥστε

1111 2681 1265 2708 τούναντίον
1300 2681 1348 2708 καὶ
1378 2680 1536 2715 φοϐούμεθα
1557 2680 1670 2714 μᾶλλον,
1702 2679 1750 2714 μὴ,
1783 2677 1897 2712 κούφως

1111 2727 1224 2762 ἔχουσαι
1253 2728 1300 2754 καὶ
1326 2726 1457 2761 μετρίως,
1486 2726 1517 2752 ού
1550 2726 1712 2760 δυνήσονται
1744 2724 1898 2760 μαρτύριον

1112 2773 1224 2810 ἀκριϐὲς
1236 2771 1306 2800 εἶναι
1318 2774 1367 2807 τῆς
1378 2773 1426 2799 τοῦ
1442 2772 1510 2799 Θεοῦ
1529 2773 1593 2806 περὶ
1611 2771 1685 2806 ἡμᾶς
1701 2771 1791 2805 ἰσχύος
1802 2778 1834 2796 τε
1850 2773 1900 2797 καὶ

1112 2823 1263 2859 δυνάμεως.
1280 2822 1315 2848 Ἦ
1332 2820 1400 2848 ἀλλὰ
1424 2820 1462 2856 μὴ
1478 2819 1557 2846 πλέον
1572 2819 1596 2845 oi.
1612 2818 1698 2852 λόγοι,
1710 2820 1743 2854 τῇ
1769 2817 1856 2854 πείρᾳ
1870 2818 1901 2844 δὲ

1112 2871 1175 2902 τοὺς
1195 2870 1323 2905 ἐλέγχους
1340 2867 1497 2903 ἐπίτρεψονι
1515 2865 1562 2893 καὶ
1581 2865 1641 2891 τότε
1658 2865 1721 2900 ea“
1736 2864 1834 2898 σαφῶς
1857 2865 1902 2891 ὅτι
