2034 3152
164 177 217 211 ’ΣΠ

718 174 952 207 MARTYRIUM
972 173 1004 204 S.
1026 174 1248 209 EUPHEMIE.

1748 185 1801 218 718

167 235 234 271 ῥᾷον
253 234 335 270 ἡμεῖς
350 234 462 270 οἴσομεν
484 233 499 271 ἢ
517 234 628 268 ἀπάξεις
645 235 726 267 αὐτὸς
749 235 797 267 τᾶς
818 234 951 265 κολάσεις,

1009 233 1113 262 laturos
1137 242 1199 263 esse
1233 238 1381 274 cruciatus,
1413 249 1493 277 quam
1519 247 1548 271 tu
1573 244 1612 273 sis
1645 245 1800 275 intentatu-

198 324 236 352 A'.
261 325 392 351 ’Δνάπτσι
402 325 449 352 τὸν
464 326 598 361 τύραννον
613 327 653 358 εἰς
670 326 757 362 ὀργὴν
775 326 790 353 ό
804 327 894 360 λόγος,
910 327 959 354 καὶ

165 370 247 402 εὐθὺς
264 371 378 406 βάσανοι
395 371 456 402 τοὺς
479 372 623 407 μάρτυρας
639 370 726 407 εἶχον.
742 374 775 399 Δί
794 372 907 408 βάσανοι
928 373 958 400 δὲ

163 417 195 443 οὺ
213 417 314 452 μικραὶ
325 417 387 443 οὐδὲ
401 418 448 444 ἐπὶ
472 419 570 453 μικρὸν
585 420 740 454 ἀρκὲσασαι
766 419 874 454 χρόνον,
897 419 958 446 ἀλλ’

163 463 210 489 ἐπὶ
247 462 335 489 εἴκοσι
373 464 439 497 μιᾶς
466 464 580 499 δεούσης
608 466 715 501 ἡμέρας
742 466 956 500 παραταθεῖσαε.

165 508 255 535 Ἰσασι
283 509 312 536 δὲ
329 509 438 541 πάντως
466 510 524 537 ὅσοι
543 512 642 546 πεῖραν
655 512 709 538 τῶν
735 512 866 546 ἀλγεινῶν
880 512 958 547 ἐχου-

163 563 227 587 σιν,
262 555 305 581 ὅτι
337 555 455 591 πληγαῖς
484 557 609 592 σώματος
637 558 827 592 ἐπιγινόμεναι
875 558 956 585 πάλιν

167 600 273 635 ἕτεραι,
297 601 379 636 μήπω
409 603 458 637 τῆς
484 604 620 638 προτέρας
637 603 876 639 ὑπομαρανθείσης
897 604 957 630 ὀδύ-

162 655 221 680 νης,
255 647 324 673 ἁλλά
351 647 382 673 τὸ
409 648 524 683 σφοδρὸν
543 649 583 675 ἐτι
606 650 654 676 καὶ
684 650 809 684 ἀκμάζον
829 650 955 684 ἐχούσης,

161 693 304 728 ἀφόρητον
327 693 388 720 οἵαν
402 696 449 720 καὶ
470 694 562 730 δεινὴν
584 695 635 730 τὴν
669 695 797 731 αῐσθησιν
818 697 875 727 τοῖς
900 696 953 722 πά-

162 747 275 774 σχουσιν
288 739 460 774 ἐμποιοῦσιν.
475 740 512 766 Τὸ
522 741 571 775 μὲν
583 739 630 767 οὖν
644 741 718 777 βῆμα
732 741 878 775 ξεομένους
889 743 953 773 τοὺς

163 785 309 819 μάρτυρας
326 783 467 818 ὲθεάτριζε
484 784 547 810 καθ’
568 785 687 820 ἡμέραν,
706 784 764 812 εἷτα
781 787 827 813 καὶ
844 787 954 821 εἰρκταὶ

159 827 272 857 τούτου,
291 828 361 862 μετὰ
373 829 420 860 τὰς
438 828 545 864 πληγὰς
561 829 725 864 διεδέχοντο,
746 831 869 863 κάκωσις
885 831 952 866 ἄλλη

161 872 207 898 ἰπὶ
232 873 354 899 κακώσει
384 874 431 899 καὶ
459 874 605 910 προσθήκη
623 875 677 901 τῶν
703 875 842 910 λυπηρῶν.
872 877 904 902 Οἱ
923 877 952 903 δὲ

161 917 292 945 τοσοῦτον
322 919 437 954 ἀπεῖχον
465 920 512 946 τοῦ
544 920 635 956 λύπην
669 922 740 948 αὐτὰ
770 923 818 948 καὶ
853 922 951 958 ὀδύνην

161 963 330 999 λογίζεσθαι,
355 964 426 991 ὥστε
460 967 508 993 καὶ
533 967 614 1004 διπλῇ
651 969 768 1004 χαίρειν,
791 968 830 1004 τῷ
856 977 886 996 τε
910 969 952 996 διὰ

160 1011 282 1045 Χριστὸν
309 1012 489 1046 κολάζεσθαι,
517 1015 565 1041 καὶ
592 1015 630 1050 τῷ
659 1017 693 1051 τῇ
717 1016 860 1052 προσθήκῃ
899 1014 954 1044 τῶν

160 1057 294 1092 λυπηρῶν
320 1058 481 1095 προσθήκην
511 1061 604 1092 αὐτοῖς
627 1061 662 1088 τὰ
680 1062 710 1088 ὲν
731 1062 840 1089 ὲλπίσιν
863 1063 954 1096 ἀγαθὲ

160 1103 301 1138 δέχεσθαι.
319 1104 375 1138 Τῆς
398 1105 527 1140 είκοστῆς
549 1107 578 1133 δὲ
593 1107 644 1143 ήδη
659 1109 813 1144 ἐπιστάσης
834 1110 952 1145 ἡμέρας,

159 1150 330 1185 μετάκλητοι
357 1151 439 1178 πάλιν
465 1153 490 1183 oi
518 1155 636 1187 γενναῖοι
672 1153 711 1190 τῷ
735 1156 860 1191 τυράννῳ
887 1157 954 1182 καθ-

162 1198 296 1226 ίστανται.
316 1200 371 1226 Καὶ
386 1200 403 1234 ή
428 1199 584 1232 καλλίνικος
603 1200 631 1226 δὲ
648 1201 797 1236 συμπαρῆν
811 1202 952 1238 Εὑφημὶα,

162 1241 220 1271 οἷον
248 1246 376 1281 ἀστέρων
404 1246 603 1281 διαφαινόντων
627 1247 727 1282 σελήνη
755 1248 838 1282 μέσον
863 1249 953 1274 αὐτῶν

159 1290 305 1323 εὔκυκλος,
325 1292 408 1318 καλὸν
431 1292 492 1319 λίαν
509 1293 557 1318 καὶ
579 1291 628 1327 ἡδὺ
646 1292 806 1328 λάμπουσα.
827 1294 860 1320 Ti
875 1293 922 1321 οὖν
939 1295 953 1320 ὀ

158 1337 293 1372 τύραννος
302 1337 370 1373 πρὸς
381 1338 494 1371 αὺτούς;
505 1338 550 1370 Εἰς
561 1339 670 1374 πεῖραν,
683 1339 747 1374 ἔφη,
765 1341 951 1371 καταστάντε;

159 1380 197 1410 ὧν
218 1384 350 1411 οὐδέποτε
367 1384 400 1411 ἂν
417 1384 584 1420 πειραθῆναι
602 1385 725 1420 ᾠήθητε,
742 1386 766 1411 εἰ
784 1386 951 1422 μ-εταῦεΰοὺ-

159 1429 254 1456 λευται
281 1438 308 1456 τι
337 1430 471 1464 σωτήριον
497 1432 546 1456 καὶ
578 1430 718 1461 λυσιτελὲς
749 1431 825 1465 ὑμῖν,
845 1432 950 1458 εἴπατε.

160 1475 270 1502 Βέλτιον
286 1474 341 1510 γάρ
358 1475 542 1507 ἀπολιπόντας
562 1477 611 1511 τὴν
633 1476 752 1511 ματαίαν
786 1478 888 1512 ταύτην
903 1478 951 1513 τῆς

158 1521 238 1557 δόξης
264 1522 453 1556 καινοτομίαν,
480 1522 527 1549 καὶ
551 1522 582 1549 τὸ
607 1524 705 1558 μόνους
729 1525 776 1550 ἐπὶ
800 1525 877 1559 κακῴ
903 1525 951 1560 τῆς

160 1568 229 1600 ιδίας
246 1568 322 1603 ζωῆς
336 1569 539 1604 ἀντιφέρεσθαι,
559 1569 573 1596 ὃ
591 1572 691 1602 πάντες
717 1571 802 1605 δρῶσι
816 1572 862 1597 καὶ
878 1572 950 1606 ὑμᾶς
964 1583 986 1613 c

158 1614 262 1650 ὁμοίως
286 1615 373 1641 ποιεῖν
397 1615 445 1641 καὶ
470 1615 671 1650 προσελθόντας
693 1617 780 1644 θύειν.
805 1617 834 1643 '0
849 1617 877 1643 δὲ
902 1618 949 1644 τοῦ

157 1661 279 1696 Χριστοῦ
288 1663 412 1696 γενναῖος
421 1664 536 1699 στρατὸς
548 1665 607 1700 ἅμα
618 1666 651 1700 τῇ
662 1666 847 1701 πανευφὴμῳ,
859 1666 949 1702 Μέχρι

155 1707 240 1740 τίνος,
259 1705 349 1742 εἷπον,
363 1705 386 1735 ὦ
397 1709 524 1742 δικαστά,
534 1710 648 1737 σεαυτὸν
666 1712 788 1747 ἀπατᾷς,
803 1713 949 1748 ἐπιχειρῶν

157 1753 325 1789 πράγμασιν
342 1755 484 1787 ἀδυνάτοις
502 1764 509 1788 ;
535 1756 571 1782 To
585 1758 638 1793 γὰρ
660 1758 734 1792 ἡμᾶς
754 1758 844 1784 δοκεῖν
868 1767 950 1793 μετα-

157 1799 276 1833 πείσειν,
293 1800 385 1835 ὅμοιόν
401 1802 459 1828 ἐστι
478 1801 517 1836 τῷ
539 1803 603 1834 τοὺς
632 1804 751 1839 ἀστέρας
774 1804 879 1831 οἴεσθαι
899 1807 949 1840 τῆς

156 1845 263 1877 οἰκείις
289 1846 451 1881 μεταθεῖναι
475 1849 596 1879 στάσεως
622 1849 638 1884 ἢ
667 1850 792 1884 πορείας,
822 1851 838 1885 ἦ
863 1851 892 1877 ἓν
921 1859 949 1877 τι

159 1893 332 1928 μεταστῆσαι
342 1894 397 1920 τῶν
409 1895 557 1930 ἀκινήτων.
574 1895 655 1922 Ὥστε
669 1896 774 1931 βέλτιον
787 1894 820 1932 ἦν
834 1898 948 1924 σεαυτόν

161 1939 265 1974 μᾶλλον
280 1940 331 1975 τῆς
347 1940 451 1974 πλάνης
461 1941 638 1976 μεταϐαλεῖν,
655 1943 701 1969 καὶ
714 1943 759 1969 τὸν
776 1943 866 1978 ἁληθῆ
882 1944 948 1970 Θεὸν

156 1986 319 2020 ιπιγνῶναι,
338 1987 482 2022 οἰκονόμον
505 1988 615 2023 ἄριστον
637 1989 686 2024 τῆς
712 1989 779 2021 ιδίας
800 1991 948 2024 γενόμενον

156 2033 306 2069 σωτηρίας.

191 2159 232 2188 Ε’.
246 2161 333 2196 Θυμῷ
347 2160 452 2188 πλείονι
464 2162 478 2188 ό
496 2162 617 2198 Πρίσκος
636 2163 829 2198 κατασχεθεὶς,
848 2165 947 2192 σκύτε-

157 2215 200 2234 σιν
210 2208 299 2243 ὠμοῖς
314 2207 420 2235 κελεύει
429 2210 463 2236 τὰ
474 2209 528 2235 τῶν
540 2209 626 2243 ἁγίων
634 2210 785 2238 τύπτεσθαι
798 2212 946 2246 πρόσωπα,

1011 286 1069 307 τηε.

1047 326 1091 354 ιν.
1110 328 1150 356 Ad
1174 329 1242 356 iram
1259 333 1403 366 tyrannum
1427 335 1556 362 accendit
1581 337 1640 366 haec
1656 340 1756 374 oratio,
1773 346 1800 368 et

1010 373 1103 400 statim
1120 375 1265 403 tormentis
1274 377 1479 411 subjeclifuere
1493 387 1637 417 martyres.
1652 385 1799 414 Tormenta

1009 421 1101 445 autem
1128 419 1242 449 fuerunt
1265 429 1320 449 non
1351 431 1442 458 parva,
1470 434 1558 461 neque
1572 436 1656 462 parvo
1676 436 1800 466 tempore

1009 462 1157 497 durarunt,
1177 466 1225 494 sed
1240 467 1273 494 ad
1286 469 1475 496 novemdecitn
1488 471 1547 499 dies
1566 473 1642 500 fuere
1656 462 1797 509 producta.

1010 507 1108 536 Sciunt
1134 516 1227 538 autem
1250 513 1376 547 omnino,
1394 515 1551 551 quicunque
1571 507 1663 545 rerum
1687 527 1800 555 aspera-

1008 561 1069 581 rum
1093 559 1119 582 et
1145 556 1267 584 tristium
1291 557 1396 587 faciunt
1423 561 1586 596 periculum,
1613 565 1685 600 quod
1713 567 1800 602 plagis

1009 602 1135 636 corporis
1151 610 1248 631 rursus
1265 606 1428 635 accedentes
1447 608 1516 641 aliae,
1538 617 1602 637 cum
1629 611 1705 646 prior
1723 613 1800 641 dolor
1822 621 1825 623 '

1009 647 1132 675 nondum
1162 652 1340 684 emarcueril,
1354 653 1402 680 sed
1413 653 1450 681 sit
1467 655 1556 684 adhuc
1574 656 1602 683 in
1620 658 1677 692 ipso
1694 659 1798 694 vigore,

1008 692 1043 720 iis
1061 694 1108 728 qui
1127 696 1280 730 patiuntur,
1295 697 1417 726 elIiciunt
1432 707 1544 735 gravem
1559 709 1672 730 sensum
1688 710 1715 732 et
1725 692 1799 733 into-

1008 739 1160 769 lerabilem.
1188 741 1277 777 Atque
1291 744 1410 772 tribunal
1443 746 1555 780 quidem
1587 753 1732 784 martyres,
1752 751 1800 785 qui

1007 786 1195 820 caedebantur,
1216 790 1386 823 producebat
1409 792 1545 826 quotidie,
1569 794 1655 822 veluti
1676 795 1704 823 in
1723 797 1801 824 thea-

1009 836 1091 860 trum.
1120 833 1226 862 Deinde
1240 840 1303 870 post
1320 837 1412 872 plagas
1431 846 1478 866 eos
1493 847 1603 874 quoque
1623 840 1799 876 excipiebant

1008 886 1142 912 carceres,
1159 880 1213 908 alia
1233 881 1343 910 afﬂictio
1361 884 1497 912 accedens
1515 885 1668 918 amictioni,
1700 893 1727 915 et
1746 888 1798 916 do-

1008 923 1095 951 lorum
1125 926 1354 955 additamentum.
1381 928 1500 957 'l'antum
1529 936 1622 959 autem
1646 932 1749 964 aberat.
1768 939 1799 961 ut

1006 968 1044 996 illi
1064 977 1096 997 ea
1108 971 1230 999 dolorem
1243 973 1434 1002 existimarent
1447 979 1474 1002 et
1490 976 1658 1011 molestiam,
1677 979 1797 1006 utetiam

1005 1016 1156 1051 gauderent
1185 1018 1344 1053 dupliciter,
1367 1024 1394 1047 et
1418 1022 1490 1055 quod
1519 1029 1632 1058 propter
1656 1023 1796 1052 Christum

1005 1061 1182 1096 punirentur,
1207 1069 1236 1091 et
1261 1065 1333 1100 quod
1348 1071 1460 1101 propter
1492 1075 1586 1095 rerum
1620 1069 1796 1098 molestarutn

1005 1114 1182 1142 augmentum
1200 1110 1271 1138 bona
1299 1119 1408 1147 quoque
1425 1121 1487 1148 quae
1501 1119 1581 1142 erant
1612 1115 1640 1142 in
1661 1124 1721 1151 spe,
1750 1124 1797 1144 ac-

1005 1154 1157 1181 cessionem
1169 1156 1340 1190 acciperent.
1355 1158 1488 1192 Cumjam
1507 1163 1598 1186 autem
1612 1159 1671 1187 dies
1688 1161 1798 1188 adesset

1006 1200 1163 1234 vicesimus,
1180 1209 1194 1228 a
1213 1207 1328 1237 tyranno
1346 1211 1441 1231 rursus
1458 1205 1509 1231 viri
1530 1211 1712 1233 accersuntur
1725 1215 1796 1241 prat-

1004 1246 1082 1277 clari,
1099 1254 1161 1274 cum
1182 1248 1283 1282 quibus
1300 1249 1418 1284 gloriosa
1434 1258 1542 1286 quoque
1572 1251 1667 1279 aderat
1685 1253 1795 1288 Euphe-

1004 1292 1068 1324 mia,
1087 1293 1171 1320 veluti
1192 1295 1219 1320 in
1243 1295 1336 1322 medio
1360 1296 1500 1324 stellarum
1534 1297 1599 1325 luna
1636 1302 1695 1326 toto
1728 1300 1796 1328 orbe

1004 1336 1096 1372 plena,
1109 1338 1223 1372 pulchre
1238 1344 1266 1366 et
1280 1340 1481 1374 jucundissime
1500 1343 1692 1377 resplendens.
1721 1345 1795 1378 Quid

1003 1390 1068 1418 ergo
1088 1384 1128 1411 eis
1148 1390 1277 1420 tyrannus
1293 1386 1305 1412 'I
1321 1385 1369 1419 Ea,
1385 1387 1483 1422 inquit.
1511 1389 1629 1424 experti,
1646 1397 1706 1424 quae
1723 1398 1796 1417 nun-

1004 1436 1087 1463 quam
1106 1431 1224 1465 pulastis
1256 1431 1315 1459 fore
1342 1439 1371 1459 ut
1393 1433 1601 1468 experiremini,
1630 1443 1663 1462 an
1684 1437 1794 1471 aliquod

1006 1477 1125 1504 salutare
1142 1483 1170 1505 ct
1187 1478 1264 1506 vobis
1279 1479 1346 1506 utile
1370 1480 1514 1508 consilium
1531 1483 1671 1517 ceperitis,
1699 1483 1794 1512 dicite.

1003 1524 1097 1552 Satius
1114 1529 1156 1551 est
1169 1525 1254 1558 enim,
1272 1529 1301 1551 ιιι
1318 1525 1412 1553 relicta
1427 1527 1478 1553 hac
1491 1535 1560 1554 vana
1571 1533 1598 1555 et
1613 1537 1682 1556 nova
1701 1531 1794 1565 gloria:

1003 1570 1167 1605 cupiditate,
1189 1576 1217 1598 et
1246 1571 1387 1599 mittentes
1422 1573 1472 1600 soli
1501 1578 1598 1601 Vestrae
1635 1575 1696 1603 vita:
1723 1577 1794 1604 malo

1003 1620 1096 1644 vestro
1122 1624 1286 1651 repugnare.
1317 1617 1390 1652 quod
1417 1625 1512 1646 omnes
1537 1619 1652 1654 faciunt,
1680 1621 1707 1649 id
1743 1630 1793 1650 vos

1001 1669 1111 1696 quoque
1123 1661 1243 1694 faciatis,
1260 1666 1288 1689 et
1301 1663 1464 1690 accedentes
1494 1666 1665 1694 sacriﬁcetis.
1690 1667 1794 1696 Christi

1002 1713 1094 1736 autem
1111 1708 1190 1735 fortis
1204 1709 1343 1736 exercitus
1372 1710 1455 1738 simul
1480 1719 1542 1739 cum
1566 1713 1713 1742 benedicta
1735 1716 1793 1743 Eu-

1001 1755 1111 1789 phemia
1128 1763 1135 1782 :
1157 1754 1318 1790 Quousque,
1336 1756 1465 1784 dixerunt
1481 1777 1489 1790 ,
1507 1765 1523 1784 ο
1549 1757 1646 1792 judex,
1676 1761 1792 1796 teipsunt

1001 1801 1117 1836 decipis,
1136 1808 1181 1828 res
1204 1801 1380 1837 aggrediens,
1412 1810 1473 1837 quae
1492 1811 1548 1831 non
1578 1811 1693 1840 possunt
1709 1807 1793 1835 ﬁeri?

1000 1847 1101 1875 Putare
1113 1847 1186 1874 enim
1202 1856 1284 1882 posse
1302 1853 1327 1875 te
1343 1856 1394 1875 nos
1408 1856 1422 1875 a
1441 1854 1535 1877 nostra
1553 1851 1697 1879 traducere
1726 1861 1792 1881 sen-

1001 1893 1097 1924 tentia,
1113 1893 1226 1928 perinde
1238 1898 1289 1926 est,
1305 1902 1338 1921 ac
1354 1894 1375 1921 si
1400 1900 1481 1929 putes
1500 1904 1580 1931 posse
1611 1902 1636 1925 te
1657 1903 1793 1927 transmo-

1001 1946 1065 1966 vere
1078 1939 1172 1966 stellas
1189 1947 1203 1966 a
1220 1947 1268 1967 sua
1285 1940 1405 1967 statione
1419 1941 1460 1968 vel
1482 1942 1614 1974 motione.
1639 1950 1687 1971 aut
1702 1950 1791 1973 trans-

1000 1983 1072 2011 ferre
1087 1983 1189 2018 aliquid
1205 1984 1282 2011 exiis
1292 1992 1350 2019 qua:
1360 1989 1424 2012 sunt
1437 1986 1597 2014 immobilia.
1607 1988 1791 2020 Quamobrem

1000 2030 1087 2058 satius
1103 2035 1155 2062 est.
1167 2034 1196 2058 ut
1211 2038 1226 2058 a
1247 2034 1295 2058 tuo
1317 2038 1417 2058 errore
1440 2034 1621 2066 convertaris,
1647 2039 1674 2061 et
1696 2043 1790 2063 verum

1001 2076 1086 2103 Deum
1099 2084 1242 2112 agnoscas,
1255 2076 1301 2112 qui
1319 2076 1370 2104 fuit
1387 2081 1439 2105 tua:
1460 2078 1558 2106 salutis
1590 2081 1710 2115 optimus
1733 2082 1791 2109 dis~

1000 2127 1139 2158 pensatur.

1039 2167 1070 2195 V.
1088 2169 1186 2203 Majori
1204 2169 1243 2197 ira
1252 2169 1375 2205 percitus
1390 2170 1509 2204 Priscus,
1525 2171 1603 2205 jubet
1614 2173 1707 2201 crudis
1723 2174 1791 2202 loris

1001 2214 1076 2242 feriri
1100 2216 1193 2242 vultus
1223 2222 1394 2249 sanctorum,
1424 2224 1474 2249 pro
1501 2218 1580 2245 bonis
1602 2219 1692 2246 verbis
1719 2220 1791 2247 mala

158 2253 259 2288 λόγους
285 2253 406 2288 ἀγαθοὺς
435 2256 563 2289 πονηροῖς
595 2255 686 2290 ἔργοις
724 2257 908 2292 ἀμειϐόμενος
933 2259 946 2284 ὁ

1003 2261 1072 2288 facta
1098 2261 1254 2296 rependens
1272 2263 1398 2291 stolidus.
1427 2263 1466 2290 llli
1489 2267 1582 2291 autem
1613 2265 1665 2292 hoc
1681 2274 1789 2300 quoque

156 2301 282 2336 ἀνόητος.
298 2301 329 2326 Οἱ
339 2300 379 2332 δὲ,
393 2301 440 2327 καὶ
448 2301 498 2336 τὴν
513 2302 610 2338 καινὴν
623 2302 727 2338 ταύτην
736 2303 866 2338 ἀνδρειως
880 2304 947 2330 ὐπο-

155 2347 288 2382 αὲροντες
320 2346 456 2381 βάσανον,
489 2347 675 2384 λαμπρότεροι
698 2349 748 2380 τὰς
773 2349 849 2384 δψεις
869 2349 948 2376 ιὲδεί-

155 2401 266 2426 κνυντο,
285 2392 334 2419 τοῦ
351 2393 466 2427 αἳματος
489 2393 539 2428 μὲν
560 2394 611 2428 τῆς
631 2394 733 2428 σαρκὸς
751 2395 946 2430 ἀπορρέοντος,

156 2440 207 2475 τῆς
222 2440 399 2475 Δημιουργοῦ
410 2440 438 2466 δὲ
450 2440 562 2476 χάριτος
576 2440 776 2476 ὲξωραῑξούσης
788 2441 806 2469 ἃ
819 2442 947 2469 διέπλασε

155 2487 305 2521 πρόσωπα.
320 2486 353 2512 υἱ
374 2485 552 2520 μαστίζοντες
567 2485 595 2512 δὲ
610 2486 766 2514 τούναντίον
791 2487 947 2522 ἀπαγορεύ-

156 2540 267 2564 σαντες,
288 2531 439 2566 ἡμιθνῆτες
463 2533 503 2563 εξς
518 2533 567 2567 τὴν
589 2532 642 2567 γῆν
665 2533 843 2560 κατέπιπτον.
866 2534 947 2561 Ἀλλὰ

155 2579 219 2610 τοὺς
236 2580 286 2613 μὲν
295 2578 393 2609 ἄλλους
405 2578 500 2612 ἀγιους
509 2578 634 2605 κελεύσει
653 2579 734 2606 πάλιν
745 2579 793 2606 τοῦ
807 2580 945 2614 δικαστοῦ,

156 2625 369 2662 παραλαμβάνει
386 2625 417 2651 τὺ
435 2625 623 2660 δικαστήριον,
642 2626 694 2658 ἕως
710 2627 810 2658 αὐτοὺς
833 2627 948 2662 Διοκλη-

154 2671 242 2708 τιανῷ
257 2670 455 2706 παραπέμψαι
472 2670 545 2698 οὕτω
560 2671 614 2707 γὰρ
636 2671 814 2704 ’Δπελλιανδς
832 2673 947 2709 εἰσηγή-

156 2729 246 2748 σατο·
270 2720 289 2754 ὴ
315 2719 496 2754 πανεύφημος
523 2719 551 2746 δὲ
576 2719 629 2754 πρὸ
654 2718 702 2746 τοῦ
726 2718 852 2755 βήματος
870 2720 945 2756 αὐτῷ

155 2768 323 2802 παρίσταται
357 2766 427 2802 μόνη
468 2765 547 2802 (ᾤετο
575 2766 630 2801 γὰρ
655 2766 660 2784 '
674 2765 843 2800 μονωθεῖσαν
874 2765 946 2792 οὕτω

154 2814 256 2850 ῥᾳδίως
277 2811 491 2847 ὑπαγαγέσθαι).
514 2811 667 2846 Ἐγγὺτατα
680 2811 726 2839 οὖν
741 2813 843 2846 ταύτην
858 2821 947 2848 παρα-

154 2859 339 2896 στησάμενος,
353 2859 398 2886 ῐνα
407 2860 455 2886 καὶ
466 2859 553 2896 βλέψῃ
567 2861 626 2891 ταῖς
634 2859 799 2892 οίκειώσεσι,
814 2860 946 2896 Πεισθητί

155 2919 212 2945 μοι,
229 2908 319 2942 ἔλεγε,
332 2907 366 2933 τά
382 2907 481 2943 ἀριστά
498 2916 538 2934 σοι
560 2906 783 2943 συμϐουλεύοντι,
801 2907 940 2943 Εὑφημία,

1000 2313 1104 2332 novum
1140 2305 1248 2333 fortiter
1273 2306 1392 2334 ferentes
1427 2312 1604 2341 tormentum,
1644 2315 1790 2337 evaserunt

999 2351 1070 2378 faeie
1087 2351 1283 2385 splendidiore,
1301 2353 1434 2388 sanguine
1459 2353 1570 2387 quidem
1597 2362 1612 2382 e
1633 2363 1717 2382 carne
1742 2356 1790 2384 de-

999 2395 1113 2428 ﬂuente,
1144 2396 1254 2432 Opifieis
1269 2403 1360 2425 autem
1373 2398 1459 2433 gratia
1472 2399 1606 2427 reddente
1620 2401 1749 2436 pulchros
1760 2407 1788 2430 et

998 2443 1137 2478 elegantes
1149 2451 1197 2470 eos
1211 2443 1313 2475 vultus,
1327 2451 1395 2478 quos
1408 2444 1559 2472 ellinxerat.
1569 2445 1670 2474 Contra
1683 2453 1786 2481 autem,

998 2488 1044 2523 qui
1065 2488 1238 2524 ﬂagellabant
1254 2488 1366 2522 defessi,
1387 2490 1548 2518 ceciderunt
1564 2491 1591 2518 in
1622 2497 1721 2521 terram
1742 2502 1787 2522 se-

999 2535 1149 2563 mimortui.
1177 2535 1230 2562 Sed
1254 2535 1298 2563 alii
1322 2537 1433 2571 quidem
1466 2538 1552 2566 sancti
1580 2539 1658 2573 jussu
1687 2541 1787 2575 judicia

999 2588 1094 2608 rursus
1118 2582 1305 2616 conjiciuntur
1323 2583 1350 2609 in
1368 2591 1520 2618 carcerem,
1532 2586 1620 2613 donec
1633 2594 1682 2614 eos
1699 2591 1788 2615 trans-

998 2628 1119 2655 mitteret
1147 2628 1181 2655 ad
1202 2627 1400 2656 Diocletianum
1430 2630 1481 2664 (sic
1505 2631 1577 2658 enim
1604 2633 1787 2661 constituerat

997 2673 1200 2708 Appellianus),
1215 2673 1360 2702 benedicta
1384 2679 1475 2703 autent
1500 2681 1563 2703 ante
1591 2677 1710 2705 tribunal
1726 2679 1786 2713 ejus

997 2721 1088 2748 stabat
1102 2721 1253 2755 Euphemia
1272 2730 1279 2754 ;
1296 2721 1471 2749 existimabat
1489 2723 1563 2750 enim
1580 2723 1647 2756 fore,
1675 2729 1704 2751 ut
1727 2726 1784 2754 sola

997 2766 1038 2794 sic
1054 2766 1133 2794 facile
1150 2766 1338 2795 induceretur.
1363 2766 1431 2794 Cum
1446 2768 1538 2802 itaque
1557 2774 1693 2802 curasset,
1706 2775 1735 2798 ut
1751 2779 1784 2800 ea

996 2813 1121 2848 proxime
1136 2813 1293 2845 sisteretur,
1310 2817 1341 2840 ut
1352 2821 1381 2840 se
1410 2812 1596 2842 familiaritate
1625 2816 1710 2852 magis
1734 2818 1780 2845 in-

997 2860 1120 2887 sinuaret
1134 2868 1140 2886 :
1151 2859 1238 2887 Crede
1249 2859 1325 2891 milii,
1336 2859 1434 2893 aiebat,
1449 2860 1497 2887 tibi
1510 2862 1611 2895 optime
1620 2863 1784 2897 consulenti,

1001 2914 1018 2935 ο
1034 2906 1199 2942 Euphemia,
1217 2911 1244 2934 et
1260 2907 1395 2935 accedens
1415 2915 1513 2944 magno
1531 2909 1580 2937 deo
1596 2908 1673 2939 Marti
1699 2912 1786 2939 sacri-
