2034 3152
249 224 301 256 723

861 227 1004 258 MENSIS
1023 227 1264 261 SERTEMBER.

1821 223 1877 257 ’124

248 284 370 318 gelorutn
397 283 498 319 (neque
524 284 598 313 enim
621 289 750 320 poterant
785 284 837 320 ipsi
854 284 1032 311 mutationem

1092 283 1170 312 αὐτοὶ
1185 281 1237 312 οἷοί
1255 293 1284 312 τε
1307 282 1377 321 ἦσαν
1397 283 1548 320 μεταϐολὴν
1568 281 1697 316 δέξασθαι
1715 282 1782 318 πρὸς
1797 282 1878 309 eoab

247 329 389 364 suscipere
398 330 432 356 ad
452 330 606 366 pietatem),
630 330 758 367 injiciunt
773 331 800 358 in
817 331 966 358 fornacem.
980 329 1035 357 Sed

247 382 297 402 eos
309 375 440 403 continuo
457 376 613 412 arguebant
630 384 676 404 res
687 377 827 407 inanimae,
839 382 866 404 et
880 376 1032 411 punieban-

248 427 293 449 tur
307 421 395 457 impii.
410 422 483 458 ignis
505 423 579 450 enim
596 429 712 459 repente
737 423 934 456 eﬂ‘ervescens,
960 427 988 450 et
1006 422 1034 449 in

247 468 340 496 orbem
353 468 549 500 circumfusus.
558 469 698 504 quomodo
706 470 783 505 prius
794 469 943 505 Babylone,
960 469 1035 496 uitus

248 518 290 541 cst
301 521 361 546 eos,
376 514 423 548 qui
435 514 587 548 injecerant
605 523 612 548 ;
636 514 753 550 gloriosa
765 520 857 542 autem
884 514 960 549 virgo
972 521 1036 549 per-

246 560 311 588 inde
333 568 365 588 ac
379 560 402 588 si
418 568 471 588 non
483 561 516 588 ad
531 561 706 596 supplicium,
722 561 770 588 sed
784 562 817 588 ad
833 561 1034 589 recreationcm

247 606 348 633 tradita
360 610 432 634 esset
446 611 474 634 et
487 607 610 639 delicias,
631 607 733 634 mansit
746 607 856 642 quidem
873 607 1033 642 aliquandiu

247 652 281 679 ab
296 652 358 687 igne
375 652 457 680 illaesa
473 661 481 685 ;
495 653 670 680 sccurissime
689 657 781 680 autem
807 653 935 681 movebat
959 653 1034 680 labra

246 698 280 726 ad
305 698 422 734 hymnos
438 698 558 731 divinos,
591 706 657 726 aura
688 699 763 727 molli
793 703 821 726 et
842 699 948 726 roscida
973 706 1033 727 eam

245 745 439 780 refrigerante.

281 790 327 817 IX.
346 791 494 826 Postquam
507 796 599 819 autem
619 795 647 819 et
663 791 773 819 ﬂamma
796 792 948 824 contabuit.
963 796 992 820 et
1005 792 1033 819 in

244 836 377 864 Cmsarem
390 842 416 864 et
424 837 560 865 Vicarium
570 837 701 866 divinitus
709 838 859 866 immissum
867 839 1032 874 supplicium

245 882 314 910 alios
330 883 472 911 ministros
488 884 583 918 procul
605 884 752 919 dispersit;
769 884 910 920 egreditur
931 889 1034 920 martyr

244 928 314 956 adeo
332 928 437 965 integra
458 930 590 961 etillaesa,
603 935 676 958 utne
688 930 713 958 in
733 931 825 958 tunica
837 931 947 966 quidem
962 932 1032 966 ignis

244 974 329 1001 ullum
342 963 464 1002 servaret
478 976 634 1011 vestigium.
648 975 700 1003 Sed
713 977 798 1011 ipsam
814 963 924 1011 quidem
935 963 1032 1004 rut-sus
1049 963 1068 991 Β

243 1022 363 1050 vinctam
379 1022 489 1049 tenebat
501 1023 637 1050 custodia.
651 1023 699 1050 Die
714 1028 807 1051 autem
823 1024 950 1059 sequenti
966 1024 1031 1052 edu—

243 1067 281 1094 cit
295 1068 442 1102 proconsul
460 1067 597 1095 Victorem
615 1073 643 1096 et
657 1068 834 1101 Sosthonom,
849 1074 877 1097 et
888 1069 971 1105 jussit
983 1077 1031 1097 eos

244 1112 401 1141 sacriﬁcare
417 1114 471 1142 diis
489 1114 556 1142 Suis.
574 1115 614 1142 illi
626 1120 718 1142 autem
738 1124 745 1143 :
775 1115 842 1148 Nos,
871 1116 992 1149 aiebant,
1014 1124 1030 1144 ο

245 1160 405 1192 proconsul,
429 1168 527 1196 magno
541 1161 616 1196 prius
629 1168 723 1189 errore
733 1161 875 1197 implicati,
892 1162 1031 1197 quomodo

245 1209 274 1232 tu
286 1212 396 1240 quoque
417 1205 571 1241 hucusque,
592 1215 667 1234 nunc
689 1207 797 1235 tandem
815 1208 886 1238 bono
905 1208 951 1236 Dei
963 1213 1030 1236 nutu

244 1251 449 1286 resipiscentes,
481 1252 553 1288 digni
576 1253 662 1280 habiti
687 1261 793 1286 sumus,
818 1254 864 1289 qui
888 1254 1030 1282 veritatem

244 1303 458 1331 agnosceremus
472 1305 522 1332 per
544 1298 615 1325 hanc
638 1298 783 1334 virginem.
811 1299 888 1327 Scias
899 1307 963 1335 ergo
981 1308 1031 1328 nos

246 1348 337 1376 neque
350 1341 401 1368 diis
419 1341 551 1370 inanimis
562 1342 767 1371 sacriﬁcaturae
789 1344 871 1379 (absit
893 1349 923 1372 ut
945 1345 1032 1373 simus

244 1387 314 1414 adeo
325 1393 421 1415 emotae
432 1388 555 1423 mentis),
573 1397 662 1424 neque
685 1389 740 1418 tuis
754 1397 817 1418 esse
834 1398 961 1419 cessuros
973 1391 1032 1419 edi-

245 1432 308 1459 clis.
325 1433 473 1468 Postquam
490 1433 548 1462 haec
558 1434 701 1466 dixissent,
718 1435 828 1464 abducti
849 1441 914 1464 sunt
933 1436 960 1464 in
975 1441 1031 1465 sta-

245 1478 333 1510 dium,
351 1483 379 1506 et
389 1479 459 1513 jussi
474 1484 539 1522 sunt
553 1487 674 1516 pugnare
689 1488 751 1508 cum
764 1481 870 1509 bestiis.
889 1482 929 1509 illi
939 1486 1031 1510 autem

245 1526 410 1561 imperatum
437 1527 556 1554 libenter
577 1528 760 1563 accipiebant:
788 1534 816 1557 et
846 1530 1031 1563 exsultabant,

245 1579 301 1599 non
326 1572 414 1599 solum
429 1572 501 1607 quod
518 1573 707 1601 existimarent
719 1582 779 1602 esse
793 1575 878 1603 satius
891 1575 1032 1604 decertare

1087 331 1178 363 δειαν,
1202 331 1386 367 ἐμϐάλλουσιν
1407 331 1448 361 είς
1470 329 1520 366 τὴν
1545 329 1674 364 κάμινον.
1702 328 1772 355 Ἀλλ’
1793 328 1877 361 εὐθὺς

1086 377 1235 413 ἠλέγχοντο
1251 379 1327 413 παρὰ
1339 376 1393 403 τῶν
1413 376 1538 412 ἀψύχων,
1553 375 1600 403 καὶ
1615 376 1640 402 oi
1656 374 1768 406 ἀσεϐεῖς
1779 374 1880 401 ἐκολά-

1087 424 1176 457 ζοντο.
1193 424 1231 451 To
1245 425 1299 460 γὰρ
1317 423 1373 458 πῦρ
1390 422 1490 458 ἀθρόον
1503 422 1705 456 ἀναπαφλάσαν
1722 421 1769 448 καὶ
1782 421 1878 456 κύκλῳ

1085 469 1244 504 περιχυθὲν,
1261 469 1356 504 ὥσπερ
1371 471 1400 496 ἐν
1417 467 1576 501 Βαϐυλῶνι,
1594 467 1625 494 τὸ
1649 468 1786 504 πρότερον
1811 467 1878 499 τοὺς
1898 487 1915 495 ,.

1086 516 1258 551 ἐμὸαλόντας
1272 516 1398 551 ἠμύνατο
1408 524 1415 532 ·
1433 516 1450 550 ἡ
1461 514 1491 542 δέ
1507 523 1539 549 γε
1553 513 1709 546 καλλίνικος
1722 514 1876 549 ἀθλοφόρος
1891 510 1894 513 ’

1086 562 1182 597 ὥσπερ
1208 561 1258 588 οὐκ
1284 563 1324 593 εἰς
1351 561 1501 597 τιμωρίαν,
1524 560 1584 587 ἀλλ’
1605 561 1646 591 είς
1667 559 1763 587 ἄνεσίν
1778 567 1808 585 τε
1829 559 1878 586 καὶ

1085 607 1192 643 τρυφὴν
1201 608 1354 640 ἐκδοθεῖσα,
1367 607 1411 641 ἐφ’
1422 607 1515 634 ἱκανὸν
1528 606 1578 640 μὲν
1589 605 1629 640 τῷ
1641 606 1708 641 πυρὶ
1719 605 1878 640 παρέμενεν

1085 654 1234 690 ἄψαυστος.
1257 653 1337 681 Κατὰ
1351 653 1452 689 πολλὴν
1471 653 1565 688 δὲτὴν
1581 652 1676 680 ἄδειαν
1697 651 1766 687 πρὸς
1785 650 1878 682 θείους

1086 700 1190 735 ὕμνους
1208 700 1294 727 ἐκίνει
1309 699 1343 726 τὰ
1358 700 1446 735 χείλη,
1462 699 1550 735 αὖρας
1563 699 1650 735 αὐτὴν
1680 697 1877 733 ἀναψυχούσης

1087 746 1214 782 μαλακῆς
1227 755 1256 773 τε
1273 746 1321 773 καὶ
1338 746 1484 781 δροσερᾶς.

1120 792 1158 820 Θ¹.
1179 791 1300 818 Ἐπεὶδέ
1323 791 1370 818 καὶ
1394 791 1410 825 ἠ
1436 790 1501 825 φλὸξ
1519 789 1685 826 ἐμαραίνετο
1701 789 1747 817 καὶ
1769 790 1786 825 ὴ
1809 789 1877 825 περὶ

1084 841 1130 865 τὴν
1148 838 1276 875 Καίσαρά.
1292 846 1322 865 τε
1340 838 1388 864 καὶ
1404 837 1534 873 Βικάριον
1557 836 1732 872 θεόπεμπτος
1753 836 1878 871 τιμωρία

1084 887 1138 913 τῶν
1154 885 1300 921 ὑπηρετῶν
1316 885 1380 922 τοὺς
1397 884 1496 916 ἄλλους
1512 883 1608 920 πόρρω
1620 892 1672 910 που
1688 883 1875 916 διεσκέδασεν,

1085 932 1186 965 ἔξεισιν
1205 932 1222 967 ἡ
1241 931 1358 967 μάρτυς,
1379 930 1468 962 οὔτως
1494 929 1628 965 ἁὸλαόὴς,
1650 929 1688 960 ὡς
1709 929 1772 964 μηδ’
1788 929 1818 955 ἐν
1834 928 1877 963 τῷ

1083 978 1180 1014 χιτῶνι
1210 978 1294 1013 μηδὲν
1315 978 1389 1013 ίχνος
1417 976 1464 1004 τοῦ
1484 975 1572 1011 πυρδς
1592 974 1787 1007 διασώζεσθαι,
1814 973 1876 1001 ἀλλ’

1083 1024 1169 1058 αὐτὴν
1191 1023 1243 1059 μὲν
1269 1023 1315 1049 καὶ
1332 1020 1445 1058 αὖθιςή
1469 1022 1580 1056 φυλακὴ
1607 1020 1743 1056 δεσμῶτιν
1766 1021 1874 1056 ἐτήρει.

1085 1072 1165 1105 Ἅγει
1188 1070 1216 1097 δέ
1239 1071 1271 1106 τῇ
1289 1069 1353 1102 ἐξῆς
1374 1070 1388 1096 ό
1401 1068 1558 1100 ἀνθύπατος
1575 1067 1620 1094 τὸν
1635 1067 1764 1102 Βίκτωρά
1778 1075 1809 1093 τε
1825 1067 1877 1093 καὶ

1082 1118 1129 1145 τὸν
1145 1116 1301 1151 Σωσθένην,
1318 1116 1366 1142 καὶ
1382 1114 1458 1142 θύειν
1474 1114 1584 1141 ἐκέλευε
1606 1115 1663 1144 τοῖς
1684 1112 1768 1140 αὐτοῦ
1789 1112 1874 1146 θεοῖς,

1082 1165 1106 1190 ot
1120 1164 1160 1197 δέ,
1185 1163 1292 1198 Ἡμεῖς,
1312 1162 1430 1196 ἔφησαν,
1448 1157 1471 1188 ὦ
1492 1160 1646 1193 ἀνθύπατε,
1673 1159 1767 1194 μακρᾷ
1784 1158 1875 1194 πλάνῃ

1082 1210 1112 1237 τὸ
1127 1210 1261 1245 πρότερον
1274 1207 1465 1244 χειρωθέντες,
1479 1207 1606 1242 καθάπερ
1621 1205 1653 1241 δὴ
1668 1205 1716 1232 καὶ
1728 1204 1820 1237 αὐτὸς,
1832 1203 1876 1235 εἰς

1082 1256 1123 1283 ἐτι
1139 1255 1198 1289 νῦν,
1216 1255 1293 1290 μόλις
1304 1253 1372 1281 Θεοῦ
1388 1253 1522 1288 νεύμασιν
1538 1253 1737 1288 ἀνανήψαντες,
1751 1249 1876 1284 ἐπιγνῶ-

1082 1312 1127 1329 ναι
1144 1302 1194 1337 τὴν
1210 1300 1342 1337 ἀλήθειαν
1359 1300 1401 1326 διὰ
1426 1300 1476 1334 τῆς
1499 1298 1635 1334 παρθένου
1655 1297 1771 1332 ταύτης,
1790 1295 1875 1331 ἠξιώ-

1084 1349 1165 1384 μεθα.
1190 1347 1260 1375 Ἴσθι
1285 1344 1332 1373 οὖν
1359 1345 1398 1377 ὼς
1425 1345 1489 1373 οὒτε
1528 1344 1628 1379 θύομεν
1657 1344 1772 1378 ἀψύχοις
1801 1341 1874 1372 θεοῖς

1084 1396 1134 1430 (μὴ
1148 1394 1220 1421 οὕτω
1245 1393 1291 1420 νοῦ
1317 1403 1346 1420 τε
1369 1394 1415 1420 καὶ
1442 1391 1550 1427 φρενῶν
1567 1390 1787 1426 διαμάρτωμεν),
1809 1388 1875 1415 οὔτε

1083 1443 1140 1473 τοῖς
1178 1442 1236 1472 σοῖς
1268 1439 1422 1475 ὑπεέκομεν
1464 1439 1662 1474 διατάγμασιν.
1708 1437 1787 1463 Ἐπεὶ
1808 1434 1875 1462 ταῦ-

1083 1495 1117 1514 τα
1141 1484 1231 1518 εἷπον,
1259 1486 1299 1518 εἰς
1337 1486 1368 1512 τὸ
1401 1485 1510 1513 στάδιον
1535 1485 1616 1516 εὐθὺς
1655 1483 1795 1519 ἀπήγοντο
1823 1481 1876 1508 καὶ

1084 1533 1263 1568 θηριομαχεῖν
1291 1531 1460 1560 ἐκελεύοντο.
1494 1532 1525 1557 Οἱ
1546 1530 1575 1557 δέ
1604 1529 1730 1564 ἀσμένως
1758 1528 1789 1554 τὸ
1824 1535 1875 1554 κε-

1083 1576 1196 1603 λευσθὲν
1236 1575 1359 1610 ἐδέχοντο
1393 1576 1440 1602 καὶ
1483 1574 1632 1609 ὴγὰλλοντο
1656 1573 1687 1599 οὐ
1719 1572 1800 1606 μόνον
1831 1571 1874 1598 ὅτι

245 1625 308 1645 eum
333 1617 411 1650 feris,
429 1626 511 1652 quam
531 1626 592 1646 cum
623 1624 677 1647 tam
698 1621 776 1648 malis
792 1621 959 1654 hominibus,
984 1622 1031 1650 sed

1086 1621 1192 1657 βέλτιον
1211 1620 1329 1655 ἡγοῦντο
1346 1621 1377 1648 τὸ
1392 1620 1461 1656 πρὸς
1478 1620 1565 1656 θῆρας
1581 1618 1683 1655 μᾶλλον
1702 1618 1718 1653 ἢ
1732 1617 1804 1644 οὕτω
1819 1625 1872 1662 «of

245 1663 328 1691 etiam
356 1664 430 1699 quod
462 1671 512 1699 per
542 1665 638 1693 dentes
664 1665 784 1694 ferarum
808 1671 887 1694 erant
904 1667 942 1694 illi
964 1675 1032 1695 con-

244 1710 359 1737 fracturi
375 1711 497 1738 maxillas
523 1711 629 1743 bestiae,
651 1719 711 1746 quae
725 1717 799 1740 caret
826 1720 919 1741 carne.
953 1713 1032 1746 Quod

245 1755 358 1790 quidem
383 1763 446 1784 cum
475 1757 578 1792 precati
607 1763 711 1790 essent.
737 1758 882 1786 audierunt
907 1759 941 1786 dc
963 1759 1033 1787 coelo

245 1808 356 1834 vocem,
380 1810 442 1838 qum
470 1803 641 1839 signiﬁcabat
675 1803 760 1832 fuisse
787 1804 908 1832 auditam
935 1813 1031 1833 eorum

243 1847 490 1875 orationem.Cum
515 1855 581 1882 ergo
600 1847 731 1877 immissae
754 1849 873 1876 fuissent
895 1849 988 1877 bestiae
1004 1851 1030 1878 in

246 1893 470 1928 martyres.etiu
493 1901 542 1922 eos
566 1893 941 1930 insiliissrnt,graviﬂagello
965 1896 1033 1924 inci-

244 1943 321 1971 tatae,
342 1946 442 1974 nempe
463 1939 545 1971 fame,
578 1944 605 1967 et
626 1947 676 1968 eos
695 1941 782 1968 solum
809 1942 1030 1975 mutnordissent,

243 1990 272 2013 et
288 1984 422 2013 bibissent
438 1985 599 2021 sanguinem
629 1986 784 2021 (oportebat
809 1987 882 2014 enim
900 1987 934 2014 ad
963 1987 1032 2015 clie-

241 2036 316 2059 ctum
332 2031 431 2060 deduci
456 2032 565 2060 illorum
589 2035 708 2067 preces),
727 2033 923 2061 abstinuerunt
939 2042 953 2061 a
973 2042 1032 2061 cor-

242 2078 366 2113 poribus,
383 2082 410 2106 et
431 2086 462 2105 ea
476 2079 551 2107 nullo
565 2079 646 2106 modo
657 2079 834 2106 devorarunt.
852 2078 919 2106 Nam
942 2087 1032 2114 neque

244 2131 311 2152 tunc
320 2126 464 2160 negligens
479 2129 539 2152 erat
561 2125 661 2159 gratia.
677 2132 737 2160 qua:
758 2125 835 2159 prius
853 2125 959 2152 Danicli
976 2125 1031 2152 fre-

242 2168 320 2197 navit
335 2176 382 2196 ora
399 2169 520 2201 leonum,
539 2174 568 2196 et
584 2169 634 2196 sic,
648 2168 731 2196 breve
743 2177 793 2204 pro
814 2169 926 2197 Christo
956 2178 1030 2197 mar-

243 2214 343 2251 tyrium
361 2214 534 2249 pertulerunt
550 2213 671 2242 athletae.
692 2213 730 2241 De
743 2214 812 2250 ipsis
836 2219 928 2242 autem
943 2217 1030 2244 sacris

241 2262 406 2297 corporibus
419 2269 492 2290 curae
505 2261 557 2288 fuit
579 2260 613 2288 iis
636 2260 683 2296 qui
709 2267 741 2288 ex
768 2261 820 2296 piis
842 2266 920 2289 erant
947 2262 1029 2297 paulo

241 2308 432 2340 studiosiores,
445 2313 476 2335 ut
487 2315 518 2334 ea
531 2307 672 2340 tollerent,
688 2307 856 2343 psalmisque
878 2313 906 2336 et
921 2310 1029 2345 hymnis
1046 2301 1067 2329 Ι)

240 2356 403 2383 mandarent
415 2355 573 2390 sepultum.

277 2401 312 2428 X.
330 2401 378 2429 Die
408 2406 499 2428 autem
517 2400 647 2435 sequenti
666 2409 716 2436 pro
733 2400 879 2435 judiciario
901 2401 1031 2429 tribunali

241 2447 394 2482 praesidens
414 2452 556 2482 tyrannus,
574 2447 721 2483 gloriosam
738 2447 919 2485 Euphemiam
937 2449 1032 2476 educit

241 2501 256 2520 e
275 2499 397 2520 carcere.
412 2493 446 2519 Et
458 2497 516 2520 erat
529 2493 639 2527 quidem
655 2492 715 2520 lata
726 2493 814 2526 vultu,
829 2486 922 2520 animo
938 2500 1031 2522 autem

242 2539 338 2566 laetior.
355 2538 496 2566 Submisse
507 2546 571 2566 vero
585 2539 700 2567 canebat
714 2539 849 2567 accedens
864 2540 896 2567 ad
911 2540 1030 2575 judicent

242 2587 302 2614 hmo
324 2585 431 2613 cantica
466 2585 620 2613 Davidica:
647 2595 655 2611 ι
677 2585 707 2612 in
739 2586 783 2614 via
812 2587 1031 2614 testimoniorum

242 2636 353 2658 tuorum
369 2630 502 2657 delectata
516 2638 587 2664 sutn,
598 2635 726 2665 tanquam
740 2631 766 2658 in
776 2632 904 2659 omnibus
918 2632 1031 2659 divitiis.

241 2676 270 2702 in
284 2675 524 2711 justiﬁeationibus
540 2677 594 2704 tuis
608 2676 770 2709 meditabor,
800 2684 854 2704 non
884 2677 1030 2704 obliviscar

241 2722 308 2758 legis
326 2727 379 2749 tua:
397 2722 419 2753 ¹,
440 2730 450 2748 r
466 2725 495 2749 et
511 2730 572 2756 quae
585 2722 714 2757 deinceps
726 2725 942 2757 consequuntur.
961 2722 1030 2750 Dicit

240 2775 304 2803 ergo
322 2768 347 2796 ei
363 2773 495 2804 tyrannus
512 2777 519 2795 :
535 2769 683 2804 Quousque
699 2773 724 2796 te
749 2769 818 2796 adeo
839 2768 966 2796 amictum
982 2768 1029 2796 do-

240 2814 336 2848 spicis,
365 2819 393 2842 et
408 2814 473 2842 deos
488 2815 598 2850 quidem
620 2813 742 2842 molestia
769 2813 862 2848 amcis,
893 2818 921 2841 et
938 2813 1026 2849 ipsum

240 2860 274 2888 ad
303 2860 371 2888 iram
399 2867 531 2894 provocas
559 2859 843 2896 itnpcratorem‘iFac
869 2859 970 2896 aliquid
985 2868 1027 2890 sa-

294 2955 303 2968 '
317 2951 388 2980 Psal.
406 2961 498 2988 cxvnt,
513 2953 552 2987 15,
576 2953 617 2981 16.

1084 1667 1185 1702 νηρούς
1208 1666 1371 1698 ἀνθρώπους
1397 1665 1581 1697 διαπαλαίειν,
1607 1664 1665 1691 ἀλλ’
1693 1664 1736 1690 ὃτι
1764 1663 1812 1689 καὶ
1837 1660 1874 1687 δι’

1083 1713 1196 1740 ὀδόντων
1212 1711 1316 1747 θηρίων
1345 1711 1458 1746 ἔμελλον
1475 1711 1523 1743 τὰς
1536 1711 1622 1746 μύλας
1639 1708 1754 1745 autem
1764 1707 1872 1735 ἐκείνου

1081 1758 1130 1786 τοῦ
1148 1758 1268 1793 ἀσάρκου
1285 1757 1378 1792 θηρός.
1398 1758 1431 1784 '0
1446 1757 1493 1784 καὶ
1508 1756 1541 1783 δι’
1557 1756 1639 1791 εὐχῆς
1655 1755 1765 1790 θέμενοι
1778 1752 1874 1788 φωνῆς

1082 1806 1182 1842 ἤκουον
1195 1804 1343 1840 οὐρανόθεν
1359 1803 1521 1838 δισσαφοῦς,
1538 1802 1676 1836 ἀκουστὴν
1689 1801 1778 1827 αὐτῶν
1795 1799 1875 1833 γενέ-

1083 1852 1145 1878 σθαι
1163 1850 1212 1886 τὴν
1228 1850 1347 1885 αἴτησιν.
1374 1850 1418 1881 Ὠς
1436 1849 1482 1876 οὖν
1498 1849 1534 1875 τὰ
1552 1848 1634 1884 θηρία
1657 1848 1714 1879 τοῖς
1736 1846 1875 1881 μάρτυσιν

1084 1899 1242 1934 ἐπαφείθη,
1269 1897 1410 1934 ἐφήλλατὸ
1433 1905 1463 1923 τε
1486 1896 1590 1927 αὐτοῖς,
1622 1895 1728 1930 χαλεπῇ
1757 1893 1874 1928 μάστιγι

1083 1945 1294 1981 παρορμὼμενα
1323 1943 1362 1979 τῷ
1390 1942 1475 1978 λιμῷ,
1507 1942 1554 1969 καὶ
1571 1941 1718 1968 ἐνδακόντα
1745 1940 1793 1966 καὶ
1820 1940 1874 1973 ἐμ.

1081 1992 1179 2018 πιόντα
1194 1990 1241 2018 τοῦ
1254 1990 1371 2026 αἵματος
1389 1989 1469 2025 μόνον
1486 1989 1550 2024 (ἔδει
1565 1988 1619 2023 γὰρ
1632 1987 1682 2022 τὴν
1697 1985 1810 2013 ἐκείνων
1827 1984 1874 2011 εὐ-

1082 2035 1134 2071 χὴν
1158 2036 1198 2067 είς
1223 2035 1312 2070 πέρας
1338 2033 1439 2068 ἐλθεῖν)
1453 2041 1460 2048 ·
1476 2033 1629 2067 ἀπέσχοντο
1643 2031 1698 2058 τῶν
1722 2031 1872 2065 σωμὰτων,

1080 2082 1130 2110 καὶ
1152 2081 1281 2116 οὐδαμῶς
1303 2080 1374 2107 αὐτὰ
1396 2079 1481 2115 βορὰν
1501 2079 1605 2111 ἔθεντο,
1627 2077 1726 2113 ἠμέλει
1739 2076 1795 2112 γὰρ
1809 2075 1873 2102 οὐδέ

1082 2128 1130 2155 νῦν
1145 2129 1161 2163 ἡ
1183 2127 1263 2163 χάρις
1277 2127 1294 2162 ἢ
1314 2126 1354 2162 τῷ
1368 2125 1469 2161 Δανιὴλ
1490 2126 1624 2161 πρότερον
1639 2123 1735 2150 δεινῶν
1755 2123 1873 2149 λεόντων

1082 2173 1207 2209 στόματα
1230 2173 1367 2208 ἐχαλίνου,
1395 2172 1443 2200 καὶ
1469 2171 1542 2198 οὕτω
1575 2171 1708 2206 σύντομον
1738 2169 1768 2195 τὺ
1799 2169 1873 2204 ὑπὲρ

1082 2220 1205 2255 Χριστοῦ
1225 2219 1378 2256 μαρτύριον
1401 2220 1425 2246 oi
1449 2219 1596 2254 ἀθλοφόροι
1615 2217 1772 2252 διήνεγκαν.
1802 2216 1874 2250 Περὶ

1084 2267 1176 2302 μέντοι
1203 2265 1260 2292 τῶν
1292 2266 1373 2301 ιερῶν
1402 2266 1537 2300 σωμάτων
1560 2264 1650 2291 αὐτῶν
1676 2263 1794 2298 ἐμέλησε
1816 2262 1875 2288 τῶν

1081 2311 1204 2339 εὐσεϐῶν
1219 2311 1276 2343 τοῖς
1292 2311 1524 2348 σπουδαιοτέροις,
1538 2307 1683 2335 ἀνελέσθαι
1697 2315 1727 2333 τε
1740 2305 1810 2332 αὐτὰ
1826 2305 1875 2331 καὶ

1080 2358 1201 2394 ψαλμοῖς
1215 2357 1263 2385 καὶ
1278 2357 1374 2392 ὕμνοις
1389 2357 1463 2391 ταφῇ
1479 2354 1663 2390 παραδοῦναι.

1117 2405 1145 2430 l'.
1164 2404 1211 2435 Εἰς
1226 2403 1277 2438 τὴν
1288 2402 1419 2429 ἐπιοῦσαν
1435 2402 1464 2428 δέ
1484 2401 1530 2428 τοῦ
1547 2399 1706 2428 δικαστικοῖς
1721 2398 1846 2434 βήματος
1859 2398 1874 2424 ό

1082 2451 1215 2484 τύραννος
1234 2447 1414 2484 προκαθίσας,
1440 2447 1502 2481 ἄγει
1528 2446 1578 2482 τὴν
1606 2444 1761 2472 καλλίνικον
1779 2443 1874 2478 Εὐφη-

1084 2495 1148 2530 μίαν
1162 2496 1195 2522 ἐκ
1212 2496 1261 2530 τῆς
1277 2493 1402 2528 εἱρκτῆς,
1416 2493 1463 2520 καὶ
1489 2491 1522 2528 ἦν
1545 2491 1649 2526 φαιδρὰ
1666 2490 1716 2525 μὲν
1731 2490 1781 2525 τὴν
1797 2489 1873 2524 eam,

1082 2541 1249 2576 φαιδροτὲρα
1272 2540 1301 2567 δὲ
1319 2540 1368 2575 τὴν
1386 2539 1486 2575 ψυχὴν,
1512 2538 1649 2573 ύπέψαλλε
1673 2537 1702 2564 δὲ
1722 2536 1770 2563 καὶ
1786 2545 1874 2572 προσ-

1083 2586 1160 2613 ιοῦσα
1184 2586 1223 2621 τῷ
1244 2587 1358 2622 δικαστῇ
1381 2587 1415 2614 τὰ
1431 2586 1565 2612 Δαυιτικὰ
1577 2584 1657 2612 ταυτὶ
1674 2583 1800 2620 ᾄσματα·
1827 2583 1875 2610 Ἐν

1082 2634 1115 2668 τῇ
1132 2632 1184 2667 όδῷ
1200 2632 1254 2658 τῶν
1270 2631 1430 2668 μαρτυρίων
1445 2640 1492 2658 σου
1510 2631 1648 2666 ἐτέρφθην
1667 2630 1703 2662 ὡς
1725 2630 1773 2656 ἐπὶ
1787 2629 1876 2656 παντὶ

1083 2678 1201 2714 πλούτῳ.
1226 2677 1270 2705 Ἐν
1296 2679 1353 2710 τοῖς
1376 2677 1543 2714 δικαιώμασί
1571 2686 1618 2704 σου
1645 2677 1797 2713 μελετήσω,
1822 2675 1876 2702 οὐκ

1085 2724 1250 2759 ἐπιλήσομαι
1268 2724 1315 2750 τοῦ
1335 2724 1417 2759 μόνου
1444 2733 1503 2755 σου,
1525 2725 1572 2750 καὶ
1596 2723 1646 2749 ὅσα
1667 2723 1771 2754 τούτοις
1795 2722 1874 2756 ἑξῆς.

1086 2770 1159 2805 Ἔφη
1177 2769 1223 2796 οὖν
1236 2769 1306 2804 πρὸς
1321 2769 1406 2806 αὐτὴν
1430 2771 1444 2796 ο
1461 2769 1605 2804 τύραννος·
1624 2769 1714 2804 Μέχρι
1735 2767 1809 2799 τινος
1825 2768 1876 2794 καὶ

1083 2815 1200 2851 σεαυτὴν
1227 2815 1298 2843 οὕτω
1324 2815 1553 2851 ταλαιπωροῦσαν
1570 2815 1719 2850 ὑπερορᾷς,
1745 2814 1792 2840 καὶ
1808 2813 1875 2845 τοὺς

1082 2862 1160 2895 θεοὺς
1178 2871 1226 2899 μεν
1242 2863 1347 2895 λυπεῖς,
1368 2861 1549 2899 παροργίζεις
1563 2862 1590 2888 ὁὶ
1608 2861 1653 2888 καὶ
1672 2860 1716 2887 τὶν
1734 2859 1876 2893 αὐτοκρά-
