2034 3152
233 164 285 198 7i?

848 175 991 207 MENSIS
1012 177 1249 212 SEPTEMBER.

1809 187 1866 219 728

231 222 328 254 virtus.
346 230 400 251 non
428 227 533 259 posset,
563 226 699 257 undenam
721 229 774 258 hoc
791 236 876 264 esset,
909 233 1022 269 rogabat

1075 235 1124 269 ὢν,
1133 236 1216 264 πόθεν
1232 237 1265 264 ἂν
1276 237 1318 273 εἴη
1336 237 1415 265 τοῦτο
1432 239 1500 274 πρὸς
1525 240 1571 267 τὸν
1589 241 1764 269 Ἀπελλιανδν
1781 243 1866 271 ἑτι-ιον⁴

231 267 416 302 Apellianum.
439 269 509 298 Ecce
537 272 622 307 enim,
647 279 677 302 ut
702 275 788 309 vides,
823 282 852 306 et
876 267 959 314 ignis,
994 282 1022 307 et

231 312 326 349 plagae.
339 319 367 341 et
381 320 458 348 rotae,
474 321 502 344 et
517 317 621 352 bestiae,
632 319 666 347 ab
682 329 736 350 una
752 321 854 351 femina
868 312 940 352 victa
957 328 1021 353 sunt

231 359 334 386 omnia.
355 359 402 388 llle
420 367 511 390 autem
527 363 602 399 (quid
629 366 704 393 enim
736 367 809 396 aliud
837 370 1022 399 existimasset

232 405 349 433 scelesta
372 407 475 440 anima,
496 412 524 436 et
539 410 572 438 ad
589 410 709 439 divinam
725 414 815 441 lucem
831 415 911 450 plane
935 424 1022 444 caecu-

231 450 330 487 tiens?)
346 453 489 489 praestigiis
503 460 530 482 et.
549 457 655 486 artibus
669 459 780 493 magicis
790 461 946 489 ascribebat
960 463 1022 490 uni-

232 503 354 530 versum,
378 503 406 526 et
420 506 480 526 eam
498 501 539 528 sic
555 501 663 530 dicebat
688 503 806 538 edicere,
821 511 852 533 ut
880 512 953 534 esset
974 515 1021 535 su-

232 544 336 578 perior.
351 545 400 572 Cui
416 546 578 581 proconsul,
593 549 708 583 perinde
722 557 754 577 ac
768 551 869 579 mentis
885 552 1022 587 profunda

232 595 394 624 penetrans,
413 598 440 620 et
456 593 581 621 altiorem
597 595 730 624 inducens
747 597 990 634 interrogationem
1014 609 1020 628 :

233 635 289 662 Cur
308 641 413 669 autem,
445 638 543 673 inquit,
568 647 623 667 non
649 641 698 669 ulti
724 647 788 669 sunt
811 650 870 671 eam
889 644 939 676 dii,
960 652 1023 672 cum

234 682 321 710 malos
341 683 405 711 odio
431 683 570 713 habeant?
598 686 644 714 Ille
663 695 729 715 vero
755 696 817 716 cum
846 698 901 717 non
929 697 1024 725 posset

232 737 325 757 veram
345 730 458 759 reddere
476 732 623 766 rationem,
636 733 850 764 imbecillitatem
864 737 1024 766 nominabat

231 775 427 811 benignitatem
450 785 457 805 :
487 778 555 805 Cum
580 779 645 811 sint,
683 780 780 815 inquit,
803 782 965 815 clementes.
999 784 1023 811 ei

231 826 428 856 pepercerunt.
441 821 553 851 Interim
567 830 679 861 martyr,
696 833 759 853 cum
775 827 882 863 integra
891 833 918 856 et
941 829 1024 857 illaesa

230 868 389 896 emersisset
417 877 450 896 ex
478 877 558 905 aqua,
584 871 741 900 videntibus
782 874 921 908 omnibus,
936 876 1024 904 astitit

231 921 325 941 coram
341 915 517 950 proconsule.
536 916 657 953 Tyranni
688 923 779 946 autem
799 920 882 948 simul
907 921 979 948 inter
994 930 1024 950 se

232 959 418 988 disserebant.
432 969 486 988 non
500 961 526 988 in
549 963 668 997 occulto,
683 964 730 992 sed
751 965 840 1000 palam
855 974 861 991 :
879 966 915 994 ita
932 971 961 994 ut
976 967 1022 1002 qui

232 1006 359 1040 aderant,
379 1007 517 1042 audirent,
536 1013 564 1036 et
580 1009 684 1045 aliquid
708 1012 902 1040 lucrifacerent
929 1022 962 1042 ex
990 1015 1023 1044 iis

231 1060 292 1087 quae
308 1052 483 1086 dicebantur,
500 1062 566 1082 suos
576 1055 643 1084 deos
656 1061 704 1084 aut
720 1058 859 1086 daemones
870 1059 1022 1087 defenden-

232 1102 285 1132 tes,
303 1105 331 1127 et
342 1101 493 1137 praestigias
509 1105 538 1128 et
564 1108 651 1130 artem
670 1105 804 1139 magicam
835 1106 1024 1135 attribuebant

212 1146 356 1181 -martyri,
374 1151 402 1173 et
425 1154 456 1174 ea
480 1146 610 1175 dicebant
641 1148 727 1183 ipsam
760 1157 845 1185 aquas
867 1159 1021 1187 superasse.

230 1189 347 1228 Propter
379 1193 438 1220 haec
456 1200 518 1221 cum
543 1192 654 1222 Priscus
684 1195 767 1223 simul
795 1203 857 1224 cum
885 1205 1024 1226 assessore

231 1239 363 1274 perplexo
379 1244 472 1268 essent
487 1241 590 1274 animo,
606 1246 634 1269 et
648 1242 788 1270 nescirent
802 1243 932 1279 quidnam
953 1244 1025 1273 face-

233 1289 295 1312 rent
310 1285 439 1320 amplius,
463 1291 592 1322 tanquam
609 1288 636 1314 in
665 1287 810 1316 consilium
837 1297 914 1317 suam
945 1291 1025 1319 adhi-

232 1330 330 1358 bentes
347 1332 492 1364 saevitiam,
514 1333 547 1360 ad
573 1334 742 1368 puniendum
760 1343 857 1363 rursus
875 1345 904 1364 se
925 1343 1023 1365 contu-

231 1376 334 1405 lerunt.
353 1378 423 1411 Quid
440 1379 512 1407 enim
523 1386 636 1416 possent
656 1382 728 1409 aliud
743 1382 843 1415 facere,
857 1391 919 1411 cum
930 1389 1025 1412 essent

231 1423 359 1459 discipuli
376 1424 446 1460 ejus,
469 1425 514 1460 qui
543 1425 594 1454 fuit
609 1427 744 1455 homicida
771 1427 805 1455 ab
834 1428 914 1456 initio
930 1428 960 1456 ³7
983 1429 1024 1457 Illi

231 1477 298 1505 ergo
315 1478 412 1499 rursus
439 1472 650 1506 exsculpserunt
677 1473 792 1509 lapides,
814 1479 842 1502 et
873 1474 1025 1503 ellecerunt

230 1522 328 1545 acutos
341 1517 502 1553 ferreosque
517 1519 665 1554 obeliscos,
688 1524 716 1548 et
731 1528 822 1549 serras
846 1526 913 1548 sunt
940 1521 1024 1550 fabri-

1074 281 1178 310 θάνετο.
1187 283 1252 310 Ἰδοὺ
1271 283 1336 319 γὰρ,
1351 284 1389 315 ὡς
1404 285 1481 320 ὁρᾷς,
1493 285 1541 312 καὶ
1555 285 1620 321 πῦρ,
1632 287 1679 313 καὶ
1694 287 1808 323 πληγαὶ.
1820 289 1868 316 καὶ

1071 329 1175 364 τροχοὶ,
1192 329 1240 355 καὶ
1257 329 1350 364 θηρία,
1363 331 1428 364 μιᾶς
1453 333 1584 365 γυναικὸς
1602 333 1734 368 ἥττηνται
1765 335 1866 363 πάντα.

1079 375 1108 401 ’0
1121 375 1151 402 δὲ
1176 375 1233 410 (καὶ
1266 376 1294 403 τί
1315 377 1370 412 γὰρ
1385 377 1460 409 ἄλλο,
1483 378 1555 414 ψυχὴ
1573 379 1659 415 μιαρὰ
1673 381 1722 407 καὶ
1748 382 1819 416 πρὸς
1835 382 1867 409 τὸ

1073 422 1144 448 θεῖον
1169 422 1362 456 τυφλώττουσα
1397 424 1454 458 φῶς
1481 425 1615 451 ὑπέλαϐεν
1633 425 1701 460 an)
1726 427 1868 462 γοητείαις

1073 469 1158 496 ιδίδου
1175 469 1205 496 τὸ
1226 470 1292 502 πᾶν,
1306 471 1354 498 καὶ
1365 469 1452 502 οὕτως
1477 471 1572 504 ἔλεγεν
1586 472 1654 507 αὐτῇ
1672 473 1864 506 περιγίνεσθαι

1073 516 1107 544 τὰ
1136 516 1207 544 κατὰ
1228 517 1342 552 γνώμην
1375 517 1478 545 ἀνύειν.
1510 518 1584 553 Πρὺς
1611 519 1641 545 ὃν
1659 519 1673 545 6
1699 519 1879 552 ἀνθύπατος,’

1073 562 1168 599 ὥσπερ
1182 564 1222 596 είς
1239 563 1302 590 νοῦν
1319 563 1430 598 βάπτων
1446 564 1493 591 καὶ
1511 564 1666 599 βαθυτέρας
1681 566 1782 601 φρενὸς
1796 567 1867 594 ἐπά-
1880 587 1882 590 μ

1074 618 1130 644 γων
1144 610 1324 645 ἐρωτήματα,
1336 610 1369 636 Τί
1381 610 1410 636 δὲ
1427 610 1464 645 μὴ
1477 609 1617 645 ἠμύναντο
1633 611 1736 646 ταύτην
1751 612 1775 638 οἱ
1799 612 1866 642 θεοί,

1073 655 1137 690 ἔφη,
1149 656 1325 691 μισοπόνηροι
1339 655 1429 687 ὃντεςς
1442 657 1496 682 Καὶ
1520 656 1551 687 ὃς
1574 656 1624 683 οὐκ
1640 657 1710 691 ἔχων
1737 657 1792 684 ἀπὸ
1817 658 1869 692 τῆς

1073 701 1203 736 ἀληθείας
1220 702 1318 731 εἰπεῖν,
1334 701 1542 736 φιλανθρωπίαν
1557 701 1684 737 ὠνόμαζε
1708 704 1758 739 τὴν
1783 703 1868 730 ἀσθέ-

1074 755 1158 778 νειαν,
1174 746 1306 781 Εὑμενεῖς
1321 748 1408 778 ὄντες,
1419 747 1518 781 λέγων,
1532 748 1675 782 ἐφείσαντο
1689 748 1803 783 ταύτης.
1821 749 1868 775 Ἑν

1073 790 1160 826 τούτῳ
1178 791 1238 826 an]
1262 791 1377 828 μάρτυς,
1392 791 1515 827 ἀϐλαϐὴς
1538 792 1586 819 τοῦ
1614 793 1709 825 ὓδατος
1735 793 1867 827 ὰναδῦσα,

1075 838 1185 865 πάντων
1195 837 1333 873 ὁρώντων,
1348 839 1473 873 παρέστη
1485 839 1525 874 τῷ
1549 839 1698 875 ἀνθυπάτῳ
1710 848 1717 855 ·
1734 840 1781 866 καὶ
1808 841 1868 876 ἅμα

1080 884 1148 919 πρὸς
1165 883 1300 919 ἀλλήλους
1316 885 1341 911 οἱ
1361 884 1488 920 τύραννοι
1501 885 1552 912 οὐχ
1567 886 1597 912 ὲν
1615 886 1792 921 παραϐύστῳ,
1808 886 1868 913 ἀλλ’

1074 930 1103 955 ἐν
1118 929 1157 963 τῷ
1172 930 1308 964 προφανεϊ
1320 931 1481 965 διελέγοντο,
1493 931 1532 966 τῷ
1548 932 1670 962 καὶτοὺς
1684 933 1868 967 παρεστῶτας

1074 975 1193 1007 ἀκούειν,
1208 976 1255 1002 καὶ
1270 976 1499 1011 παρακιρδαίνειν
1512 987 1538 1004 τι
1562 977 1616 1004 τῶν
1641 978 1807 1012 λεγομένων,
1822 978 1867 1012 ἐφ’

1074 1018 1114 1052 οἷς
1135 1020 1205 1056 ὑπὲρ
1229 1022 1283 1047 τῶν
1301 1021 1410 1048 οἰκείων
1439 1022 1509 1048 θεῶν
1525 1022 1541 1058 ἢ
1560 1023 1697 1056 δαιμόνων
1715 1023 1865 1057 ἀπολογού-

1076 1073 1153 1098 μενοι
1167 1066 1297 1101 γοητείαν
1310 1068 1342 1102 τῇ
1363 1067 1481 1103 μάρτυρι
1504 1067 1657 1102 περιῆπτον
1676 1077 1684 1085 ·
1701 1069 1749 1095 καὶ
1779 1068 1868 1105 ταύτῃ

1074 1112 1166 1145 ἔλεγον
1195 1111 1333 1147 κρατῆσαι
1357 1113 1406 1139 καὶ
1422 1113 1476 1139 τῶν
1506 1113 1624 1142 ὑδάτων.
1645 1114 1705 1141 Ἐπὶ
1732 1114 1838 1145 τούτοις
1854 1115 1869 1141 ὖ

1075 1158 1193 1192 Πρίσκος
1216 1158 1274 1193 ἅμα
1292 1158 1331 1193 τῷ
1361 1159 1548 1195 συμπαρέδρῳ
1578 1160 1801 1195 διαπορούμενοι,
1815 1161 1866 1188 καὶ

1076 1204 1114 1239 μὴ
1131 1202 1238 1239 ἔχοντες
1250 1205 1319 1239 ὅπερ
1339 1204 1373 1231 ἂν
1385 1204 1506 1239 δράσωσι
1530 1205 1623 1238 πλέον,
1636 1206 1789 1241 σύμϐουλον
1813 1207 1870 1234 ὧσ-

1075 1258 1128 1284 περ
1143 1249 1192 1284 τὴν
1214 1250 1318 1276 οίκιίαν
1336 1250 1544 1286 παρα-λαϐόντες
1562 1250 1703 1287 ὠμότητα.
1718 1253 1765 1280 καὶ
1789 1251 1870 1285 αὖθις

1075 1295 1143 1328 πρὸς
1157 1294 1187 1322 τὺ
1201 1293 1326 1326 κολάζειν
1354 1295 1484 1331 ἐχώρουν.
1500 1296 1555 1323 Καὶ
1570 1297 1596 1323 τί
1623 1297 1678 1333 γὰρ
1703 1298 1768 1325 ἄλλο
1793 1297 1870 1334 εἶχον

1075 1342 1173 1372 ποιεῖν,
1190 1341 1312 1376 μαθηταὶ
1328 1342 1375 1369 τοῦ
1391 1342 1421 1375 ἐξ
1438 1343 1526 1378 ἀρχῆς
1548 1343 1777 1379 ἀνθρωποκτόνου
1800 1355 1869 1380 wr-

1075 1387 1203 1421 χάνοντες
1214 1394 1222 1420 ;
1233 1387 1307 1414 Λίθοι
1319 1387 1365 1414 οὖν
1373 1388 1454 1415 πάλιν
1466 1389 1559 1420 αὐτοῖς
1572 1391 1611 1422 είς
1622 1390 1668 1422 ὀξὺ
1678 1390 1768 1425 διεγλύ
1774 1401 1867 1426 gesto,

1075 1432 1212 1460 ὀϐελίσκοι
1227 1442 1257 1460 τε
1276 1434 1388 1468 σιδήρου
1407 1434 1455 1461 καὶ
1470 1435 1579 1467 πρίονες
1606 1436 1795 1471 ἑχαλκεύοντο,
1807 1435 1869 1465 εἶτα

1075 1479 1122 1505 καὶ
1138 1479 1235 1514 βόθρον
1250 1479 1384 1515 ὀρυγῆναι
1400 1479 1594 1514 διεκελεύοντο,
1605 1482 1635 1514 ὃς
1663 1482 1776 1517 ἔμελλεν
1791 1483 1868 1509 ἔνδον

1074 1524 1137 1557 τοὺς
1150 1524 1220 1557 ὀξεῖς
1236 1525 1346 1557 τούτους
1363 1525 1454 1558 λίθους
1471 1527 1519 1554 καὶ
1531 1527 1692 1559 ὀϐελίσκους
1711 1529 1759 1554 καὶ
1786 1529 1868 1562 πρίο-

230 1564 285 1592 cati
302 1573 309 1592 :
326 1564 426 1593 deinde
453 1565 598 1601 jusserunt
628 1567 710 1595 etiam
738 1567 791 1596 fodi
820 1568 931 1601 fossam,
965 1577 1022 1604 qum

1075 1579 1123 1602 va;
1143 1571 1258 1605 ἀφανεῖς
1273 1570 1344 1606 ἔχειν
1357 1572 1567 1607 ἐμπεπηγότας,
1589 1573 1684 1608 ὀλίγης
1708 1574 1783 1609 αὐτῷ
1812 1575 1865 1608 γῆς

230 1612 327 1636 acutos
340 1609 392 1638 hos
421 1610 526 1645 lapides
553 1615 581 1638 et
602 1612 737 1640 obeliscos
754 1617 782 1641 et
797 1621 888 1642 serras
907 1614 1024 1643 latentes

231 1652 330 1681 infixas
347 1659 421 1682 esset
432 1655 572 1688 habitura,
589 1664 676 1691 pauca
699 1663 773 1685 terra
789 1659 814 1686 ei
847 1659 966 1694 desuper
983 1659 1025 1687 in-

229 1698 307 1732 fusa,
323 1705 353 1726 ut
368 1700 523 1735 procedens
541 1705 657 1737 martyr,
673 1701 702 1731 in
719 1710 780 1730 eam
803 1703 964 1739 imprudens
978 1705 1022 1731 in-

229 1744 347 1778 cideret,
364 1750 392 1773 et
421 1745 461 1773 sic
486 1746 623 1775 interiret.
648 1747 847 1777 Existimabam.
870 1751 943 1778 enim
969 1756 1024 1780 sto-

230 1789 290 1824 lidi,
310 1799 370 1819 eam
386 1791 431 1820 illa
459 1793 547 1820 solum
574 1801 655 1828 posse
681 1795 791 1822 vincere
819 1800 878 1824 arte
904 1799 1020 1833 magica,

231 1845 349 1873 quorum
365 1839 418 1873 iam
434 1839 586 1874 accepisset
605 1841 682 1876 prius
697 1842 893 1877 cognitionem,
912 1834 940 1871 et
959 1844 1021 1873 ideo

231 1885 379 1913 studebant
393 1885 511 1918 edicere.
529 1891 558 1914 ut
574 1895 630 1914 non
645 1893 719 1916 esset
743 1889 920 1918 manifestum
944 1892 1021 1927 peri-

232 1931 337 1960 culum.
357 1931 410 1959 Eos
427 1936 518 1960 autem
537 1932 650 1965 latebat.
670 1935 743 1969 quod
761 1939 799 1969 tu,
820 1935 945 1969 Domine,
970 1939 1018 1974 qui

231 1977 315 2005 corda
333 1977 477 2006 hominum
503 1986 630 2007 seorsum
660 1980 772 2014 tinxisti,
804 1989 834 2009 es
854 1990 917 2010 cum
943 1983 1019 2019 ipsis,

231 2028 260 2053 et
274 2024 404 2059 intelligis
418 2025 510 2053 omnia
527 2033 611 2060 opera
627 2026 750 2061 ipsorum
769 2027 791 2055 ⁸.

266 2070 432 2100 Xlll.Certe
444 2080 507 2100 cum
521 2081 583 2100 eam
612 2079 744 2109 urgerent
768 2075 898 2108 ministri,
927 2081 957 2104 ut
977 2083 1026 2112 per

230 2118 399 2145 eumlocum
418 2118 559 2151 transiret,
577 2119 606 2146 in
633 2127 688 2154 quo
717 2121 790 2149 fossa
824 2121 895 2149 facta
924 2123 1024 2155 fuerat.

231 2164 277 2191 illa
289 2163 412 2198 quidem,
429 2172 491 2191 cum
514 2165 584 2192 nihil
611 2166 723 2194 omnino
755 2167 936 2201 praevidisset,
962 2175 1023 2204 quae

1073 1617 1251 1652 ἐπιχυθείσης
1264 1616 1459 1650 ἄνωθεν,ῶστε
1475 1619 1523 1654 τὴν
1539 1620 1665 1656 μάρτυρα
1681 1621 1802 1647 διιοῦσαν
1816 1621 1869 1656 ὲμ-

1075 1664 1168 1689 πεσεῖν
1181 1663 1257 1698 αὺτῷ
1277 1664 1348 1690 κατὰ
1361 1664 1391 1690 τὸ
1404 1664 1544 1698 λανθάνον,
1557 1667 1605 1692 καὶ
1627 1666 1698 1694 οὕτω
1715 1667 1870 1703 διαφθαρῆ-

1074 1718 1129 1736 ναι.
1148 1709 1289 1745 Ἐνόμιζον
1309 1711 1363 1745 γὰρ
1375 1711 1399 1737 οἱ
1415 1711 1532 1746 ἄφρονες
1563 1713 1676 1739 ἐκείνων
1706 1713 1786 1747 μόνον
1807 1714 1868 1740 ἐπι-

1074 1755 1262 1790 κρατεστέραν
1285 1755 1408 1789 γίνεσθαι
1434 1756 1479 1783 διὰ
1494 1758 1632 1792 γοητείας,
1647 1754 1685 1785 ὧν
1701 1758 1751 1794 ἤδη
1767 1758 1868 1792 φθάσει

1075 1800 1125 1835 τὴν
1142 1801 1245 1835 γνῶσιν
1272 1802 1454 1837 παραλαϐεῖν.
1481 1804 1535 1830 Καὶ
1552 1803 1597 1831 διὰ
1623 1804 1703 1831 τοῦτο
1729 1805 1869 1832 ἔσπευσαν

1075 1847 1172 1882 ἄδηλον
1187 1848 1256 1884 αὐτῇ
1273 1849 1320 1875 τὸν
1334 1848 1457 1877 κίνδυνον
1469 1850 1619 1878 διαθεῖναι·
1632 1851 1761 1879 ἐλάνθανε
1775 1852 1803 1879 δὲ
1815 1853 1868 1880 αὒ-

1076 1893 1140 1926 τοὺς
1155 1894 1196 1921 ὅτι
1207 1895 1250 1926 σὺ,
1260 1895 1356 1931 Κύριε,
1372 1896 1431 1932 μετ’
1443 1896 1527 1932 αὐτῆς
1540 1895 1576 1930 εἴ,
1588 1899 1602 1925 ὁ
1619 1898 1689 1927 κατὰ
1700 1899 1784 1933 μόνας
1797 1898 1870 1926 πλάο

1079 1948 1128 1972 σας
1141 1940 1190 1971 τὰς
1204 1942 1318 1976 καρδίας
1331 1941 1386 1969 τῶν
1397 1942 1561 1978 ἀνθρώπων.

1111 2077 1160 2105 ll".
1176 2078 1286 2113 Ἀμέλει
1302 2080 1350 2106 καὶ
1365 2080 1557 2108 συνωθούντων
1577 2081 1663 2116 αὐτὴν
1686 2083 1741 2109 τῶν
1761 2083 1868 2120 ὑπηρε-

1074 2124 1129 2150 τῶν
1144 2124 1179 2150 δι*
1201 2125 1285 2159 αὐτῆς
1306 2124 1431 2157 διελθεῖν,
1446 2125 1511 2152 ἔνθα
1529 2125 1562 2162 δὴ
1577 2127 1624 2153 καὶ
1639 2128 1653 2153 ὁ
1665 2127 1761 2162 βόθρος
1785 2129 1868 2163 ἐτύγ-

1051 2195 1058 2202 ,
1075 2178 1141 2204 χανε
1157 2169 1374 2205 ῥᾳδιουργηθιὶς,
1388 2170 1479 2206 ἐκείνη
1493 2171 1576 2206 μηδὲν
1588 2172 1655 2204 ὅλως
1672 2174 1867 2210 προειδυμένη,

234 2215 327 2238 autem
341 2210 518 2238 cohabitahat
538 2211 635 2247 gratia,
652 2212 739 2247 ipsam
769 2214 934 2247 sublevaret,
962 2223 1022 2250 per-

1075 2216 1124 2249 τῆς
1140 2216 1266 2242 συνοίκου
1281 2216 1310 2242 δὲ
1325 2217 1437 2250 χάριτος
1450 2217 1535 2252 αὐτὴν
1548 2217 1799 2255 ὺποκουφιζούσης,
1812 2220 1869 2247 διέ⁵

232 2257 319 2284 currit
346 2264 428 2292 supra
453 2262 639 2286 constructam
668 2259 782 2291 fossam,
810 2260 924 2295 perinde
947 2268 978 2288 ac
1001 2261 1024 2288 si

233 2308 334 2331 terram
347 2311 402 2331 non
426 2308 562 2340 tangeret,
589 2305 637 2332 sed
664 2305 735 2333 alata
761 2306 878 2334 sublime
898 2306 1024 2335 ferretur.

233 2350 337 2378 Deinde
348 2350 414 2386 quid
432 2351 483 2379 tit?
498 2351 554 2379 Res
569 2351 655 2387 iusta;
676 2356 703 2379 ct
720 2360 767 2387 per
782 2361 863 2388 quam
881 2354 1024 2389 cognosci-

232 2401 277 2424 tur
289 2398 362 2425 Deus
379 2397 484 2433 judicia
501 2398 616 2431 faciens,
634 2404 662 2427 et
679 2398 782 2427 factum
800 2407 895 2427 revera
910 2400 1022 2436 dignum

230 2451 262 2470 ea
289 2451 350 2478 quae
363 2444 456 2471 omnia
472 2445 605 2477 intuetur,
622 2444 807 2474 Providentia.
820 2445 937 2479 Quidam
947 2446 1022 2474 enim

232 2496 266 2515 ex
285 2489 319 2516 iis
331 2489 378 2523 qui
397 2494 544 2525 martyrem
559 2491 750 2522 traducebant,
775 2491 844 2519 forte
864 2491 1023 2527 ignorantes

233 2538 343 2569 paratas
366 2534 490 2567 insidias,
507 2539 535 2562 et
572 2536 708 2570 volentes,
727 2541 872 2572 postquam
889 2537 935 2564 illa
964 2537 1023 2565 sine

233 2582 311 2616 lapsu
331 2581 450 2613 transiit,
476 2582 572 2610 eodem
589 2582 627 2610 uti
651 2583 768 2611 transitu
790 2593 797 2611 :
815 2589 845 2611 ut
879 2584 905 2611 id
924 2588 1022 2617 totum,

231 2628 303 2662 quod
318 2635 332 2655 a
349 2627 442 2656 divino
459 2628 559 2656 Davitte
578 2629 682 2657 dictum
698 2630 770 2662 est“,
789 2635 863 2658 esset
883 2629 1024 2665 praedictio

234 2676 304 2707 ejus,
317 2674 388 2709 quod
405 2679 469 2702 tunc
499 2675 599 2703 factum
618 2680 658 2703 est
677 2684 684 2702 :
709 2684 807 2711 nempe
830 2676 892 2704 illos
909 2675 1020 2709 quidem

232 2719 332 2748 fodisse
348 2720 463 2752 foveam,
484 2725 512 2748 et
532 2721 558 2748 in
577 2729 637 2749 eam
657 2721 769 2755 fossam,
788 2730 869 2757 quam
887 2721 1020 2753 fecerant,

232 2766 384 2793 cecidisse:
400 2773 462 2792 cum
480 2772 595 2800 repente
608 2767 694 2793 fracta
709 2771 793 2796 esset,
810 2774 871 2800 qua
888 2765 915 2792 in
926 2773 1023 2800 super-

232 2809 418 2844 ficiedisjccta
437 2816 495 2839 erat
524 2811 785 2844 terra,‘inciderunt
805 2812 832 2839 in
853 2811 960 2839 foveam
977 2817 1023 2838 :et

286 2900 374 2927 'Juan
409 2908 466 2932 un.
483 2901 525 2928 11.
583 2901 593 2919 ⁸
612 2901 680 2929 Psal.
698 2909 782 2937 I\.\ll,
802 2903 843 2931 1?).

1074 2259 1126 2295 δρα
1150 2261 1200 2295 μὲν
1226 2261 1356 2297 ὑπεράνω
1374 2261 1421 2288 τοῦ
1451 2264 1669 2298 σκαιωρηθέντος
1695 2265 1865 2300 ὀρύγματος,

1074 2304 1168 2340 ὥσπερ
1187 2305 1216 2332 οὗ
1232 2305 1285 2340 γῆς
1311 2306 1464 2342 ἁπτομένη,
1487 2307 1556 2334 ἀλλὰ
1581 2308 1720 2343 μετέωρός
1743 2318 1785 2340 τις
1817 2311 1868 2337 καὶΙ

1074 2350 1228 2387 ὑπόπτερος
1257 2352 1405 2387 φερομένη.
1420 2350 1487 2380 Εἶτα
1503 2353 1529 2379 τί
1547 2354 1669 2388 γίνεται;
1686 2355 1808 2390 Πρᾶγμα
1823 2355 1864 2382 δὶ-

1073 2405 1151 2424 καιον
1164 2397 1212 2424 καὶ
1228 2397 1262 2424 δι’
1275 2395 1313 2426 ὧν
1329 2398 1492 2432 γινώσκεται
1506 2399 1609 2435 Κύριος
1623 2401 1744 2435 κρίματα
1765 2402 1864 2432 mutii,

1073 2443 1120 2471 καὶ
1139 2443 1220 2480 ἔργον
1243 2444 1292 2480 τῆς
1319 2444 1407 2471 πάντα
1431 2445 1576 2481 ἑφορώσης
1595 2447 1727 2482 Προνοίας
1744 2446 1866 2482 ἀληθοῦς

1071 2489 1157 2521 ἄξιον.
1172 2490 1233 2516 Τῶν
1250 2489 1305 2525 γὰρ
1317 2489 1367 2526 τὴν
1397 2490 1525 2526 μάρτυρα
1554 2492 1766 2524 διαϐιϐαςὸντων
1777 2493 1864 2524 τινὲς,

1072 2535 1184 2570 ἄγνοιαν
1198 2537 1264 2568 ἴσως
1279 2536 1388 2572 ἔχοντες
1414 2536 1462 2563 τοῦ
1478 2537 1647 2572 πραχθέντος
1662 2539 1783 2574 ἑνέδρου,
1799 2538 1864 2573 βου-

1072 2581 1203 2617 ληθέντες
1223 2582 1293 2617 μετὰ
1304 2584 1335 2610 τὸ
1349 2583 1456 2618 ἐκείνην
1469 2583 1596 2611 ἄπτωτον
1610 2584 1726 2612 διελθεῖν
1740 2586 1774 2620 τῇ
1791 2586 1863 2620 αὐτῇ

1074 2627 1228 2663 χρήσασθαι
1250 2628 1338 2664 διόδῳ,
1360 2628 1394 2655 ἶν’
1411 2629 1472 2656 ὅλον
1497 2629 1528 2656 τὸ
1546 2630 1598 2655 ὑπ’)
1626 2630 1674 2656 τοῦ
1688 2630 1762 2657 θείου
1781 2629 1865 2657 Δαυῖδ

1072 2674 1217 2710 εἰρημένον
1249 2674 1481 2712 προαγόρευσιςῇ
1501 2675 1548 2702 τοῦ
1564 2676 1624 2703 τότε
1649 2676 1812 2712 γενομένου,
1833 2677 1865 2703 re

1074 2720 1174 2747 λάκκον
1192 2720 1288 2756 ὀρύξαι
1311 2721 1361 2756 μὲν
1378 2721 1500 2753 ἐκείνους
1524 2723 1571 2750 καὶ
1588 2723 1757 2758 ἀνασκάψαι,
1774 2723 1861 2758 ἔμπαν

1074 2767 1130 2792 σεῖν
1144 2767 1173 2793 δὲ
1189 2767 1350 2802 παραδόξως
1366 2769 1406 2798 εἰς
1425 2768 1520 2803 βόθρον
1533 2769 1563 2795 ὃν
1586 2769 1760 2804 εἰργάσαντο,
1776 2769 1866 2805 ὑπορ-

1076 2813 1208 2849 ῥαγείσης
1224 2813 1307 2849 αὐτῆς
1325 2813 1422 2849 ἀθρόον
1439 2815 1486 2849 τῆς
1510 2815 1538 2848 ἐξ
1560 2815 1692 2850 ἐπιπολῆς
1717 2814 1773 2841 ἄνω
1805 2813 1865 2842 δια-

898 2903 908 2917 ’
919 2903 991 2932 l‘sal.
1006 2911 1060 2937 Lvt,
1070 2905 1097 2932 'l.
