2047 3152
263 166 312 198 731

215 276 218 279 '
262 269 390 303 proponit
405 270 516 305 quidem
536 280 627 301 serrae
642 280 747 306 acutas,
778 280 806 302 et
833 275 935 304 ferreas
961 283 1049 305 sarta-

213 307 217 315 ’
261 314 358 348 ginesl
375 314 457 344 Juhet
473 322 565 345 autem
579 319 661 347 ferris
675 320 785 355 quidem
802 321 830 348 in
859 322 927 350 duas
958 330 1049 358 partes

261 361 348 389 secari
363 369 464 397 corpus
478 365 615 400 martyris,
634 367 817 402 sartaginibus
833 376 899 396 vero
914 369 1049 398 dissectas

260 415 358 435 carnes
374 409 454 437 valde
466 410 592 445 eliquari,
607 417 636 439 ut
650 421 735 447 usque
750 414 783 441 ad
803 414 860 449 ipsa
874 423 936 443 ossa
950 416 1049 443 dissol-

261 459 391 482 verentur
405 455 431 482 in
451 456 584 484 cinerem.
600 457 667 484 Cum
697 463 787 487 autem
814 468 897 488 serra:
932 463 1049 490 adduce-

261 505 358 528 rentur
371 502 404 529 ad
422 510 522 538 corpus
536 503 678 538 virginale,
696 505 811 539 perinde
825 512 906 542 atque
934 508 957 535 si
981 509 1048 536 ada-

261 544 409 571 mantinam
424 546 544 581 aliquam
564 551 707 582 tangerent
740 551 892 583 materiam,
922 553 962 581 eis
985 556 1047 588 qui-

259 590 319 617 dem
338 590 539 618 obtundebatur
551 591 635 622 acies.
651 597 679 619 et
692 594 802 621 secandi
841 596 867 622 vi
899 597 1046 631 privaban-

261 640 322 667 tur;
342 636 412 669 ignis
430 641 520 664 autem
537 638 773 672 exstinguebatur,
812 645 839 668 et
868 647 969 678 martyr
985 651 1048 672 con-

259 682 520 721 servabaturillaesa.
541 682 594 709 Sed
610 683 675 717 quid
691 684 748 711 hazc
772 686 807 713 ad
836 687 967 721 animant,
985 697 1046 724 qua:

258 731 301 753 est
312 718 472 761 sua-sponte
487 728 581 760 surda,
599 733 627 755 et
655 737 708 756 non
742 736 832 766 potest
859 733 942 761 ullam
973 718 1045 770 piam

260 772 400 808 suscipere
415 774 611 811 cogitationem
629 775 640 802 ?
660 775 766 804 Etenim
788 785 849 805 cum
866 779 923 807 hmc
937 781 1043 814 ﬁerent,

259 819 368 846 Priscus
387 819 458 847 idem
476 828 538 847 esse
554 822 684 856 pergebat
700 827 727 850 et
740 831 795 850 non
811 825 936 853 cessabat
949 828 1045 855 adver-

257 873 304 892 sus
322 865 405 893 Deum
418 865 518 892 bellum
534 874 640 901 gerere.
656 868 722 894 Nam
737 869 782 896 lux
795 877 915 905 quoque,
929 880 988 906 qum
1002 878 1045 900 est

258 911 345 938 amica
356 912 501 944 Lomnibus.
520 920 574 939 non
594 917 635 940 est
652 915 750 946 amica,
768 917 815 942 sed
834 916 943 944 inimica
966 920 1045 954 aegris
1063 901 1081 929 8

255 957 351 985 oculis.
368 957 550 990 Quamobrem
567 967 663 986 rursus
682 960 808 994 producit
821 962 846 988 in
864 963 981 990 stadium
1000 966 1045 992 be-

256 1002 390 1030 nediclam
399 1003 588 1037 Euphemiam,
597 1004 705 1038 etjuhet
714 1013 773 1032 eam
781 1007 920 1035 decertare
930 1017 990 1037 cum
1001 1012 1045 1038 lic—

256 1049 327 1076 stiis.
344 1049 390 1076 Illa
413 1055 516 1081 autem,
538 1054 567 1076 ut
580 1058 640 1085 qua;
652 1051 724 1085 quod
735 1054 798 1085 ,‘non
819 1054 900 1081 citius
916 1057 949 1083 ad
965 1064 1043 1084 suum

257 1102 388 1129 sponsum
402 1096 558 1129 excederet,
590 1097 637 1123 sed
667 1097 774 1125 vincula
803 1102 927 1135 corporis
956 1103 1044 1130 adhuc

256 1140 350 1171 ferret.
368 1148 439 1174 azgre
452 1140 554 1172 ferens,
574 1149 671 1169 manus
697 1142 789 1174 simul,
810 1149 838 1172 et
859 1151 988 1181 mentem,
1017 1154 1044 1176 et

255 1186 349 1213 oculos
368 1186 464 1213 tollens
478 1186 511 1213 ad
522 1186 660 1214 Christum
678 1197 684 1215 :
712 1189 836 1221 Domine.
865 1192 964 1227 inquit,
982 1203 1043 1221 οιιι-

255 1231 297 1257 nis
314 1231 493 1266 principatus,
519 1233 663 1260 ostendisti
698 1234 726 1261 in
752 1243 796 1262 me
817 1241 890 1264 tuam
915 1239 1042 1267 invictam

254 1279 415 1311 potentiam,
433 1282 460 1304 et
481 1277 622 1306 dexteram
650 1279 886 1315 inexpugnabilem
903 1293 911 1317 ;
931 1286 1042 1320 arguisti

252 1324 406 1350 daemonum
435 1323 659 1357 imbecillitatem,
682 1329 858 1360 tyrannorum
879 1332 1041 1366 amentiam;

253 1376 298 1395 ine
315 1369 456 1396 tormentis
474 1374 500 1396 et
519 1370 603 1405 plagis
631 1371 745 1400 ellecisti
771 1373 931 1408 fortiorem:
969 1387 1043 1408 nunc

254 1421 364 1448 quoque
393 1415 464 1442 sicut
494 1422 589 1442 eorum
626 1417 673 1451 qui
694 1425 907 1453 praecesserunt,
939 1425 1042 1451 caedem

253 1460 398 1494 suscepisti
411 1464 439 1488 et
458 1461 631 1496 sanguinem,
666 1470 756 1491 meum
787 1473 895 1501 quoque
933 1470 1042 1505 suscipe

252 1506 416 1534 sacriﬁcium
431 1507 458 1533 in
472 1508 562 1534 anima
580 1509 700 1536 contrita
721 1511 769 1537 tibi
796 1512 929 1547 oblatum,
963 1520 990 1542 et
1013 1517 1040 1543 in

253 1551 352 1586 spiritu
371 1552 533 1580 humilitatis
549 1563 557 1587 ;
571 1558 597 1581 et
615 1555 643 1581 in
672 1555 857 1586 tabernaculis
885 1566 1041 1589 sanctorum

1095 1551 1146 1606 πρύ
1150 1551 1254 1598 σλαὲὼν
1279 1573 1330 1599 ἀνά

252 1602 280 1624 et
296 1598 388 1625 choris
408 1603 557 1634 martyrum
573 1607 661 1630 meam
689 1609 828 1639 acceptam
860 1606 977 1634 animam
998 1608 1041 1636 fac

252 1643 433 1679 requiescere,
458 1645 586 1679 quoniam
600 1653 630 1674 es
659 1647 819 1677 benedictus
841 1650 868 1677 in
886 1653 996 1680 saecula.

288 1689 360 1716 XVI.
383 1689 422 1717 Ea
451 1691 491 1718 sic
519 1697 662 1726 precante,
692 1694 720 1721 in
756 1695 841 1730 ipsam
857 1697 1041 1728 immittuntur

252 1739 371 1770 quatuor
387 1737 492 1770 leones,
510 1743 537 1765 et
552 1743 607 1766 tres
622 1747 705 1768 ursae.
723 1741 790 1774 Quae
804 1743 913 1771 divisim
931 1751 959 1773 et
977 1755 1041 1782 pre-

251 1788 298 1808 ces
314 1781 386 1809 illius
411 1783 553 1811 exauditas
569 1784 664 1819 fuisse,
686 1792 713 1814 et
731 1796 859 1823 magnum
884 1798 900 1816 ο
929 1781 983 1820 Deo
1000 1794 1041 1821 fa~

251 1832 325 1854 ctum
343 1827 370 1854 in
386 1835 416 1855 ea
428 1829 587 1857 miraculum
602 1833 791 1861 ostenderunt.
801 1834 867 1862 Nam
879 1836 970 1865 leones
979 1839 1024 1873 qui
1033 1854 1040 1860 -

250 1873 312 1900 dem
325 1877 352 1900 ct
360 1874 421 1901 duas
437 1882 516 1908 ursae,
532 1881 611 1904 caute
626 1878 708 1905 simul
724 1884 918 1913 ct,reverenter
933 1886 965 1912 ad
979 1894 1039 1913 eam

251 1920 423 1953 accedentes,
441 1921 548 1956 plantas
561 1923 622 1957 ejus
634 1925 733 1958 pedum
757 1927 875 1955 humane
901 1930 1041 1959 deoscula-

252 1965 352 1992 bantur
367 1975 373 1998 ;
395 1967 476 1994 tertia
486 1975 552 1995 vero
565 1977 598 1996 ex
609 1971 700 2004 _ursis,
729 1980 792 1999 cum
819 1981 914 2008 parum
929 1977 1038 2010 quidem

250 2011 444 2039 momordisset
463 2013 651 2047 carunculam,
669 2016 768 2043 vulnus
795 2019 904 2052 quidem
933 2028 1040 2056 nequa-

250 2064 331 2090 quam
348 2057 423 2089 lecit,
441 2057 493 2084 fuit
508 2063 600 2086 tamen
615 2062 725 2089 occasio
738 2063 797 2097 ejus
820 2065 854 2091 ad
875 2065 960 2093 Deum
989 2068 1039 2095 de-

251 2108 346 2129 cessus
361 2108 437 2130 suxto
450 2103 557 2131 decimo
569 2105 748 2140 Septembris.
773 2108 829 2135 Vox
844 2115 934 2137 autem
953 2120 968 2139 e
984 2121 1039 2141 cce-

250 2148 283 2174 lis
299 2156 440 2182 resonans,
454 2150 641 2178 admirabilem
669 2154 782 2181 vocabat
811 2156 989 2190 Euphemiam
1005 2161 1038 2188 ad

250 2192 341 2220 divina
355 2194 528 2222 tabernacula
547 2204 554 2222 :
571 2200 700 2229 Accurre,
716 2198 822 2232 dicens,
845 2202 880 2228 ad
912 2202 1033 2232 datorem

250 2245 424 2272 coronarum,
452 2247 512 2274 qum
538 2240 682 2275 pulchrum
712 2248 850 2272 certamen
880 2246 1036 2282 deccrtasti,

250 2284 343 2318 etjam
363 2292 473 2312 cursum
500 2287 652 2321 perfecisti,
682 2295 828 2324 acceptura
850 2294 961 2327 praemia
980 2300 1039 2323 tuo-

251 2337 310 2356 rum
328 2331 519 2359 certaminum.
545 2332 618 2360 Voce
632 2334 722 2362 adhuc
742 2342 899 2370 resonante,
926 2347 1039 2376 magnus

251 2380 421 2404 tcrrmmotus
433 2380 631 2413 conquassabat
646 2381 833 2416 civitatem,et
847 2386 943 2421 magis,
958 2395 1038 2421 quam

251 2421 318 2448 ullas
332 2430 375 2449 res
386 2429 504 2457 creatas,
520 2427 603 2453 corda
634 2435 729 2455 eorum
763 2430 809 2463 qui
838 2431 1037 2462 inhabitabant.

250 2466 327 2494 Unde
341 2469 423 2496 etiam
437 2470 510 2496 illius
525 2478 653 2505 parentes
681 2481 798 2508 oportun
811 2481 893 2504 tatem
919 2480 992 2506 nacti
1013 2486 1039 2507 et

251 2517 426 2546 potestatem,
444 2521 499 2541 non
515 2515 626 2549 ﬂentes,
641 2519 689 2546 sed
718 2519 853 2554 lactantes,
881 2522 948 2550 illud
968 2531 1040 2551 mar-

249 2559 364 2592 tyricum
377 2564 405 2587 et
422 2561 574 2594 pretiosum
589 2571 701 2598 corpus,
711 2573 766 2593 non
776 2567 891 2595 aliorum
901 2570 1037 2603 manibus.

249 2606 297 2632 sed
316 2606 374 2633 suis
386 2608 542 2642 credentes,
560 2610 586 2636 in
604 2610 665 2637 loco
693 2613 810 2646 quodam
831 2621 884 2641 non
918 2617 1036 2649 procula

248 2651 360 2679 civitate
370 2653 553 2687 Chalcedone,
569 2656 718 2686 honoriﬁce
731 2658 815 2686 simul
831 2664 858 2686 et
892 2660 935 2694 pie
959 2668 1038 2695 sepe.

250 2696 373 2726 liernnt:
390 2700 532 2733 pulchram
553 2702 720 2737 accipientes
730 2705 884 2732 mercedem
897 2706 957 2740 ejus
974 2708 1037 2735 edu-

249 2743 375 2778 cationis,
392 2747 463 2780 quod
480 2747 638 2776 dicerentur
653 2754 745 2784 patres
759 2751 819 2778 talis
833 2751 906 2781 tiliae.
933 2757 962 2780 et
988 2754 1037 2781 da-

250 2797 312 2819 rent
322 2793 378 2819 Deo
391 2793 524 2825 fructum,
541 2794 735 2822 benedictione
748 2799 775 2822 ct
788 2796 926 2824 oblatione
941 2799 1036 2833 quavis

250 2837 584 2871 sacratiorcm.Quoniam
614 2847 676 2866 eum
707 2841 787 2868 decet
822 2842 909 2870 onmis
938 2844 1033 2879 honor,

250 2884 335 2920 gloria
352 2888 379 2911 et
391 2884 514 2912 adoratio
532 2884 558 2912 in
576 2885 685 2913 saecula.
700 2886 797 2916 Amen.

876 178 1018 210 MENSIS
1038 181 1274 220 SEPTEMBER.

263 224 341 251 deret
359 228 386 252 et
403 229 560 260 tyrannum,
578 226 601 254 is
619 226 652 255 ad
669 227 800 264 majorem
825 229 892 258 iram
907 239 1039 260 accensus

1102 237 1216 273 πληγῶν
1243 241 1302 276 ἅμα

1331 242 1378 271 καὶ
1395 245 1441 272 τοῦ
1458 247 1591 280 τυράννου
1615 255 1796 288 κατιμωκᾶτο
1818 257 1887 293 πρὸς

1101 283 1211 338 πλείονα
1224 288 1273 323 τὴν
1285 289 1370 326 ὀργὴν
1384 289 1463 325 οὗτος
1481 283 1690 333 ἀνακαιόμενος,
1706 301 1821 335 πρίονας

1101 331 1264 378 προτίθησιν
1290 335 1372 370 ὀξεῖς,
1391 339 1439 365 καὶ
1469 341 1566 376 σιδηρᾶ
1589 331 1708 378 τήγανα.
1726 331 1842 376 ίίελεύ-εί
1859 350 1887 376 δι

1100 377 1156 407 τοῖς
1169 377 1218 412 μὲν
1232 380 1326 415 πρίοσι
1348 382 1502 419 διχοτομεῖν
1519 387 1548 414 τὸ
1565 377 1644 423 σῶμα
1667 392 1717 426 τῆς
1735 393 1887 429 μάρτυρος,

1100 423 1156 453 τοῖς
1170 425 1299 459 τηγάνο,ς
1313 427 1341 454 δὲ
1356 428 1391 455 τὰ
1411 430 1629 468 διχοτομούμενα
1640 423 1700 462 ’τῶν⁷
1718 423 1888 473 σᾷρὲῶᾶ

1098 468 1192 515 τήκειν
1206 471 1279 505 μάλα
1298 474 1479 509 σφοδρῶς,ώς
1492 478 1585 510 αὐτοῖς
1601 480 1708 514 ὀστέοις
1727 468 1768 515 εἰς
1787 486 1887 515 σποδὸν

1100 513 1219 543 λύεσθαι.
1237 517 1315 544 Ἐπεὶ
1338 519 1366 546 δὲ
1394 522 1418 548 οἱ
1440 523 1551 558 πρίονες
1566 526 1605 561 τῷ
1632 513 1790 565 παρθενικῷ
1817 513 1887 566 ἐττήζ

1097 568 1177 594 γοντο
1195 563 1312 598 σώματι,
1325 563 1370 592 οἷα
1389 566 1418 601 δή
1433 576 1506 601 τινος
1519 570 1711 608 ἀδαμαντίνης
1736 563 1886 611 ἁπτόμενοι

1098 606 1215 640 φύσεως,
1226 609 1303 636 αὐτοὶ
1318 611 1369 646 μὲν
1384 612 1555 647 ὴμδλύνοντο
1567 617 1615 648 τὰς
1636 606 1740 652 ἀκμὰς,
1750 622 1796 647 καὶ
1809 606 1888 658 ’ἀφῃ-

1098 653 1193 687 ροῦντο
1208 654 1258 690 τὴν
1267 658 1404 693 τμητικὴν
1419 659 1551 695 δύναμιν·
1566 663 1597 689 τι
1611 663 1666 698 πῦρ
1681 665 1708 691 δὲ
1727 653 1884 697 ἐσϐέννυτο.

1097 701 1145 728 καὶ
1171 703 1187 737 ἡ
1209 703 1314 739 μάρτυς
1329 705 1440 742 ἀπαθὴς
1471 708 1628 741 διεσώζετο.
1659 712 1741 739 Ἀλλὰ
1756 714 1783 739 τί
1798 714 1886 741 ταῦτα

1097 746 1164 782 πρὸς
1178 749 1401 785 ὲθελοκωιροῦσαν
1415 753 1515 788 ψυχὴν,
1526 756 1573 781 καὶ
1595 756 1715 789 διανοίας
1733 759 1823 792 πάσης
1840 761 1885 785 εὐ-

1097 793 1191 824 σεϐοῦς
1210 795 1415 831 ἀπαράδεκτον;
1432 799 1486 826 Καὶ
1509 801 1612 828 τούτων
1632 803 1685 838 γὰρ
1723 805 1884 839 γινομένων,

1095 840 1108 866 ὁ
1123 840 1241 874 Πρῖσκος
1257 841 1297 869 ἐτι
1317 843 1370 870 τῶν
1388 845 1478 872 αὐτῶν
1502 846 1599 881 εἴχετο,
1615 850 1660 875 καὶ
1676 850 1720 876 τοῦ
1738 851 1886 886 Θεομαχεῖν

1097 885 1146 911 οὐκ
1160 885 1303 920 ἀφίστατο.
1327 888 1403 916 Ἐπεὶ
1417 891 1463 917 καὶ
1479 891 1508 918 τὸ
1521 892 1597 926 φίλον
1610 895 1676 921 πᾶσι
1690 895 1747 928 φῶς
1759 897 1885 923 νοσοῦσιν

1096 929 1242 965 ὀφθαλμοῖς
1257 933 1286 958 οὗ
1305 933 1389 968 φίλον,
1413 936 1480 963 ἀλλὰ
1505 938 1642 972 πολέμιον.
1674 940 1754 967 Ὅθεν
1781 943 1820 972 εί;
1855 945 1886 969 τὸ

1097 975 1203 1002 στάδιον
1217 977 1297 1004 πάλιν
1310 979 1358 1015 τὴν
1370 982 1549 1017 πανεύφημον
1566 984 1640 1017 ἄγει,
1654 986 1699 1012 καὶ
1712 987 1778 1021 πρὸς
1799 988 1884 1023 θηρά

1095 1020 1245 1049 πυκτεῦσαι
1263 1023 1457 1052 διακελεύεται.
1476 1025 1508 1053 Ἡ
1521 1028 1558 1061 δὲ,
1572 1028 1666 1065 ὥσπερ
1681 1031 1718 1065 τῷ
1734 1031 1771 1066 μὴ
1791 1032 1884 1067 τάχιον

1095 1065 1248 1101 ἐκδημῆσαι
1259 1069 1327 1104 πρὸς
1345 1070 1390 1096 τὸν
1415 1072 1499 1106 αὐτῆς
1525 1074 1652 1108 νυμφίον,
1669 1076 1735 1102 ἀλλὰ
1748 1077 1780 1102 τὰ
1795 1065 1885 1112 δεσμὰ

1094 1111 1141 1137 τοῦ
1157 1111 1281 1147 σώματος
1296 1115 1335 1141 ἔτι
1349 1116 1442 1151 φέρειν
1457 1117 1641 1155 βαρυνομένη,
1652 1123 1747 1156 χεῖρας
1761 1123 1818 1157 Ξιμα
1835 1111 1884 1150 καὶ

1095 1157 1196 1191 φρένας
1209 1161 1256 1186 καὶ
1274 1159 1385 1196 ὄμματα
1400 1163 1468 1197 πρὸς
1485 1164 1601 1198 Χριστδν
1629 1166 1729 1201 ἄρασα,
1745 1168 1884 1202 Δέσποτα,

1094 1203 1157 1237 ἔφη,
1169 1204 1216 1230 καὶ
1229 1204 1313 1240 Κύριε
1325 1206 1415 1241 πάσης
1431 1208 1527 1242 ἀρχῆς,
1539 1208 1642 1241 ἔδειξας
1656 1211 1684 1237 ἐν
1696 1212 1756 1246 ἐμοὶ
1767 1213 1817 1246 τὴν
1832 1214 1885 1247 σὴν

1093 1248 1228 1283 ἀήττητόν
1253 1259 1282 1276 τε
1297 1251 1343 1277 καὶ
1360 1251 1465 1286 ἄμαχον
1493 1253 1599 1285 δεξιάν·
1614 1256 1729 1290 ἤλεγξας
1745 1257 1884 1292 δαιμόνων

1093 1295 1245 1327 ἀσθένειαν,
1271 1297 1448 1332 ἰσχυροτέραν
1475 1300 1524 1334 ἐμὲ
1551 1301 1675 1335 βασάνων
1697 1303 1744 1329 καὶ
1769 1304 1884 1338 πληγῶν

1094 1341 1304 1376 παρεσκεύασας
1315 1351 1321 1357 ·
1344 1344 1390 1369 καὶ
1404 1343 1451 1369 νῦν
1465 1344 1502 1376 ὡς
1520 1346 1673 1381 προσεδέξω
1688 1348 1742 1374 τῶν
1761 1349 1885 1383 ﬂauiu-

1093 1394 1147 1414 των
1164 1388 1214 1423 ήδη
1230 1390 1376 1424 μαρτύρων
1391 1391 1441 1421 τὰς
1461 1392 1570 1426 σφαγὰς
1585 1395 1632 1419 καὶ
1655 1394 1688 1420 τὰ
1704 1395 1819 1430 αἵματα,
1833 1396 1883 1422 καὶ

1093 1432 1140 1468 τὴν
1158 1433 1228 1468 ἐμὴν
1241 1435 1387 1469 πρὸσδεξαι
1403 1435 1508 1467 Θυσίαν,
1521 1437 1550 1462 ὲν
1569 1437 1642 1472 ψυχῇ
1658 1440 1881 1475 συντετριμμένῃ

1093 1479 1140 1505 καὶ
1160 1479 1294 1515 πνεύματι
1309 1481 1499 1513 ταπεινώσεώς
1516 1491 1557 1508 σοι
1579 1485 1817 1520 προσφερομένην,
1829 1486 1883 1512 καὶ

1094 1527 1206 1560 σκηναῖς
1219 1526 1304 1560 ἁγίων
1316 1527 1361 1553 καὶ
1378 1528 1524 1564 μαρτύρων
1539 1531 1627 1564 χοροῖς
1642 1531 1690 1566 τὴν
1701 1531 1770 1566 ἐμὴν
1789 1531 1882 1567 ψυχὴν

1335 1581 1454 1600 παυσον⁸
1471 1575 1512 1601 ὃτι
1537 1576 1682 1611 εὐλογητὸς
1708 1575 1735 1604 εἴ
1757 1578 1796 1609 είς
1815 1578 1882 1609 τοὺς

1091 1617 1204 1649 αἰῶνας.

1127 1705 1186 1740 Ιςτ.
1198 1706 1277 1734 Οὕτω
1291 1710 1523 1745 προσευχομένης,
1536 1711 1698 1745 ὲπαφῐενται
1713 1711 1800 1747 ταύτῃ
1813 1711 1882 1737 τέσ-

1092 1760 1175 1788 σαρες
1190 1754 1240 1788 μὲν
1258 1753 1374 1787 λέοντες,
1387 1756 1482 1791 ἄρκτοι
1501 1757 1530 1784 δὲ
1542 1759 1626 1793 τρεῖς.
1640 1758 1798 1794 Περίζονται
1812 1758 1882 1792 γοῦν

1090 1799 1125 1826 τὰ
1140 1799 1221 1834 Θηρία
1236 1801 1286 1836 τὴν
1305 1801 1388 1836 εὐχήν
1403 1811 1433 1828 τε
1448 1803 1506 1838 ἅμα
1525 1805 1572 1830 καὶ
1587 1804 1618 1831 τὸ
1636 1805 1728 1840 θαῦμα
1743 1805 1793 1840 τῆς
1807 1805 1882 1839 μάρ-

1091 1853 1181 1880 τυρος·
1204 1847 1251 1873 καὶ
1268 1847 1292 1873 οἱ
1321 1847 1370 1882 μὲν
1394 1847 1497 1880 λέοντες
1523 1849 1570 1876 καὶ
1582 1850 1637 1876 τῶν
1661 1851 1770 1886 ἄρκτων
1787 1852 1814 1878 αι
1830 1852 1880 1878 δύο

1091 1890 1213 1923 εὐλαῆὦς
1241 1891 1300 1927 ἅμα
1317 1894 1363 1919 καὶ
1384 1894 1574 1929 πεφεισμένως
1596 1895 1741 1929 ἐγγίσασαι
1757 1896 1791 1922 τὰ
1814 1897 1877 1931 ῖχνη

1089 1935 1191 1972 ταύτης
1201 1936 1381 1971 ἀνθρωπικῶς
1399 1939 1571 1973 κατεφίλουν·
1584 1940 1633 1975 μία
1651 1940 1680 1967 δὲ
1694 1940 1748 1968 τῶν
1766 1942 1878 1977 ἄρκτων

1090 1982 1241 2010 ὲνδακοῦσά
1271 1992 1324 2010 που
1347 1985 1393 2011 τοῦ
1408 1986 1532 2020 σαρκίου,
1552 1986 1659 2022 πληγὴν
1681 1987 1730 2022 μὲν
1750 1988 1880 2023 ἐνέτεμεν

1090 2029 1225 2064 οὐδαμῶς,
1241 2032 1351 2067 ἀφορμὴ
1377 2033 1406 2059 δὲ
1431 2033 1505 2067 ὅμως
1531 2033 1624 2067 γέγονε
1647 2033 1696 2068 τῆς
1721 2033 1788 2069 πρὸς
1810 2034 1880 2061 Θεδν

1091 2075 1176 2111 αὐτῆς
1189 2077 1332 2112 ἐκδημίας.
1345 2078 1428 2114 ἕκτην
1448 2080 1495 2106 ἐπὶ
1507 2080 1608 2115 δεκάτῃ
1618 2079 1676 2107 τότε
1693 2079 1740 2106 τοῦ
1753 2081 1880 2115 Σεπτεμ-

1090 2120 1167 2156 ϐρίου
1194 2122 1278 2157 μηνὸς
1306 2123 1428 2156 ἄγοντος.
1459 2125 1536 2161 Φωνὴ
1570 2127 1716 2162 οὐρανόθεν
1752 2127 1878 2162 ἀπηχοο-

1092 2168 1160 2201 μένη
1170 2169 1219 2202 τὴν
1233 2168 1393 2205 θαυμαστὴν
1404 2171 1495 2197 ἐκάλει
1519 2172 1587 2207 πρὸς
1615 2173 1664 2204 τὰς
1683 2172 1758 2205 θείας
1788 2173 1876 2204 αὐλὰς

1091 2213 1415 2250 Εὐφημίαν,Ἀνάδραμε,
1428 2216 1553 2251 λέγουσα,
1568 2218 1635 2253 πρὸς
1647 2218 1692 2244 τὸν
1704 2218 1877 2253 πεφοδὸτην,

1054 2255 1075 2284 Ι)
1089 2260 1105 2295 ὴ
1124 2260 1169 2286 τὸν
1185 2259 1267 2287 καλὸν
1287 2261 1380 2295 ἀγῶνα
1396 2263 1571 2299 ἠγωνισμένη
1585 2264 1632 2291 καὶ
1648 2265 1693 2291 τὸν
1707 2265 1808 2299 δρόμον
1822 2265 1875 2300 ἠδη

1088 2305 1234 2338 τελέσασα,
1248 2306 1283 2332 τὰ
1298 2306 1353 2333 τῶν
1368 2307 1482 2340 ἀγώνων
1494 2309 1564 2341 γέρα
1580 2317 1626 2335 σου
1650 2309 1800 2344 ληψομένη.
1814 2310 1878 2335 Ἔτι

1088 2350 1139 2385 τῆς
1153 2351 1244 2385 φωνῆς
1259 2351 1427 2387 ἡχουμένης,
1439 2354 1485 2379 καὶ
1505 2354 1617 2389 σεισμὸς
1630 2355 1717 2390 μέγας
1731 2355 1816 2382 ὲδόνει
1825 2355 1879 2389 τὴν

1089 2395 1178 2428 πόλιν,
1191 2395 1237 2422 καὶ
1255 2396 1355 2430 μᾶλλον
1369 2397 1386 2432 ἢ
1401 2397 1435 2423 τὰ
1451 2398 1590 2432 κτίσματα
1614 2400 1664 2431 τὰς
1681 2399 1796 2435 καρδίας
1822 2400 1879 2427 τῶν

1089 2440 1299 2468 κατοικούντων.
1311 2441 1394 2468 Ὅθεν
1405 2443 1452 2469 καὶ
1463 2443 1487 2469 οι
1500 2443 1550 2478 τῆς
1559 2446 1687 2478 γενναίας
1699 2446 1801 2480 ταύτης
1812 2454 1878 2480 γεν-

1088 2487 1211 2521 νήτορες,
1224 2485 1268 2514 οἷα
1283 2487 1381 2524 καιροῦ
1403 2490 1451 2515 καὶ
1474 2489 1566 2521 ἀδείας
1589 2491 1797 2526 ἐπειλημμένοι,
1817 2491 1878 2518 οὓτι

1088 2532 1238 2566 κλαίοντες,
1264 2534 1332 2562 ἀλλὰ
1361 2535 1514 2570 χαίροντες.
1536 2538 1566 2563 τὺ
1591 2537 1760 2573 μαρτυρικὸν
1787 2539 1879 2565 ἐκεῖνο

1088 2578 1136 2604 καὶ
1147 2580 1295 2614 πολύτιμον
1315 2582 1396 2616 σῶμα
1412 2583 1507 2617 χερσὶν
1531 2584 1581 2610 οὐκ
1606 2584 1695 2610 ἄλλων
1718 2584 1787 2611 ἀλλὰ
1815 2587 1879 2616 ταῖς

1088 2625 1202 2656 οἰκείαις
1219 2626 1422 2661 πιστεύσαντες,
1434 2629 1464 2655 ὲν
1483 2628 1557 2664 τόπῳ
1576 2633 1631 2656 τινὶ
1647 2630 1678 2656 οὐ
1696 2631 1808 2666 μακρᾶν
1819 2631 1878 2658 δντι

1087 2670 1136 2705 τῆς
1152 2671 1256 2704 πόλεως
1279 2673 1449 2708 Χαλκηδόνος
1465 2674 1585 2709 ὲντίμως
1609 2675 1668 2710 ἅμα
1683 2677 1730 2702 καὶ
1752 2677 1878 2708 εὐλαόιι;

1088 2717 1289 2756 κατατίθενται,
1315 2719 1385 2746 καλὰ
1399 2722 1511 2756 τροφεῖα
1524 2720 1627 2756 ταύτης
1644 2723 1831 2754 ἀπολαϐόντες
1847 2723 1879 2750 τὸ

1088 2752 1182 2784 παιδὸς
1197 2754 1326 2788 τοιαύτης
1351 2752 1467 2781 ἀκοῦσαι
1483 2752 1610 2790 πατέρες
1632 2758 1678 2783 καὶ
1701 2757 1794 2784 δοῦναι
1817 2752 1879 2794 Θεῷ

1089 2796 1194 2832 καρπὸν
1214 2798 1350 2833 εὐλογίας,
1366 2801 1413 2826 καὶ
1427 2801 1518 2836 πάσης
1534 2803 1691 2838 προσφορᾶς
1715 2803 1877 2837 ἱερώτατον,

1087 2844 1126 2870 ὅτι
1148 2844 1222 2880 αὑτῴ
1243 2845 1345 2881 πρέπει
1363 2847 1437 2874 πᾶσα
1451 2848 1525 2882 δόξα,
1539 2848 1605 2884 τιμὴ
1623 2851 1670 2875 καὶ
1688 2849 1879 2886 προσκύνησις

1087 2893 1127 2923 εὶς
1139 2892 1201 2924 τοὺς
1219 2893 1329 2925 αἰῶνας.
1344 2895 1438 2930 ’Δμήν.
