2047 3152
257 141 312 172 ’ῐ39

877 139 1022 170 MENSIS
1043 139 1281 172 SEP'I'EMBER.

1839 139 1894 171 740

255 197 329 233 quod
347 197 489 225 torntentis
505 197 539 225 ab
551 204 586 225 eo
600 196 742 232 subjectus
759 199 832 224 esset
843 196 1008 231 scripsisset,
1023 199 1052 223 et

1110 197 1180 228 idat;
1199 205 1228 222 τε
1247 195 1375 231 βασάνοις
1401 195 1447 222 ὑπ’
1475 194 1560 222 αὑτοῦ
1577 195 1746 231 παραδοθείη
1761 196 1830 230 πρὸς
1843 197 1892 223 τὸν

256 243 486 279 quemadmodum
500 243 644 271 lictoribus
655 243 735 279 longe
744 243 880 270 evasisset
899 242 1006 274 fortior,
1020 245 1049 269 et

255 290 330 326 quod
343 290 430 317 solum
448 290 588 318 Christum
607 291 712 324 colens,
732 290 840 317 illorum
860 289 928 317 deos
947 288 1050 317 rideret

257 343 285 365 et
314 337 389 364 nihili
406 337 526 370 faceret;
553 343 671 371 cumque
695 335 802 363 calceos
832 335 937 362 ferreos
965 333 1050 361 clavis

257 383 345 411 acutis
358 387 386 410 et
404 383 510 414 subtus,
526 387 553 409 et
566 390 598 409 ex
614 382 725 416 obliquo
740 382 873 412 conﬁxos,
897 379 1050 415 ntartyricis

257 428 312 456 illis
323 429 462 464 Trophitni
476 428 591 463 pedibus
602 428 678 462 prius
692 427 787 462 subjici
797 427 936 462 jussisset,
947 432 976 453 et
991 426 1050 454 cla-

259 482 309 502 vos
334 482 381 509 per
401 474 484 509 pedes
516 474 701 509 transmissel,
722 474 799 508 jubet
821 473 921 500 deinde
950 473 992 508 agi
1021 473 1049 499 in

259 519 414 554 Phrygiam.
440 518 490 546 llic
511 518 584 546 enim
604 518 746 545 dicebatur
770 517 871 544 versari
895 517 1048 552 Dionysius.

259 565 306 592 llle
322 569 413 592 autem
428 564 553 596 libenter,
568 568 594 591 et
606 571 668 591 cum
680 564 778 599 gaudio
792 563 885 590 clavos
896 563 948 590 sibi
962 562 1050 597 subji-

259 610 347 643 ciens,
368 610 448 645 longe
466 609 637 644 praecedebat
665 613 867 642 consequentes
882 607 997 642 pedites,
1023 611 1051 634 et

260 656 341 683 simul
367 659 507 683 currentes
532 655 651 689 equites.
673 654 733 681 Non
753 654 827 681 enittt
847 653 925 681 dolor
949 653 1052 688 pedum

260 703 349 738 potuit
362 709 525 737 gent-rosum
547 701 620 728 illius
638 701 760 727 animum
775 701 902 728 vincere:
917 700 965 727 sed
978 699 1052 728 leves

260 749 351 784 potius
366 749 392 775 ei
415 747 532 775 addebat
556 747 624 780 alas,
646 747 853 782 ﬁrmioremque
881 746 1014 774 reddebat
1025 750 1053 774 et

261 795 487 822 constantiorem.

299 927 357 956 νη.
371 927 504 955 Confecto
528 927 619 962 itaque
633 926 715 954 trium
743 926 851 954 dierum
874 926 986 958 itinere,
1004 933 1052 954 ve-

261 974 344 1001 niunt
355 972 489 1008 Synadam
504 973 624 1009 Phrygia:
640 973 792 1000 civitatem.
816 973 866 1000 llic
884 980 948 1000 cum
962 972 1054 1000 Helio-

262 1019 322 1047 dori
352 1020 457 1047 litteras
486 1019 596 1054 legisset
624 1019 786 1054 Dionysius,
820 1024 848 1047 et
873 1019 1054 1047 intellexisset

264 1064 494 1100 quemadmodum
506 1072 535 1091 se
551 1063 683 1091 haberent
695 1064 813 1099 singula,
822 1064 952 1097 jussisset
962 1069 1053 1091 autettt

263 1114 411 1144 martyrem
436 1108 494 1134 sisti
509 1108 543 1135 ad
561 1115 640 1135 suum
658 1107 776 1135 tribunal
793 1107 855 1135 :Tu
878 1116 919 1141 es,
954 1108 1054 1143 inquit,

263 1152 449 1187 'l‘rophimusl
466 1151 566 1187 )lartyr
588 1160 672 1191 vero:
689 1152 756 1188 Ego,
772 1153 872 1188 ittqutt,
891 1152 1056 1188 Trophimus

263 1206 358 1232 vocor,
379 1206 493 1233 sumque
508 1206 603 1226 servus
625 1198 729 1226 Christi
754 1199 810 1226 veri
834 1199 894 1231 Dei.
920 1200 948 1227 in
975 1207 1056 1234 quem

264 1244 311 1279 qui
340 1244 529 1277 crediderunt,
554 1252 727 1280 nequaquam
759 1244 912 1272 aﬁicientur
940 1246 1055 1280 pudore.

264 1290 337 1324 Quid
351 1297 390 1324 tu,
404 1291 492 1326 inquit
504 1291 559 1324 ille,
569 1291 596 1318 in
611 1292 654 1319 bis
663 1292 754 1319 adhuc
770 1292 906 1326 persistis,
932 1292 1056 1319 inanem-

265 1344 319 1372 que
333 1341 361 1364 et
375 1344 473 1364 vanum
495 1337 568 1364 ltunc
588 1338 700 1365 invocas
715 1338 868 1371 Christum,
891 1339 938 1373 qui
966 1339 1059 1365 multis

266 1383 319 1410 luit
333 1391 415 1410 causa
425 1383 543 1410 mortis?
559 1383 612 1411 Sed
627 1383 680 1411 etsi
704 1392 757 1411 non
776 1385 864 1419 prius,
875 1389 902 1412 at
917 1392 990 1411 nunc
1005 1384 1059 1411 sal-

267 1434 332 1460 tem.
347 1428 458 1455 dintissa
471 1428 497 1455 in
514 1429 602 1463 ipsum
616 1429 717 1456 ﬁducia
732 1428 784 1456 diis
797 1428 931 1459 sacriﬁca,
945 1433 1059 1456 mortem

266 1474 422 1509 eﬁ'ugiens:
438 1478 466 1501 et
486 1474 594 1501 lucrare
609 1475 691 1502 vitam
714 1480 888 1510 prasentem.
903 1474 1060 1502 Generosus

267 1524 358 1547 autent
373 1519 513 1555 excipiens
541 1519 708 1555 Trophimus
723 1529 734 1548 τ
753 1521 868 1548 Mortem
881 1521 1004 1555 quidem,
1017 1521 1060 1548 in~

267 1573 303 1600 qu
318 1570 338 1598 t,
353 1573 406 1593 nec
421 1567 443 1592 si
462 1565 541 1592 velim
557 1566 712 1601 eﬁugerim.
727 1565 795 1593 Nam
807 1566 859 1593 etsi
874 1574 929 1593 non
945 1571 973 1593 tu
986 1574 1059 1599 eam,

267 1617 296 1639 at
312 1616 411 1639 natura
431 1612 544 1638 omnino
560 1611 663 1644 aﬁerel,
678 1617 706 1639 et
718 1612 754 1643 ei,
776 1620 837 1647 quae
849 1612 994 1643 debentur,
1010 1620 1060 1638 ex-

268 1659 382 1690 solvam,
405 1665 467 1685 cuttt
494 1657 544 1684 sint
574 1658 667 1685 homo.
696 1657 770 1686 Licet
799 1662 891 1686 autent
919 1666 952 1685 ea
977 1659 1060 1686 vitam

267 1711 428 1739 comparare
443 1707 616 1738 perpetuam,
630 1711 690 1738 quae
703 1703 785 1739 longo
797 1704 941 1731 intervallo
949 1709 1062 1739 superat

269 1751 340 1777 hanc
356 1749 455 1776 ﬂuxam
476 1754 504 1776 et
517 1749 658 1782 caducam,
675 1750 749 1784 quod
762 1751 796 1777 ad
812 1751 981 1786 voluptatem
995 1751 1061 1778 atti-

269 1801 316 1824 net
329 1801 356 1824 et
369 1795 567 1824 beatitudinem
584 1805 592 1823 :
612 1796 680 1824 adeo
697 1800 726 1823 ttt
741 1804 801 1831 qua:
817 1801 881 1823 sunt
894 1796 970 1825 illius
987 1798 1060 1830 vitae,

271 1850 324 1870 nec
335 1842 443 1878 possint
456 1842 531 1870 cerni
547 1843 645 1875 oculis,
661 1850 713 1870 nec
724 1843 814 1870 audiri
825 1844 948 1877 auribus,
965 1851 1017 1871 nec
1034 1845 1061 1871 in

269 1897 317 1916 cor
335 1888 454 1916 hominis
469 1888 629 1916 ascendere.
647 1889 736 1924 Hujus
749 1897 799 1925 ego
818 1890 881 1917 vita:
907 1898 968 1917 sum
988 1898 1063 1918 nunc

270 1942 368 1969 magno
382 1941 476 1961 amore
489 1939 596 1969 captus,
611 1939 639 1961 et
652 1942 764 1970 magnas
777 1935 825 1962 tibi
844 1935 932 1963 habeo
947 1936 1059 1971 gratias,

270 1980 344 2014 quod
367 1987 411 2007 me
435 1979 500 2006 illuc
527 1980 644 2007 transire
667 1985 872 2016 properantem,
897 1989 994 2017 urgeas
1016 1990 1064 2017 per

270 2033 344 2060 eam,
357 2033 438 2061 quam
455 2025 601 2058 minitaris,
617 2031 745 2054 mortem.

310 2124 377 2153 V'lll.
394 2123 472 2151 Tunc
488 2128 561 2151 totus
577 2124 604 2151 in
619 2131 682 2151 eum
697 2125 764 2152 iram
783 2125 893 2160 spirans
908 2126 1063 2162 Dionysius,

270 2172 348 2208 jubet
363 2179 379 2198 a
393 2175 511 2206 quatuor
525 2175 668 2198 extensum
685 2171 778 2199 crudis
795 2171 877 2199 boum
893 2173 985 2200 nervis
1001 2181 1064 2200 ver-

1099 241 1237 268 Διονύσιον
1249 242 1368 276 γράψας,
1389 241 1464 273 ὅπως
1478 250 1508 267 τε
1527 241 1704 276 ἰσχυρότερος
1729 241 1822 275 πολλῷ
1835 242 1893 269 τῶν

1098 287 1204 322 δημίων
1215 287 1330 322 γένοιτο,
1341 289 1387 313 καὶ
1399 287 1475 318 ὅπως
1488 288 1560 322 μόνῳ
1569 287 1682 322 Χριστῷ
1701 288 1891 322 προσανέχων,

1099 334 1163 364 τοὺς
1177 333 1267 359 αὐτῶν
1279 341 1308 360 τε
1326 332 1415 368 γελῴη
1433 333 1522 366 θεοὺς,
1546 334 1594 359 καὶ
1610 332 1675 368 παρ’
1689 333 1766 360 οὐδὲν
1779 334 1894 365 τούτους

1100 379 1214 405 ποιοῖτο.
1230 378 1408 413 ’Υποδήματα
1420 378 1510 405 τοίνυν
1522 379 1620 413 σιδηρᾶ
1630 378 1707 414 ἥλοις
1718 379 1792 412 ὀξέσι
1804 380 1895 406 κάτω-

1101 424 1147 451 θέν
1161 433 1190 451 τε
1206 425 1253 452 καὶ
1267 426 1299 452 ἐκ
1317 426 1435 460 πλαγίου
1448 425 1660 460 διαπεπαρμένα
1673 427 1739 458 τοὺς
1756 436 1895 462 μαρτυρι-

1101 471 1166 501 κοὺς
1182 470 1316 502 ἐλεεινοὺς
1340 470 1388 496 τοῦ
1404 471 1546 506 Τροφίμου
1572 471 1656 502 πόδας
1673 473 1808 507 πρότερον
1827 474 1897 500 ὑπο-

1100 516 1208 551 δεθῆναι
1231 516 1326 550 εἰπὼν,
1351 517 1399 544 καὶ
1422 517 1566 552 διαπείρας
1593 518 1658 548 τοὺς
1684 518 1768 553 ἥλους
1783 519 1827 546 διὰ
1840 519 1897 546 τῶν

1101 561 1200 594 ποδῶν,
1216 560 1276 589 εἶτα
1297 563 1343 588 ἐπὶ
1357 563 1478 598 Φρυγίαν
1501 563 1664 590 ἐλαύνεσθαι
1689 564 1815 591 κελεύει·
1832 565 1896 600 τῇδε

1101 609 1156 643 γὰρ
1171 608 1310 640 Διονύσιος
1338 609 1458 643 ἐλέγετο-
1471 610 1631 644 διατρίὸειν.
1663 610 1694 636 '0
1709 610 1748 641 δὲ,
1773 611 1896 646 ἄσμενος

1103 655 1150 681 καὶ
1167 654 1229 689 μεθ’
1248 654 1344 688 ἡδονῆς
1359 655 1422 686 τοὺς
1433 656 1515 690 ἥλους
1529 655 1760 691 ύποὸαλλόμενθς,
1789 657 1898 692 ἐμπρο-

1104 702 1167 729 σθεν
1182 700 1233 737 ἦγε
1257 711 1292 728 πο
1299 703 1403 738 ραπολὺ
1419 703 1473 729 τῶν
1486 711 1516 729 τε
1536 704 1716 738 ἐφεπομένων
1731 704 1822 736 πεζῶν
1848 705 1898 731 καὶ

1103 748 1158 774 τῶν
1172 749 1422 784 συμπαραθεόντων
1440 750 1545 776 ἱππέων
1556 757 1563 764 ⁸
1580 750 1610 776 ού
1630 751 1685 785 γὰρ
1702 752 1718 785 ἡ
1732 750 1787 776 τῶν
1805 750 1898 776 ποδῶν

1104 793 1184 828 ὀδύνη
1200 793 1309 828 ἐλέγξαι
1319 795 1368 828 τὴν
1381 795 1429 829 τῆς
1443 794 1549 821 ἐκείνου
1561 794 1652 829 ψυχῆς
1669 795 1760 829 ἰσχύος
1787 803 1900 829 γενναι-

1105 839 1199 874 ότητα,
1213 839 1280 866 ἀλλὰ
1304 840 1405 874 κοῦφον
1426 842 1493 875 αὐτῇ
1508 841 1608 875 μᾶλλον
1622 842 1768 876 εἰργάσατο
1787 842 1819 869 τὸ
1833 850 1900 868 πτε-

1071 881 1092 910 Β
1110 885 1167 919 ρὺν,
1182 885 1229 911 καὶ
1249 885 1429 920 εὐτονώτερον
1442 886 1539 912 ἐποίει.

1141 931 1178 958 Z’.
1207 931 1298 965 Τριῶν
1326 931 1419 957 τοίνυν
1439 932 1554 968 ἡμερῶν
1579 933 1630 968 τὴν
1656 934 1759 968 μεταξὺ
1783 934 1902 969 πορείαν

1105 976 1266 1008 ἀνύσαντες,
1275 977 1315 1008 είς
1326 976 1429 1003 Σύναδα
1442 978 1519 1004 πόλιν
1527 979 1575 1013 τῆς
1585 979 1707 1014 Φρυγίας
1720 981 1900 1014 κατάγονται.

1111 1022 1244 1049 Ἐνταῦθα
1260 1023 1294 1049 τὰ
1310 1023 1473 1058 ’ίιλιοῖώρου
1500 1026 1653 1059 γράμματα
1677 1026 1816 1058 Διονύσιος
1834 1027 1903 1053 ἁνα-

1106 1068 1197 1102 γνοὺς,
1207 1067 1255 1093 καὶ
1264 1067 1338 1098 ὅπως
1350 1068 1452 1094 ἕκαστα
1463 1068 1518 1104 εἶχε
1529 1070 1634 1104 μαθὼν,
1645 1071 1683 1105 τῷ
1692 1072 1784 1106 οἰκείῳ
1795 1071 1902 1106 βήματι

1106 1114 1152 1140 τὸν
1169 1113 1295 1148 μάρτυρα
1319 1116 1556 1149 παραστήσας,Συ
1581 1114 1614 1148 εἴ,
1634 1118 1710 1152 φησι,
1740 1117 1901 1152 Τρόφιμοςς

1107 1159 1161 1185 Καὶ
1177 1159 1190 1184 ὀ
1205 1160 1321 1194 μάρτυς,
1339 1159 1419 1192 Ἐγὼ,
1431 1160 1620 1194 ἁποκρὶνεται,
1635 1161 1727 1193 δοῦλος
1742 1162 1769 1188 δε
1778 1162 1825 1188 τοῦ
1836 1163 1905 1195 Χρι-

1109 1204 1193 1239 σρτοῡ
1208 1205 1256 1231 τοῦ
1266 1205 1393 1240 ἀληθινοῦ
1403 1205 1481 1236 Θεοῦ,
1499 1207 1537 1238 εἰς
1551 1207 1580 1232 ὃν
1596 1207 1620 1233 οί
1638 1208 1852 1239 πεπιστευκότες
1870 1208 1903 1234 οὐ

1109 1251 1346 1285 καταισχύνονῖαι.
1357 1252 1389 1278 Τί
1400 1249 1445 1277 οὖν
1454 1253 1591 1287 ἐπιμένεις
1603 1253 1642 1279 ἔτι
1651 1255 1707 1285 τοῖς
1722 1254 1824 1286 αὐτοῖς,
1836 1254 1904 1288 ἔφη,

1109 1297 1157 1323 καὶ
1173 1299 1288 1331 μάταιον
1314 1297 1410 1324 τοῦτον
1425 1299 1572 1331 ἀνακαλεῖς
1596 1300 1725 1334 Χριστὸν,
1738 1299 1768 1331 ὃς
1791 1300 1904 1331 πολλοῖς

1110 1341 1198 1373 αίτιος
1211 1342 1327 1368 θανάτου
1338 1343 1486 1377 γεγένηται
1497 1351 1504 1374 ;
1526 1343 1596 1369 Ἀλλ’
1609 1345 1633 1370 εἰ
1645 1344 1693 1370 καὶ
1706 1345 1744 1379 μὴ
1755 1345 1902 1378 πρότερον,

1110 1386 1157 1413 νῦν
1176 1387 1243 1421 γοῦν
1267 1386 1318 1422 τῆς
1344 1387 1388 1414 ἐπ’
1416 1388 1498 1415 αὑτὸν
1524 1389 1673 1423 ἀφειμένος
1697 1389 1902 1424 πεποιθήσεως,

1111 1433 1193 1459 οὗσον
1210 1435 1265 1465 τοῖς
1284 1434 1368 1466 θεοῖς,
1380 1434 1427 1461 τὸν
1440 1435 1556 1461 θάνατον
1571 1435 1724 1469 διαφυγὼν,
1741 1437 1788 1462 καὶ
1802 1436 1905 1471 κέρδη-

1112 1487 1158 1505 σον
1173 1480 1223 1513 τὴν
1239 1479 1378 1514 παροῦσαν
1401 1480 1485 1514 ζωήν.
1498 1480 1528 1506 '0
1544 1482 1667 1514 γενναῖος
1691 1482 1782 1507 τοίνυν
1797 1481 1904 1509 ὑπολα-

1112 1525 1166 1552 ϐὼν
1184 1526 1336 1561 Τρόφιμος,
1346 1527 1467 1553 Θάνατον
1480 1527 1531 1560 μὲν
1544 1526 1598 1553 οὐδ’
1612 1527 1645 1554 ἂν
1656 1527 1758 1563 σφόδρα
1771 1528 1905 1564 βουλόμε-

1112 1581 1155 1603 νος
1171 1572 1298 1607 φύγοιμι,
1308 1573 1360 1607 ἔφη
1374 1581 1381 1588 ·
1395 1574 1419 1599 εἱ
1435 1572 1490 1607 γὰρ
1504 1573 1551 1600 καὶ
1572 1573 1609 1608 μὴ
1637 1574 1669 1600 σὺ
1685 1575 1789 1606 τοῦτον,
1812 1575 1870 1600 ἀλλ’
1888 1575 1906 1609 ὴ

1113 1618 1195 1653 φύσις
1224 1619 1320 1650 ἐπάξει
1349 1620 1468 1650 πάντως,
1485 1620 1531 1645 καὶ
1560 1619 1648 1654 ταύτῃ
1670 1620 1704 1646 τὰ.
1734 1621 1906 1655 ὀφειλόμενα

1114 1665 1300 1700 λειτουργήσω
1311 1665 1454 1700 ἄνθρωπος
1469 1666 1508 1692 ὥν
1522 1674 1529 1682 ι
1541 1666 1629 1698 ἔξεστι
1644 1666 1670 1692 δὲ
1680 1667 1754 1702 ζωὴν
1764 1667 1906 1703 ἐμπορεύ-

1114 1712 1213 1736 σασθαι
1227 1710 1322 1736 τούτου
1337 1710 1460 1746 διηνεκῆ,
1475 1711 1564 1745 πολλῷ
1577 1712 1615 1745 ιτς)
1634 1711 1737 1746 μεταξὺ
1755 1713 1804 1747 τὴν
1818 1715 1907 1748 πρίσ-

1113 1764 1209 1790 καιρον
1223 1756 1326 1790 ταύτην
1342 1758 1389 1783 καὶ
1406 1758 1524 1791 ῥέουσαν
1538 1758 1654 1791 κατάγει
1672 1759 1718 1785 τὸν
1729 1760 1780 1794 τῆς
1806 1760 1906 1794 ἡδονῆς

1114 1802 1193 1836 λόγον
1208 1803 1256 1829 καὶ
1271 1804 1320 1838 τῆς
1341 1804 1545 1839 μακαριότητος
1559 1804 1781 1840 ύπερὸαίνουσαν
1801 1807 1849 1832 καὶ
1861 1815 1908 1833 το-

1115 1848 1219 1881 σοῦτον,
1238 1848 1294 1883 ὅσῳ
1322 1848 1390 1883 μηδὲ
1417 1848 1551 1883 ὀφθαλμῷ
1571 1849 1605 1874 τὰ
1629 1849 1737 1884 ἐκείνης
1763 1849 1814 1885 τῆς
1831 1850 1907 1885 ζωῆς

1113 1894 1211 1928 ὀρλτὰ,
1225 1894 1293 1929 μηδὲ
1308 1894 1375 1920 ὠσὶν
1390 1895 1523 1925 ἀκουστὰ,
1539 1895 1654 1930 μηδ’ἐπὶ
1670 1894 1785 1930 καρδίαν
1797 1896 1909 1931 ἀνθρὼ-

1114 1948 1167 1966 που
1182 1940 1316 1975 ἀναϐῆναι
1339 1941 1489 1975 δυνάμενα.
1507 1941 1614 1976 Ταύτης
1644 1941 1701 1968 Strat
1735 1942 1820 1969 τανῦν
1849 1944 1909 1977 ἐγὼ

1115 1986 1270 2021 θερμότατα
1286 1987 1352 2022 ἑρᾷν
1367 1988 1417 2022 τῆς
1430 1987 1504 2022 ζωῆς
1516 1995 1523 2003 ·
1540 1988 1587 2014 καὶ
1600 1987 1703 2023 πολλὴν
1720 1989 1752 2014 ἄν
1768 1997 1809 2015 σοι
1825 1989 1908 2024 χάριν

1115 2033 1230 2067 εἰδείην,
1241 2032 1313 2059 οὕτω
1329 2041 1363 2068 με
1388 2032 1550 2066 σπεύδοντα,
1564 2034 1611 2060 καὶ
1630 2033 1714 2060 αὐτὸν
1732 2035 1792 2061 ἐκεῖ
1806 2036 1909 2070 διαδῆ-

1115 2087 1170 2110 ναι,
1182 2079 1213 2105 δι’
1230 2077 1315 2113 οὗπερ
1331 2078 1453 2109 ἀπειλεῖς
1471 2079 1586 2106 θανάτου
1599 2080 1747 2113 ἐπεὶγοντι.

1151 2125 1192 2151 Η’.
1210 2124 1340 2150 Ἐνταῦθα
1366 2124 1425 2155 ὅλος
1441 2124 1502 2150 κατ’
1517 2124 1600 2151 αὑτοῦ
1619 2127 1681 2152 πνεῖ
1693 2126 1849 2158 Διονύσιος·
1861 2130 1911 2155 καὶ

1116 2169 1223 2196 κελεύει
1247 2170 1279 2196 ἐκ
1297 2170 1439 2205 τεσσάρων
1456 2170 1619 2198 διαταθέντα
1647 2172 1726 2206 ἰμᾶσι
1743 2172 1805 2207 βοὸς
1831 2175 1909 2209 ὡμό-

273 2217 365 2246 berari
381 2226 388 2244 :
402 2222 429 2244 et
445 2217 577 2244 continuo
591 2216 656 2243 dum
672 2217 864 2245 verberaretur
876 2218 976 2252 (nescit
990 2221 1058 2246 enim

1117 2224 1196 2250 τερον
1217 2215 1378 2248 τύπτεσθαι,
1393 2217 1438 2242 καὶ
1451 2216 1614 2252 τυπτομένῳ
1626 2217 1708 2249 εὐθὺς
1719 2218 1760 2252 (οὐ
1771 2219 1828 2254 γὰρ
1842 2222 1911 2246 ἀνα-

273 2264 370 2292 vitium
386 2262 499 2291 diﬁ‘erre
519 2266 548 2290 et
565 2262 702 2298 cunctari)
727 2271 734 2289 :
764 2262 813 2290 Dic
833 2264 934 2295 solum,
962 2264 1064 2296 aiebat,

274 2309 435 2346 Trophime,
448 2309 502 2336 diis
517 2308 688 2340 sacriﬁcabo,
704 2313 733 2336 et
756 2309 828 2336 illico
840 2317 855 2336 a
870 2310 942 2337 malo
967 2309 1066 2338 libera-

273 2358 358 2385 beris.
372 2357 420 2384 Ille
437 2360 530 2384 autem
547 2357 628 2383 verba
642 2356 717 2383 illius
731 2357 916 2388 existimabat,
935 2361 1064 2392 tanquam

275 2411 371 2431 vocem
386 2403 527 2438 spinarum
551 2403 602 2430 sub
624 2403 724 2430 lebete.
747 2401 856 2430 Sciebat
884 2403 969 2435 enim,
993 2404 1066 2439 quod

275 2453 379 2484 quanto
391 2449 516 2484 graviora
534 2455 628 2476 essent
644 2456 693 2475 sua
709 2449 872 2481 certamina,
888 2454 964 2477 tanto
975 2457 1005 2476 se
1026 2450 1067 2476 vi-

276 2500 380 2522 ctorem
397 2494 520 2521 futurum
530 2494 686 2524 clariorem,
703 2498 730 2521 et
744 2501 777 2520 eo
789 2494 1002 2529 splendidiorem
1016 2495 1066 2521 ba-

276 2540 399 2568 bitttrum
409 2547 550 2567 coronam.
565 2540 635 2572 Quid
645 2547 710 2575 ergo
721 2539 786 2568 facit
800 2541 862 2567 ille?
873 2541 900 2567 In
910 2549 971 2568 eum
987 2548 1066 2568 exco-

277 2586 345 2622 gitat
365 2592 467 2612 novum
483 2584 594 2612 modum
612 2584 781 2616 insidiarum,
803 2589 831 2611 ut
853 2585 983 2612 inusitato
1000 2592 1066 2619 sup-

276 2632 360 2668 plicio
378 2631 553 2667 perturbaret
576 2630 716 2657 athletam.
747 2630 815 2657 Cum
841 2635 946 2658 acetum
979 2630 1068 2665 sinapi

277 2682 522 2714 contemperasset,
565 2677 685 2705 infundit
718 2676 831 2704 naribus
855 2676 989 2711 martyris.
1022 2676 1068 2704 Ille

276 2729 368 2753 autem
380 2729 475 2760 aperte
490 2724 609 2752 ostendit
621 2731 650 2751 se
671 2723 773 2750 ttullattt
798 2723 911 2750 omnino
931 2722 1068 2757 accepisse

277 2769 456 2797 mutationem
470 2777 503 2796 ex
516 2768 693 2796 acerbissima
708 2767 752 2794 illa
779 2766 990 2800 temperatione.
1014 2766 1068 2794 De-

278 2815 363 2842 decus
383 2822 448 2850 ergo
471 2822 527 2842 non
555 2814 648 2841 ferens
675 2812 819 2843 scelestus,
850 2811 923 2846 ligno
951 2811 1069 2847 alligavit

282 2861 412 2887 athletam
426 2868 474 2894 per
489 2867 547 2894 eos,
562 2860 608 2894 qui
633 2858 819 2886 inserviebam
839 2857 899 2892 ejus
920 2857 1067 2893 iniquitati,

1117 2261 1264 2288 ϐάλλεσθαι
1292 2260 1364 2288 οἶδεν
1395 2263 1411 2297 ἡ
1440 2262 1526 2289 κακία
1555 2263 1602 2289 καὶ
1627 2263 1911 2300 διαμέλλειν),Θῦσον

1119 2307 1211 2341 μόνον,
1226 2306 1361 2341 Τρόφιμε,
1380 2307 1426 2332 ἐπὶ
1436 2309 1490 2339 τοῖς
1515 2308 1596 2341 θεοῖς,
1621 2310 1635 2335 ὀ
1658 2310 1770 2344 ἡγεμὼν
1786 2312 1909 2344 ἐπεϐόα,

1117 2353 1165 2379 καὶ
1180 2352 1228 2379 τοῦ
1241 2352 1327 2378 κακοῦ
1341 2353 1522 2389 ἁπαλλαγήσῃ
1545 2355 1658 2382 αὐτίκα.
1675 2356 1705 2381 '0
1719 2355 1747 2381 δὲ
1762 2355 1800 2388 ὡς
1815 2357 1911 2392 φωνὴν

1117 2399 1244 2426 ἀκανθῶν
1271 2399 1324 2425 ὑπὸ
1347 2399 1459 2434 λέϐητα,
1483 2400 1555 2427 οὕτω
1584 2402 1647 2432 τοὺς
1677 2402 1783 2428 ἐκείνου
1810 2403 1910 2438 λόγους

1118 2445 1225 2479 ἠγεῖτο·Δ
1231 2443 1290 2479 ᾔδει
1301 2444 1355 2478 γὰρ
1363 2444 1419 2478 ὅσῳ
1427 2443 1490 2478 χαλε
1496 2446 1628 2479 πωτέροις
1638 2445 1752 2471 ὲπάλαιε
1759 2465 1767 2477 ,
1781 2446 1813 2471 λα
1816 2447 1910 2481 μπρό-

1117 2499 1195 2525 τερος
1213 2490 1334 2516 τοσούτω
1354 2490 1499 2524 γενόμενος
1525 2491 1699 2526 στεφανίτης.
1712 2490 1746 2518 Τί
1771 2489 1820 2518 οὖν
1836 2493 1911 2518 ἐκεῖ·

1118 2544 1163 2566 νος
1179 2537 1267 2568 ποιεῖς
1284 2536 1384 2562 Καινὺν
1409 2536 1556 2570 ἑπιὸουλῆς
1576 2537 1679 2563 ἐπινοεί
1702 2538 1806 2572 τρόπον
1822 2539 1909 2573 αὐτῷ,

1120 2582 1164 2608 ἵνα
1183 2582 1221 2617 τῷ
1247 2582 1409 2617 ἀμελετήτῳ
1437 2583 1485 2608 καὶ
1501 2582 1581 2617 ἀήθει
1600 2583 1649 2618 τῆς
1669 2585 1805 2619 τιμωρίας
1829 2585 1911 2620 θορυ-

1120 2628 1191 2664 εή-ιῃ
1209 2629 1255 2654 τὸν
1276 2627 1417 2662 ἀθλητήνο
1441 2628 1501 2659 δξος
1524 2628 1615 2654 τοίνυν
1635 2629 1757 2665 κεράσας
1781 2632 1841 2662 τοις
1859 2630 1908 2658 τοῦ

1121 2674 1259 2709 μάρτυρος
1271 2675 1360 2709 ἐπιχεῖ
1376 2675 1531 2710 μυκτῆρσιν
1541 2682 1550 2690 ’
1562 2676 1577 2701 ὁ
1588 2674 1618 2701 δὲ
1631 2677 1678 2702 καὶ
1689 2675 1761 2702 οὕτω
1774 2676 1857 2711 δῆλος
1877 2675 1911 2713 ἧν

1121 2719 1182 2754 μηδ’
1213 2719 1357 2753 ἡντιναοῦν
1384 2719 1536 2755 μεταόολὴν
1571 2719 1624 2747 ὑπὸ
1665 2720 1712 2747 τοῦ
1741 2721 1912 2756 δριμυτάτου

1120 2766 1261 2800 κράματος
1277 2765 1383 2791 ἐκείνου
1411 2765 1516 2792 παθών.
1538 2766 1596 2792 οὐκ
1613 2766 1736 2800 ἐνεγκὼν
1751 2767 1847 2793 τοίνυν
1861 2768 1913 2806 τὴν

1119 2810 1251 2845 αἰσχύνην
1265 2812 1279 2836 ὸ
1296 2811 1412 2846 πονηρὸς
1430 2811 1500 2846 ξύλῳ
1517 2811 1563 2839 τὸν
1577 2806 1698 2848 ἀθλητὴν
1712 2813 1756 2839 aut
1771 2813 1829 2839 τῶν
1838 2814 1911 2848 ὑπη-

1122 2857 1292 2893 ρετουμένων
1325 2858 1406 2885 αὑτοῦ
1418 2859 1452 2893 τῇ
1482 2858 1642 2894 παρανομίᾳ
1670 2859 1834 2894 προσέδησε,
1863 2861 1911 2888 καὶ
