2047 3152
149 159 200 193 τιι

559 160 794 192 MARTYRIUM
813 161 844 191 S.
863 160 1056 191 TROPHIMI
1075 162 1123 192 ET
1142 162 1348 194 SOCIORUM.

1719 165 1772 197 ἨΞ

148 215 303 247 καταξὰνας
322 215 371 247 τὰς
390 215 520 250 πλευρὰς,
542 216 590 243 καὶ
606 216 716 251 βαθείας
732 217 761 243 ἐν
776 216 872 247 αὐταῖς
887 223 931 242 τι·

982 221 1009 242 et
1021 216 1103 244 latera
1118 216 1258 245 dilauiavit
1275 227 1281 244 :
1299 222 1325 244 et
1342 225 1402 245 cum
1419 217 1446 246 in
1460 218 1500 246 eis
1519 218 1667 254 profundos
1681 221 1771 248 Iulios

149 262 206 297 μὼν
221 261 356 293 αὖλακας.
368 262 492 296 αἱμάτων
510 263 659 298 λκατήγαγι
686 262 837 298 ποταμούς.
861 263 890 289 '0
905 263 933 289 δὲ

147 308 202 341 tot,»
216 307 318 342 μᾶλλον
333 307 404 342 ἡροη
420 307 470 342 τῆς
489 309 551 344 γῆς,
565 309 687 342 τοσούτῳ
701 309 794 335 πλεῖον
811 308 932 343 ἐγγίζειν

147 352 236 379 ἐδόκει
252 352 313 387 Θεῷ
326 360 333 368 ·
349 354 410 385 καὶ,¹
425 353 525 380 Πολλαὶ
540 354 568 380 αἱ
585 354 701 388 θλίψεις,
725 355 811 388 ἔλεγε,
826 354 881 381 τῶν
896 354 935 380 δι-

147 398 246 431 καίων,
262 399 311 424 καὶ
329 399 361 425 ὲκ
377 398 472 425 πασῶν
494 399 584 426 αὐτῶν
600 400 711 434 ῥύσεται
728 400 825 431 αὐτοὺς
839 400 853 426 ὁ
876 400 934 425 Κύ-

148 453 218 481 ριος.
240 445 377 477 Διονύσιος
392 445 433 478 δὲ,
455 446 556 472 τούτων
569 445 687 477 ἀκούσας
701 466 708 479 ,
731 445 763 473 Ἦ
784 446 886 481 ματαία
904 453 932 472 σε

146 492 218 525 αὕτη
234 491 322 526 ἐλπὶς,
339 491 409 524 εἷπε,
428 493 579 528 Τρόφιμος,
596 492 644 518 καὶ
662 492 826 526 κουφολογία
839 492 933 524 κακῶς

145 536 253 564 ἁπολεί²
266 538 307 568 τίς
327 538 382 572 γάρ
396 546 435 564 σοι
461 538 507 564 καὶ
522 538 576 563 ἀπὸ
593 537 648 564 τῶν
673 536 776 563 ὀδυνῶν
796 537 857 571 ἥξει
877 537 932 563 τῶν

144 583 290 616 παρόντων
300 585 448 619 ῥυσόμενος
457 592 466 617 ;
474 583 532 611 ἀλλ’
545 583 639 615 ἐάσας,
649 583 785 618 παραινῶ,
795 583 828 609 τὰ
836 591 871 609 πο
876 583 931 616 λλὰ,

144 630 191 655 καί
223 629 274 664 τὴν
295 629 378 664 κενὴν
393 629 426 664 ἢν
444 629 532 663 λέγεις
548 628 736 664 εὐδαιμονίαν,
750 627 831 654 θῦσον
848 636 933 663 προσ-

107 700 111 702 ,
143 674 230 701 ελθὼν
253 676 308 705 τοῖς
325 675 397 706 θεοῖς
413 682 421 689 ⁸
435 675 505 702 οὕτω
524 675 579 710 γὰρ
608 675 640 702 ἂν
659 675 743 709 ὀνήσῃ
771 675 867 701 σαυτὸν
886 674 933 700 καὶ

143 722 194 748 οὐκ
222 722 333 753 ἄλλως,
355 722 433 748 Ἐπεὶ
468 721 555 748 ταῦτα
586 721 668 756 ψόφοι
696 722 776 756 μόνον
800 720 854 746 eiul.
878 720 933 746 τῶν

143 765 221 792 ὢτων
237 767 447 801 καταχεόμενοι.
462 766 579 793 Τούτων
608 767 711 798 ἐκεῖνος
728 765 836 792 ἀκούων
850 774 932 792 κατε-

142 812 211 846 γέλα
225 814 274 847 τῆς
287 813 333 839 τοῦ
343 813 477 848 ἡγεμόνος
489 813 666 847 κακουργίας.
680 812 734 839 Καὶ
746 814 796 838 οὒκ
811 812 844 838 ἄν
857 820 932 845 ποτε,

142 857 230 890 εἶπεν,
247 860 276 885 ὲν
290 859 412 893 ἐμαυτῷ,
428 858 560 891 Διονύσιε,
573 858 622 890 ὢν,
636 858 682 884 τὸν
699 857 764 893 ὲμδν
794 857 870 891 Θεὸν,
887 858 932 884 τὸν

984 262 1170 292 dissecuisset.
1191 263 1331 298 sanguinis
1349 264 1460 291 deduxit
1480 262 1588 292 ﬂuvids.
1616 265 1662 294 Ille
1678 271 1770 294 autem

984 314 1038 342 quo
1051 308 1131 335 altius
1145 308 1270 336 sublatus
1283 314 1341 336 erat
1352 317 1367 337 e
1384 315 1465 341 terra,
1478 319 1510 338 eo
1526 313 1611 346 magis
1629 313 1771 340 videbatur

985 353 1040 380 Deo
1051 361 1110 381 esse
1119 355 1287 389 propinquus
1299 363 1305 381 :
1317 359 1354 387 et,
1368 355 1467 388 Multa,
1480 356 1599 389 dicebat,
1611 357 1770 387 amictiones

981 398 1127 433 justorum,
1139 404 1166 426 et
1175 407 1207 427 ex
1218 400 1257 428 eis
1268 401 1394 428 omnibus
1406 401 1531 429 liberabit
1544 410 1591 429 eos
1603 402 1733 431 Dominus
1743 406 1765 433 ‘.

984 443 1129 479 Dionysius
1138 449 1228 472 autem
1239 453 1301 472 cutn
1314 446 1372 473 hmc
1385 446 1534 473 audivisset
1548 456 1554 474 :
1570 447 1642 475 Vana
1657 453 1683 476 te
1696 458 1770 483 spes,

984 488 1082 523 inquit.
1097 489 1257 525 Trophime,
1272 495 1300 518 et
1320 490 1388 518 levis
1400 491 1528 526 cogitatio
1541 492 1611 520 male
1632 494 1765 527 perdunt.

983 533 1048 565 Quis
1063 534 1136 561 enim
1152 535 1185 562 ad
1197 539 1223 562 te
1237 535 1327 563 veniet
1339 543 1354 563 e
1366 536 1453 569 caelis,
1468 544 1482 564 a
1498 538 1677 571 praesentibus
1694 539 1772 566 malis

983 579 1231 609 liberaturus?Scd
1253 583 1349 615 multa,
1370 582 1417 610 tibi
1437 583 1548 616 suadeo,
1575 586 1657 611 verba
1677 585 1771 612 dimit-

984 629 1056 658 tens,
1078 630 1106 653 et
1123 635 1231 659 vanam,
1247 635 1326 663 quam
1348 629 1427 662 dicis,
1448 629 1617 662 felicitatem,
1638 630 1772 658 accedens

983 670 1034 697 diis
1053 672 1186 700 sacriﬁca.
1203 672 1248 700 Sic
1265 673 1338 700 enim
1354 674 1401 700 tibi
1417 675 1552 709 proderis.
1567 681 1593 702 et
1607 683 1661 702 non
1680 676 1770 704 aliter.

981 715 1049 744 Nam
1067 717 1124 745 haec
1137 722 1201 745 sunt
1220 719 1310 746 solum
1328 720 1469 754 strepitus,
1487 721 1532 755 qui
1549 721 1730 748 eﬂ'unduntttr
1745 722 1773 749 in

981 769 1070 790 aures.
1086 763 1133 790 His
1149 763 1193 790 ille
1217 765 1328 796 auditis,
1346 765 1477 792 irridebat
1501 766 1624 800 prasidts
1639 767 1772 802 improbi-

983 811 1075 840 tatem.
1086 814 1114 835 et
1124 818 1129 836 :
1139 808 1293 844 Nunquam,
1304 811 1430 844 aiebat.{o
1440 811 1560 847 Dionysi,
1571 812 1634 840 dum
1645 820 1692 840 ero
1700 814 1772 848 apud

982 862 1036 886 me.
1051 863 1141 882 meum
1154 855 1248 888 Deum.
1262 857 1307 891 qui
1320 863 1360 884 est
1372 865 1452 884 verus
1465 862 1492 884 et
1503 859 1590 891 vivus,
1604 860 1770 894 negaverim.

142 904 245 937 (dun,
259 904 305 930 τὸν
317 905 415 940 ἀληθῆ,
427 904 610 939 ἀρνησαίμην.
629 903 714 938 Εἴπερ
741 900 788 929 οὖν
815 911 856 929 σοι
884 903 931 930 καὶ

983 898 1010 925 Si
1022 904 1063 926 est
1076 907 1140 934 ergo
1151 901 1197 928 tibi
1212 901 1290 929 facile
1303 902 1498 930 transfurmare
1512 903 1647 938 homines,
1661 909 1690 932 et
1706 905 1773 933 alios

143 950 347 984 μεταπλάττειν
356 949 514 986 ἀνθρώπους
528 950 618 985 ρᾁιον
626 969 634 982 ,
645 950 692 976 καὶ
702 949 798 980 ἄλλους
808 948 837 981 ἐξ
846 949 932 975 ἄλλων

142 997 241 1028 ποιεῖν,
259 996 396 1032 προσδόκα
421 1004 448 1022 τι
468 994 533 1031 παρ’
561 995 629 1030 ἐμοῦ
645 995 691 1022 καὶ
721 995 776 1021 τῶν
803 995 933 1021 ἐναντίων

143 1043 208 1074 lato;
223 1043 350 1069 ἀκοῦσαι·
365 1042 401 1073 ὡς
415 1043 501 1076 ἔγωγε
515 1043 528 1068 ό
542 1042 623 1073 αὐτὸς
637 1041 776 1077 Τρόφιμος
788 1041 932 1076 ὑπάρχων,

141 1087 239 1123 ὥσπερ
255 1088 287 1124 δὴ
302 1091 350 1114 καὶ
369 1087 416 1114 νῦν
429 1089 499 1122 ειμι,
522 1087 618 1114 θᾶττον
633 1087 804 1122 ἐπιλάθωμαι
820 1087 867 1113 τοῦ
886 1086 932 1113 ἆν-

143 1135 255 1170 θρωπος
269 1132 338 1160 εἰναι
351 1133 367 1169 ἢ
382 1134 428 1161 τὸν
441 1134 539 1160 οἰκεῖον
565 1133 702 1168 Δεσπότην
731 1133 779 1160 καὶ
796 1135 932 1168 Δημιουρ-

143 1182 191 1215 γδν
207 1182 385 1216 ἀγνοήσαιμι.

178 1226 219 1253 Θ’.
230 1227 285 1252 Kal.
300 1227 314 1252 ό
328 1225 439 1261 ἡγεμών
449 1233 455 1241 ³
470 1225 576 1259 Ὠσπερ
592 1225 616 1250 εί
628 1224 816 1260 παρῃνοῦμεν,
829 1224 931 1260 Τρῦφι-

145 1282 207 1309 μος,
223 1274 261 1308 μὴ
276 1272 429 1307 ἀποστῆναί
451 1280 481 1298 σε
498 1272 547 1307 τῆς
563 1271 718 1306 ὁμολογίας,
729 1271 798 1297 ἀλλὰ
811 1273 866 1301 τοῖς
883 1271 932 1297 αὑ-

143 1321 199 1351 τοῖς
216 1319 348 1353 ἐμμένειν
364 1319 411 1345 καὶ
425 1318 472 1345 Ιιοῦ
499 1316 718 1352 Χριστιανισμοῦ
740 1316 931 1352 περίσχεσθαι,

144 1362 216 1389 οὕτω
233 1362 302 1398 πρὸς
318 1363 392 1397 ἡμᾶς
409 1361 556 1396 ἀποκρίνῃ.
574 1362 629 1388 Καὶ
647 1363 710 1393 τοὺς
732 1361 846 1396 δημίους
868 1363 931 1388 ἐπι-

145 1409 290 1444 στραφεὶς,
304 1408 496 1443 Σφοδρότερον,
509 1408 612 1442 ἔλεγεν,
624 1407 651 1433 εἴ
660 1416 719 1439 πως
733 1407 781 1442 ὀψὲ
791 1406 855 1441 γοῦν
866 1406 932 1432 ταύ-

143 1464 194 1490 της
207 1455 346 1489 ἀποσταίη
361 1454 410 1488 τῆς
419 1454 562 1489 φλυαρίας.
582 1453 611 1480 ’0
622 1454 650 1480 δὲ
665 1454 768 1488 ἔπασχε
779 1453 829 1488 μὲν
843 1453 889 1479 καὶ
902 1452 932 1479 τὸ

145 1501 226 1535 σῶμα
237 1501 391 1527 ἐδαπανᾶτο
403 1507 410 1515 ’
426 1500 533 1534 ἦκμαζε
547 1499 574 1526 δὲ
598 1499 645 1525 καὶ
670 1499 798 1525 ἁνὲοαλλε
816 1499 848 1534 τῇ
865 1506 933 1533 προ-

144 1546 247 1582 θυμίᾳ*
263 1547 310 1573 καὶ
324 1546 424 1580 θερμὸν
440 1543 495 1571 οἷον
512 1545 582 1581 ὑπὲρ
595 1544 736 1574 εὑσεὸείας
758 1543 845 1570 ἔπνει.
867 1545 932 1570 Δια-

144 1594 254 1626 παίζων
280 1594 370 1619 τοίνυν
396 1593 441 1618 τὸν
470 1593 580 1627 ἂνδραὸ
598 1591 720 1626 ἡγεμὼν,
741 1591 833 1621 Οῦπω,
853 1591 931 1626 φησι,

143 1641 241 1676 ῇπθου,
251 1640 386 1675 Τρόκριμι,
400 1638 454 1665 τῶν
467 1638 590 1673 βασάνων
601 1646 608 1671 ;
619 1639 673 1664 Καὶ
683 1639 697 1664 ό
708 1638 811 1673 μάρτυς
823 1638 932 1670 αὐτίκα,

144 1689 176 1715 Σὲ
194 1687 297 1722 μᾶλλον
307 1684 376 1720 οῖδα,
391 1685 455 1720 ἔφη,
471 1684 518 1711 τοῦ
532 1683 635 1715 πάθους
646 1683 837 1710 αἰσθάνεσθαι·
853 1683 933 1718 δῆλος

143 1734 198 1767 γὰρ
212 1731 238 1758 εἴ
258 1732 317 1758 λίαν
335 1730 387 1757 ὑπὸ
401 1729 446 1756 τοῦ
462 1729 550 1763 θυμοῦ
575 1728 808 1764 τυραννούμενος·
824 1728 888 1763 ἐμοὶ
904 1728 932 1754 δὲ

143 1779 198 1813 δη»
220 1779 252 1805 τὸ
278 1778 357 1812 σῶμα
381 1775 588 1808 καταναλοῦται,
606 1775 726 1809 τοσούτῳ
761 1775 854 1802 λύεται
878 1774 932 1801 τῶν

145 1824 252 1859 δεσμῶν
264 1824 312 1850 καὶ
330 1822 359 1849 τὸ
376 1822 435 1849 ὅλον
450 1821 655 1856 ἐλευθεροῦται,
668 1821 715 1847 χαὶ
737 1820 862 1854 θειοτέρα
889 1820 933 1854 γί-

144 1879 220 1897 νεται
247 1871 264 1904 ὴ
279 1869 411 1903 ψυχή,οὺ
427 1870 481 1901 γὰρ
498 1869 616 1902 μένουσα
639 1869 667 1892 ἐν
682 1866 721 1901 τῷ
738 1865 844 1900 σώματι
871 1874 934 1891 συν-

146 1916 326 1951 αποθνήσκει,
337 1914 404 1940 αλλὰ
424 1916 492 1948 πρὸς
507 1914 541 1940 τὲι
557 1913 711 1947 ποθούμενα
730 1912 871 1944 διαϐαίνει,
887 1911 933 1938 καὶ

143 1964 190 1990 τὴν
206 1963 305 1989 οἰκεῖον
324 1961 514 1995 ἁπολαμὸανει
528 1959 638 1994 λλῆρον.
658 1957 687 1984 '0
704 1959 753 1993 μὲν
780 1955 826 1984 οὖν
846 1957 933 1983 ταῦτα

144 2010 240 2044 ἔλεγεν
252 2017 259 2024 ·
278 2009 303 2034 οἱ
322 2007 414 2041 δημιοι
425 2007 454 2032 δὲ
468 2005 602 2040 ἀλλήλους
621 2005 648 2031 ὲν
663 2005 701 2039 τῷ
714 2004 784 2036 ξέειν
811 2003 932 2038 διαδεχό-

146 2065 235 2091 μενοι,
248 2055 402 2091 βαρυτέρας
427 2053 502 2088 αὐτῷ
529 2052 575 2082 τὰς
600 2051 695 2082 ὀδύνας
721 2050 843 2084 ἐπῆγον·
863 2050 878 2075 ὁ
894 2049 932 2081 δὲ,

151 2101 313 2135 ἰςπὶδλεψον
325 2100 355 2132 ὲξ
373 2098 488 2133 οὐρανοῦ
502 2098 549 2123 καὶ
562 2095 642 2132 ῥῦσαί
655 2104 701 2130 με,
712 2097 725 2122 δ
739 2095 815 2127 Θεὸς,
828 2094 931 2128 ἔλεγεν,

144 2149 178 2174 ὲκ
194 2148 241 2181 τῆς
260 2146 372 2180 παγίδος
397 2145 451 2171 τών
476 2144 660 2179 θηρευάντων·
683 2143 724 2167 ὅτι
744 2141 775 2166 αἱ)
791 2139 814 2166 sl
833 2141 849 2174 ὴ
864 2140 931 2165 ὐπο-

146 2195 214 2229 μονή
243 2201 305 2228 μου,
331 2193 428 2226 Κύριε.
462 2189 517 2216 Καὶ
547 2189 633 2222 τούτῳ
660 2187 730 2221 ψιλῷ
767 2187 805 2221 τῷ
829 2187 930 2222 ῥήματι

984 944 1074 972 facere
1087 954 1119 973 ex
1135 946 1204 978 aliis,
1217 953 1344 982 exspecta
1360 948 1427 981 fore,
1437 953 1466 975 ut
1481 958 1513 977 ex
1533 958 1576 976 me
1591 951 1691 985 aliquid
1703 951 1773 980 forte

982 990 1078 1017 audias
1088 993 1263 1020 contrarium.
1277 993 1342 1020 Nam
1355 1002 1406 1028 ego
1417 995 1526 1028 quidem
1535 995 1600 1022 dum
1611 1004 1671 1023 smn
1686 997 1771 1030 idem,

983 1037 1028 1071 qui
1046 1044 1129 1070 nunc,
1146 1037 1320 1072 Trophimus,
1338 1040 1485 1067 obliviscar
1499 1042 1581 1068 citius
1600 1049 1662 1069 esse
1678 1042 1771 1075 homo.

983 1089 1063 1117 quam
1087 1091 1178 1111 meum
1198 1085 1378 1119 ignoraverim
1399 1086 1543 1113 Dominum
1561 1091 1587 1114 et
1605 1086 1771 1116 Creatorem.

1018 1227 1065 1255 υι.
1087 1227 1189 1256 Prmes
1207 1233 1297 1256 autem
1316 1237 1324 1257 :
1342 1228 1460 1256 Perinde
1481 1229 1560 1257 nobis
1577 1231 1738 1266 respondes,
1755 1241 1772 1260 ο

984 1273 1143 1309 Trophime,
1156 1279 1237 1309 atque
1250 1274 1272 1301 si
1293 1275 1339 1301 libi
1353 1275 1545 1308 suaderemus,
1566 1285 1620 1304 non
1638 1277 1770 1306 desistere

983 1328 998 1348 a
1013 1320 1198 1352 confessione.
1223 1321 1270 1348 sed
1296 1321 1322 1348 in
1342 1322 1446 1356 eisdem
1463 1330 1649 1357 perseverare,
1663 1329 1691 1351 et
1711 1332 1771 1352 am-

982 1366 1063 1401 plecti
1079 1365 1328 1393 Christianismum.
1346 1366 1381 1392 Et
1403 1374 1553 1394 conversus
1578 1367 1610 1394 ad
1636 1367 1768 1395 lictores:

983 1411 1187 1442 Vehementius,
1202 1412 1301 1446 inquit,
1315 1412 1337 1439 si
1353 1414 1489 1446 quomodo
1504 1413 1611 1440 tandem
1624 1414 1658 1440 ab
1671 1414 1713 1441 his
1723 1414 1772 1441 des

982 1459 1058 1486 sistat
1071 1459 1159 1494 nugis.
1174 1459 1219 1485 Ille
1232 1465 1322 1486 autem
1339 1459 1492 1494 patiebatur
1501 1460 1621 1494 quidem,
1633 1466 1660 1488 et
1670 1468 1770 1495 corpus

982 1505 1007 1531 ei
1031 1505 1245 1532 Consulitebatur
1260 1513 1269 1531 :
1285 1505 1392 1540 vigebat
1409 1513 1473 1532 vero
1493 1513 1526 1532 ac
1551 1505 1663 1533 ﬂorebat
1685 1507 1768 1533 alacri

945 1566 967 1597 Ο
983 1556 1162 1586 promptaque
1178 1551 1260 1579 animi
1286 1552 1388 1585 studio,
1403 1557 1430 1579 et
1448 1560 1496 1586 pro
1519 1552 1621 1586 pietate
1645 1553 1771 1580 decerta-

984 1598 1031 1624 bat
1057 1598 1244 1624 vehementer.
1272 1598 1339 1624 Eum
1364 1603 1454 1624 autem
1478 1598 1618 1625 Iudtﬁcatts
1639 1606 1740 1633 praeses
1764 1609 1770 1626 :

984 1644 1120 1675 Nondum,
1139 1645 1238 1679 inquit,
1264 1644 1386 1675 sensisti,
1401 1652 1418 1671 o
1438 1643 1598 1678 Trophime,
1616 1644 1773 1672 tormenta?

983 1689 1083 1724 Martyr
1098 1695 1188 1717 autem
1206 1697 1212 1717 :
1228 1689 1297 1722 .Iam,
1314 1689 1413 1724 inquit,
1429 1689 1486 1716 scio
1504 1694 1530 1716 te
1557 1690 1642 1725 magis
1668 1692 1772 1718 sentire

984 1736 1186 1771 perpessionem
1205 1743 1213 1762 :
1241 1739 1334 1770 aperte
1353 1736 1427 1762 enim
1449 1735 1582 1765 ostendis,
1599 1736 1665 1763 iram
1693 1737 1721 1763 in
1746 1741 1774 1764 te

984 1789 1108 1817 magnam
1119 1789 1245 1809 exercere
1258 1781 1440 1816 tyrannidem.
1457 1782 1522 1809 Mihi
1539 1790 1603 1809 vero
1614 1790 1670 1817 qtto
1688 1783 1772 1818 magis

984 1834 1084 1861 corpus
1107 1827 1286 1858 consumitur,
1309 1834 1343 1854 eo
1370 1826 1454 1862 magis
1479 1827 1593 1854 solvitur
1610 1835 1625 1854 a
1643 1829 1770 1858 vinculis.

984 1872 1169 1906 Iiberaturque
1180 1872 1303 1904 omnino,
1315 1876 1342 1898 et
1354 1871 1480 1898 ﬂtanima
1490 1872 1618 1898 divinior.
1629 1872 1687 1899 Non
1700 1873 1772 1899 enim

984 1924 1097 1944 manens
1124 1917 1150 1944 in
1177 1925 1291 1952 corpore
1315 1925 1367 1943 una
1390 1925 1451 1944 eum
1473 1924 1506 1943 eo
1532 1918 1648 1944 moritur
1684 1927 1691 1944 :
1724 1919 1773 1945 sed

986 1962 1084 1989 transit
1098 1961 1132 1988 ad
1147 1968 1179 1988 ea
1204 1969 1264 1995 quae
1281 1961 1414 1988 desiderat
1426 1979 1434 1993 ,
1451 1965 1477 1987 et
1506 1962 1640 1995 propriam
1672 1962 1769 1996 recipit

985 2007 1182 2035 haereditatem.
1209 2006 1254 2033 Ille
1278 2006 1388 2041 quidem
1419 2006 1476 2032 haec
1501 2005 1609 2032 dicebat
1632 2014 1638 2036 ;
1662 2005 1773 2033 lictores

984 2058 1074 2081 autem
1090 2061 1119 2080 se
1132 2053 1249 2080 invicem
1267 2053 1335 2079 alter
1348 2051 1462 2079 alterum
1477 2051 1655 2086 excipientes,
1671 2051 1695 2078 ei
1711 2059 1772 2087 gra-

984 2099 1074 2126 viores
1095 2098 1204 2125 dolores
1225 2098 1385 2125 aﬂerebant.
1407 2096 1452 2124 Ille
1476 2102 1567 2124 autem
1586 2105 1593 2124 :
1617 2097 1717 2132 Aspice
1737 2097 1770 2124 de

983 2145 1064 2177 caelo,
1077 2149 1159 2172 etme
1173 2144 1267 2176 libera,
1281 2143 1398 2176 dicebat,
1413 2143 1494 2176 Deus,
1507 2144 1540 2170 de
1554 2143 1653 2178 laqueo
1668 2151 1769 2170 venan-

984 2191 1062 2218 tium.
1086 2190 1218 2223 Quoniam
1235 2195 1262 2216 tu
1287 2197 1316 2216 es
1333 2190 1465 2224 patientia
1483 2197 1553 2221 mea,
1574 2188 1717 2216 Domine'.
1740 2188 1772 2215 Et

144 2243 230 2269 πολλὰ
245 2241 293 2275 τὴι
307 2240 354 2266 τοῦ
366 2238 499 2273 ἡγεμόνος
515 2237 630 2270 ἔπληττε
655 2234 787 2269 κεφαλὴν,
797 2235 844 2260 καὶ
860 2234 930 2260 κατὰ

984 2237 1035 2264 hoc
1050 2237 1106 2264 solo
1123 2237 1207 2263 Verbo
1221 2235 1297 2262 valde
1311 2235 1444 2270 percussit
1454 2239 1535 2269 caput
1552 2234 1687 2269 praesidis,
1702 2238 1729 2261 et
1744 2234 1770 2260 in

143 2289 193 2323 τῆς
209 2287 348 2322 μακαρίας
367 2284 462 2311 ἑαυτοῦ
477 2283 598 2317 κεφαλῆς
620 2282 684 2317 ὃλην
699 2281 806 2307 ἐκείνου
822 2280 871 2315 τὴν
890 2280 933 2306 δᾴ·

145 2344 230 2370 ναμιν
243 2335 290 2359 καὶ
306 2333 356 2366 τὴν
373 2330 470 2365 μανίαν
487 2330 580 2356 ἐκίνει.
597 2327 706 2362 Ἀμέλει
729 2328 775 2352 καὶ
796 2326 861 2357 ἃλας
892 2327 933 2357 εἰς

144 2380 204 2412 δξος
219 2377 358 2413 ἐμϐαλὼν,
373 2377 420 2402 καὶ
431 2376 480 2409 τὴν
504 2374 608 2401 ἐκείνου
621 2373 774 2407 δριμύτητα
785 2372 818 2406 τῇ
832 2371 934 2396 τούτων

144 2426 220 2460 ἅψῃ
235 2425 368 2458 κεράσας,
381 2422 436 2448 τῶν
453 2420 499 2447 τοῦ
515 2420 652 2455 μάρτυρος
667 2418 776 2445 ἐκέλευε
791 2416 934 2451 καταχέειν

144 2472 310 2507 τραυμάτων
322 2489 330 2501 ,
343 2468 429 2502 ταύτῃ
445 2467 515 2493 ἑλεῖν
534 2467 580 2492 τὸν
604 2465 655 2500 τῆς
667 2463 816 2499 εεύσεὸείας
834 2462 942 2496 ἀγωνιέ

145 2519 211 2553 culp
228 2517 363 2551 οἰόμενος.
376 2515 425 2540 Ἂν
435 2514 464 2540 δὲ
481 2514 527 2540 καὶ
539 2513 576 2548 μὴ
589 2513 652 2544 ἕλω,
666 2512 760 2546 φησὶν,
772 2511 935 2537 ἀσθενέστε-

146 2573 191 2598 ρον
210 2565 231 2590 δ’
245 2562 291 2589 οὖν
312 2564 385 2597 ὖμως
401 2559 555 2595 παρέξομαι
573 2558 641 2594 πρὸς
656 2559 690 2584 τὰ
709 2555 934 2592 μέλλοντα.’Δλλ’

142 2612 158 2637 ὁ
172 2609 357 2646 δρισσόμενος
371 2609 435 2638 τοὺς
452 2606 549 2640 σοςςοὺς
564 2606 593 2631 ὲν
608 2605 641 2640 τῇ
660 2603 815 2639 πανουργίᾳ
831 2603 932 2634 αὐτῶν,

143 2666 215 2684 κατα
229 2658 279 2692 τῆς
291 2656 395 2682 ἐκείνου
411 2654 511 2689 μᾶλλον
524 2652 622 2683 κακίας
642 2651 673 2677 τὸ
692 2651 812 2686 σόφισμα
838 2652 934 2684 περιε-

144 2712 240 2738 τρεπε.
255 2703 311 2729 Καὶ
327 2703 341 2728 δ
362 2702 477 2736 μάρτυς,
497 2699 576 2726 Οὕτω
592 2694 726 2730 τοίνυν,ὢ
737 2696 861 2732 ἡγεμὼν,
875 2696 933 2722 ελε-

145 2761 203 2787 γεν,
215 2751 247 2778 οὐ
265 2748 464 2785 διαρῤυὴσεταί
486 2756 532 2782 μοι
546 2747 576 2773 τὸ
591 2746 681 2781 σῶμα,
700 2745 761 2772 οὐδὲ
774 2745 915 2780 οἰχήσεται
925 2751 932 2758 ·

144 2799 174 2825 τὸ
192 2797 316 2825 ἐναντίον
330 2796 379 2830 μὲν
391 2792 437 2822 οὖν
453 2794 526 2821 ἁπαν
547 2793 593 2820 καὶ
617 2793 692 2827 ὑγιὲς
708 2791 774 2819 αὐτὸ
795 2791 896 2827 μᾶλλον
909 2790 933 2816 ol

180 2890 189 2906 ¹
202 2887 278 2917 Psal.
296 2893 391 2920 ιηιιι,
404 2884 449 2912 ΞΟ.
488 2884 497 2899 ¹
512 2883 583 2912 Psal.
599 2890 643 2917 xc,
663 2883 690 2910 5.

982 2283 1090 2311 heatutn
1108 2290 1186 2309 suum
1203 2287 1283 2315 caput
1299 2281 1452 2308 universam
1467 2281 1521 2307 vim
1538 2280 1611 2306 illius
1633 2280 1718 2308 movit
1743 2285 1771 2307 et

983 2328 1127 2356 insaniam.
1143 2327 1236 2361 Itaque
1252 2334 1313 2353 cum
1332 2326 1416 2352 salem
1440 2325 1580 2360 iujecisset
1603 2325 1629 2351 in
1651 2329 1770 2355 acetum.

983 2379 1007 2401 et
1028 2373 1110 2407 hujus
1129 2371 1307 2399 arrimOuiam
1328 2371 1402 2397 illius
1420 2375 1601 2405 temperasset
1624 2370 1771 2401 salsedine,

981 2419 1101 2455 jussitea
1118 2417 1262 2445 infundere
1274 2417 1300 2443 iu
1311 2417 1422 2444 vulnera
1435 2415 1571 2450 martyris,
1585 2415 1624 2442 sic
1634 2415 1772 2442 arbitrans

984 2473 1013 2493 so
1028 2469 1246 2500 expugnaturum
1263 2462 1392 2489 athletam
1418 2461 1537 2496 pietatis.
1561 2461 1638 2493 Quod
1664 2461 1686 2487 si
1715 2469 1770 2487 nou

984 2518 1186 2546 expugnavero,
1197 2509 1297 2540 aiebat,
1309 2512 1355 2535 aut
1369 2507 1572 2535 imbecilliorem
1586 2514 1648 2534 eum
1662 2507 1772 2533 reddam

984 2557 1017 2584 ad
1030 2557 1132 2584 futura.
1144 2555 1197 2583 Sed
1210 2555 1255 2590 qui
1277 2553 1485 2589 comprehendit
1499 2552 1636 2587 sapientes
1651 2553 1679 2578 in
1697 2557 1772 2579 astu-

985 2604 1020 2631 tia
1039 2611 1146 2635 eorum,
1167 2602 1204 2634 id,
1224 2601 1295 2637 quod
1310 2600 1518 2636 excogitaverat,
1534 2598 1669 2626 convertit
1677 2598 1774 2625 adver-

987 2658 1034 2678 sus
1049 2650 1119 2677 illius
1134 2649 1273 2676 malitiam.
1291 2648 1324 2674 Et
1340 2651 1460 2682 martyr;
1475 2645 1530 2678 Sic,
1542 2645 1621 2677 dixit,
1632 2652 1649 2672 o
1663 2651 1773 2679 prases,

987 2703 1085 2732 corpus
1101 2703 1190 2723 meum
1208 2702 1261 2722 non
1274 2693 1388 2725 difﬂuet,
1403 2699 1454 2719 nec
1468 2691 1586 2726 peribit;
1602 2691 1656 2718 imo
1666 2695 1772 2724 contra,

987 2743 1027 2771 sal
1043 2742 1153 2778 quidem
1170 2741 1258 2777 ipsum
1279 2738 1452 2768 conservabit
1477 2743 1574 2765 sanum
1588 2741 1616 2764 et
1629 2736 1774 2764 conﬁrma-

987 2789 1027 2817 bit
1047 2793 1075 2817 et
1092 2786 1280 2816 corroborabit
1297 2786 1429 2814 adversus
1445 2788 1508 2813 tuo:
1522 2783 1651 2819 insultas,
1663 2782 1732 2810 adeo
1742 2787 1772 2811 ut
