2047 3152
250 163 300 181 ‘u‘.

254 178 304 197 1-0;)

863 163 1006 194 MENSIS
1024 161 1260 193 SEPTEMBER.

1826 163 1880 196 756

249 227 294 258 tur
310 224 564 259 regnum’adeptus,
581 225 702 260 illudque
724 224 844 252 tenuisse
859 223 937 250 anuis
954 230 1034 250 scxa-
1050 222 1071 249 A
1087 229 1141 248 non
1158 220 1288 254 facerem,
1306 221 1328 249 si
1342 222 1399 249 haec
1413 222 1479 249 Acta
1505 222 1627 254 ederem,
1657 228 1690 249 ex
1717 222 1877 256 apographo

250 270 324 303 ginta
342 269 440 297 tribus.
456 279 465 296 t
481 269 584 299 Omnes
594 276 685 303 autem
699 271 848 306 provinciae
874 269 1035 304 AEthiopum

249 313 375 340 ecclesiis
392 315 500 349 repleta:
526 314 675 343 Catholicis
703 322 789 350 usque
820 314 847 341 in
873 313 1035 340 hodiernum

249 358 334 391 diem,
352 359 559 394 inquitauctor,
592 368 640 395 per
666 360 844 395 Ephigeniam
871 358 1036 386 hencdicunt

249 405 346 439 Deum,
373 411 400 434 et
417 406 486 434 lium
505 408 638 435 mirabilia
659 416 756 444 magna
784 408 817 436 ad
836 407 1035 435 eoafessioncm

249 453 322 481 beati
332 454 447 488 apostoli
463 453 594 482 Matllnei.
610 465 619 481 ι
641 454 744 490 itaque,
757 454 779 481 si
795 454 870 482 Actis
884 454 1034 484 credimus,

250 500 323 526 circa
339 500 458 527 medium
469 501 560 528 saeculi
578 510 595 528 ll
617 502 703 536 magis
718 501 859 529 Catholica
886 501 940 527 tidc
956 500 1037 527 ﬂore-

249 546 296 573 bat
312 545 434 574 Ecclesia
460 547 622 583 IEthiopite,
650 555 731 583 quant
761 547 814 575 ulla
851 547 904 574 alia
930 547 957 573 in
980 550 1036 574 toto

249 592 363 620 mundo.

284 639 311 666 9.
331 639 365 665 At
378 647 408 666 ea
423 647 534 675 prorsus
547 640 718 668 incredibilia
733 645 798 668 sunt
813 648 843 667 ex
857 640 966 668 silentio
979 647 1037 666 om-

250 685 325 712 nium
340 686 506 721 scriptorum
523 687 708 721 antiquorum.
721 687 788 715 Cum
800 688 874 714 enim
897 686 1036 722 Aithiopia

249 730 366 766 {Egypto
383 732 420 759 sit
431 732 612 765 contermina,
625 740 681 760 non
695 733 851 767 potuissent
866 733 961 760 Patres
977 732 1037 760 alii-

249 785 302 812 que
318 778 466 813 scriptores
479 778 640 812 Christiani,
670 780 716 815 qui
745 780 882 815 prioribus
909 779 1038 807 Ecclesia:

249 824 357 851 seculis
380 824 532 853 ﬂoruerunt
561 826 586 853 in
614 825 743 861 ngypto,
768 826 797 853 in
835 826 989 856 Palaestina,
1010 826 1037 852 itt

248 871 351 904 Alt-ica,
365 876 412 899 aut
429 872 510 899 etiam
525 873 552 899 in
571 873 720 907 provinciis
735 873 769 900 ab
795 872 934 908 AEthiopia
952 872 1037 908 magis

250 918 371 950 remotis,
389 917 513 953 ignorare
529 919 678 946 Ecclesiam
704 919 779 954 regni
795 919 954 954 amplissimi
970 919 1039 946 adeo

249 962 404 998 ﬂorentem,
419 969 446 992 et
458 965 493 992 de
511 972 542 992 ea
555 973 669 1000 prorsus
683 971 785 994 tacere.
805 965 909 993 Deinde
941 973 1005 991 vero
1018 965 1039 992 si

249 1008 404 1036 Christiana
433 1009 501 1037 ﬂdes
514 1014 568 1036 tam
581 1010 650 1037 bene
661 1010 772 1037 fundata
786 1009 883 1036 fuisset
897 1010 923 1036 in
934 1007 1041 1035 (Ethio-

252 1055 308 1089 pia,
322 1063 374 1087 non
390 1056 524 1090 potuisset
538 1056 684 1088 eliminari,
703 1056 758 1083 nisi
777 1055 947 1091 gravissimis
978 1062 1040 1090 pcr-

250 1101 440 1130 secutiouibus
454 1106 482 1129 et
495 1102 577 1138 longo
599 1106 731 1138 tempore.
746 1101 784 1128 De
804 1101 844 1128 his
859 1106 950 1128 atttem
978 1108 1042 1135 per-

249 1146 437 1174 ucutionibus
455 1147 550 1174 saltem
571 1147 735 1174 innotuissct
751 1147 860 1173 illorum
887 1150 1040 1181 temporttm

251 1192 448 1226 scriptoribus,
460 1193 506 1228 qui
525 1193 558 1220 de
574 1193 627 1220 illis
639 1201 691 1220 non
711 1193 873 1223 tacuissent,
893 1197 975 1228 prout
988 1199 1043 1218 non

250 1245 345 1270 omnes
363 1243 504 1266 tacuerunt
522 1239 556 1266 de
573 1239 809 1274 persecutionibus
825 1239 1043 1266 Christianorum

251 1282 409 1318 iuPerside,
422 1285 467 1313 ubi
482 1285 546 1312 lides
558 1293 696 1320 nunquam
711 1286 840 1313 tambctte
855 1286 905 1312 luit
915 1285 1043 1318 stabilita,

250 1338 331 1365 quam
344 1331 490 1359 stabilitam
505 1331 588 1359 fuisse
609 1331 636 1359 in
648 1331 785 1366 Ethiopia
803 1337 898 1358 auctor
914 1332 1043 1358 Artorum

251 1378 393 1405 conﬂuxit.
410 1377 467 1405 Hoc
481 1383 573 1405 tamen
592 1382 780 1413 argumentum
793 1378 876 1405 nolim
888 1378 973 1405 lector
986 1385 1046 1404 vcr-

251 1428 291 1451 tat
322 1429 418 1451 contra
431 1423 655 1459 praedicationem
672 1423 759 1458 ipsam
785 1423 870 1451 sancti
888 1423 1005 1450 Maltinei
1017 1424 1043 1450 in

250 1469 404 1505 Ethiopia,
420 1471 454 1498 de
465 1478 517 1506 qua
534 1478 585 1498 suo
616 1470 677 1498 loco
708 1477 808 1506 agam:
846 1477 942 1505 magna
968 1470 1043 1496 enim

251 1521 294 1544 est
305 1517 491 1552 discrepantia
507 1517 581 1544 inter
596 1516 748 1551 simplicem
775 1515 838 1543 ﬁdei
866 1515 1040 1550 prtedicatio-

1087 271 1181 294 nostro
1197 267 1386 295 brevissimum
1409 268 1478 295 dabo
1494 268 1699 304 compendium,
1729 267 1802 303 quod
1821 267 1880 294 suf-

1088 311 1160 339 ﬁciet
1174 311 1207 339 ad
1225 312 1303 339 fidem
1315 312 1348 340 iis
1360 311 1569 340 detrahendam.

1123 368 1166 396 Η.
1183 369 1365 397 Constituitur
1376 374 1487 397 sanctus
1501 369 1646 397 Matthaaus
1657 369 1735 404 quasi
1750 377 1783 396 ex
1793 370 1880 397 abru-

1087 419 1134 449 pto
1149 414 1223 442 solus
1238 414 1264 440 in
1280 419 1373 442 monte
1390 422 1482 446 orans,
1499 414 1648 449 vidensque
1678 422 1780 448 pueros
1808 415 1882 442 mulo

1089 464 1131 486 tos
1148 467 1209 486 cum
1229 459 1295 486 Jesu
1312 460 1427 494 parvulo
1440 461 1466 487 in
1479 460 1605 494 paradiso
1637 465 1790 487 cantantes.
1818 460 1881 488 Mox

1088 505 1164 532 adest
1178 505 1370 537 Jesusoranti,
1401 509 1429 532 et
1460 505 1601 539 apostolus
1644 504 1738 532 videns
1763 513 1881 538 puerum

1089 552 1315 587 pulcherrimum,
1337 552 1450 579 multum
1464 551 1659 578 sollicitudinis
1675 551 1807 584 insinuat,
1825 559 1883 586 quo

1088 606 1152 625 eum
1169 598 1249 625 modo
1267 597 1374 624 nutrire
1400 597 1486 632 possit
1513 597 1540 623 iu
1575 597 1636 624 loco
1657 597 1777 628 deserto,
1806 597 1884 624 omni

1088 643 1150 670 cibo
1168 648 1195 670 et
1208 648 1270 677 potu
1289 643 1490 670 dcstitutus.At
1507 642 1587 670 Jesus
1599 643 1790 677 explicatquis
1801 644 1885 673 sit,et

1090 695 1151 724 post
1164 689 1264 715 tnultos
1280 695 1424 715 sermones
1442 688 1556 715 minime
1584 688 1762 720 verisitniles,
1782 689 1886 723 quibus

1090 734 1160 760 inter
1171 733 1222 760 alia
1233 733 1308 766 dicit,
1323 732 1459 759 Herodem
1476 732 1503 758 in
1520 731 1630 759 inferno
1651 739 1711 759 esse
1740 732 1775 758 ob
1792 734 1886 759 occisa

1090 779 1216 807 undecim
1233 786 1382 814 puerorum
1418 777 1513 810 millia,
1537 777 1665 805 Malthmo
1692 777 1739 804 dat
1765 778 1883 812 virgam,

1091 833 1173 860 quam
1199 825 1277 860 jubet
1289 825 1412 860 plantare
1426 825 1502 859 juxta
1531 828 1637 858 portam
1663 824 1786 851 ecclesia:
1820 823 1887 851 furt-

1091 872 1160 898 datre
1173 872 1206 898 ab
1217 872 1275 906 ipso
1289 875 1316 898 et
1332 870 1437 897 Andrea
1453 871 1575 904 apostolo
1597 870 1624 897 in
1642 870 1751 897 civitate
1761 870 1887 898 Anthro-

1091 919 1292 954 pophagorum.
1306 917 1417 952 Virgam
1433 917 1498 944 dicit
1524 924 1667 944 evasuram
1694 917 1722 943 in
1742 916 1886 948 arborem,

1092 964 1209 999 indeque
1226 963 1360 991 oriturum
1374 962 1491 995 fontem,
1507 962 1542 990 de
1556 970 1610 997 quo
1621 962 1660 990 uti
1686 967 1714 989 et
1739 962 1772 990 dc
1786 962 1887 989 arbore

1091 1011 1279 1046 adiunguntur
1291 1010 1397 1037 fabella:
1416 1009 1541 1044 plurima:
1553 1018 1560 1042 ;
1574 1009 1762 1044 praedictoque
1775 1010 1888 1035 demum

1094 1057 1225 1094 martyrio
1240 1056 1359 1084 Matthaei
1378 1064 1426 1091 per
1439 1056 1543 1090 ignem,
1562 1063 1631 1091 puer
1643 1055 1734 1083 subito
1764 1055 1798 1082 ad
1829 1063 1889 1083 cae-

1093 1104 1149 1130 lutn
1165 1102 1321 1130 revertitur.
1335 1101 1479 1129 Matthaeus
1493 1109 1557 1129 vero
1572 1103 1605 1128 ad
1632 1101 1727 1128 urbem
1743 1107 1888 1136 properat.

1093 1149 1201 1185 quando
1215 1153 1364 1176 occurrunt
1380 1147 1521 1175 Phulbana
1538 1147 1641 1182 regina,
1657 1147 1816 1176 Phulbanus
1826 1149 1891 1182 eius

1095 1196 1176 1227 (ilius,
1197 1200 1225 1222 ct
1253 1195 1335 1230 hujus
1362 1202 1431 1221 uxor
1463 1194 1546 1226 Erba,
1582 1201 1678 1221 omnes
1696 1193 1890 1229 energurueni,

1095 1242 1260 1269 etMattlueo
1291 1241 1460 1272 minitantes.
1493 1249 1528 1268 tte
1559 1241 1697 1275 plantaret
1720 1241 1833 1277 virgam.
1851 1242 1890 1269 At

1095 1287 1139 1313 his
1172 1287 1287 1321 singulis
1322 1294 1420 1314 manus
1444 1286 1600 1321 imponens,
1627 1287 1708 1322 ejecit
1737 1287 1893 1320 daemones,

1095 1337 1192 1360 etmox
1206 1333 1319 1360 obvium
1342 1332 1438 1360 habuit
1462 1332 1603 1360 Platonem
1633 1333 1793 1368 episcopum
1823 1341 1889 1360 cum

1096 1383 1153 1405 toto
1168 1378 1252 1406 clero.
1269 1378 1440 1413 Congreqato
1476 1379 1574 1405 deinde
1595 1379 1711 1413 populo,
1728 1386 1889 1410 sermonem

1096 1424 1226 1456 instituit,
1256 1428 1282 1452 et
1296 1425 1397 1459 virgam
1411 1424 1524 1458 plantat,
1545 1429 1584 1455 et.
1607 1424 1722 1458 jubeutc
1749 1425 1890 1458 apostolo,

1095 1470 1172 1497 Plato
1198 1470 1321 1506 reginam
1340 1471 1455 1505 ejusque
1473 1470 1557 1497 filium
1574 1475 1601 1497 et
1624 1478 1724 1497 nurum
1754 1471 1888 1505 baptizat.

1098 1517 1232 1545 Postridie
1253 1516 1326 1552 virga
1341 1517 1367 1544 in
1384 1517 1510 1544 arborem
1527 1521 1653 1544 creverat
1669 1521 1697 1544 et
1729 1516 1830 1544 ﬂuvius
1854 1525 1892 1544 ex

252 1570 314 1590 nem
331 1570 392 1590 cum
407 1562 538 1590 nonnullo
553 1563 634 1590 ctiam
651 1561 753 1594 fructu,
779 1566 806 1589 et
833 1562 1040 1589 conversionem
1054 1568 1077 1599 ε
1094 1563 1193 1590 arbore
1229 1561 1432 1597 egrediebatur.
1466 1560 1587 1596 Populus
1620 1569 1685 1589 vero
1718 1562 1894 1589 mandaram

253 1609 338 1637 totius
351 1609 441 1644 regni,
455 1616 516 1643 quae
530 1609 563 1636 ad
578 1609 714 1642 integrum
732 1608 790 1636 fere
817 1608 947 1635 saeculum
980 1607 1041 1635 sine

253 1655 490 1688 persecutiouihus
504 1654 600 1682 fuisset
618 1655 776 1682 continuata
796 1654 948 1681 secundum
962 1656 1039 1686 Arta,

252 1706 280 1728 et
294 1703 334 1728 sic
347 1701 451 1736 optime
466 1700 582 1727 ﬂrmata.
604 1700 738 1728 Caeterum
751 1701 835 1727 multa
849 1708 959 1736 quoque
985 1700 1039 1734 alia

253 1746 281 1775 ln
297 1749 372 1775 Actis
383 1752 448 1775 sunt
470 1747 669 1782 improbabilia,
689 1755 749 1781 quae
771 1747 891 1775 breviter
916 1747 942 1774 in
957 1748 1041 1774 aduo-

254 1794 318 1822 latis
332 1794 477 1829 essignaho
491 1804 498 1822 :
513 1802 575 1822 natu
591 1795 649 1822 hate
667 1795 747 1826 Acta,
763 1795 888 1829 quamvis
917 1794 1038 1822 fabulosa

253 1842 409 1875 sint,edere
423 1841 518 1874 statui,
546 1841 608 1877 quia
652 1841 742 1868 Latini
783 1841 961 1874 recentiores,
994 1840 1040 1875 qui

251 1893 339 1923 agunt
354 1890 388 1917 de
403 1893 499 1917 sancto
514 1888 652 1921 Matthzeo,
664 1888 756 1916 omnia
772 1888 829 1916 fere
846 1896 895 1915 sua
918 1896 949 1915 ex
988 1888 1041 1915 illis

253 1935 417 1962 hauserunt.

289 1982 333 2010 10.
354 1983 421 2009 Acta
438 1981 531 2010 Graeca
553 2002 559 2014 ,
573 1989 606 2009 ex
623 1982 723 2016 quibus
732 1982 902 2009 recentiores
929 1982 1040 2016 quidam

251 2029 399 2058 desancto
438 2029 567 2056 Matthmo
598 2032 722 2064 egerunt,
752 2028 832 2055 nobis
862 2028 985 2055 similiter
1007 2028 1040 2055 ad

253 2082 365 2104 manum
398 2079 473 2107 sunt,
494 2075 630 2109 descripta
655 2082 690 2102 ex
719 2075 815 2101 codice
841 2073 972 2101 Vaticano
990 2074 1043 2101 808

254 2123 327 2150 inter
335 2121 456 2149 Graecos.
470 2121 544 2148 Nihil
560 2121 618 2148 hzec
634 2121 736 2148 habent
753 2127 898 2147 commune
922 2128 983 2147 cum
994 2119 1043 2147 La-

253 2168 320 2195 tinis
338 2168 420 2195 modo
431 2167 592 2202 improbatis
604 2175 610 2198 ;
623 2167 670 2194 sed
681 2167 755 2193 hisce
764 2167 846 2194 ctiam
863 2166 949 2201 magis
978 2170 1042 2193 sunt

254 2214 393 2247 informia,
412 2214 552 2249 magisque
570 2213 694 2246 ridicula,
715 2221 776 2240 cum
793 2220 848 2240 non
873 2213 923 2240 nisi
942 2221 1043 2247 pauco-

253 2269 315 2288 rum
336 2260 443 2288 dierum
459 2265 534 2295 gesta
552 2259 608 2286 fere
621 2259 790 2290 contineant,
816 2263 843 2286 ct
869 2259 937 2286 nihil
970 2260 1042 2288 refe—

254 2312 316 2335 rant
333 2311 432 2341 praeter
445 2297 550 2341 aliquot
564 2305 635 2333 facta
650 2309 678 2332 et
703 2304 826 2340 prodigia
857 2305 938 2340 plane
955 2305 1044 2333 incre-

253 2354 358 2382 dibilia.
375 2354 477 2381 Horum
495 2354 626 2381 Actorum
645 2353 836 2388 compendium
849 2353 895 2379 dat
907 2353 1043 2388 Nicepho-

255 2409 302 2428 rus
321 2400 460 2431 Callistus.
473 2400 521 2427 lib.
555 2408 573 2427 tt
608 2399 748 2430 Historiae.
783 2407 844 2433 cap.
865 2399 910 2426 41.
936 2399 972 2427 De
992 2400 1043 2427 hoc

255 2448 418 2482 compendio
430 2447 562 2474 Baronius
578 2447 604 2474 in
620 2447 757 2474 adnotatis
771 2447 804 2474 ad
823 2446 1042 2481 Martyrologium

253 2494 290 2521 ita
317 2493 448 2527 loquitur.
469 2503 479 2519 ι
502 2492 640 2520 Nonnulla
655 2493 688 2520 de
711 2492 837 2519 lllatthzeo
852 2492 947 2520 scribit
963 2493 1043 2520 Nice~

253 2541 369 2576 phorus,
385 2539 431 2567 lib.
451 2547 480 2569 tt,
500 2546 560 2573 cap.
574 2539 604 2566 41
622 2547 629 2570 ς
647 2539 695 2566 sed
720 2546 781 2573 quae
805 2538 909 2566 nullius
929 2547 1043 2574 prorsus

253 2591 320 2614 sunt
335 2586 491 2614 testimonio
504 2586 690 2620 comprobata.
712 2595 721 2610 ι
750 2585 796 2612 Vel
812 2587 851 2613 sic
884 2590 974 2613 tamen
993 2585 1043 2613 Ni-

252 2634 365 2669 cephori
380 2632 573 2668 compendium
585 2632 660 2659 Actis
677 2631 743 2666 ipsis
760 2631 850 2658 minus
874 2632 970 2659 saltent
999 2637 1043 2660 est

253 2681 492 2712 ridiculum;cum
522 2678 610 2706 multa
634 2678 761 2706 omiserit
796 2678 924 2710 adiuncta
957 2678 1042 2713 magis

255 2733 350 2763 aperte
363 2727 493 2760 fabulosa,
506 2733 534 2753 et.
550 2726 628 2753 initio
642 2732 728 2760 pauca
754 2725 917 2760 praemiserit
932 2725 966 2751 de
978 2733 1042 2751 san-

254 2779 298 2803 cto
313 2775 440 2802 Matthteo
456 2773 567 2801 aliunde
578 2778 654 2801 nota.
672 2772 814 2800 lixiisdcm
847 2771 922 2798 Actis
933 2776 1044 2798 contr-ao

255 2825 328 2847 ctum
343 2826 382 2848 est
399 2821 527 2858 elogium,
546 2819 617 2855 quod
629 2819 762 2847 exhibent
778 2818 878 2845 Menam
908 2817 1041 2852 impressa

255 2866 287 2894 Id
303 2875 346 2893 xvi
366 2866 527 2894 Novembris
545 2867 615 2899 ;sed
627 2871 655 2894 et
668 2866 704 2893 ibi
717 2865 807 2900 aliqua
825 2863 904 2891 initio
913 2864 1041 2892 dicuntur

255 2916 285 2943 ιι
300 2913 359 2942 aliis
375 2913 546 2942 documentis
558 2917 678 2947 accepta.
707 2912 775 2939 Cum
807 2918 896 2946 operte
923 2913 1038 2946 pretium

1093 1608 1213 1635 fructum
1227 1607 1334 1634 arboris
1349 1605 1478 1641 cognovit
1494 1613 1524 1633 se
1549 1605 1653 1632 nudum
1687 1613 1760 1637 esse,
1786 1608 1892 1634 erube-

1092 1658 1256 1686 scentesque
1272 1652 1371 1688 singuli
1388 1652 1500 1679 domum
1517 1659 1703 1679 cucurrerunt
1728 1651 1762 1678 ad
1793 1658 1891 1681 vestes

1093 1699 1302 1732 comparandas.
1334 1697 1413 1724 Mitto
1443 1705 1531 1732 nugas
1556 1698 1672 1730 similes,
1702 1703 1731 1724 ut
1755 1698 1837 1726 citius
1854 1698 1893 1726 ad

1092 1744 1190 1772 fabulae
1208 1744 1402 1779 catastropheu
1422 1743 1627 1779 perveniamus.

1130 1801 1173 1828 1‘2.
1189 1801 1348 1828 Phulbanus
1379 1808 1439 1832 rex,
1479 1800 1614 1828 excitatus
1639 1808 1653 1827 a
1676 1801 1811 1834 daemone,
1840 1803 1894 1830 diuI

1094 1850 1193 1877 frustra
1211 1850 1372 1877 Matthaaunt
1389 1849 1628 1884 comprehendere
1640 1854 1767 1880 conatur,
1788 1857 1821 1876 ac
1838 1849 1892 1876 de-

1093 1905 1179 1927 mum,
1202 1896 1247 1924 ubi
1263 1896 1352 1931 ipsum
1374 1895 1567 1927 advocaverat,
1583 1895 1706 1922 caecitate
1723 1895 1890 1929 percutitur.

1093 1943 1213 1971 Senatus
1225 1943 1258 1969 ab
1276 1942 1410 1976 apostolo,
1429 1941 1503 1968 hunc
1518 1941 1561 1968 vel
1595 1941 1635 1969 sic
1664 1941 1891 1974 comprehendit.

1093 1996 1120 2018 et
1137 1990 1225 2025 longis
1252 1989 1338 2016 clavis
1366 1993 1445 2015 terrae
1478 1987 1550 2022 affigi
1570 1987 1659 2022 jubet,
1690 1987 1894 2021 materiemque

1093 2036 1207 2062 multam
1223 2034 1300 2061 facile
1316 2033 1536 2061 combustihilem
1562 2033 1636 2060 circa
1664 2033 1753 2066 ipsum
1771 2040 1892 2068 congre—

1093 2081 1162 2115 gari,
1181 2085 1209 2108 et
1227 2080 1266 2106 sic
1282 2079 1418 2106 comburi.
1449 2079 1550 2106 Verum
1585 2079 1730 2106 combusta
1774 2079 1890 2113 quidem

1094 2126 1208 2153 materia
1223 2126 1437 2160 circutnposita,
1453 2133 1511 2152 non
1528 2125 1594 2152 item
1625 2125 1706 2152 laesus
1731 2125 1889 2159 apostolus.

1093 2173 1180 2200 Jussit
1195 2173 1277 2207 igitur
1289 2181 1335 2199 rex
1353 2172 1497 2199 duodecim
1513 2172 1686 2199 deosaureos
1706 2176 1891 2207 etargenteos

1095 2220 1196 2247 circum
1211 2226 1303 2254 pyram
1322 2219 1396 2253 poni,
1418 2226 1454 2245 ne
1485 2219 1526 2246 vis
1539 2217 1654 2245 ﬂammat
1683 2218 1863 2253 impediretur
1880 2227 1889 2252 ς

1097 2265 1210 2299 ipseque
1232 2266 1265 2291 ad
1274 2265 1362 2292 locum
1375 2265 1502 2292 accessit.
1515 2264 1550 2292 At
1565 2265 1610 2292 ubi
1625 2265 1736 2292 incensa
1751 2270 1793 2292 est
1807 2273 1889 2300 pyra,

1096 2319 1157 2338 mox
1179 2311 1250 2346 ignis
1266 2312 1378 2338 recessit
1397 2319 1412 2338 a
1438 2311 1576 2343 Matlhaeo,
1602 2312 1809 2345 combussitquc
1824 2319 1890 2338 om-

1097 2366 1145 2386 nes
1158 2358 1223 2385 deos
1236 2365 1333 2385 aureos
1347 2363 1375 2385 et
1387 2363 1543 2392 argenteos,
1560 2357 1766 2392 fugientemque
1792 2365 1889 2392 regem

1096 2405 1230 2439 serpentis
1248 2403 1339 2438 specie
1367 2404 1520 2436 insecutus,
1535 2403 1698 2438 prohibebat
1713 2404 1747 2430 ab
1761 2404 1891 2438 ingressu

1095 2450 1187 2485 palatii
1203 2448 1256 2480 sui,
1271 2449 1359 2476 donec
1389 2453 1574 2476 reverteretur
1599 2449 1633 2476 ad
1662 2447 1830 2480 Matthzeum,
1850 2450 1889 2476 ab

1095 2504 1183 2530 coque
1199 2495 1416 2522 misericordiam
1436 2499 1553 2528 peteret.
1577 2494 1658 2525 Tum.
1689 2499 1786 2521 orante
1818 2493 1891 2520 Mat-

1096 2544 1177 2576 thieo,
1191 2543 1285 2578 igneus
1298 2543 1380 2569 draco
1395 2542 1507 2568 evanuit
1521 2550 1528 2573 ;
1557 2541 1699 2576 apostolus
1715 2548 1780 2567 vero
1801 2549 1890 2568 orans

1095 2589 1218 2622 Spiritum
1239 2589 1293 2616 Deo
1305 2588 1425 2618 tradidit,
1437 2588 1585 2621 etquidem
1601 2587 1646 2614 die
1664 2588 1696 2614 16
1710 2587 1886 2619 Novembris.

1094 2636 1116 2663 si
1137 2635 1281 2663 fabulatori
1300 2635 1446 2661 credimus.
1461 2634 1495 2661 At
1527 2634 1646 2661 necdum
1669 2633 1821 2660 fabularum
1852 2633 1890 2660 ﬁ-

1094 2681 1239 2709 nis.Jubet
1253 2689 1300 2708 rex
1315 2681 1438 2708 defuncti
1451 2688 1562 2715 corpus,
1608 2687 1693 2707 aureo
1723 2679 1886 2714 impositum

1094 2729 1174 2759 lecto,
1188 2728 1220 2754 ad
1239 2727 1369 2762 palatium
1383 2734 1462 2754 suum
1477 2727 1589 2760 perferri
1605 2737 1611 2754 :
1626 2726 1726 2753 deinde
1743 2725 1886 2753 inclusum

1094 2783 1163 2802 arcte
1181 2774 1286 2804 ferrc'n,
1301 2774 1412 2808 plumbo
1426 2774 1507 2800 etiam
1519 2778 1646 2808 gravata},
1666 2773 1693 2800 in
1730 2780 1805 2800 tnare
1822 2780 1889 2807 pro-

1092 2821 1149 2856 jici,
1172 2825 1202 2848 ut
1235 2821 1372 2849 crederet,
1392 2819 1413 2847 si
1430 2827 1530 2854 corpus
1541 2827 1574 2846 ex
1592 2820 1660 2846 mari
1678 2818 1780 2846 rediret
1807 2819 1888 2845 ineo-

1094 2868 1176 2896 lume.
1191 2866 1239 2895 His
1265 2867 1392 2902 peractis,
1407 2871 1520 2901 apparet
1531 2870 1643 2894 sanctus
1665 2865 1810 2893 Matthmus
1824 2864 1887 2891 Pla—

1095 2914 1152 2942 toni
1163 2913 1303 2948 episcopo,
1315 2917 1471 2946 monetque,
1492 2916 1520 2940 ut
1537 2911 1569 2939 ad
1587 2919 1663 2939 mare
1678 2909 1811 2946 procedat
1829 2910 1886 2937 ritu
