2047 3152
142 165 194 196 757

790 167 880 198 VlTA
896 167 928 199 S.
949 167 1142 199 ΜΛΤἸῊΒΙ.

1725 167 1787 199 758*

141 223 258 252 solemni
274 232 338 251 eum
354 224 429 252 clero
439 233 500 252 suo.
524 225 592 253 Cum
608 227 644 254 ibi
663 231 767 259 essent,
784 227 857 254 circa
874 234 936 254 sex-
951 227 974 257 A
987 232 1015 255 et
1031 227 1058 254 in
1076 227 1147 255 idem
1158 229 1268 260 recidit,
1280 229 1352 256 sicut
1366 233 1392 256 et
1405 229 1510 264 reliqua
1537 228 1643 260 omnia,
1670 228 1780 256 duobul

142 269 256 298 tamdiei
271 270 366 297 horam
381 271 453 298 videt
466 279 480 298 e
492 271 643 307 longinquo
657 273 935 309 epiSeopussanctum

142 314 301 344 Matthaeum
320 318 478 346 inter'duos
488 319 561 346 viros
578 320 766 348 ambulantem
779 328 828 355 per
839 328 934 348 mare:

142 368 201 398 post
222 362 319 391 horam
335 364 411 392 videt
428 373 538 393 erucem
553 373 568 393 e
583 367 659 402 {mari
695 373 894 402 emergentem,
909 371 936 395 et

141 408 172 435 ad
192 407 273 435 tinem
287 409 379 436 crucis
393 417 496 444 arcam,
513 411 539 439 in
557 420 609 447 qua
625 418 685 441 erat
712 413 805 442 Sancti
823 423 934 450 corpus.

140 453 202 482 Ilaec
218 460 310 483 autem
331 464 442 484 erucem
458 459 626 494 sequebatur
642 469 729 496 usque
752 462 785 490 ad
823 467 933 492 terram.

176 502 219 529 i5.
242 502 281 529 ne
299 503 450 536 intellecta,
464 507 585 535 accurrit
603 509 732 543 populus,
749 515 776 538 et
790 519 837 538 rex
864 511 933 546 ipse.

140 547 265 583 deposita
280 550 354 576 omni
367 549 570 585 incredulitate,
581 555 700 586 accedit.
715 561 872 591 prostratus
887 567 934 585 re-

136 594 211 621 niam
228 595 307 629 pelit.
327 601 354 623 et
368 596 448 624 [idem
473 599 657 634 amplectitur.
676 602 768 634 Quare
785 604 934 633 honorifice

136 639 170 667 nd
184 641 333 668 ecclesiam
353 648 478 677 portatur
488 653 589 680 corpus
600 649 689 675 sant-ti
718 648 849 679 Matlltari.
885 651 934 679 Ba-

135 685 238 719 ptizato
252 687 309 721 regi
326 693 410 716 noctu
447 696 559 719 sanctus
587 692 729 722 Maltinens
754 697 891 731 apparuit,
907 703 934 726 et

134 731 297 761 Hattltmum
312 736 404 762 vocari
417 736 510 771 jussit,
532 743 559 766 et
577 741 766 776 presbyterum
783 745 932 778 ordinavit,

136 779 222 806 ﬁlium
241 788 308 807 vero
324 782 384 816 ejus
397 783 558 816 diaconum.
592 787 736 823 utriusque
758 797 857 817 uxores
875 792 934 818 dia-

134 825 271 856 conisSas.
284 828 407 855 omnium
425 837 534 865 quoque
546 834 659 860 mutatis
693 835 861 864 nominibus.
875 837 932 866 Rex

133 870 220 906 igitur
234 879 336 900 omnes
354 873 381 900 in
403 883 486 911 regno
501 885 552 905 suo
564 879 647 913 jussit
667 888 730 910 esse
746 882 929 916 Christianos.

132 917 245 952 alioque
264 926 327 955 rege
345 922 506 955 constituto,
524 929 551 951 et
566 931 675 953 mortuo
691 933 753 962 post
780 930 928 958 triennium

133 962 260 996 Platone,
274 965 363 993 factus
375 972 417 995 est
432 969 590 1004 episcopus,
609 972 648 999 uti
667 978 693 1000 et
707 973 779 1002 filius
794 975 854 1010 ejus
868 982 930 1012 post

132 1010 235 1044 ipsum.
251 1011 391 1041 Hactenus
406 1015 472 1043 Acta
489 1017 556 1046 satis
575 1019 748 1054 prolixa,sed
766 1024 852 1050 multo
868 1010 929 1051 ina-

132 1056 174 1091 gis
190 1058 328 1090 fabulosa.
346 1069 406 1095 quae
421 1059 558 1096 patienter
579 1066 682 1102 perlegi
713 1073 740 1096 et
755 1070 782 1096 in
799 1078 930 1106 compen-

131 1103 207 1130 dium
226 1108 363 1138 c0utraxi.
382 1109 494 1137 omissis
513 1115 604 1140 tamen
622 1113 778 1144 visionibus
811 1122 838 1145 et
863 1103 931 1147 aliis

132 1150 307 1179 mirabilibus
321 1161 376 1180 non
404 1156 510 1189 paucis.
532 1161 562 1184 ut
579 1159 695 1193 quilibet
721 1161 813 1190 videre
827 1166 927 1198 possit,

131 1196 353 1245 nulliusquo.pre
372 1201 432 1229 fidei
449 1210 510 1230 esse
527 1205 626 1232 tradila
643 1208 714 1242 apud
730 1196 928 1245 Nicephorum;

133 1243 163 1269 in
176 1241 301 1290 Mentiris,
317 1251 345 1273 et
364 1247 481 1277 fortasse
495 1251 572 1279 alibi.
587 1241 691 1281 Civitas
706 1241 855 1291 Myrmene,
868 1241 930 1293 quat

132 1297 188 1315 uno
209 1296 316 1319 tantum
337 1295 466 1323 Actorum
486 1297 546 1325 loco
563 1300 733 1335 nominatur,
755 1311 832 1338 teque
860 1306 930 1334 ficti-

132 1336 191 1387 titia
210 1343 264 1370 est,
279 1340 476 1377 opinor,quam
492 1345 595 1381 reliqua
611 1350 723 1383 omnia;
741 1356 767 1378 et
780 1353 854 1387 regio
871 1354 930 1382 An-

133 1382 398 1421 thropOphagorum,
410 1391 516 1419 etiamsi
535 1401 589 1421 non
615 1395 753 1424 defuerint
771 1382 928 1436 Anthropo-

133 1431 227 1466 phagi,
243 1433 302 1460 sive
324 1436 443 1463 humana
470 1445 614 1468 vescentes
638 1449 732 1474 carne.
751 1431 930 1477 similiter-ab

132 1481 248 1505 auctore
267 1479 374 1507 videtur
402 1483 617 1514 conficta.Plato
629 1488 792 1524 episcopus,
811 1492 930 1528 ejusque

132 1531 279 1551 θυεερ-δοῖ
296 1525 465 1561 Phulbanus,
483 1535 510 1557 et
528 1531 610 1566 hujus
636 1533 710 1562 filius
739 1544 795 1564 non
828 1525 929 1568 imit-tus

133 1575 260 1614 persona:
276 1571 406 1600 videntur
423 1578 629 1606 commentitize.
651 1580 736 1608 Certe
756 1582 790 1610 de
813 1583 931 1614 Platone

133 1613 180 1640 illo
198 1614 311 1644 aliunde
329 1618 398 1645 nihil
412 1619 534 1654 invenio,
548 1623 649 1651 nedum
671 1625 706 1653 de
729 1626 803 1660 aliis,
825 1634 855 1657 ut
868 1613 931 1658 om;

133 1659 201 1687 nino
221 1662 268 1688 tiat
285 1664 445 1699 verisimile,
461 1665 603 1696 Platonem
621 1678 655 1698 ex
667 1672 710 1699 his
730 1681 840 1709 quoque
853 1676 931 1705 Actis

134 1708 283 1754 memorari
300 1709 326 1735 in
342 1710 431 1745 elogio
450 1712 480 1741 S.
499 1713 630 1748 Mattha-i,
648 1717 722 1752 quod
736 1708 876 1754 reperitur
902 1721 930 1750 in

134 1749 291 1784 lienologio
305 1753 453 1790 Basiliano,
464 1764 491 1786 et
502 1759 579 1794 plura
596 1762 623 1789 in
650 1749 703 1790 isto
719 1749 808 1801 elogio
833 1775 866 1795 ex
888 1768 932 1796 his

133 1798 210 1848 Actis
225 1799 388 1837 deprompta
405 1811 476 1837 esse,
494 1805 558 1834 licet
573 1815 628 1835 non
640 1811 733 1838 omnia
765 1798 930 1848 congruant.

170 1844 214 1871 Η.
229 1845 288 1873 Alia
307 1855 416 1876 rursum
429 1852 517 1879 sancti
531 1852 648 1882 Matthrei
676 1856 744 1884 Acta
766 1844 933 1895 conscripsit.

134 1889 248 1919 Simeon
263 1892 472 1930 Metaplirastes,
490 1907 550 1934 qua:
574 1900 666 1930 Graeca
685 1903 718 1931 ad
749 1913 859 1933 martum
876 1889 931 1935 non

136 1935 236 1968 habeo.
255 1947 306 1967 nec
319 1941 386 1969 tanti
402 1943 528 1973 facienda
553 1953 628 1981 sunt,
645 1954 675 1976 ut
700 1951 826 1978 studiose
851 1953 932 1981 modo

135 1987 284 2017 quterenda
299 1988 455 2017 existimem
475 2000 482 2018 :
504 2000 565 2019 nam
583 2003 614 2020 ea
629 1994 726 2024 Latine
740 1997 827 2025 edidit
849 1999 931 2034 Lipo—

136 2041 246 2065 manus,
265 2039 333 2063 tom.
353 2036 386 2068 V,
404 2037 452 2065 fui.
477 2039 526 2067 t37
540 2046 567 2068 et
582 2042 641 2074 I58,
657 2048 683 2070 et
699 2043 796 2071 Serius
812 2046 932 2074 adhunc

136 2079 220 2107 diem.
240 2080 302 2109 llarc
312 2083 403 2112 minus
421 2084 546 2114 fabulosa
559 2093 635 2121 sunt,
645 2090 693 2117 sed
711 2091 804 2118 brevia
817 2094 932 2120 omnino

135 2124 282 2173 etqjejuna.
294 2132 324 2155 ut
336 2129 378 2155 vix
389 2130 539 2166 quidquam
550 2133 670 2162 ail'erant
682 2135 716 2163 de
727 2135 840 2170 Sancto,
859 2140 932 2173 quod

134 2170 249 2199 aliunde
264 2180 320 2201 non
335 2175 370 2202 sit
383 2181 491 2204 notum.
509 2177 599 2206 Pauca
615 2185 707 2208 autent
735 2181 792 2215 illa,
811 2170 874 2218 quae
898 2186 932 2213 de

134 2219 334 2252 prtedicatione
347 2220 441 2250 Sancti
455 2224 598 2257 dicuntur,
618 2235 673 2254 non
687 2233 752 2256 sunt
769 2229 830 2258 ﬁdei
849 2231 932 2259 indu-

136 2266 230 2293 bitatae
246 2275 254 2299 ;
273 2267 320 2294 scd
337 2273 419 2297 tantae
433 2271 523 2298 solum
539 2274 724 2307 auctoritatis.
742 2281 845 2310 quanta
862 2277 932 2305 solet
949 2287 971 2316 ι)

134 2313 162 2340 in
176 2313 239 2341 aliis
248 2317 464 2345 esseauctoritas
475 2318 679 2354 Metaphrastis.
692 2321 792 2350 Surius
804 2324 931 2351 eamdem

137 2359 225 2388 edidit
240 2361 437 2396 Metaphrastls
450 2365 682 2400 lucubrationem,
695 2368 743 2396 sed
768 2368 821 2397 alio
851 2371 934 2398 modo

135 2404 235 2435 Latine
254 2409 400 2442 redditam,
419 2419 473 2446 quo
489 2411 591 2440 factum
604 2418 659 2446 est,
677 2419 706 2442 ut
730 2415 865 2444 Baronius
890 2417 933 2444 di-

137 2462 233 2482 versas
247 2456 397 2484 crediderit
417 2458 637 2493 lucubrationes.
653 2470 716 2490 cum
738 2471 792 2490 non
824 2464 860 2491 sit
880 2465 933 2492 nisi

136 2508 193 2528 una
210 2502 365 2537 eademque
375 2503 480 2538 Gra'ea,
504 2514 586 2540 quam
620 2508 692 2536 inter
718 2509 793 2537 Vitas
808 2518 823 2538 ιι
848 2509 934 2538 Meta-

135 2545 251 2579 phraste
269 2548 386 2582 scriptas
405 2553 570 2579 memoravit
585 2553 701 2581 Aliatius
715 2555 751 2582 de
770 2555 932 2584 Simeonnm

134 2592 255 2626 scriptis.
275 2601 335 2629 pag.
354 2595 414 2629 126,
436 2599 557 2626 recitans
583 2599 691 2627 initium
713 2602 844 2630 Actorum
857 2603 935 2630 Crte-

134 2646 244 2672 eorum,
265 2640 317 2676 ήδη
333 2642 385 2676 μὲν
399 2643 445 2670 τὸν
465 2646 542 2680 παρὰ
554 2646 603 2673 τοῦ
615 2647 769 2680 πλάσαντος
796 2650 871 2684 ἡμᾶς
888 2651 933 2678 δο-

137 2685 231 2712 θεῖσαν
245 2687 430 2722 φυλάττοντες
444 2691 647 2728 ἐντο).ὴν,‹ιιιοά
661 2694 698 2721 ita
714 2702 877 2730 expressum
891 2702 934 2725 est

134 2732 208 2766 apud
225 2733 406 2768 Lipontanmn
423 2745 431 2764 :
449 2746 458 2763 ι
470 2737 529 2766 Jam
558 2740 668 2774 quidem
686 2743 829 2777 uos,quod
844 2744 932 2778 abeo,

135 2781 184 2815 qui
198 2788 251 2809 nos
268 2782 395 2816 ﬁnxerat,
406 2784 500 2812 datum
514 2785 790 2824 fueratpraaceptum,
817 2798 933 2818 servan-

138 2831 191 2854 tes.
212 2830 314 2864 tApud
331 2829 442 2858 Surium
459 2839 544 2860 vero:
566 2843 575 2858 ι
595 2833 623 2860 Si
660 2840 826 2870 [incoeptum
855 2837 932 2870 illud,

135 2875 211 2909 quod
225 2876 261 2903 ab
272 2883 318 2908 eo,
335 2877 380 2911 qui
397 2877 538 2912 formavit,
567 2881 722 2916 injunctqu
756 2884 836 2910 nobis
870 2884 932 2916 fuit,

138 2929 249 2951 servare
265 2922 459 2954 voluissemus.
478 2925 598 2962 Utraque
626 2930 760 2964 expositio
787 2936 850 2966 apta
879 2937 931 2966 c-t,

989 275 1112 309 exceptis
1131 275 1208 305 locis.
1229 275 1256 302 in
1270 276 1371 310 quibus
1398 276 1535 311 interpres
1552 275 1686 303 alteruter
1699 275 1779 303 aber-

989 319 1068 352 ravit,
1085 324 1133 347 aut
1148 321 1270 348 codicem
1289 321 1384 348 habuit
1397 327 1570 356 corruptum,
1586 327 1616 349 ut
1638 322 1722 349 latius
1734 320 1779 348 di-

988 373 1059 397 cam,
1078 366 1124 394 ubi
1143 371 1238 402 agetur
1252 367 1286 394 de
1314 367 1508 402 praedicatione
1533 367 1621 395 sancti
1645 367 1779 399 Matthai,

988 413 1020 440 ad
1033 421 1113 449 quam
1134 413 1210 441 locus
1222 418 1340 449 uterque
1356 418 1472 449 spectat,
1498 419 1546 442 aut
1566 414 1593 441 in
1623 414 1777 442 Adnotatis.

989 459 1062 486 Dabo
1080 460 1137 487 hate
1148 461 1226 492 Acta.
1239 460 1348 488 etiamsi
1362 469 1418 488 non
1433 461 1486 488 sint
1503 461 1677 488 auctoritatis
1705 468 1779 487 sum-

988 514 1047 537 mm,
1058 507 1121 542 quia
1137 515 1190 534 non
1202 508 1336 535 habemus
1349 507 1462 535 meliora
1474 507 1508 535 de
1521 512 1617 535 sancto
1633 506 1778 538 Mattiaco;

987 560 1141 589 scquarque
1163 554 1313 581 editionem
1332 554 1514 587 Surii,altera
1545 553 1708 589 planiorem,
1719 560 1781 580 ωδε

988 599 1149 635 lioremque.
1169 605 1199 628 ut
1213 600 1350 632 existimo,
1365 601 1421 628 imo
1443 601 1476 628 ab
1494 600 1554 635 ipso
1578 600 1661 627 etiam
1696 598 1779 634 Lipo—

987 654 1068 673 mane
1078 647 1180 679 datam,
1198 651 1265 674 tom.
1285 646 1340 678 Vil,
1356 646 1401 673 ubi
1424 646 1470 674 fol.
1495 645 1549 673 236
1583 645 1674 677 ducet,
1693 644 1780 672 [nter-

987 693 1072 728 pretis
1097 702 1158 722 esse
1174 693 1276 721 Sirleti.
1295 693 1335 721 Ex
1353 694 1394 721 bis
1425 698 1518 722 autem
1560 693 1636 720 Actis
1659 692 1781 727 prudens

987 743 1072 768 lector
1086 741 1214 777 colligere
1230 741 1340 776 poterit,
1359 741 1563 776 Metaphrastcn
1580 747 1635 767 non
1658 746 1719 767 esse
1740 739 1781 766 fa-

986 789 1112 816 bularum
1127 788 1313 820 inventorem,
1324 793 1353 816 ut
1369 788 1529 823 frequenter
1544 791 1673 815 asserunt
1692 786 1779 822 aliqui

986 834 1085 866 critici,
1104 834 1220 862 maxime
1233 834 1377 861 Baiilctus.
1396 833 1425 861 Si
1439 834 1512 861 enim
1524 833 1626 869 lingere
1639 833 1780 866 voluisset.

986 880 1011 907 id
1027 879 1117 907 facere
1132 879 1268 914 potuisset
1284 887 1339 907 non
1360 879 1452 906 minus
1469 878 1503 906 de
1525 883 1622 906 sancto
1654 877 1781 905 Manliano

983 931 1010 954 et
1025 927 1086 954 aliis
1104 916 1246 962 apostolis,
1267 926 1302 954 de
1315 934 1435 962 quorum
1478 925 1562 962 gestis
1584 933 1671 960 pauca
1691 925 1780 952 solum

981 973 1215 1005 commemoravit,
1244 973 1315 1008 quod
1356 981 1410 999 non
1442 972 1577 1006 reperiret
1606 972 1683 1006 plura
1708 971 1781 1006 apud

980 1019 1161 1055 antiquiores.
1193 1019 1251 1046 Non
1281 1019 1414 1047 continuit
1433 1019 1515 1054 igitur
1533 1018 1609 1046 Vitas
1643 1017 1782 1045 fabulosae

982 1067 1193 1102 Melaphrastes,
1232 1065 1279 1094 sed
1310 1066 1457 1094 nonnullas
1491 1065 1640 1102 adoptavit,
1671 1069 1698 1092 et
1730 1073 1782 1093 suo

981 1113 1050 1148 stylo
1062 1114 1200 1148 exposuit.

1020 1159 1065 1187 i5.
1084 1158 1244 1186 Orationem
1261 1159 1490 1186 cncomiasticam
1519 1157 1557 1186 de
1589 1162 1687 1185 sancto
1709 1157 1780 1184 Mat-

982 1205 1053 1234 tbteo
1069 1206 1196 1241 apostolo
1227 1205 1397 1241 evangelista
1429 1206 1512 1233 etiam
1541 1205 1650 1240 scripsit
1671 1203 1782 1231 Nicetas

982 1253 1142 1286 David,aut
1158 1253 1308 1288 Paphlago,
1328 1252 1375 1288 qui
1399 1252 1496 1281 eodem
1522 1251 1580 1280 fere
1613 1259 1676 1279 eum
1698 1251 1782 1279 Meta—

980 1301 1092 1336 phraste
1114 1300 1183 1328 vixit
1203 1307 1336 1335 tempore,
1358 1300 1439 1336 paulo
1455 1305 1547 1328 tamen
1572 1300 1682 1327 videtur
1710 1299 1781 1327 anti-

979 1348 1070 1383 quior.
1089 1347 1165 1374 lianc
1180 1347 1284 1375 Nicen:
1301 1348 1457 1374 orationem
1475 1346 1709 1375 Graeco-Latinam
1722 1347 1782 1374 edi-

981 1393 1022 1421 dit
1043 1393 1226 1421 Combefisius
1245 1393 1273 1421 in
1294 1394 1421 1420 Auctario
1445 1393 1607 1426 nouissimo,
1629 1401 1691 1428 pag.
1716 1392 1779 1420 (Ol.

979 1438 1055 1466 illam
1078 1439 1210 1466 recudere
1236 1447 1410 1474 nequaquam
1435 1439 1517 1470 libet.
1538 1439 1601 1473 quia
1627 1437 1695 1465 nihil
1722 1436 1782 1464 fere

981 1485 1064 1514 habet
1077 1485 1111 1513 de
1123 1486 1206 1521 gestis
1221 1486 1309 1513 sancti
1325 1485 1444 1513 Matthtei
1459 1489 1556 1520 praeter
1571 1485 1741 1512 vocationem
1754 1488 1783 1512 et

980 1530 1160 1567 Evangelium
1183 1531 1330 1567 scriptum.
1348 1532 1385 1558 De
1407 1532 1602 1567 pratdicatione
1619 1539 1684 1559 vero
1709 1539 1780 1566 pau-

983 1577 1057 1606 ciora
1088 1578 1221 1610 narravit,
1249 1587 1329 1614 quam
1356 1578 1568 1614 Metaphrastes,
1595 1586 1657 1606 cum
1690 1585 1785 1607 tamen.

988 1625 1076 1652 oratio
1099 1625 1186 1652 multo
1210 1625 1246 1653 sit
1271 1626 1404 1660 prolixior
1430 1626 1464 1653 ob
1489 1633 1571 1661 vagas
1598 1625 1780 1653 laudationes.

985 1669 1105 1697 Aderam
1133 1669 1225 1706 itaque
1246 1678 1280 1698 ex
1303 1678 1334 1698 ea
1357 1671 1383 1698 in
1409 1670 1625 1703 Commentario.
1647 1670 1781 1707 quidquid

986 1716 1052 1743 utile
1078 1716 1216 1743 videbitur
1238 1716 1270 1744 ad
1295 1717 1466 1752 propositum
1485 1721 1621 1744 nostrum.
1641 1715 1789 1745 Laudatus.

985 1762 1101 1789 Allatius
1120 1770 1182 1798 pag.
1198 1762 1260 1795 122,
1278 1762 1350 1790 inter
1369 1761 1446 1789 Vitas
1463 1761 1711 1798 Sanctorum,quae
1724 1771 1781 1791 non

985 1813 1050 1837 sunt
1071 1809 1273 1844 Metaphrastaa,
1293 1813 1430 1837 recenset.
1449 1810 1531 1836 dcta
1555 1809 1642 1837 sancti
1663 1809 1782 1845 apostoli

986 1859 1014 1882 et
1036 1856 1209 1891 evangelista
1229 1855 1360 1887 Mattltzei,
1385 1864 1503 1891 quorum
1527 1856 1580 1883 tale
1607 1855 1653 1883 dat
1679 1855 1782 1890 princi-

985 1902 1062 1938 pium
1081 1911 1088 1929 :
1104 1903 1244 1934 Martiale;
1256 1903 1407 1935 ἀπόστολος
1418 1904 1465 1930 καὶ
1479 1900 1718 1938 εὐαγγελιστὴςῆν
1733 1902 1782 1937 μιν

985 1950 1019 1976 ἐκ
1040 1949 1145 1981 πόλεως
1175 1949 1368 1985 Ἰερουσαλήμ.
1391 1959 1401 1975 ι
1429 1949 1573 1976 Malthzeus
1592 1948 1734 1983 apostolus
1754 1953 1784 1976 ct

986 1995 1153 2030 evangelista
1186 1999 1245 2022 crat
1275 2002 1307 2022 ex
1340 1995 1450 2022 civitate
1485 1995 1744 2030 liierosolymitana.
1770 2004 1781 2019 ι

985 2041 1114 2069 Auctoris
1142 2046 1185 2068 est
1217 2041 1314 2076 ignoti.
1346 2047 1373 2069 et
1403 2041 1590 2069 verisimiliter
1621 2040 1782 2076 posterioris

987 2087 1081 2115 Niceta
1110 2092 1138 2114 et
1161 2086 1356 2122 Melaphraste.
1382 2088 1476 2114 Prodit
1505 2088 1550 2115 ille
1577 2089 1630 2123 iam
1657 2087 1782 2122 allegatis

987 2135 1089 2167 verbis,
1111 2142 1191 2169 quam
1219 2134 1297 2162 nihili
1325 2135 1360 2162 sit
1380 2134 1534 2166 faciendus,
1563 2135 1628 2162 dum
1654 2138 1781 2162 sanctum

986 2180 1145 2209 Matthmum
1162 2181 1227 2208 facit
1248 2181 1535 2217 llierosolytuitanum,
1552 2189 1614 2209 cum
1632 2181 1677 2208 vix
1694 2181 1781 2209 ullum

987 2227 1022 2255 sit
1036 2227 1161 2260 dubium,
1181 2228 1248 2263 quin
1264 2229 1299 2256 sit
1316 2227 1454 2258 Caiilzeus.
1468 2232 1498 2254 ut
1511 2235 1561 2254 suo
1577 2227 1638 2255 loco
1653 2227 1780 2258 dicatur;

987 2277 1017 2300 ut
1052 2280 1126 2301 certe
1154 2274 1228 2301 nulla
1254 2273 1290 2300 sit
1314 2273 1383 2300 ratio
1408 2280 1469 2307 qua:
1494 2272 1661 2308 persuadere
1696 2272 1782 2306 possit

986 2319 1262 2355 llicrosolymitanum
1292 2318 1386 2346 fuisse.
1409 2318 1470 2346 Non
1499 2318 1588 2345 habeo
1609 2318 1643 2344 ad
1669 2325 1780 2344 manum

985 2366 1045 2394 inec
1061 2367 1140 2398 Acta,
1163 2366 1283 2402 facitque
1307 2367 1452 2401 allegatum
1477 2365 1600 2397 initium,
1623 2369 1653 2391 ut
1669 2372 1701 2392 ea
1719 2368 1781 2391 stu-

985 2412 1062 2441 diose
1071 2413 1218 2447 qua‘reuda
1236 2420 1291 2440 non
1308 2420 1447 2440 censeam.
1464 2411 1581 2440 Exstant
1597 2416 1623 2438 et
1638 2410 1730 2446 plures
1745 2411 1780 2438 de

984 2465 1083 2487 sancto
1103 2459 1231 2488 Mattbaeo
1245 2467 1404 2493 sermones,
1422 2459 1470 2487 sed
1486 2459 1532 2496 qui
1553 2458 1587 2486 ad
1603 2463 1679 2494 gesta
1695 2458 1781 2492 ipsius

985 2506 1169 2534 examinanda
1179 2511 1228 2534 aut
1240 2506 1394 2534 enarranda
1408 2505 1478 2534 nihil
1489 2505 1661 2534 conducunt.
1673 2504 1742 2532 Tres
1753 2504 1780 2532 id

986 2559 1072 2586 genus
1089 2560 1231 2580 sermones
1251 2552 1334 2580 habet
1355 2552 1383 2580 S.
1402 2552 1499 2580 Petrus
1514 2551 1661 2580 Damianus
1676 2556 1743 2579 tom.
1759 2551 1782 2579 Il

987 2597 1119 2632 Operutn.

1022 2652 1066 2679 i6.
1090 2651 1246 2687 Scriptores
1274 2653 1458 2688 posteriorum
1483 2653 1647 2681 saeculorum
1676 2653 1778 2685 Latini,

986 2698 1032 2733 qui
1055 2703 1132 2734 gesta
1156 2699 1184 2725 ὃ.
1205 2698 1324 2727 Matthaei
1348 2708 1479 2728 enarrare
1502 2700 1667 2731 voluerunt.
1687 2701 1779 2728 omnia

987 2745 1045 2772 fere
1067 2747 1218 2772 hauserunt
1234 2753 1267 2773 ex
1288 2746 1362 2774 Actis
1383 2747 1470 2782 primo
1494 2747 1555 2775 loco
1571 2746 1699 2777 edendis.
1719 2754 1780 2781 quae

986 2798 1063 2821 certo
1085 2793 1197 2829 antiqua
1226 2795 1312 2829 magis
1334 2800 1408 2827 sunt,
1431 2802 1514 2830 quam
1540 2795 1704 2831 probabilia.
1733 2794 1779 2823 Illa

989 2839 1044 2867 fere
1062 2840 1166 2876 integra
1188 2840 1235 2868 dat
1251 2840 1411 2869 Vincentius
1432 2840 1646 2874 Bellovacensis,
1669 2843 1695 2869 in
1712 2841 1778 2878 Spe-

987 2886 1055 2919 culo,
1081 2887 1126 2914 lib.
1150 2895 1186 2919 Ix,
1215 2896 1274 2923 cap.
1292 2887 1325 2915 74
1346 2893 1373 2915 ct
1398 2895 1474 2924 seqq.
1494 2887 1614 2916 lacubus
1633 2888 1780 2917 .l-anucnsis

987 2941 1047 2969 cap.
1069 2934 1119 2962 155
1133 2942 1165 2963 cx
1183 2934 1276 2962 iisdem
1293 2933 1368 2963 Actis
1385 2935 1477 2963 ornnia
1495 2935 1664 2970 deprompsit
1682 2940 1780 2971 [rtcter
