2047 3152
249 155 304 190 ’15η

862 154 1004 184 MENSIS
1026 150 1260 185 SEP’I‘EMBER.

1821 142 1878 175 τευ

249 219 281 240 ea
296 219 357 246 quas
372 210 561 238 ratiocinando
581 210 614 237 de
637 209 784 237 virtutibus
804 209 898 237 Sancti
918 209 1033 236 addidit.
1053 213 1072 238 Λ
1087 216 1163 235 num.
1188 217 1197 233 ›
1221 206 1249 233 1η
1269 205 1409 241 prolixiori
1433 204 1530 232 unicus
1556 201 1634 229 initio
1654 204 1694 228 est
1720 198 1818 228 titulus
1837 199 1875 225 ita

249 257 349 285 Eadem
367 264 474 284 rursum
491 256 556 283 Acta
575 256 630 283 fere
651 256 773 290 sequitur
789 256 883 283 Petrus
905 255 938 282 de
955 256 1036 282 Nata-

250 303 330 334 libus.
345 302 391 329 lib.
410 310 468 333 vni.
491 310 551 337 cap.
574 302 644 333 100;
669 307 723 329 tam
746 309 841 337 presse
857 291 947 329 tamen
963 301 1036 328 Actis

250 354 304 376 non
333 349 458 380 inhaeret.
484 353 515 376 ut
540 349 657 376 subinde
678 356 732 375 non
759 348 840 375 addat
865 347 966 381 aliquid
989 351 1036 373 aut

250 400 338 422 mutet
363 395 514 422 secundum
530 403 561 421 ea
580 402 639 429 qua:
657 394 719 421 alibi
736 394 845 429 legerat.
862 393 994 420 Baronius
1009 393 1035 419 in

249 436 394 468 Adnotatis
416 441 449 468 ad
470 441 687 476 Martyrologium
709 441 778 468 duos
793 440 834 467 sui
859 439 988 474 temporis
1003 439 1036 465 de

252 487 281 526 ὃ.
301 487 424 514 tlattliaao
440 488 588 522 scriptores
605 493 730 514 recenset
747 487 790 513 his
803 486 892 513 verbis
909 495 915 512 :
934 495 943 511 ‹
963 484 1036 511 i‘cri-

251 534 331 562 onius
348 533 399 560 alia
429 542 517 568 nuper
544 533 714 568 consrripsit.
747 542 756 558 ›
785 533 850 559 Acta
877 531 1004 558 videlicet
1027 539 1034 557 :

255 590 265 605 ι
283 579 435 607 Novissime
450 587 515 606 vero
531 587 563 606 ex
577 580 696 613 antiquis
713 578 908 608 monumentis.
931 582 957 604 et
972 584 1036 604 san-

251 631 357 652 ctorum
376 625 483 651 l‘atrum
500 625 609 660 scriptis
624 624 732 660 collegit
750 631 807 651 rev.
830 624 957 650 dominus
969 622 1035 650 Mar-

251 671 443 699 cusAntouius
454 671 598 702 Columna.
609 669 1037 705 arrhiepiscopusSalern’Ianus,

251 723 279 744 et
307 725 373 745 sane
394 717 505 752 quidem
534 716 650 744 erudite.
677 725 685 741 I
709 715 830 750 Uterque
854 714 920 741 Acta
950 714 1037 748 prima

252 771 308 798 prro
326 762 412 790 oculis
434 762 538 793 habuit,
562 766 589 788 et
606 761 665 788 sine
685 761 816 796 scrupulo
839 763 950 786 Secutus
972 764 1012 785 est
1029 767 1036 785 :

252 816 298 837 aut
314 809 402 844 potius
415 809 472 843 ipsa
487 808 552 835 Acta
564 806 779 842 pseudo-Abditas
792 806 869 833 dedit
883 805 1036 836 Perionius,

253 856 361 882 omissis
378 855 508 882 duntaxat
523 853 705 889 paucissimis.
726 858 753 880 rt
768 852 866 879 additis
883 851 959 878 initio
973 859 1040 886 pan-

253 902 303 933 eis.
325 906 406 937 prout
427 902 494 928 Acta
519 901 545 927 in
569 900 663 927 codice
687 897 778 934 aliquo
800 898 890 925 forsan
913 898 1038 924 invenit:
1057 882 1078 910 Β

253 956 316 975 nam
342 953 370 974 et
392 949 419 973 in
447 946 568 973 editione
596 944 720 973 Historia:
735 945 930 979 apostolorum,
955 951 1037 978 quam

254 1001 326 1021 anno
346 993 411 1019 l5'll
437 992 512 1019 dedit
531 991 654 1019 Joannes
675 990 762 1017 Faber
775 1011 781 1022 .
799 998 854 1016 non
872 996 955 1024 pauca
977 992 1041 1015 sunt

254 1039 366 1071 omissa,
387 1046 446 1073 qua:
462 1039 487 1064 in
504 1038 641 1071 plerisque
662 1036 805 1063 codicibus
821 1035 958 1069 leguntur.
973 1034 1039 1061 lllu-

254 1085 411 1111 strissimus
427 1083 560 1111 Columna
578 1082 697 1117 undique
710 1089 758 1108 sua
775 1081 883 1114 collegit
902 1080 962 1107 sine
975 1079 1040 1107 crisi

254 1130 414 1159 sufﬁciente.
431 1130 502 1164 quod
516 1129 588 1156 aetati
605 1128 690 1163 ipsius
703 1127 854 1154 condonari
876 1130 975 1161 potest.
989 1125 1043 1152 ﬂc-

255 1176 337 1210 liqnis
365 1179 455 1202 tamen
484 1173 558 1201 Actis
590 1170 741 1208 praetulisse
767 1172 874 1199 videtur
903 1171 1041 1205 personati

255 1221 349 1249 Abdize
370 1220 528 1250 Historiam,
549 1219 591 1246 cui
607 1218 737 1246 nonnulla
755 1224 787 1244 ex
805 1217 996 1252 Metaphraste,
1016 1221 1042 1243 et

256 1268 333 1303 plura
353 1276 384 1294 ex
409 1266 484 1294 Actis
512 1266 623 1297 Graecis,
647 1265 704 1292 sive
727 1272 759 1291 ex
779 1263 941 1298 compendio
963 1262 1043 1289 Nice-

257 1314 335 1348 pliori
352 1313 486 1348 adjnnxit.
500 1311 609 1338 Meliora
625 1317 717 1338 tamen
729 1310 810 1337 etiam
825 1310 900 1337 dedit
913 1317 946 1336 ex
959 1309 1043 1336 sueris

256 1358 369 1387 Litteris
392 1364 419 1386 et
439 1358 574 1386 Patribus.
594 1357 761 1384 Examiuabo
778 1356 859 1391 igitur
880 1360 907 1383 et
929 1355 1043 1383 subinde

255 1406 376 1432 imdabo
402 1409 505 1431 asserta
530 1404 681 1433 Columnae,
698 1404 736 1429 uti
757 1407 785 1429 ct
809 1401 917 1429 Baronii
943 1401 969 1428 in
991 1402 1044 1428 An-

259 1452 375 1482 nalibus.
387 1450 554 1477 Tillcmontii
566 1449 593 1475 in
607 1448 783 1476 Monumentis
796 1448 931 1479 lica/exite,
947 1451 1011 1474 tom.
1023 1447 1043 1481 l,

257 1500 427 1532 aliorumque
451 1497 613 1529 recentium.
640 1495 686 1531 qui
718 1495 919 1522 accuratiorem
948 1494 1041 1521 crisim

258 1547 432 1581 proﬁtentur.

295 1592 339 1619 i7.
361 1590 498 1618 Laudatus
509 1590 642 1618 Columna
655 1588 877 1623 archiepiscopus
887 1595 942 1615 non
956 1586 1043 1614 solum

259 1640 292 1665 de
317 1638 400 1673 gestis
420 1642 447 1664 et
470 1637 601 1672 martyrio
622 1636 710 1663 sancti
734 1635 851 1662 Mattba-i
869 1635 1045 1661 Commenta-

262 1685 332 1711 rium
358 1683 454 1715 edidit.
480 1683 527 1710 scd
547 1683 634 1709 varias
656 1689 765 1716 quoque
789 1681 912 1715 corporis
932 1679 1046 1707 transla-

261 1731 349 1757 tiones
379 1737 506 1756 sermone
534 1728 640 1763 prolixo
665 1727 761 1761 magis.
791 1734 870 1761 quam
899 1724 1044 1761 probabili,

260 1776 408 1805 enarravit.
429 1775 500 1802 Vidit
516 1775 611 1810 procul
628 1774 712 1802 dubio
733 1774 866 1800 Baronins
881 1780 934 1799 non
953 1772 1046 1799 cohas.

261 1830 322 1849 rere
344 1822 504 1849 relationem
522 1820 672 1852 Columna,
693 1828 754 1847 cum
778 1814 849 1846 illam
867 1827 920 1846 non
938 1819 1049 1853 ignora-

263 1871 341 1900 verit.
361 1875 412 1894 nec
435 1871 526 1894 tamen
543 1867 691 1901 quidquam
715 1873 748 1894 ex
770 1874 801 1893 ea
820 1865 970 1892 Annallbus
991 1864 1047 1892 suis

262 1915 430 1947 inseruerit;
459 1915 586 1949 quamvis
613 1913 647 1940 ad
677 1920 778 1940 annum
813 1911 865 1939 95$
895 1919 926 1938 ex
959 1911 1048 1938 Leone

263 1960 393 1992 Ostiensi.
410 1966 436 1988 et
453 1961 485 1988 ad
504 1968 607 1987 annum
625 1960 693 1987 i080
709 1967 741 1986 ev
760 1958 883 1993 Gregorii
909 1958 987 1992 Papia
1003 1956 1048 1984 Vll

264 2006 381 2042 tipistola
395 2008 428 2035 de
440 2006 598 2035 inventione
611 2011 638 2033 et
651 2005 828 2033 translatione
843 2005 965 2038 corporis
976 2007 1047 2038 agat.

264 2057 435 2089 Quapropter
458 2054 498 2081 vel
526 2053 584 2081 solo
611 2052 719 2080 silentio
741 2060 792 2079 suo
817 2050 1049 2078 eminentissimus

265 2101 382 2134 scriptor
410 2100 575 2129 declaravit.
603 2103 728 2132 suspecta
756 2098 806 2125 sibi
835 2097 959 2124 falsitatis
989 2103 1050 2123 esse

263 2147 393 2180 adjuncta
412 2145 546 2176 locorum,
569 2151 746 2179 personarum
762 2148 789 2170 et
812 2147 977 2177 temporum,
990 2149 1051 2176 quae

267 2195 294 2220 in
315 2192 432 2220 llistoria
449 2191 656 2219 translationum
674 2189 745 2224 apud
763 2189 922 2216 Columnant
944 2189 1048 2222 reperi-

1090 262 1238 289 expressus
1255 263 1261 280 :
1280 263 1289 279 ι
1308 252 1406 287 incipit
1419 250 1560 278 translatio
1576 249 1605 275 Β.
1623 245 1740 275 Matthxi
1757 244 1877 280 apostoli

1090 305 1117 328 et
1138 299 1322 334 evangelista.
1344 307 1353 324 ι
1375 297 1404 324 In
1420 301 1534 330 utroque
1551 294 1727 329 prie-uiuitur
1744 293 1876 320 Actorum

1091 346 1281 381 compendium
1299 353 1330 372 ex
1350 342 1560 379 pseudo—Abdia:
1576 340 1693 368 Historia
1712 340 1747 367 ita
1765 339 1878 366 desum-

1091 398 1178 428 ptnm.
1196 397 1224 419 ut
1244 392 1407 426 paucissima
1428 393 1530 420 tamen,
1549 395 1636 422 eaque
1653 386 1737 413 nihilo
1752 385 1877 417 meliora,

1090 436 1179 465 addita
1195 438 1248 464 sint
1263 442 1310 464 aut
1327 440 1438 463 inritata.

1127 484 1170 511 Η.
1195 483 1295 510 Deinde
1309 483 1430 518 sequitur
1447 479 1590 509 translatio
1606 484 1659 506 tam
1679 476 1793 504 ridicnie
1808 484 1878 503 con-

1091 531 1151 557 fit-ta
1170 537 1202 556 ex
1225 529 1364 561 Aithiopia
1386 529 1412 554 in
1434 527 1613 554 Bri'auniam.
1637 530 1665 550 ut
1689 523 1729 550 vel
1745 531 1776 550 ex
1799 531 1828 548 ea
1846 522 1879 548 li-

1091 581 1182 615 queat.
1199 580 1336 602 aut-torem
1351 574 1412 601 crisi
1427 573 1555 600 historita
1574 578 1685 605 prorsus
1698 570 1781 596 fuisse
1792 569 1881 595 desu-

1092 627 1191 649 tuttnn.
1208 621 1286 652 Νιιηι,
1307 626 1335 647 ut
1358 621 1408 647 alia
1427 619 1532 646 mittam
1555 616 1756 651 improbabilia.
1772 622 1879 642 tuercad

1091 674 1165 696 tores
1194 668 1340 695 Britannos
1370 672 1467 694 auctor
1495 665 1620 701 perducit
1643 665 1670 692 in
1699 663 1879 697 Aitltiopiam.

1092 715 1240 751 paucisque
1255 714 1351 741 diebus
1365 713 1467 740 reducit
1483 713 1510 738 in
1527 711 1706 738 Britanniam.
1720 709 1793 736 Inter
1809 717 1879 744 gen-

1091 765 1135 788 tes
1160 768 1240 791 vero.
1260 767 1274 787 a
1305 759 1403 794 quibus
1423 763 1554 785 vastatam
1585 757 1658 783 circa
1689 754 1818 782 sarculum
1852 762 1879 780 tv

1092 807 1258 841 (Ethiopiam
1283 806 1368 841 fingit.
1395 805 1520 832 nominat
1545 803 1694 830 Sarmatas.
1725 801 1881 832 Utrumque

1093 857 1169 880 certo
1187 859 1239 880 tam
1266 851 1444 887 improbabile
1460 849 1596 877 videbitur
1614 848 1746 876 historico
1769 846 1882 872 cuilibet

1091 899 1263 934 geographiae
1285 900 1422 933 utcunque
1451 897 1541 931 perito
1555 915 1561 927 .
1585 899 1613 922 ut
1633 901 1745 921 necesse
1770 900 1823 919 non
1844 893 1882 918 sit

1090 947 1227 980 exagitare
1240 946 1293 972 alia
1312 945 1350 972 rei
1370 946 1486 978 peractae
1502 941 1630 977 adjuncta
1652 941 1733 975 plane
1753 938 1879 969 rid'eula.

1091 991 1241 1026 praesertim
1258 999 1319 1018 cum
1335 995 1428 1017 auctor
1444 994 1519 1016 certo
1533 997 1586 1015 non
1599 988 1697 1014 vixerit
1713 990 1774 1013 ante
1790 991 1880 1011 saecu-

1092 1039 1146 1066 lqu
1159 1044 1186 1068 χ,
1200 1045 1249 1064 nec
1262 1037 1332 1064 ullos
1346 1036 1466 1063 nominet
1477 1039 1562 1062 testes
1575 1037 1708 1063 vetustos.
1719 1040 1750 1059 ex
1763 1035 1881 1065 quorum

1092 1084 1202 1118 scriptis
1227 1091 1275 1110 sua
1302 1083 1449 1109 hausisset.
1476 1081 1547 1116 Quin
1576 1081 1629 1106 into
1653 1080 1710 1112 ipse
1735 1077 1879 1107 Paulinus.

1094 1131 1273 1167 Legionensis
1291 1135 1338 1158 aut
1358 1129 1508 1156 Leonensis
1532 1130 1557 1155 in
1579 1128 1718 1154 Britannia
1736 1126 1881 1153 Armorica

1093 1179 1249 1213 episcopus.
1267 1177 1310 1203 cui
1332 1176 1463 1211 scriptum
1485 1175 1550 1202 illud
1568 1173 1741 1201 attribuitur.
1763 1177 1882 1206 persona

1093 1225 1202 1252 videtur
1227 1223 1332 1254 ﬁctilia.
1351 1230 1412 1249 cum
1435 1219 1637 1248 Sammarthani
1655 1224 1720 1246 tom.
1739 1217 1760 1244 ll
1783 1215 1883 1243 Gallic

1095 1269 1263 1300 Christianae,
1279 1266 1324 1295 ubi
1346 1267 1411 1295 dant
1425 1266 1577 1299 catalogum
1596 1265 1784 1299 episcoporum
1804 1262 1877 1288 Leo-

1094 1315 1234 1344 nensium.
1251 1315 1354 1341 nullum
1376 1314 1448 1340 inter
1468 1312 1529 1339 illos
1556 1311 1705 1338 exhibeant
1724 1309 1882 1339 Paulinum.

1095 1370 1182 1396 neque
1207 1362 1280 1389 hunc
1304 1360 1366 1388 alibi
1392 1359 1541 1387 inveniam.
1565 1355 1746 1384 Cltronotaxis
1767 1362 1821 1381 non
1841 1357 1886 1380 est

1096 1409 1202 1439 melior,
1223 1415 1302 1441 quam
1322 1406 1402 1433 crisis
1424 1405 1554 1432 historica
1574 1413 1578 1430 :
1601 1408 1662 1429 nam
1687 1404 1810 1427 tnortuus
1829 1404 1886 1426 sta-

1096 1453 1181 1480 tuitur
1203 1454 1252 1480 snb
1275 1451 1368 1482 Galba,
1388 1451 1414 1478 id
1431 1455 1482 1482 est.
1497 1457 1568 1476 anno
1584 1456 1646 1475 aera:
1665 1446 1832 1473 Christiatnc
1849 1442 1886 1471 68

1095 1503 1142 1525 aut
1157 1498 1201 1524 69.
1218 1496 1286 1523 Tum
1302 1496 1401 1522 dicitur
1417 1495 1546 1523 trecentis
1562 1494 1642 1520 annis
1659 1497 1685 1520 ct
1704 1493 1772 1519 nltra
1791 1491 1887 1525 religio

1058 1543 1249 1582 cChristiana
1279 1542 1404 1569 ﬂoruisse
1435 1541 1462 1567 in
1495 1540 1596 1572 [Ethioi
1608 1539 1643 1566 ia.
1677 1538 1734 1565 Mox
1762 1538 1887 1571 sequitur

1099 1589 1174 1624 regni
1188 1590 1302 1615 vastatio
1317 1593 1345 1614 et
1360 1586 1511 1617 translatio,
1542 1589 1571 1612 ut
1601 1584 1657 1611 ha-c
1672 1582 1775 1620 figenda
1807 1585 1886 1608 esset

1099 1635 1197 1662 saeculo
1218 1642 1243 1660 tv
1263 1638 1381 1661 exeunte
1405 1636 1451 1658 aut
1465 1630 1565 1658 szecnlo
1587 1638 1613 1657 ν.
1636 1630 1761 1656 Attamen
1785 1626 1889 1654 as~erit

1099 1687 1203 1712 auctor,
1227 1687 1326 1713 corpus
1346 1680 1373 1705 in
1391 1678 1556 1704 Britanniam
1571 1675 1740 1703 Armoricant
1765 1674 1888 1705 venisse.

1100 1731 1163 1757 dum
1181 1727 1310 1763 regnabat
1335 1726 1435 1753 ibidem
1457 1725 1596 1755 Salomon,
1616 1723 1661 1756 qui
1683 1727 1744 1757 post
1765 1721 1887 1747 medium

1101 1774 1191 1803 ειιυειιιὶ
1220 1781 1246 1801 tx
1273 1780 1386 1807 regnare
1413 1772 1495 1806 coepit
1524 1771 1674 1798 secundum
1697 1767 1887 1795 obronutaxim

1101 1821 1239 1848 Lobineau
1270 1820 1296 1847 in
1324 1819 1441 1846 Historia
1466 1817 1611 1844 Armoricae
1640 1815 1672 1842 ad
1697 1822 1797 1841 annum
1821 1813 1888 1840 837.

1101 1868 1219 1895 Rursum
1246 1865 1423 1901 quadraginta
1447 1868 1473 1891 et
1495 1870 1591 1890 novem
1616 1869 1702 1888 annos
1727 1864 1888 1888 numerata

1101 1913 1223 1948 corporis
1243 1911 1422 1939 translatione
1441 1911 1465 1936 in
1484 1908 1662 1937 Britanniam.
1686 1906 1794 1941 quando
1807 1905 1889 1932 Salo-

1101 1969 1165 1988 mon
1183 1968 1229 1987 rex
1249 1966 1263 1986 a
1283 1961 1339 1985 suis
1355 1957 1404 1984 fuit
1419 1956 1537 1984 occisus.
1556 1955 1591 1981 At
1607 1954 1732 1980 laudatus
1748 1951 1889 1978 Lobineau

1100 2013 1155 2034 non
1177 2011 1247 2034 totos
1263 2004 1357 2040 viginti
1380 2010 1466 2030 annos
1484 2009 1567 2036 regno
1582 1999 1735 2027 Salomonis
1751 1998 1887 2025 attribuit.

1138 2051 1180 2076 i9.
1212 2049 1271 2076 Mox
1301 2048 1410 2082 ineptos
1439 2050 1654 2073 commentorum
1683 2042 1893 2070 consarcinator

1103 2095 1209 2123 inducit
1221 2094 1343 2122 Flavium
1360 2093 1543 2120 Romanorum
1562 2090 1717 2125 patricium.
1734 2087 1892 2115 Salomonis

1103 2142 1185 2169 occisi
1204 2147 1339 2169 socerum.
1356 2139 1390 2166 de
1405 2139 1464 2171 eius
1476 2142 1563 2164 morte
1575 2136 1711 2164 scribente
1723 2135 1755 2161 ad
1770 2133 1894 2161 Valenti-

1103 2188 1213 2215 nianum
1225 2187 1413 2220 imperatorem
1424 2193 1431 2215 ς
1443 2182 1663 2211 Valentinianum
1677 2189 1740 2208 vero
1751 2182 1892 2215 ingentem

267 2245 360 2267 untur.
380 2238 472 2265 Habeo
492 2238 558 2265 Acta
584 2245 647 2266 ηις..
669 2235 783 2263 Salerno
797 2234 860 2262 olim
884 2235 916 2260 ad
936 2235 1052 2268 majm‘es
1070 2230 1089 2256 ο
1105 2233 1131 2260 in
1148 2233 1221 2259 Italia
1236 2233 1350 2259 classem
1366 2229 1508 2264 collegisse
1527 2228 1632 2255 asserit.
1645 2229 1723 2262 eique
1739 2226 1892 2253 exercitum

267 2290 377 2312 no~tros
394 2283 567 2311 transmissa.
588 2290 620 2309 ex
642 2282 742 2315 quibus
766 2280 844 2308 video
863 2287 911 2307 sua
929 2280 1053 2306 hausisse

265 2330 404 2358 laudatum
423 2330 542 2357 Marcum
559 2328 706 2356 Antonium
719 2326 878 2354 Columnam
893 2326 1052 2354 Marsilinm.

267 2376 370 2404 Vellem
392 2383 468 2408 sane.
490 2380 516 2402 ut
533 2383 564 2402 ea
579 2376 669 2410 potius
691 2380 788 2402 severa
801 2373 864 2399 crisi
883 2372 1052 2407 castigasset.
1074 2365 1083 2376 ’

268 2427 316 2450 ant
338 2421 451 2449 omnino
476 2421 558 2449 etiam
585 2419 741 2454 abiecisset,
765 2424 892 2452 tanquam
916 2417 1054 2452 improba-

270 2469 343 2496 bilia.
360 2468 404 2500 At,
421 2475 482 2494 etim
501 2467 572 2494 istud
590 2474 643 2493 non
659 2465 764 2497 fecerit.
779 2471 829 2498 pro
842 2463 969 2490 instituto
983 2463 1054 2497 Ope-

270 2515 308 2541 ris
323 2513 409 2540 nostri
430 2513 455 2539 id
474 2512 540 2539 mihi
562 2512 716 2539 faciendqu
737 2511 827 2537 video.
847 2509 989 2536 Geminum
1013 2513 1056 2535 est

271 2558 413 2593 scriptum,
426 2558 540 2584 alterum
555 2557 640 2584 altero
652 2557 732 2591 paulo
743 2555 888 2589 prolixius;
901 2553 948 2581 sed
961 2553 1055 2579 eadem

271 2605 297 2631 in
313 2610 427 2638 utroque
439 2603 597 2630 referuntur
608 2603 690 2638 facta.
704 2602 781 2635 Quod
796 2601 905 2628 brevius
918 2604 969 2630 est.
982 2598 1056 2625 hunc

271 2653 355 2680 habet
374 2652 482 2678 titulum
503 2660 511 2678 :
530 2660 540 2676 ε
563 2650 661 2677 Sermo
682 2647 844 2676 venerabilis
864 2645 979 2676 Paulini.
1002 2643 1056 2670 Le-

271 2699 410 2734 giononsis
427 2698 573 2725 Britanniae
590 2697 666 2724 urbis
681 2695 813 2729 episcopi.
829 2696 863 2720 de
879 2691 1057 2720 translatione

271 2746 357 2774 sancti
374 2744 491 2772 Μαιωκὶ
506 2744 618 2778 apostoli
631 2743 664 2770 ab
677 2741 816 2773 Ethiopia
835 2740 861 2766 in
879 2737 1055 2770 Britanniam.

273 2792 394 2826 itemque
416 2791 450 2817 de
475 2789 612 2816 Britannia
637 2789 664 2814 in
689 2787 802 2814 italiam.
825 2795 834 2810 ι
854 2784 918 2811 Post
937 2783 1056 2810 medium

273 2844 382 2864 rursum
405 2837 449 2864 hic
467 2835 566 2871 legitur
587 2834 682 2861 titulus
704 2839 712 2858 :
735 2831 860 2858 Miracula
883 2830 969 2858 sancti
991 2837 1058 2865 apo-

276 2882 336 2911 Itoli
360 2887 386 2910 ct
410 2880 580 2916 evangi-listte
602 2877 719 2905 Matthxi
746 2883 793 2910 per
815 2876 939 2903 eumdem
967 2875 1057 2903 Pauli-

1104 2278 1279 2314 imposnisse.
1296 2282 1323 2304 ct
1342 2278 1381 2304 sic
1403 2282 1573 2310 expugnaSSe
1595 2281 1708 2308 regnum
1733 2271 1891 2301 Britannize.

1104 2330 1131 2352 et
1149 2332 1179 2351 ca
1199 2324 1341 2352 oecasione
1363 2330 1462 2356 corpus
1487 2322 1513 2348 in
1540 2320 1642 2347 Italiam
1661 2319 1820 2346 translatum
1856 2317 1895 2343 At

1104 2379 1185 2406 quam
1210 2370 1252 2397 illa
1276 2370 1330 2396 sint
1354 2369 1456 2402 inepta.
1483 2375 1565 2394 nemo
1590 2373 1645 2393 non
1675 2365 1788 2392 videbit.
1810 2363 1894 2390 modo

1105 2415 1330 2445 considerav'erit.
1360 2413 1486 2440 ultimum
1513 2420 1545 2440 es
1575 2412 1664 2439 tribus
1690 2409 1896 2438 Valentiniani:

1105 2463 1166 2498 plus
1186 2469 1266 2496 quam
1296 2463 1413 2494 quatuor
1445 2458 1552 2486 saculis
1579 2463 1714 2484 mortuum
1743 2463 1804 2482 esse
1828 2460 1894 2481 ante

1106 2509 1277 2535 Salomonem
1290 2505 1435 2532 Britannia:
1451 2512 1551 2539 regem.
1564 2503 1641 2530 Mitto
1655 2504 1782 2537 adjuncta
1800 2509 1893 2528 rerum

1107 2553 1223 2588 plurima
1243 2560 1319 2586 atque
1340 2552 1441 2585 inepta.
1464 2555 1492 2577 et
1511 2557 1593 2584 pergo
1608 2549 1640 2576 ait
1661 2548 1847 2574 inventionem
1865 2547 1895 2574 in

1108 2600 1247 2634 prolixiori
1264 2599 1351 2625 solum
1377 2598 1481 2631 scripto
1498 2597 1621 2622 relatum.
1639 2594 1744 2621 Dicitur
1765 2594 1807 2620 illa
1819 2601 1897 2624 ron-

1108 2645 1200 2681 tigisse
1212 2652 1285 2671 anno
1298 2643 1359 2673 955.
1374 2642 1483 2678 quando
1496 2641 1677 2676 principatum
1692 2639 1896 2666 Saleruitanum

1107 2693 1246 2719 obttncbat
1261 2691 1421 2725 Gisnlphus.
1447 2689 1508 2716 Haec
1524 2688 1627 2722 cpocha
1649 2695 1699 2714 suo
1719 2687 1779 2713 loco
1795 2686 1900 2713 contir-

1108 2739 1205 2766 manda
1223 2738 1322 2765 veniet.
1339 2737 1450 2764 interim
1473 2742 1581 2766 moneo.
1604 2734 1689 2761 multa
1712 2741 1822 2760 rursum
1845 2733 1901 2758 im-

1107 2785 1258 2819 probabilia
1271 2789 1297 2811 ct
1309 2784 1398 2817 inepta
1417 2781 1537 2808 historia:
1553 2779 1721 2807 inventionis
1738 2778 1898 2805 admisceri.

1109 2830 1163 2858 Has
1177 2830 1211 2858 ob
1223 2837 1320 2857 causas
1339 2833 1422 2856 totam
1441 2827 1515 2854 illam
1531 2825 1717 2853 translationis
1740 2824 1899 2854 historiam.

1109 2879 1201 2911 utpote
1214 2875 1351 2902 sescentis
1368 2873 1464 2900 fabulis
1477 2876 1524 2899 aut
1535 2869 1643 2906 ineptiis
1657 2870 1795 2901 foedatam.
1811 2869 1898 2896 omit-
