2047 3152
222 149 275 181 761

224 211 299 234 certa
323 209 351 232 et
372 211 468 239 parum
498 202 646 238 probabilis
670 205 792 237 apparet,
818 208 849 228 ac
875 201 938 228 aliis
959 200 1015 234 iam
1031 202 1052 228 A

224 253 283 281 visa
305 257 357 283 est,
378 251 430 277 nisi
452 257 512 278 eam
533 250 622 277 solum
639 249 826 284 intelligamus
838 247 872 275 de
889 251 1016 282 prompta

225 299 366 326 voluntate
379 298 412 324 ad
427 297 579 324 faciendum
593 296 726 331 quidquid
749 295 860 330 juberet
876 295 1016 326 Dominus,

227 352 290 372 cum
313 345 380 372 satis
399 351 480 370 nosse
499 348 591 378 posset
607 343 674 369 nihil
689 343 752 369 mali
775 343 928 376 iussurum.
941 339 1018 372 Quod

228 399 294 418 vero
316 395 423 425 spectat
444 391 476 416 ad
498 390 619 416 rationes
637 389 716 416 oﬂicii
738 388 944 423 magistratibus
958 387 1019 413 red-

229 437 342 466 dendas.
366 436 503 470 conjicere
531 443 690 469 possumus,
717 441 764 461 aut
789 434 938 468 obligaturi)
964 440 1020 459 non

230 482 315 509 fuisse
331 481 486 508 Matthtemn
505 481 538 506 ad
562 487 609 507 eas
631 480 795 511 reddendas,
814 479 884 513 quod
908 478 1021 505 fortasse

231 532 308 562 pater
327 527 414 561 ipsius
431 527 558 561 Alphaeus
579 527 661 553 etiam
686 531 742 553 tum
768 527 884 558 viveret,
907 530 966 554 aut.
994 524 1017 550 si

234 573 379 601 Maltlneus
410 574 523 600 omnino
554 578 635 607 caput
660 572 767 599 familia:
799 580 854 599 sua:
885 577 969 601 88391.,
996 576 1023 598 et

233 619 410 655 vectigalibus
426 619 585 652 'prarfectns,
611 619 757 645 Dominum
781 618 870 644 eidem
887 623 949 652 post
966 617 1024 651 pri-

235 673 307 692 matn
331 665 516 692 obedientiam
544 664 702 693 mandasse.
723 670 752 690 ut
777 664 818 690 vel
837 664 955 690 lationes
970 663 1024 690 cito

234 701 373 744 redderet,
392 711 433 738 vcl
451 719 510 738 eam
527 719 621 737 curam
641 711 718 737 alteri
734 710 924 737 demandaret.
943 709 1024 736 Certe

235 757 406 790 convivium,
431 756 504 791 quod
532 756 558 782 in
584 756 665 783 domo
683 763 730 783 sua
746 756 855 783 Christo
880 756 1025 789 multisque

235 803 390 838 publicanis
415 802 550 830 exstruxit
576 802 736 834 Matthmus,
760 801 869 829 abunde
891 801 1023 832 insinuat,

236 848 325 882 ipsum
348 847 429 874 facile
447 847 474 873 in
496 847 565 873 alios
583 847 775 874 transfundere
799 847 931 880 potuisse,
948 846 1027 880 quid-

237 871 325 882 'r"""
348 871 428 874 --ν--η
585 871 774 874 ν--νηγ---ηα
801 871 931 880 τ---νψι

236 892 301 927 quid
319 892 494 928 obligationis
510 900 541 918 ex
559 891 647 919 ofﬁcio
664 897 848 919 contraxerat.
1042 871 1064 898 Β

271 938 318 965 25.
342 938 429 966 Porro
449 939 552 965 laudati
571 937 782 973 Chrysostomus
798 944 825 965 et
847 938 1027 973 Hieronymus

237 991 299 1012 cum
329 985 409 1011 laude
439 985 584 1011 observant
614 985 761 1011 candorem
796 990 823 1011 ct
846 984 1027 1011 humilitatem

240 1031 269 1058 S.
290 1030 421 1062 Matthaei,
439 1031 511 1065 quod
534 1031 593 1065 ipse
612 1031 638 1056 in
659 1029 806 1065 Evangelio
829 1030 968 1065 professus
982 1031 1027 1062 sit,

240 1074 416 1109 publicanum
441 1082 471 1102 se
499 1076 602 1107 fuisse,
629 1083 748 1110 ususque
779 1076 813 1102 sit
838 1077 950 1103 nomine
977 1083 1029 1103 suo

241 1119 327 1152 magis
348 1119 467 1153 vulgato,
489 1127 552 1147 cum
571 1120 677 1147 Marcus
701 1124 729 1147 et
749 1120 836 1148 Lucas
853 1120 918 1148 Levi
940 1121 1029 1156 ipsum

239 1165 395 1197 nominent,
422 1166 486 1193 dum
509 1166 634 1194 scribunt
656 1167 850 1200 vocationem;
873 1167 1030 1194 Matth-acum

240 1219 317 1244 vero,
330 1211 394 1239 dum
408 1212 533 1240 eumdem
556 1213 688 1247 apostolis
703 1218 897 1240 annumerant.
912 1213 940 1240 Si
959 1214 1030 1241 idem

240 1259 352 1286 fecisset
391 1259 533 1286 Mattlneus
558 1260 626 1294 ipse,
652 1265 681 1288 et
711 1260 834 1287 similiter
859 1261 886 1287 in
911 1261 1032 1295 catalogo

243 1305 428 1338 apostolorum
451 1305 624 1340 publicanum
640 1314 669 1333 se
684 1314 738 1333 non
751 1307 929 1337 nominasset.
940 1308 1032 1335 nullus

241 1351 342 1378 deinde
357 1359 391 1378 ex
409 1351 556 1387 Evangelio
570 1353 676 1379 nescire
694 1352 838 1387 potuisset,
857 1353 1031 1387 publicanum

244 1397 328 1424 fuisse
346 1397 515 1428 Mattlneum,
537 1402 584 1425 aut
608 1398 733 1426 eumdem
757 1407 820 1426 cum
838 1399 913 1426 Levi.
931 1399 1033 1427 Audia—

245 1450 304 1469 mus
316 1443 395 1470 verbi
411 1445 497 1471 sancti
513 1444 669 1480 lliemnymi
684 1454 690 1472 :
708 1456 717 1471 ‹
737 1445 834 1473 Caneri
848 1446 1033 1481 evangelista,

245 1489 345 1523 inquit,
365 1495 478 1524 propter
494 1490 687 1517 verecundiam
703 1495 731 1517 et
749 1491 882 1518 honorem
902 1490 1032 1524 Mattbzei,

243 1535 391 1562 noluerunt
419 1543 483 1563 eum
513 1537 623 1563 nomine
652 1537 791 1572 appellare
820 1537 953 1572 vulgato,
983 1536 1069 1571 sedc

244 1582 384 1614 dixerunt,
413 1582 497 1615 Levi;
525 1583 628 1617 duplici
658 1583 760 1618 quippe
783 1583 916 1611 vocabulo
943 1583 1005 1610 fuit.
1023 1592 1032 1609 ι

245 1627 307 1661 Ipse
329 1634 420 1655 autem
439 1628 582 1655 llatthxus
599 1629 751 1656 secundum
765 1629 842 1662 illud,
860 1629 933 1664 quod
950 1637 964 1656 a
985 1629 1036 1656 Sa.

246 1673 356 1701 lomone
378 1674 534 1709 prtecipitur
553 1683 560 1701 :
582 1684 591 1700 ι
609 1674 689 1702 Jesus
711 1681 855 1703 accusator
871 1680 913 1703 est
941 1678 983 1703 sul
1008 1676 1037 1702 in

248 1719 385 1754 principio
404 1721 551 1748 sermonis.
572 1731 581 1747 ι
607 1721 639 1748 Ει
664 1722 690 1748 in
717 1721 772 1748 alio
791 1722 851 1748 loco
876 1730 882 1748 :
908 1731 918 1748 ι
939 1721 986 1749 Die
1007 1727 1036 1749 tu

246 1771 359 1800 peccata
376 1771 431 1797 tua,
451 1771 480 1793 ut
493 1767 654 1800 justiticeris
671 1776 679 1801 ;
699 1777 708 1793 ι
728 1768 885 1795 lllatthteum
899 1776 930 1795 se
944 1772 973 1795 et
987 1776 1036 1803 pu-

247 1814 384 1841 blicanum
402 1816 536 1848 nominat,
560 1821 590 1843 ut
603 1811 729 1843 nsténdat
748 1817 914 1851 legentibus,
930 1817 1036 1844 nullum

247 1860 349 1888 debere
361 1862 476 1889 salutem
495 1863 653 1898 desperare,
672 1863 693 1890 si
710 1863 742 1889 ad
760 1862 872 1890 meliora
886 1871 1038 1890 conversus

247 1906 296 1938 sit,
309 1915 371 1934 cum
384 1908 444 1943 ipse
455 1909 488 1935 de
505 1909 648 1943 publicam
661 1910 688 1936 iu
712 1909 866 1944 apostolum
878 1909 914 1936 sit
926 1914 1039 1944 repente

249 1959 382 1981 mutatus.
400 1964 409 1980 ι
425 1954 525 1982 Eadem
539 1955 596 1982 fere
614 1955 740 1982 observat
752 1955 975 1990 Chrysostomns,
993 1955 1040 1990 qui

248 1999 370 2035 adgungit
385 2000 466 2027 etiam
479 2001 623 2035 sequentia
642 2010 648 2027 :
667 2011 676 2027 ι
695 2001 751 2028 Cur
765 2009 845 2036 porro
860 2002 937 2034 dixit,
950 2001 1040 2036 ipsum

247 2047 355 2073 sedisse
371 2047 399 2074 in
426 2048 546 2074 telonio?
563 2048 690 2075 Vocantis
707 2048 759 2074 vim
783 2048 945 2080 ostendens,
965 2048 1040 2082 quod

249 2099 312 2118 cum
329 2094 450 2119 nondum
467 2093 626 2126 destitisset,
646 2098 674 2121 et
693 2095 819 2128 improbo
838 2095 940 2122 telouio
954 2094 1041 2121 luere-

248 2143 300 2168 rct.
320 2146 353 2166 ex
370 2140 465 2166 mediis
485 2140 571 2174 ipsum
588 2141 664 2167 malis
678 2141 835 2167 extraxerit.
850 2150 858 2166 ι
876 2141 908 2167 Et
926 2149 987 2167 mox
1008 2142 1042 2168 de

249 2185 339 2213 olIicio
356 2186 567 2221 publicanorum
588 2188 625 2214 ita
648 2193 768 2214 mentem
790 2193 866 2214 suam
892 2188 1013 2216 declarat
1032 2199 1038 2216 :

254 2242 264 2259 ε
283 2232 346 2260 ﬂre
365 2237 456 2260 autem
475 2233 600 2260 lucrandi
618 2234 687 2261 ratio
702 2234 870 2269 impudentia
888 2235 966 2269 plena
981 2240 1041 2263 erat

250 2287 282 2306 ac
304 2281 465 2314 petulantia,
482 2286 602 2314 qumslus
620 2281 728 2316 iniquus
742 2289 773 2308 ac
786 2287 938 2308 mercatura
956 2282 1042 2309 illibe-

252 2326 326 2353 ralis.
348 2336 357 2352 ι
382 2326 450 2354 Hinc
475 2326 503 2354 S.
523 2327 682 2363 Gregorius,
700 2327 775 2355 hom.
794 2328 829 2354 ‘24
849 2328 875 2355 in
898 2329 1042 2364 Evangelia

251 2373 381 2404 advertit,
412 2372 524 2400 Petrum
559 2374 668 2408 quidem
698 2374 843 2409 aliquando
873 2375 988 2402 rediisse
1008 2376 1042 2403 ad

252 2417 444 2451 piscationem,
470 2421 517 2446 sed
534 2419 692 2447 Matthzrum
712 2428 851 2455 nunquam
873 2422 906 2448 ad
922 2421 1041 2449 cilicium

253 2464 388 2498 publicani
415 2465 536 2499 periculo
556 2466 679 2500 plenum.
706 2475 716 2491 ε
735 2467 804 2499 Quia
828 2466 900 2493 aliud
928 2471 981 2499 est,
1001 2468 1044 2494 in-

253 2511 324 2544 quit,
337 2510 439 2537 victum
453 2519 502 2546 per
518 2511 698 2545 piscationem
715 2519 847 2546 quaerere,
865 2512 936 2539 aliud
953 2518 1043 2540 autem

253 2556 347 2583 telonii
364 2557 449 2584 lucris
468 2557 598 2593 pecunias
614 2565 726 2591 augere.
738 2559 807 2590 Sunt
821 2559 895 2585 enim
915 2559 1044 2594 pleraque

253 2605 374 2640 negotia,
398 2614 459 2640 qua:
489 2607 548 2634 sine
575 2607 694 2642 peccatis
720 2607 842 2633 exhiberi
865 2611 911 2633 aut
932 2607 973 2633 vix
998 2611 1045 2634 aut

252 2652 410 2679 nullatenus
426 2659 553 2688 possunt.
574 2653 641 2686 Qum
657 2661 722 2688 ergo
737 2654 768 2680 ad
787 2660 929 2688 peccatum
951 2653 1042 2688 impli-

253 2703 328 2731 cant,
359 2699 392 2726 ad
422 2699 479 2726 haec
507 2707 619 2727 necesse
634 2705 676 2727 est
704 2704 732 2726 ιιι
753 2705 812 2734 post
836 2699 1044 2726 conversionem

251 2746 364 2773 animus
376 2755 429 2773 non
443 2751 578 2774 recurrat.
595 2746 734 2774 Laudatus
747 2746 903 2780 Gregorius,
918 2746 964 2772 lib.
980 2753 1044 2773 xvul

254 2792 398 2820 Moralium
418 2794 444 2820 iu
463 2793 514 2821 Job
529 2801 591 2828 cap.
607 2793 642 2820 27
657 2793 691 2819 de
710 2800 807 2827 magna
823 2791 908 2818 sancti
928 2791 1046 2819 Multi-hci

253 2841 407 2867 mutatione
434 2840 470 2867 ita
495 2840 650 2875 loquitur:
680 2849 688 2866 ι
710 2840 807 2866 Annon
846 2838 989 2865 llattlucus
1018 2838 1045 2865 in

253 2890 326 2912 terra
344 2886 471 2914 inventus
485 2892 534 2920 cst,
545 2887 602 2922 qui,
619 2886 735 2915 terrenis
751 2884 867 2920 negotiis
881 2884 1043 2920 implitatus,

1058 2211 1078 2238 Ι)

846 142 987 173 MENSIS
1008 141 1244 172 SEPTEMBEB.

1802 133 1857 164 7M

1069 197 1161 224 telonii
1179 197 1274 224 usibus
1290 196 1425 224 serviebat
1438 196 1449 222 ?
1461 195 1516 223 Sed
1532 194 1566 222 de
1585 199 1658 222 terra
1678 192 1814 221 sublatus.
1829 192 1858 218 in

1070 245 1257 271 fortitudinem
1271 243 1335 270 ferri
1348 242 1487 270 convaluit
1503 241 1603 275 :‘cujus
1614 239 1743 267 videlicet
1754 238 1858 272 lingua,

1069 291 1145 325 quasi
1161 290 1320 317 acutissimo
1341 289 1442 324 gladio,
1462 284 1602 321 Evangelii
1625 284 1861 313 administratione

1071 337 1203 363 Dominus
1219 335 1369 362 infidelium
1391 335 1472 361 corda
1495 333 1651 360 transfixit:
1669 335 1697 358 et
1716 330 1763 365 qui
1785 329 1863 356 inﬁr-

1072 392 1132 410 mus
1145 383 1218 417 prius
1232 382 1433 416 despectusque
1453 380 1543 407 fuerat
1558 387 1606 414 per
1619 385 1725 405 terrena
1741 375 1862 411 negotia,

1072 429 1150 455 fortis
1173 427 1347 462 postmodum
1373 426 1462 453 factus
1480 430 1522 453 est
1544 425 1578 451 ad
1593 423 1714 451 cmlestia
1731 421 1865 456 praedica-

1073 479 1176 502 menta.

1106 532 1152 560 (Μ.
1177 531 1254 564 Quod
1281 531 1315 557 ab
1340 529 1507 564 Hieronymo
1531 535 1614 563 supra
1638 527 1738 554 dictum
1763 531 1806 554 est
1829 526 1865 554 de

1074 579 1182 614 gemino
1195 578 1304 604 nomine
1323 575 1449 610 apostoli,
1472 574 1517 608 qui
1545 573 1694 600 Mattha’us
1715 574 1867 598 vm-ahatur

1075 630 1102 652 ct
1129 625 1204 653 Levi.
1233 628 1263 650 ut
1281 629 1378 649 omnes
1411 621 1510 656 passim
1537 620 1807 650 animadverterunt,
1838 622 1868 644 et

1076 670 1222 704 Evangelia
1252 668 1404 695 clarissime
1432 666 1582 696 insinuant,
1610 665 1718 692 videtur
1751 671 1867 699 negasse

1075 715 1217 750 Origenes,
1237 715 1285 742 lib.
1301 723 1307 742 ι
1330 714 1429 742 Contra
1447 712 1552 740 Celsum
1564 732 1570 743 ,
1588 718 1665 738 num.
1686 710 1730 742 (32,
1746 711 1791 737 ubi
1808 711 1870 737 hmo

1077 762 1159 789 habet
1175 770 1184 788 τ
1204 770 1213 786 ‹
1230 761 1270 787 Sit
1281 759 1383 787 etLevi
1398 759 1570 794 publicanus.
1589 757 1633 791 qui
1646 756 1740 784 Iesum
1756 761 1869 783 secutus

1078 809 1124 835 sit.
1146 807 1180 834 At
1204 814 1257 834 non
1279 806 1330 833 fuit
1347 806 1392 832 illo
1411 813 1444 832 ex
1471 803 1657 839 apostolorum
1674 810 1798 835 numero,
1815 802 1870 830 nisi.

1077 855 1152 889 juxta
1167 853 1289 888 qutcdam
1308 851 1445 886 Evangelii
1463 850 1613 876 secundum
1633 848 1756 875 Marcum
1773 856 1869 875 exem-

1079 900 1173 936 plaria.
1196 909 1205 925 ι
1222 898 1393 926 Novissimus
1418 896 1508 924 editor
1529 895 1648 930 Operam
1666 893 1803 929 Origenis.
1819 894 1873 921 Ca-

1079 947 1153 974 rolus
1169 945 1292 977 Delatue,
1313 949 1378 971 tom.
1395 943 1417 974 l.
1434 951 1495 978 pag.
1513 942 1565 969 576
1586 941 1612 968 in
1640 941 1784 968 Adnotatis
1795 939 1874 968 addit

1080 993 1158 1025 alios,
1182 992 1218 1018 ita
1234 991 1356 1017 scribens
1372 997 1380 1017 :
1399 998 1408 1014 ‹
1427 988 1510 1015 Levin
1530 995 1544 1015 a
1570 987 1701 1014 Malthaao
1724 986 1874 1021 distinguit

1079 1040 1162 1066 etiam
1194 1036 1344 1064 lleraeleon
1376 1034 1522 1062 haereticus
1556 1032 1767 1060 Valentinianus
1796 1031 1872 1066 apud

1080 1085 1249 1112 Clementem
1266 1081 1480 1110 Alexandrinum
1498 1089 1523 1107 iv
1538 1080 1670 1108 Stramal.
1691 1086 1751 1113 pag.
1765 1077 1829 1109 50-2,
1846 1083 1877 1104 et

1081 1130 1154 1157 inter
1179 1128 1350 1157 recentiores
1380 1126 1458 1162 Hugo
1485 1125 1614 1156 Grotius,
1643 1131 1772 1159 magnum
1801 1123 1876 1158 apud

1081 1176 1255 1204 Calvinianos
1269 1174 1390 1208 aliosque
1403 1172 1586 1199 heterodoxos
1601 1178 1711 1197 nomen.
1729 1169 1878 1197 Prmmittit

1083 1223 1117 1250 de
1139 1221 1266 1257 Origene,
1287 1219 1359 1255 quod
1381 1227 1390 1245 ι
1417 1218 1481 1245 Levi
1505 1225 1567 1244 cum
1592 1217 1717 1243 Mattltaeo
1746 1215 1878 1242 eumdem

1084 1276 1196 1304 prorsus
1211 1268 1350 1295 hominem
1373 1273 1434 1292 esse
1457 1264 1583 1292 videatur
1604 1263 1706 1290 sentire
1728 1262 1755 1288 iu
1774 1260 1879 1288 Pra'fa-

1085 1315 1160 1342 tione
1180 1311 1378 1348 explanationis
1404 1311 1431 1338 in
1462 1310 1611 1345 Epistolam
1638 1309 1673 1335 ad
1695 1308 1842 1335 Romanos.
1864 1316 1875 1332 ι

1084 1361 1173 1389 Verba
1194 1360 1252 1394 ipsa
1267 1358 1394 1393 Origenis
1415 1365 1448 1384 ex
1465 1356 1576 1391 antiqua
1595 1355 1717 1382 editione
1734 1355 1809 1388 (nam
1833 1358 1879 1380 to-

1085 1413 1160 1433 mum
1177 1405 1208 1432 IV
1225 1411 1301 1431 novae
1319 1402 1435 1430 necdum
1450 1400 1593 1434 habemus)
1609 1400 1757 1433 subiungo.
1772 1397 1880 1425 Obser-

1086 1454 1132 1477 vat
1154 1448 1299 1483 Origenes,
1323 1446 1417 1474 multis
1433 1446 1487 1473 duo
1511 1449 1559 1472 aut
1586 1445 1636 1472 tria
1653 1444 1736 1471 fuisse
1755 1443 1878 1476 nomina,

1087 1496 1213 1530 interque
1242 1503 1291 1522 eos
1319 1494 1442 1522 nominat
1468 1493 1645 1524 Matthatum,
1667 1491 1703 1519 ita
1724 1491 1850 1518 scribens
1871 1498 1880 1517 :

1088 1551 1097 1568 ι
1116 1541 1183 1569 Nam
1202 1542 1233 1569 ‘et
1253 1541 1394 1568 Mattbaeus
1410 1540 1468 1574 ipse
1484 1538 1567 1566 refert
1595 1538 1627 1566 de
1652 1545 1692 1569 se,
1717 1537 1789 1572 quod
1814 1544 1879 1563 cum

1087 1589 1217 1616 transiret
1242 1587 1342 1619 .Iesus,
1368 1586 1474 1613 invenit
1506 1583 1651 1620 quemdam
1677 1585 1816 1611 sedentem
1846 1583 1885 1610 ad

1088 1634 1230 1665 telonium,
1246 1633 1358 1661 nomine
1373 1631 1540 1658 Mattlneum.
1554 1630 1641 1656 Lucas
1656 1636 1721 1656 vero
1733 1630 1766 1656 de
1782 1628 1883 1655 eodem

1088 1681 1163 1712 dicit,
1192 1680 1257 1715 quia
1285 1685 1347 1706 cum
1374 1677 1503 1704 transiret
1527 1675 1617 1708 Jesus,
1644 1675 1789 1710 quemdam
1811 1674 1886 1701 vidit

1088 1727 1275 1762 publicanum,
1296 1725 1407 1752 nomine
1427 1723 1504 1753 Levi,
1523 1727 1550 1750 et
1570 1722 1649 1753 dixit,
1662 1722 1785 1756 Sequere
1801 1727 1883 1747 me...

1088 1773 1198 1801 Certum
1214 1776 1253 1799 est
1267 1776 1367 1804 autem,
1395 1769 1577 1804 evangelistas
1593 1776 1646 1796 non
1663 1775 1770 1795 errasse
1786 1767 1812 1794 in
1830 1774 1886 1793 no-

1090 1818 1210 1845 minibus
1231 1817 1436 1852 apostolorum;
1465 1815 1512 1843 scd
1538 1814 1601 1849 quia
1625 1814 1709 1841 moris
1727 1817 1788 1840 erat
1809 1812 1884 1840 binis

1091 1863 1132 1890 vel
1150 1862 1236 1888 ternis
1254 1861 1411 1888 nominibus
1427 1860 1465 1887 liti
1482 1859 1611 1886 Hebrmos
1622 1877 1629 1890 ,
1646 1858 1727 1884 unius
1743 1856 1886 1891 ejusdem-

1091 1917 1144 1944 que
1169 1909 1219 1936 viri
1243 1907 1350 1935 diversa
1377 1907 1476 1942 singuli
1505 1905 1648 1932 nominum
1677 1903 1808 1930 vocabula
1834 1911 1888 1938 po-

1091 1964 1182 1984 suere.
1203 1965 1213 1981 ι
1228 1955 1278 1982 Hic
1294 1961 1347 1981 non
1361 1953 1440 1981 modo
1459 1952 1614 1979 Matthmum
1632 1955 1658 1977 et
1673 1949 1738 1977 Levi
1754 1949 1885 1977 eumdem

1092 2001 1230 2029 declarant
1257 2000 1407 2034 Origenes;
1433 1999 1478 2026 sed
1502 1998 1583 2025 etiam
1607 1997 1730 2025 ostendit
1756 1996 1886 2022 eumdem

1093 2055 1164 2078 esse,
1189 2054 1250 2074 cum
1277 2047 1382 2078 Lucas,
1410 2045 1446 2072 uti
1467 2049 1494 2070 et
1514 2044 1639 2074 Marcus,
1662 2042 1733 2069 idem
1753 2041 1833 2076 plane
1851 2041 1888 2069 de

1095 2093 1158 2120 Levi
1174 2093 1335 2123 narraverit,
1349 2091 1422 2126 quod
1438 2090 1582 2117 Matthaeus
1596 2089 1630 2116 de
1643 2095 1683 2115 se.
1698 2088 1886 2122 Quapropter,

1095 2139 1115 2167 si
1130 2138 1273 2174 Origenes.
1296 2144 1390 2165 contra
1412 2137 1521 2164 Celsum
1548 2135 1682 2166 scribens,
1704 2141 1797 2160 revera
1818 2133 1886 2160 Levi

1094 2186 1177 2212 alium
1203 2193 1218 2212 ξι
1242 2185 1368 2211 Mattltmo
1392 2182 1551 2213 crediderit,
1584 2185 1677 2215 postea
1704 2178 1887 2213 frequentiori

1095 2239 1143 2258 usu
1160 2239 1244 2258 sacra:
1265 2230 1413 2263 Srriptum
1430 2235 1552 2255 errorem
1571 2225 1702 2253 correxit.
1719 2225 1753 2251 At
1770 2225 1888 2251 fortasse

1093 2277 1223 2312 Origenes
1246 2277 1358 2310 allegata
1381 2274 1463 2302 verba
1492 2274 1582 2301 solutn
1607 2272 1721 2307 protulit
1737 2279 1770 2299 ex
1793 2275 1889 2298 mente

1093 2328 1140 2350 aut
1166 2323 1246 2349 dictis
1270 2322 1354 2353 Celsi.
1376 2327 1471 2349 contra
1496 2328 1577 2355 quem
1602 2320 1636 2346 de
1653 2327 1682 2346 re
1701 2318 1812 2345 omnino
1833 2317 1888 2344 alia

1094 2369 1256 2397 disserebat.
1280 2369 1357 2401 Quod
1379 2371 1483 2402 spectat
1507 2366 1539 2393 ad
1558 2365 1755 2392 Heracleonem
1771 2368 1798 2390 et
1814 2362 1889 2390 Gro-

1096 2416 1172 2443 tinin.
1190 2415 1376 2449 relinquemus
1400 2413 1452 2440 illis
1467 2412 1628 2446 opinionem
1644 2418 1722 2437 suam
1745 2408 1888 2443 improba-

1095 2463 1186 2493 lailmn,
1215 2469 1230 2488 a
1257 2461 1339 2487 variis
1366 2460 1419 2495 jam
1447 2460 1605 2488 refutatam.
1632 2462 1659 2484 et
1681 2463 1826 2492 pergemus
1851 2455 1888 2481 ad

1096 2507 1175 2534 aliam
1194 2506 1410 2534 controversiam
1428 2505 1514 2539 magis
1529 2504 1698 2539 ambiguam.

1129 2561 1174 2587 ‘25.
1195 2559 1371 2587 Recentiorcs
1388 2558 1485 2590 Graeci,
1507 2557 1564 2584 sive
1583 2556 1632 2588 illi,
1654 2555 1697 2589 qui
1722 2553 1812 2581 medio
1827 2560 1888 2580 aevo

1097 2607 1258 2639 floruerunt,
1279 2607 1309 2632 S.
1333 2605 1488 2632 Matthmum
1513 2603 1671 2630 existimant
1693 2601 1806 2628 fratrem
1825 2607 1890 2626 esse

1098 2653 1126 2680 S.
1144 2652 1236 2680 Jacobi
1253 2652 1356 2686 Alphzc-i
1373 2651 1500 2685 apostoli,
1517 2650 1622 2684 sibique
1639 2648 1763 2675 favorites
1781 2646 1887 2673 habent

1097 2698 1242 2725 nonnullos
1262 2705 1277 2725 e
1296 2697 1441 2728 Patribus;
1463 2695 1510 2722 scd
1530 2695 1613 2729 aliqui
1636 2693 1768 2721 resistunt
1784 2691 1887 2718 eruditi

1098 2744 1239 2773 neoterici.
1255 2743 1446 2770 llcnschenius
1459 2746 1553 2769 noster
1565 2741 1598 2768 ad
1615 2740 1622 2767 l
1643 2740 1702 2767 Maii
1720 2737 1890 2766 examinavit

1098 2791 1258 2819 sententiam
1282 2789 1435 2817 Graecorum
1461 2789 1488 2815 in
1516 2787 1543 2815 S.
1563 2787 1676 2817 Iacobo,
1701 2786 1759 2813 sive
1786 2791 1853 2812 tum.
1879 2782 1890 2810 ι

1099 2837 1171 2869 Maii,
1184 2845 1243 2872 pag,
1265 2836 1306 2867 l1),
1323 2836 1366 2862 ubi
1384 2843 1432 2870 pro
1450 2835 1493 2861 illa
1512 2834 1646 2861 sententia
1661 2832 1750 2859 laudat
1767 2830 1892 2858 [lit-uolo—

1100 2884 1174 2920 gium
1191 2882 1373 2919 Basilianum,
1398 2880 1578 2915 Syuaxarium
1602 2883 1789 2914 pervetustum
1814 2875 1890 2904 Con-
