2047 3152
167 149 217 182 765

810 155 897 187 VITA
917 156 950 186 S.
968 156 1162 188 MATTH-xﬁl.

1739 162 1793 194 ’ἷεὸ

166 211 455 245 staut’nopolitanum,
488 212 590 241 Mensa
619 213 752 250 impressa
794 220 822 243 et
862 215 952 242 varios
965 215 991 244 Α
1005 216 1174 249 tinguoutem
1188 217 1259 244 inter
1275 222 1398 245 sanctum
1416 217 1512 246 Judam
1544 217 1710 247 Thaddinum
1724 228 1792 255 apo~

165 257 275 284 codices
293 265 358 285 mss.
374 256 539 290 Grzrcorum,
555 259 678 287 Nicetam
693 259 821 288 Davidem
837 261 953 296 Paphla-

165 310 275 339 gonem,
307 304 399 331 szeeuli
425 312 450 331 Ix
476 305 649 339 scriptorem,
671 306 804 340 aliosque.
828 306 953 334 Ostendit

164 354 297 384 praeterea
320 350 544 386 ChrySostomum
561 356 589 378 et
610 352 812 379 Theodoretum
829 353 952 387 ejusdem

166 397 245 431 plane
265 397 351 423 videri
368 396 520 428 sententize,
540 397 604 431 quia
623 398 697 432 prior
721 398 791 424 inter
814 398 952 432 apo~tolos

165 447 292 469 numerat
316 442 384 470 duos
407 443 568 477 publicanos
583 443 736 470 Maltineum
762 450 789 471 ct
810 444 950 477 Jacohum,

163 497 226 517 cum
243 494 334 516 tamen
362 489 436 516 nulla
453 490 488 516 sit
510 491 578 517 ratio
608 499 657 517 cur
677 491 800 518 dicamus
821 490 951 518 Jacobum

163 535 268 570 Alphzei
300 535 385 563 fuisse
416 536 613 570 publicanum,
645 537 695 563 nisi
724 537 796 571 quod
828 537 952 563 \‘ivlcatur

162 581 250 609 fuisse
281 581 364 608 frater
388 579 527 613 lllattha-i.
553 582 622 608 alter
645 590 710 609 vero
736 589 865 617 utrosque
887 583 952 609 dcit

162 627 375 662 Capharnaitas,
401 628 473 661 quod
499 627 627 654 similiter
646 628 718 655 nulla
741 629 846 655 ratione
861 629 952 656 dicere

165 679 283 709 poterat.
298 674 350 700 nisi
367 674 528 701 credidisset
541 674 651 702 fratrem
671 674 799 706 Matthari,
813 676 858 709 qui
874 676 952 702 habi-

165 719 238 746 tabat
257 719 411 750 Capharnai
429 728 436 746 :
456 727 546 754 neque
569 722 640 747 enim
663 721 738 748 ullibi
759 721 785 747 in
805 721 952 755 Scripturis

165 766 276 798 dicitur,
290 767 336 793 ubi
352 772 432 794 natus
449 767 531 794 fuerit
549 766 670 794 Jacobus
685 768 797 802 Alptuei,
814 774 861 794 aut
874 769 952 801 quale

163 812 283 840 oﬂlcium
313 817 375 840 ante
397 813 578 847 apostolatum
603 814 725 848 gesserit.
751 814 952 848 Papcbrochius

164 863 270 888 noster.
289 864 356 885 tom.
374 857 406 885 Vl
426 858 486 885 Maii
507 858 533 885 in
553 859 678 893 Alphmo,
705 867 786 894 quem
809 860 951 894 utriusqu

164 909 269 938 patrem
285 904 390 933 statuit,
407 912 466 938 pag.
481 905 542 934 555.
561 905 683 931 eamdem
702 906 842 939 amplexus
855 910 897 932 est
925 910 952 932 ct

164 949 338 977 continuavit
355 952 530 977 sententiam.
551 950 629 978 ltatio
644 951 800 978 Crmcorum
816 951 888 978 haud
902 951 953 978 du-

163 997 208 1024 bie
230 1002 283 1027 est.
298 998 369 1032 quod
393 997 512 1024 Jacobus
537 1006 614 1033 mque
635 1006 666 1025 ac
689 997 830 1025 Matthmus
848 1003 952 1032 patrem

163 1043 291 1070 habuerit
319 1044 469 1076 Alphteum,
501 1052 551 1071 nec
586 1045 638 1071 ulla
668 1044 701 1070 sit
735 1045 804 1072 ratio
831 1044 952 1075 dicendi,

162 1089 246 1116 alium
273 1089 357 1117 fuisse
375 1090 514 1124 Alpbatum
534 1095 638 1124 patrem
654 1090 784 1124 Matlhzci,
807 1091 888 1117 alium
904 1098 954 1125 pa-

163 1141 233 1162 trem
259 1135 365 1164 Jacobi.
390 1135 585 1163 Tillemontius
612 1137 637 1163 in
669 1136 795 1163 Mattbzco
819 1137 953 1172 agnoscit,

162 1180 400 1216 Chrysostomum,
415 1181 630 1213 Theodoretum,
648 1182 867 1217 recentior-osque
880 1183 954 1210 Cra:-

163 1235 212 1256 cos
249 1236 345 1255 omnes
371 1229 398 1255 in
430 1237 488 1256 cam
516 1230 688 1263 conspirasse
719 1230 896 1260 sententiam,
925 1233 955 1256 ut

164 1274 215 1302 SS.
238 1274 395 1302 Matthmum
415 1280 442 1302 et
466 1275 595 1302 Jacobum
611 1276 713 1309 Μωιωὶ
740 1275 837 1302 fratres
859 1275 954 1302 crede-

165 1326 236 1351 rent,
251 1321 313 1355 quia
330 1321 411 1347 ambo
427 1321 555 1348 dicuntur
569 1321 670 1356 Alphrei
697 1322 789 1355 utique
802 1321 858 1348 lilii.
872 1321 954 1348 Asse-

165 1367 200 1394 rit
215 1372 306 1394 tamen
323 1366 456 1394 Laconica
480 1368 624 1399 brevitate,
643 1368 744 1394 nullam
760 1376 790 1394 ca
807 1368 833 1394 iu
852 1376 880 1395 re
894 1376 954 1395 esse

165 1412 222 1439 veri
251 1412 383 1446 speciem.
411 1412 576 1440 Tillcmontii
604 1412 794 1439 Laronismum
815 1413 955 1447 adoptavit

163 1458 304 1486 Calmetus
331 1459 411 1486 initio
440 1459 606 1493 prtefationis
632 1467 688 1486 sua
718 1460 745 1486 in
778 1459 953 1492 Mattheum,

165 1505 261 1532 eadem
278 1505 358 1539 plane
374 1505 478 1537 dicens,
495 1511 523 1533 et
539 1506 627 1532 locum
640 1505 736 1540 Oper-is
752 1506 838 1532 nostri
859 1505 954 1533 vitiose

165 1551 334 1586 assignatum
351 1551 421 1586 apud
435 1551 650 1584 Tillomontium,
666 1552 761 1578 eodem
781 1552 860 1586 plane
873 1552 953 1578 modo

164 1596 317 1632 assignans,
331 1601 360 1623 ut
373 1603 407 1622 ne
424 1596 520 1632 legisse
531 1597 641 1630 quidetu
656 1597 779 1623 videatur
793 1602 953 1632 argumenta

165 1641 330 1669 Henscheuii
345 1641 371 1668 in
386 1641 475 1676 Opere
494 1647 598 1668 nostro.

198 1687 245 1715 26.
273 1687 301 1715 Si
331 1689 426 1716 eadem
453 1689 588 1715 brevitate
616 1689 722 1721 dixero,
747 1689 867 1724 ineptam
893 1697 954 1717 esse

164 1735 244 1762 istam
261 1735 426 1761 Tillemontii
440 1735 544 1766 crisim,
556 1743 636 1770 quam
651 1735 791 1770 adoptavit
805 1736 953 1769 Calmetus,

165 1780 258 1807 nullus
272 1780 297 1807 id
311 1787 382 1814 agre
394 1781 465 1807 ferre
480 1781 589 1814 poterit,
603 1781 674 1814 quia,
687 1781 757 1807 sicut
767 1781 858 1814 opinio
870 1780 955 1815 majo-

165 1835 225 1854 rum
237 1831 396 1853 nostrornm
413 1825 468 1852 visa
478 1830 520 1852 est
531 1826 581 1860 ipsi
595 1833 687 1852 carere
698 1826 753 1852 veri
768 1826 868 1859 cpi-cie.
881 1826 916 1852 ita
927 1830 954 1852 et

165 1873 233 1900 mihi
250 1877 386 1900 assertum
408 1872 480 1899 istud
497 1871 571 1898 omni
590 1871 699 1898 videtur
718 1871 825 1897 ratione
837 1871 954 1898 destitu-

167 1925 234 1949 tutn,
263 1919 380 1953 ideoque
402 1918 615 1952 ineptissimum.
641 1916 728 1944 Nolim
753 1923 842 1944 tamen
866 1917 953 1944 solum

164 1966 268 1997 dicere.
288 1971 315 1993 et
330 1965 398 1992 nihil
421 1965 546 2000 probare.
569 1964 657 1997 Quare
674 1964 794 1991 rationes
817 1964 897 1990 latius
915 1964 954 1990 vi-

164 2012 270 2040 dendas
285 2011 352 2038 locis
365 2019 447 2046 supra
466 2011 546 2038 dictis
563 2010 683 2037 breviter
697 2011 814 2043 explieo.
829 2009 954 2036 Admittit

164 2058 370 2090 Tillemontius,
401 2064 496 2084 sancto
519 2057 645 2084 Manliano
673 2063 822 2091 cognomen
849 2056 952 2090 Alpbazi

164 2111 225 2131 esse
242 2103 429 2130 verisimilitcr
443 2111 456 2129 a
474 2107 561 2137 patre.
579 2101 698 2129 Jacobus
712 2107 803 2129 autem
815 2102 842 2128 in
863 2102 953 2128 muni-

165 2151 218 2176 hus
235 2154 354 2184 quatuor
379 2149 563 2183 apostolorum
583 2149 721 2183 catulogis,
747 2149 771 2175 id
787 2153 839 2179 est,
857 2148 951 2175 Matth.

164 2205 193 2228 ι,
206 2196 288 2222 Marc.
304 2203 345 2224 Ill.
358 2195 425 2222 an.
441 2204 478 2226 vr,
495 2200 521 2222 et
532 2197 588 2222 Act.
604 2201 783 2223 tconstantcr
798 2196 954 2222 nominatur

1005 262 1121 294 Itolum,
1132 267 1160 290 et
1170 262 1267 290 Judam
1286 263 1396 290 fratrem
1409 263 1503 292 Jacobi
1524 266 1648 294 minoris.
1668 265 1696 294 Si
1715 275 1747 294 eo
1763 267 1790 295 in

1004 307 1063 335 looo
1087 308 1176 336 visum
1203 313 1244 336 est
1270 315 1459 344 argumentum
1485 311 1612 339 idoneum
1640 317 1668 339 et
1689 313 1790 340 summi

1004 354 1144 386 momenti,
1157 354 1203 381 ubi
1223 360 1312 381 tamen
1331 362 1384 381 non
1400 355 1514 387 valebat,
1533 356 1595 390 quia
1609 355 1791 383 adhibebatur

1004 400 1038 427 ad
1064 400 1174 427 fratrem
1198 400 1404 434 inquirendum,
1426 408 1481 428 non
1505 401 1621 428 debebat
1637 402 1681 428 hic
1705 403 1789 429 videri

1003 455 1101 474 carens
1115 447 1206 481 aliecie
1225 447 1293 478 veri.
1314 455 1376 474 cum
1402 447 1547 474 adhibetur
1568 448 1600 474 ad
1616 455 1789 476 communem

1004 493 1146 528 utriusque
1166 499 1270 528 patrem
1289 494 1506 528 investigandum
1523 502 1529 521 :
1548 499 1624 528 pater
1639 494 1709 521 enim
1730 495 1790 522 isllS

1004 541 1193 572 cognomentis
1211 539 1237 566 in
1254 540 1373 575 genitiio
1391 540 1487 574 positis
1503 540 1742 574 soletsiguificari,
1762 546 1792 568 ut

1004 585 1099 612 Simon
1126 585 1250 617 Joannis,
1291 587 1317 613 id
1346 591 1388 612 est
1417 586 1488 614 lilius
1518 585 1648 617 Joannis,
1673 586 1792 614 Jacobus

1004 632 1139 662 Zebedtei,
1155 631 1181 658 id
1203 637 1245 658 cst
1270 632 1340 658 ﬁlius
1362 631 1496 662 Zebedei.
1532 639 1588 659 non
1613 632 1718 665 frater;
1745 637 1792 659 aut

1003 681 1078 703 certe
1099 684 1153 703 non
1175 677 1303 710 produxit
1323 677 1512 704 Tillemontius
1530 675 1613 704 ullum
1637 675 1790 710 excluplum

1003 721 1097 748 fratris
1113 729 1160 755 per
1180 721 1398 756 tale,cognomcn
1418 722 1539 748 indicati.

1037 767 1082 793 27.
1105 767 1198 801 Itaque
1229 767 1341 794 minimc
1357 767 1586 794 contemnendum
1607 767 1693 794 videri
1710 767 1792 794 debet

1003 818 1219 848 argumentum:
1247 820 1298 839 nec
1310 813 1402 844 credo,
1429 813 1482 840 tale
1501 814 1589 840 risum
1616 821 1678 840 esse
1710 812 1792 840 'fille-

1004 861 1117 887 montio.
1135 861 1168 887 At
1185 860 1279 887 habuit
1292 860 1372 886 aliam
1401 860 1534 886 rationem
1549 859 1677 894 negandi.
1695 858 1793 886 fratrea

1006 907 1090 934 fuisse
1102 906 1257 934 llatthaaum
1277 911 1305 933 et
1330 905 1465 933 Jacohum
1483 905 1596 940 Alphaei,
1621 913 1746 940 eamque.
1764 911 1794 932 ut

1004 953 1141 981 existimo.
1158 953 1244 980 noluit
1254 953 1383 979 iudicare.
1397 951 1582 982 Sustiuuerat.
1594 956 1688 978 contra
1700 957 1793 978 aucto-

1005 999 1113 1026 ritath
1131 1000 1323 1034 plerorumque
1337 998 1457 1028 Patrum,
1475 1003 1502 1024 et
1517 1003 1612 1024 contra
1624 997 1692 1024 satis
1707 997 1790 1028 clara.

1005 1051 1035 1073 ut
1050 1046 1170 1078 videtur,
1193 1054 1278 1072 saera:
1296 1045 1447 1079 Scriptum.
1473 1049 1645 1079 argumenta.
1660 1043 1792 1071 Jar-obum

1004 1093 1107 1127 Alphmi
1125 1092 1252 1118 eumdem
1280 1099 1340 1118 csse
1365 1099 1425 1117 cum
1446 1090 1547 1118 Jacobo
1565 1090 1648 1117 fratre
1674 1090 1793 1117 Domini.

1004 1138 1095 1171 Quare
1109 1146 1169 1164 ('ttnt
1187 1142 1293 1164 certum
1310 1137 1356 1169 sit,
1369 1136 1525 1164 Matthzrum
1540 1144 1594 1163 non
1605 1144 1665 1163 esse
1682 1136 1792 1163 fratrem

1004 1183 1097 1210 Jacobi
1119 1183 1210 1210 fratris
1223 1183 1340 1213 Iloulini.
1356 1190 1410 1208 nou
1432 1186 1539 1216 poterat
1561 1182 1676 1216 amplius
1691 1182 1794 1213 dicere,

1005 1228 1116 1256 fratrem
1131 1235 1189 1255 esse
1213 1227 1304 1255 Jacobi
1322 1227 1442 1262 Alpbmi;
1466 1227 1583 1261 ideoque
1603 1226 1698 1253 maluit
1713 1234 1795 1261 argu-

1006 1279 1097 1302 menta
1142 1273 1305 1301 llcnscbcnii
1337 1273 1514 1308 contemptim
1548 1273 1686 1306 abjicerc,
1713 1280 1794 1307 quam

1005 1320 1104 1348 dillicili
1123 1327 1255 1354 responso
1267 1320 1299 1345 iis
1317 1319 1484 1346 satisfacere.
1510 1317 1610 1345 Verum
1635 1318 1706 1344 illam
1721 1327 1796 1352 qu.c-

1008 1366 1125 1392 stionem
1145 1370 1201 1391 tum
1225 1365 1274 1391 hac
1301 1364 1335 1390 de
1355 1371 1448 1394 causa,
1465 1367 1520 1389 tum
1539 1363 1575 1389 oh
1591 1362 1619 1388 S.
1647 1361 1796 1396 Cleopltattt

1006 1419 1067 1439 cum
1085 1411 1179 1438 eadem
1196 1418 1362 1441 connexum,
1377 1409 1532 1436 exaininaii
1553 1409 1581 1435 iu
1598 1409 1796 1436 Dissertatinne

1005 1459 1117 1493 pra-via,
1135 1458 1271 1492 credoque
1302 1465 1345 1484 me
1370 1457 1435 1483 satis
1453 1455 1604 1483 ostendisse
1630 1455 1795 1482 sententiam

1006 1502 1173 1531 Tillemoutii
1190 1511 1239 1530 nec
1252 1511 1313 1530 cum
1329 1502 1416 1529 sacris
1425 1501 1536 1529 Litteris
1554 1501 1692 1528 conciliari
1704 1508 1794 1534 posse,

1005 1556 1033 1578 et
1058 1550 1184 1577 Patribus
1200 1542 1276 1577 certo
1291 1548 1454 1575 contrariam
1471 1555 1540 1579 esse,
1572 1555 1607 1574 ne
1628 1547 1695 1574 nihil
1715 1549 1796 1582 plane

1007 1606 1038 1626 ex
1054 1598 1097 1624 illa
1120 1596 1214 1624 haberi
1231 1596 1316 1631 possit
1333 1601 1428 1622 contra
1448 1595 1657 1629 germanitati-In
1676 1594 1796 1621 Mattba-i

1007 1649 1035 1670 rt.
1060 1643 1165 1671 Jacobi.
1181 1643 1280 1675 Qoairo
1314 1642 1404 1675 itaque
1435 1641 1567 1668 rationem
1599 1641 1724 1668 idoneam
1748 1648 1797 1668 cur

1008 1690 1105 1717 fratres
1120 1697 1181 1717 esse
1194 1694 1331 1722 nequeant
1347 1687 1490 1714 Maulneus
1506 1693 1533 1715 et
1547 1687 1665 1714 Jacobus
1678 1687 1794 1722 Alphaei,

1007 1740 1034 1762 et
1060 1735 1160 1762 nullam
1192 1735 1272 1769 plane
1299 1734 1419 1760 invenio.
1441 1733 1547 1760 Etenim
1575 1740 1637 1760 cum
1653 1732 1796 1760 Maltinus

1007 1780 1162 1808 convivium
1175 1779 1472 1811 Cbristoexstruxerit,
1491 1779 1535 1806 cui
1550 1786 1612 1805 cum
1639 1778 1732 1805 multis
1744 1786 1797 1812 pu-

1008 1827 1123 1854 blicanis
1148 1827 1284 1854 interesse
1300 1826 1429 1861 dignatus
1447 1830 1489 1853 est
1505 1825 1654 1859 Dominus;
1675 1826 1742 1853 satis
1754 1829 1797 1852 est

1010 1872 1167 1902 ierisimile,
1188 1872 1320 1906 quosdam
1335 1880 1366 1898 ex
1382 1871 1505 1898 convivis
1529 1872 1613 1898 fuisse
1637 1878 1795 1903 conversos,

1009 1921 1036 1943 et
1050 1917 1082 1944 ad
1100 1917 1203 1944 CbriSIi
1228 1918 1419 1952 discipulatum
1444 1922 1606 1951 pertractus,
1627 1921 1655 1943 et
1673 1918 1793 1944 nomina-

1009 1963 1056 1990 tim
1080 1962 1209 1989 Jacobum
1232 1962 1335 1997 Alplnei
1358 1970 1389 1989 ea
1413 1962 1558 1989 occasione
1575 1966 1710 1989 secutum.
1728 1962 1799 1989 Mur-

1009 2009 1179 2036 morantibus
1204 2008 1238 2035 de
1265 2008 1310 2034 illo
1336 2007 1462 2035 convivio
1481 2007 1626 2034 Pbarisa-is
1656 2009 1797 2042 respondit

1007 2054 1131 2081 Christus
1144 2062 1150 2080 :
1166 2063 1175 2079 ι
1188 2053 1247 2080 Non
1258 2054 1319 2080 veui
1331 2053 1589 2087 vocarejnstos,sed
1603 2059 1769 2087 peccatores.
1783 2063 1797 2078 ›

1006 2101 1062 2129 Cur
1078 2101 1160 2135 igitur
1174 2100 1308 2135 suspicari
1329 2108 1383 2127 non
1401 2108 1561 2135 possumus,
1583 2101 1610 2126 in
1638 2100 1684 2126 iilo
1699 2100 1796 2127 eonvi-

1008 2149 1052 2175 rio
1063 2153 1111 2174 aut
1124 2148 1196 2174 illius
1207 2147 1351 2174 occasione
1374 2152 1500 2173 vocatum
1523 2154 1584 2173 esse
1598 2145 1730 2174 Jarobum
1749 2146 1796 2173 Al-

1008 2195 1088 2229 pbazi,
1105 2194 1150 2229 qui
1175 2194 1201 2220 in
1228 2193 1350 2228 catalogo
1375 2194 1561 2227 apostolorum
1580 2192 1675 2220 Matth.
1699 2202 1713 2220 Χ
1739 2198 1798 2220 sta-

163 2241 284 2269 Jacobus
310 2240 425 2275 Alphmi,
455 2248 505 2267 nec
533 2249 651 2274 unquam
680 2241 707 2267 in
729 2241 814 2268 sacris
844 2240 954 2267 Litteris
970 2246 994 2275 ι)
1008 2242 1055 2269 tim
1072 2246 1131 2276 post
1149 2240 1304 2268 Matthmum
1316 2241 1452 2274 sequitur,
1466 2240 1696 2274 quemadmodum
1711 2240 1794 2266 etiam

163 2288 220 2314 alio
242 2287 354 2314 nomine
378 2287 546 2321 designatur.
569 2285 655 2313 Velim
688 2287 769 2313 modo
793 2286 864 2313 scire
885 2287 956 2313 unde

163 2333 271 2368 Alphcei
291 2340 390 2359 nomen
404 2337 457 2358 tam
474 2336 630 2359 constanter
647 2332 743 2358 haheat
759 2331 888 2362 Jacobus,
903 2331 954 2358 nisi

163 2387 179 2406 ι
198 2383 286 2413 patre.
308 2377 388 2405 Certe
413 2377 486 2404 nulla
511 2378 580 2404 ratio
602 2378 711 2404 dabitur
734 2377 830 2404 idonea
855 2382 955 2411 pnett-r

166 2425 248 2452 hanc.
265 2424 326 2452 Jun
347 2432 409 2451 vero
422 2425 546 2454 adierto,
570 2423 673 2458 Alphaai
695 2430 795 2450 nomen
813 2423 907 2450 nullibi
927 2423 954 2450 in

165 2471 253 2497 sacris
271 2469 382 2497 Litteris
399 2470 524 2505 reperiri,
543 2470 593 2496 nisi
614 2470 658 2496 ubi
675 2469 764 2504 agitur
781 2469 814 2496 de
829 2469 956 2496 Matthmo

164 2522 212 2544 aut
231 2515 344 2548 Jacobo,
374 2521 402 2543 ut
424 2516 535 2543 minime
562 2515 654 2542 dicere
679 2515 826 2550 possimus,
856 2523 956 2542 nomen

165 2563 252 2590 fuisse
276 2562 371 2589 multis
388 2569 535 2589 commune
559 2571 566 2589 :
589 2567 617 2589 et
639 2563 689 2588 hac
710 2562 744 2589 de
767 2570 849 2589 causa
879 2567 956 2589 tanto

166 2609 343 2636 wrisimilius
356 2614 407 2640 est,
421 2609 546 2635 euuulcm
561 2609 644 2636 fu'sse
657 2609 808 2644 Alpha-um,
823 2610 868 2644 qui
882 2615 958 2644 pater

164 2661 224 2683 erat
243 2655 361 2682 Μαιηιωί
376 2660 402 2682 ει
414 2654 521 2687 Jacobi,
545 2660 625 2689 prout
642 2655 728 2682 Cru'ci
747 2664 843 2682 omnes
861 2656 957 2682 ελῐδιί-

166 2709 242 2730 mant
262 2705 326 2738 post
344 2702 568 2736 Cbrysostomum
596 2707 623 2729 et
640 2702 853 2729 'l'heodorctnm.
879 2702 957 2729 ltatio

165 2750 210 2777 illa
231 2757 264 2776 ex
292 2749 436 2782 utriusque
462 2749 623 2782 cognomine
651 2749 733 2782 pet‘ta
760 2755 813 2775 non
842 2749 957 2775 debebat

164 2801 240 2824 certe
261 2801 315 2822 tam
335 2795 480 2822 imbecillis
494 2794 578 2823 videri
595 2795 777 2826 Tillemontio,
801 2795 846 2830 qui
860 2795 956 2822 eadem

166 2844 204 2870 uti
233 2843 318 2870 voluit
343 2847 406 2869 nota
428 2841 445 2868 2
466 2842 634 2868 instructum
663 2841 760 2869 Judam
781 2841 886 2874 Jacobi,
909 2846 957 2869 aut

165 2889 347 2922 Tbadda‘um,
362 2888 408 2916 ubi
422 2888 530 2916 disserit
545 2892 639 2916 contra
648 2887 882 2924 Chrysostomum,
899 2889 954 2916 dis-

1011 2289 1039 2315 fit
1053 2291 1113 2314 Act.
1129 2296 1135 2314 l
1149 2288 1161 2314 ?
1181 2287 1208 2313 ln
1219 2287 1326 2313 duobus
1342 2286 1401 2312 aliis
1417 2285 1547 2320 catalogis
1562 2286 1682 2312 Thomas
1699 2286 1734 2312 iis
1751 2286 1795 2312 in-

1008 2334 1160 2368 terponitur
1175 2333 1258 2360 solus.
1275 2333 1368 2366 Itaque
1382 2331 1483 2364 ubique
1501 2332 1526 2357 in
1542 2331 1672 2364 catalogis
1684 2337 1796 2366 aposto.

1007 2380 1094 2406 lorum
1123 2378 1242 2406 Jacobus
1269 2377 1374 2411 Alpha‘i
1396 2377 1520 2410 sequitur
1549 2384 1602 2403 non
1628 2377 1708 2408 longe
1736 2381 1796 2412 post.

1009 2425 1177 2454 Mattbmum,
1207 2428 1238 2450 ut
1263 2422 1490 2450 verisimillimum
1512 2421 1558 2448 ﬁat
1586 2421 1716 2449 Jacohum
1742 2430 1797 2449 non

1008 2471 1053 2497 diu
1068 2476 1130 2505 post
1144 2470 1298 2497 .‘llaltlueum
1311 2477 1325 2496 a
1341 2467 1450 2495 Christo
1474 2469 1507 2496 ad
1523 2469 1693 2503 soquendum
1710 2469 1799 2496 fuisse

1008 2523 1145 2545 VOCilllllll.

1044 2565 1090 2592 ξε.
1108 2565 1183 2591 Dicet
1201 2565 1317 2593 fortasse
1334 2573 1484 2598 nonnemo,
1504 2565 1657 2592 Blatthmum
1674 2568 1702 2590 et
1717 2561 1791 2590 Jaco-

1010 2611 1074 2638 hnm
1093 2611 1198 2645 Alpha'i
1218 2612 1314 2639 Ituliibi
1348 2613 1374 2638 in
1407 2611 1555 2646 Erangclio
1574 2610 1670 2637 fratres
1693 2609 1797 2639 vocari,

1009 2663 1090 2692 prout
1106 2657 1204 2684 fratres
1227 2659 1342 2685 subinde
1357 2663 1488 2685 vocantur
1503 2658 1600 2684 l’etrns
1616 2661 1643 2683 et
1663 2656 1796 2684 Andreas,

1008 2703 1128 2731 Joannes
1145 2703 1310 2731 ctJacoltus.
1339 2704 1438 2731 Verum
1456 2704 1480 2730 id
1497 2702 1592 2736 nequit
1617 2701 1696 2734 obiici
1712 2708 1726 2727 a
1743 2700 1798 2726 Til-

1008 2749 1138 2776 lemoutio
1163 2754 1190 2776 et
1213 2750 1344 2780 (Salute-to.
1371 2757 1422 2776 nec
1453 2749 1488 2775 ab
1511 2748 1571 2774 ullis
1599 2747 1644 2780 qui
1664 2746 1796 2773 Jacobum

1009 2796 1114 2830 Alplnei
1144 2795 1239 2823 dicunt
1260 2795 1372 2822 fratrem
1404 2795 1480 2821 Judre
1504 2793 1644 2820 'l'baddari.
1662 2791 1690 2819 Si
1720 2791 1795 2818 enim

1008 2842 1132 2873 cmlant,
1147 2842 1196 2868 bos
1220 2842 1317 2868 fratres
1332 2848 1393 2868 esse
1413 2840 1545 2876 potuisse.
1567 2837 1674 2866 etiamsi
1696 2837 1723 2865 in
1747 2846 1795 2864 ra-

1008 2888 1103 2923 ialugis
1127 2887 1313 2923 apostolorum
1343 2895 1480 2922 nunquam
1508 2886 1606 2914 fratres
1639 2889 1795 2914 vocantur;
