2047 3152
263 173 312 207 TT!

263 234 388 260 dixisset.
414 231 462 260 Vel
481 231 522 259 sic
550 236 641 258 tamen
663 229 822 258 existimare
840 237 894 256 non
912 229 1054 262 debemus,
1072 235 1091 262 Α

265 288 298 307 ex
317 280 374 306 solo
393 279 484 314 Papia:
507 278 666 305 testimonio
699 276 861 312 proﬂuxisse
879 276 972 303 omnia
996 283 1056 309 qua:

263 325 296 352 de
315 325 448 352 llebraii-o
461 324 581 351 Hatthwi
599 322 745 357 Evangelia
756 321 851 349 Patres
871 321 1055 354 tradiderunt,

264 377 294 398 ut
307 371 377 398 infra
397 371 553 398 ostendam.

301 418 346 445 54.
373 419 408 444 At
427 417 502 452 prius
530 416 676 443 elucidabo
700 420 904 450 argumentum,
926 413 997 449 quod
1024 421 1056 440 ex

265 464 376 491 invento
402 471 452 498 per
466 463 625 489 Paula-num
643 461 791 497 Evangelii)
809 461 931 487 habetur.
953 460 1058 487 Floruit

265 511 412 537 Pantzeuus
447 509 547 543 insigni
587 508 751 534 eruditionis
786 506 867 538 fama.
903 512 930 532 et
957 506 1058 532 schola:

264 556 456 583 Alexandrina:
480 553 588 589 pm'fuil.
612 555 723 581 ineunte
748 554 848 580 szeculo
869 560 910 579 Iil.
929 553 1008 578 Hunc
1024 552 1058 579 ad

265 604 348 630 Indos
372 602 524 637 plUffJCilIHI
543 601 581 628 ait
614 600 761 631 liuseiiius.
791 601 838 627 lib.
868 607 895 629 ν,
924 606 986 633 cap.
1014 598 1057 631 It),

266 648 358 682 ibique
374 647 513 674 invenisse
530 647 656 672 relictum
674 654 687 671 a
715 646 745 673 S.
775 645 975 672 Bartltulomteo
991 653 1058 679 apo-

267 694 338 721 stolo
357 703 365 718 t
396 692 516 719 Matthxi
544 691 730 727 Evangelium,
767 691 911 719 Hebraicis
936 691 1058 718 conscri-

266 745 342 774 ptum
371 739 481 765 litteris.
502 748 511 763 ι
531 739 564 765 At
584 746 638 765 non
672 738 756 769 addit,
782 738 853 765 istud
888 746 901 764 a
928 739 1060 765 redeunte

265 785 394 812 Panucno
414 784 607 811 Alexandriam
626 788 775 819 portaturi),
795 785 844 811 sed
859 784 946 811 solum
963 784 1031 811 dicit
1052 791 1059 809 :

269 841 279 857 ι
298 831 375 864 Quod
393 831 503 866 quidem
517 831 549 857 ad
568 831 696 865 pl‘a‘diulﬂ
718 837 803 865 usque
828 835 948 866 tempora
967 837 1061 857 serva—

266 882 323 905 tum
337 886 397 904 esse
417 882 596 908 memoratur,
615 886 623 902 ι
644 877 670 904 id
689 882 741 908 est.
761 885 847 911 usque
876 878 909 904 ad
933 881 1057 911 tempora

265 923 399 952 Pantmni.
424 923 452 949 S.
478 923 660 958 Hieronymus
682 923 708 949 in
729 923 859 958 Catalogo
879 923 1060 958 scriptorum,
1079 912 1099 938 Β

267 977 328 1004 cap.
352 968 396 1000 56,
420 968 576 1003 plusculum
612 968 740 1000 asseruit,
767 969 876 1002 quando
899 969 1010 1003 seiipsit
1029 969 1062 995 de

266 1016 399 1042 Pantmno
414 1036 421 1047 ,
441 1025 450 1040 ε
468 1015 547 1047 Quod
573 1015 715 1042 Hebraicis
737 1016 836 1043 litteris
852 1017 997 1051 scriptum.
1018 1024 1062 1043 re-

266 1065 377 1087 vertens
400 1059 607 1092 Alexandriam,
626 1068 720 1087 secum
741 1061 849 1087 detulit.
875 1070 884 1086 ι
909 1061 973 1088 time
1000 1060 1063 1088 Ilie-

267 1107 374 1141 ronymi
396 1106 533 1141 pigmenta
558 1106 678 1134 Eusebio
696 1106 832 1142 incognita
860 1111 939 1134 \ocat
968 1107 1062 1134 mode-

266 1154 403 1181 stissimus
412 1154 573 1189 Basnagius.
586 1154 620 1180 At
634 1162 684 1189 ego
700 1162 755 1181 non
779 1154 859 1182 video
875 1162 925 1181 cur
940 1155 1062 1190 pluscula

265 1200 300 1227 de
322 1200 363 1227 his
379 1207 546 1235 cognoscere
560 1207 614 1227 tton
631 1202 752 1235 potuerit
773 1200 967 1236 Hieronymus,
978 1210 1061 1236 quam

266 1246 368 1281 scripta
383 1251 461 1273 erant
475 1246 509 1273 ab
530 1245 659 1273 Eusebio.
687 1246 768 1273 Certe
794 1247 940 1274 admodum
969 1247 1063 1274 verisi-

267 1294 333 1321 mile
351 1298 403 1325 est,
420 1301 474 1320 non
493 1293 621 1320 relictum
638 1293 665 1319 in
682 1292 757 1320 India
783 1301 798 1319 a
819 1293 949 1321 Pantteno
974 1292 1063 1320 Etan-

267 1340 370 1376 gelium
405 1339 581 1372 Hebraicum,
615 1340 662 1367 sed
691 1339 887 1367 Alexandriam
919 1340 1062 1372 delatum;

267 1383 352 1419 idque
378 1383 419 1411 vel
452 1391 485 1410 ex
511 1384 727 1411 Connueutariis
752 1383 874 1411 Pantaeni
896 1385 993 1419 ipsius,
1020 1386 1063 1412 vel

267 1430 378 1457 aliunde
397 1430 525 1458 didicisse
543 1430 751 1466 Hieronymum.
772 1430 958 1465 Undeeunque
970 1436 1061 1459 autem

267 1476 294 1503 id
313 1481 425 1503 sanctus
453 1478 550 1504 doctor
565 1477 744 1509 intellexerit,
759 1481 843 1504 tanta:
871 1477 923 1504 fuit
950 1477 1064 1513 integri-

267 1523 344 1555 tatis,
363 1528 394 1550 ut
425 1523 527 1550 dicenti
558 1524 637 1550 (idem
661 1523 763 1550 habere
793 1527 928 1557 Oporteat,
959 1528 988 1550 et
1006 1531 1063 1550 non

269 1569 321 1597 nisi
337 1578 384 1605 per
395 1577 530 1597 summam
551 1569 752 1604 impudentiam
763 1569 856 1596 dicere
869 1570 1017 1604 possimus,
1029 1570 1063 1596 ab

269 1615 436 1651 Hieronymo
453 1615 479 1643 id
496 1615 582 1642 fuisse
602 1616 762 1642 coutietum.
778 1615 837 1642 Jam
860 1623 925 1643 vero
956 1616 978 1642 si
995 1618 1064 1642 t‘an-

271 1667 362 1690 uenus
388 1663 414 1689 in
435 1662 511 1689 India
537 1662 675 1689 invenerit
695 1671 705 1686 ι
726 1662 904 1696 Evangehum
933 1661 1063 1693 Matthxi,

270 1708 415 1736 Hebraicis
426 1707 526 1734 litteris
539 1708 700 1742 scriptum,»
718 1708 744 1734 itt
759 1708 810 1734 hoc
824 1707 958 1734 Eusebius
970 1707 1065 1734 Hiero-

269 1761 423 1790 nytnusque
443 1754 637 1786 consentiunt;
668 1753 757 1780 fuerat
784 1753 866 1788 igitur
893 1753 1026 1780 Hebraice
1050 1761 1064 1780 a

271 1801 401 1828 Manlia-0
416 1800 562 1835 scriptum,
593 1805 623 1827 ut
646 1799 787 1827 communi
812 1807 950 1827 consensu
971 1799 1065 1826 Patres

272 1847 419 1874 allirmaut.

308 1895 353 1921 55.
374 1905 383 1920 ε
402 1894 494 1921 Multis
515 1901 582 1921 vero
598 1893 631 1920 de
656 1894 758 1926 causis,
778 1893 886 1928 reponit
903 1893 1064 1928 Basnagius,

271 1946 396 1968 veterum
415 1948 446 1967 ea
465 1940 576 1967 traditio
590 1939 670 1966 ﬁdem
690 1947 703 1966 a
717 1939 797 1967 nobis
826 1947 881 1967 non
894 1940 1032 1974 impetrat.
1051 1949 1061 1965 ι

271 1986 375 2014 Causas
405 1986 488 2022 igitur
516 1987 745 2012 exaniiuentus.l
780 1986 901 2013 Primum
931 1987 1065 2018 omnium,

273 2034 374 2068 inquit,
391 2032 504 2059 Patrum
518 2033 609 2059 nulltts
627 2037 679 2064 est,
693 2033 739 2068 qui
759 2037 836 2059 certe
864 2039 995 2067 certoque
1026 2037 1067 2059 te-

272 2084 374 2111 stetur,
388 2086 417 2105 se
439 2079 568 2106 manibus
593 2079 715 2106 oculisve
742 2079 850 2105 trivisse
871 2078 987 2105 Mattlnei
1013 2078 1066 2105 He-

274 2125 398 2152 braicum
416 2125 482 2151 illud
496 2125 688 2159 Evangelium,
706 2125 779 2159 quod
798 2130 888 2152 tamen
904 2131 918 2151 tl
932 2125 1067 2151 Christia-

275 2171 319 2197 nis
352 2169 475 2197 Hebraeis
509 2171 677 2205 descriptum
701 2171 734 2197 ad
768 2171 925 2205 legendum,
966 2170 1068 2205 ubique

276 2217 411 2247 locorum.
429 2216 478 2251 qui
502 2216 636 2243 Ilebraice
657 2217 793 2248 sciebant,
822 2217 976 2252 dispersum
1002 2217 1069 2243 fuis-

889 171 1030 201 MENSIS
1049 172 1165 202 SEPTE
1171 173 1193 201 \l
1200 172 1274 201 BER
1281 196 1287 202 .

1849 176 1905 208 ’772

1109 235 1169 265 ptos
1187 230 1272 257 fuisse
1289 230 1394 263 Patres,
1412 231 1494 267 idque
1506 231 1540 259 ab
1555 231 1610 259 illis
1627 237 1768 266 sumptum
1786 240 1836 266 pro
1854 241 1906 259 au-

1110 276 1233 304 thcntico
1253 277 1383 305 Maltlttei.
1417 277 1500 306 Sexto
1528 279 1639 305 demum
1656 279 1695 306 ait
1712 279 1830 306 Ilattlnei
1853 287 1905 306 au-

1109 321 1271 356 tographum
1291 321 1500 357 diligentissime
1527 323 1613 350 fuisse
1640 325 1851 352 custodiendum
1871 325 1907 352 ab

1109 367 1231 395 Ecclesia
1249 367 1507 404 Ilicrosolymitana.
1524 370 1547 396 si
1565 370 1591 396 in
1608 370 1722 405 gratiam
1745 370 1905 398 Iudaeorum

1111 414 1248 441 Hebraicc
1269 415 1426 449 scripsisset
1442 415 1607 447 lllattltzeus;
1623 424 1678 442 non
1706 417 1790 444 fuisse
1813 423 1907 444 autem

1111 467 1316 494 conservatum,
1335 462 1388 488 nisi
1407 461 1585 498 Evangelium
1603 463 1809 494 Nazarmorum,
1835 464 1907 490 hoc-

1110 516 1162 542 que
1175 509 1330 543 suspicatur
1344 509 1426 535 fuisse
1445 517 1499 536 non
1514 510 1565 536 nisi
1589 510 1731 544 antiquam
1750 510 1907 537 versionem

1110 559 1231 581 extextu
1255 555 1350 581 Gnvco
1368 555 1487 582 Mattltzei
1501 555 1612 582 factam.
1629 556 1675 582 Ha:
1690 561 1754 583 sunt
1783 558 1909 584 rationes

1111 605 1158 627 aut
1175 601 1385 635 imaginationes
1398 601 1533 637 Basuagii,
1547 603 1592 637 qui
1617 611 1673 629 non
1688 603 1796 630 dubitat
1809 602 1909 630 Patres

1112 646 1272 681 frequenter
1288 649 1391 674 erroris
1410 656 1537 683 arguere,
1550 654 1579 676 ut
1598 650 1714 676 somniis
1734 651 1791 676 suis
1806 650 1910 683 proba-

1113 693 1249 720 bilitatem
1269 694 1388 729 aliquant
1405 695 1544 722 conciliet.
1576 695 1670 732 Itaque
1695 696 1850 728 videamus,
1871 705 1908 724 an

1113 743 1219 766 tanton)
1251 741 1334 767 fuerit
1370 741 1494 777 Basnagii
1524 750 1652 775 acumen,
1688 748 1716 769 ut
1739 744 1796 778 ipse
1821 743 1909 770 multa

1112 788 1270 822 perspicere
1286 788 1417 823 potuerit,
1432 797 1494 823 qua:
1509 789 1676 816 doctissimis
1694 789 1832 822 I‘atribus,
1847 790 1910 817 loco

1113 839 1140 861 ct
1157 840 1279 869 tempore
1296 834 1378 862 rebus
1392 835 1540 869 disputatis
1556 835 1636 870 longe
1651 836 1910 870 propinquioribus,

1115 880 1142 907 in
1156 885 1276 907 utentem
1291 887 1345 907 non
1362 886 1519 914 venerunt;
1535 887 1562 908 et
1574 882 1607 908 ad
1630 887 1793 917 argumenta
1810 882 1910 917 ipsius,

1115 935 1176 961 qua:
1193 927 1335 954 brevitatis
1347 935 1428 954 causa
1451 928 1608 955 summatim
1634 934 1738 956 tantum
1764 930 1912 966 proposui.

1114 974 1287 1001 discutienda
1306 974 1507 1009 aggrediamur.

1150 1020 1195 1046 56.
1225 1019 1389 1055 Responileo
1418 1019 1500 1055 igitur
1533 1021 1653 1055 primum
1680 1021 1803 1057 Basnagii
1829 1030 1914 1058 argu-

1115 1071 1238 1093 mentum
1252 1067 1376 1094 absolute
1388 1067 1486 1094 falsum
1495 1075 1574 1100 esse;
1588 1076 1650 1095 natu
1665 1068 1694 1095 S.
1713 1069 1911 1105 Hieronymus.

1115 1121 1193 1141 num.
1220 1114 1251 1141 51
1281 1114 1421 1145 laudatus,
1461 1119 1488 1141 ct
1514 1123 1575 1141 mox
1604 1115 1715 1143 uberius
1745 1116 1912 1148 laudandus,

1117 1166 1234 1189 testatur
1252 1161 1418 1188 chraicum
1436 1160 1466 1188 S.
1483 1161 1602 1190 lllattltzei
1621 1163 1800 1198 Evangelium
1819 1171 1850 1191 se
1868 1166 1895 1191 vi

1114 1208 1187 1235 disse
1206 1208 1419 1242 interpretatum
1446 1215 1519 1240 esse,
1541 1209 1669 1244 idemque
1691 1210 1818 1242 aﬂirmat,
1847 1209 1912 1238 usui

1115 1254 1181 1282 illud
1209 1253 1294 1280 fuisse
1319 1253 1441 1289 Origeni,
1455 1259 1482 1281 et
1499 1254 1587 1281 Visum
1610 1263 1624 1281 a
1638 1255 1779 1282 Pam-aeno.
1795 1256 1912 1291 Accipe,

1115 1300 1239 1327 studiose
1278 1300 1375 1332 lector,
1394 1301 1478 1327 alium
1511 1308 1544 1327 ex
1567 1300 1596 1327 S.
1622 1300 1790 1336 Hieronymo
1817 1302 1911 1329 locum

1114 1354 1147 1373 (ιχ
1168 1346 1289 1382 Epistula
1320 1347 1353 1374 ad
1379 1346 1524 1373 Damasum
1549 1347 1581 1374 de
1607 1348 1715 1375 duobus
1745 1347 1808 1376 ﬁliis
1838 1350 1912 1383 (qua:

1114 1393 1180 1419 olim
1203 1397 1261 1419 erat
1274 1392 1333 1425 Mt),
1349 1393 1375 1419 in
1387 1392 1508 1419 editione
1522 1391 1673 1419 Veronensi
1692 1398 1734 1420 est
1745 1393 1791 1427 2t)
1806 1401 1814 1427 ;
1832 1403 1842 1419 ι
1858 1394 1913 1421 Dev

1115 1438 1198 1473 Itique
1212 1438 1368 1470 Mattltaaus,
1396 1439 1495 1473 inquit,
1516 1439 1561 1474 qui
1588 1438 1766 1474 Evangelium
1795 1440 1912 1468 Πρω-κο

1116 1491 1246 1511 sermone
1262 1485 1438 1519 conscripsit.
1453 1486 1489 1511 ita
1502 1485 1596 1518 posuit
1612 1494 1618 1511 :
1641 1484 1770 1513 llosanna
1786 1487 1911 1518 barama,

1117 1530 1143 1557 id
1161 1535 1214 1561 est,
1234 1529 1364 1557 "osanna
1384 1530 1410 1557 itt
1426 1530 1554 1558 excelsis.
1575 1529 1741 1563 iQuomodo
1756 1532 1838 1558 verba
1858 1532 1915 1559 Ile-

1115 1575 1208 1603 liraica
1223 1576 1341 1604 Mattlirei
1362 1576 1469 1607 recitat,
1494 1578 1515 1603 si
1541 1577 1719 1612 Evangelium
1752 1577 1839 1612 ipsius
1858 1579 1915 1606 He-

1118 1623 1240 1649 braicum
1265 1630 1320 1649 non
1345 1621 1471 1649 viderit?
1500 1623 1540 1650 Ad
1575 1624 1727 1650 secundum
1758 1624 1915 1658 respondeo

1117 1674 1242 1695 sanctum
1260 1668 1455 1704 Hieronymum
1474 1676 1528 1695 non
1554 1669 1710 1697 correxisse
1729 1674 1834 1697 textum
1858 1670 1913 1698 La-

1119 1719 1204 1740 tinum
1221 1721 1254 1740 ex
1269 1713 1416 1746 lIebraico,
1436 1714 1484 1741 sed
1501 1722 1533 1741 ex
1548 1714 1655 1746 Graeco.
1671 1716 1734 1750 quia
1750 1717 1842 1742 minus
1852 1721 1914 1743 erat

1117 1765 1209 1787 certus
1230 1761 1264 1787 de
1289 1760 1448 1795 integritate
1478 1765 1505 1786 et
1523 1761 1643 1794 puritate
1661 1766 1751 1788 textus
1771 1761 1913 1792 Hebraici.

1117 1814 1199 1842 quam
1226 1806 1324 1833 Gnaei.
1360 1806 1401 1833 Ad
1425 1807 1537 1834 tertium
1564 1808 1626 1835 dico
1656 1808 1784 1835 usitatam
1815 1817 1915 1836 revera

1117 1854 1204 1888 magis
1222 1853 1306 1878 fuisse
1334 1851 1454 1878 lllattliaai
1480 1857 1606 1887 tempore.
1635 1853 1758 1887 linguam
1776 1853 1914 1885 Graecam,

1118 1905 1200 1932 quant
1223 1897 1396 1929 Ileiiraicatu,
1423 1897 1450 1923 in
1478 1898 1581 1924 mundo
1610 1907 1616 1924 :
1644 1899 1692 1926 sed
1711 1900 1830 1935 linguam
1858 1900 1917 1926 He-

1119 1944 1241 1971 braicam
1261 1944 1347 1970 fuisse
1359 1942 1529 1970 Juda'orum.
1548 1944 1729 1980 Quapropter,
1748 1953 1811 1972 cum
1833 1945 1916 1972 Citri-

1119 1997 1178 2017 stus
1191 1990 1325 2018 Dominus
1350 1991 1466 2018 voluerit
1493 1995 1522 2017 ut
1549 1992 1665 2026 apostoli
1690 1992 1808 2026 primum
1838 2000 1914 2027 pra:-

1119 2039 1242 2066 dicarent
1261 2039 1340 2066 ﬁdem
1356 2039 1469 2070 Judatis,
1490 2038 1590 2066 deinde
1607 2039 1746 2074 gentibus,
1762 2040 1799 2067 uti
1816 2046 1915 2066 revera

1119 2082 1246 2109 fecerunt
1260 2092 1267 2110 ε
1280 2083 1318 2109 sic
1341 2087 1401 2110 erat
1415 2091 1567 2119 congruum
1594 2087 1623 2109 ut.
1654 2083 1773 2117 primum
1789 2083 1916 2119 Evange-

1120 2127 1186 2154 liunt
1201 2127 1228 2154 in
1250 2128 1365 2163 gratiam
1381 2127 1540 2155 Jutlaaoruut
1560 2128 1741 2160 scriberetur,
1769 2133 1797 2155 et
1815 2137 1917 2159 conse-

1119 2177 1238 2208 quenter
1265 2182 1299 2201 eo
1321 2182 1449 2202 sermone
1471 2182 1552 2209 quem
1584 2182 1681 2201 omnes
1711 2174 1916 2210 intelligebant,

1120 2226 1195 2248 certe
1213 2221 1240 2247 in
1259 2220 1361 2248 Judaea.
1380 2220 1457 2255 Quod
1476 2227 1575 2255 quarto
1592 2221 1778 2248 irreverenter
1802 2223 1869 2254 dicit
1887 2223 1916 2249 in

275 2268 330 2291 set.
356 2273 365 2290 ι
385 2263 443 2291 Hoc
458 2263 576 2298 primum
592 2263 718 2298 Basnagii
745 2268 949 2299 argumentum.
969 2263 1068 2299 Objicil
1082 2274 1108 2304 D
1122 2265 1229 2299 Patres,
1258 2274 1332 2294 certo
1350 2266 1448 2294 falsum
1465 2273 1507 2294 est
1523 2267 1558 2294 de
1588 2266 1766 2303 Hieronymo,
1794 2268 1919 2304 Epipha-

276 2311 411 2343 secundo,
426 2315 523 2337 sancto
540 2309 708 2345 Hieronymo
743 2310 771 2337 in
790 2310 964 2338 emendando
978 2311 1069 2337 Evan-

275 2357 411 2392 geliorum
431 2362 505 2384 textu
519 2358 618 2384 Latmo
633 2364 689 2384 non
715 2357 874 2392 prteluxisse
903 2358 1069 2384 Hebraieum

275 2403 395 2431 Mattliaci
410 2405 559 2439 exemplar,
571 2405 619 2431 sed
632 2404 767 2431 Graecum.
786 2403 879 2431 Tertio
891 2404 944 2431 late
972 2404 1069 2438 proba!

275 2450 531 2484 IinguamGra-cant
545 2450 632 2477 fuisse
654 2451 739 2486 magis
758 2451 899 2486 vulgarent
929 2454 958 2476 et
988 2449 1070 2485 longe

278 2497 407 2531 pluribus
429 2497 558 2532 gentibus
572 2497 712 2528 usitatam,
730 2504 812 2531 quam
835 2497 1008 2527 Hebruicam,
1026 2496 1063 2522 in-

277 2544 368 2577 deque
400 2542 519 2570 inferre"
533 2543 630 2570 nititur
652 2542 693 2570 Ma
709 2545 809 2570 thecam
834 2543 961 2570 debuisse
981 2542 1072 2577 potius

277 2591 377 2618 Graice
401 2598 484 2625 quam
519 2589 654 2617 Hebraice
694 2590 828 2622 seiibere,
858 2597 921 2616 cum
958 2589 1072 2624 apostoli

277 2641 372 2664 essent
384 2637 454 2671 jussi
468 2637 568 2664 docere
583 2644 679 2664 omnes
693 2641 799 2671 gentes.
813 2637 916 2668 Quarto
943 2637 1073 2662 observat

278 2694 358 2713 USllH‘I
379 2686 463 2713 videri
489 2685 649 2712 Mattha'unt
666 2686 756 2720 lingua
770 2689 834 2711 tunc
847 2683 950 2710 Judznis
963 2682 1072 2714 usitata,

277 2739 334 2759 non
353 2732 438 2759 veteri
454 2740 579 2767 puraque
608 2732 710 2767 lingua,
733 2732 754 2758 si
788 2731 920 2758 Hebraice
950 2729 1073 2763 scripsit.

279 2778 440 2812 Susiiicatnr
457 2783 549 2805 tamen
566 2777 660 2805 Patres
675 2778 812 2812 cogitasse
830 2777 863 2803 de
894 2776 985 2810 lingua
1004 2782 1070 2810 pura

278 2823 411 2851 Hebraica
429 2832 436 2850 :
456 2834 464 2849 ε
480 2825 516 2851 Ex
535 2832 589 2858 quo
603 2824 775 2859 intelligitur,
791 2823 889 2858 inquit,
907 2822 933 2849 iu
950 2826 1071 2848 veterum

278 2877 312 2897 ca
326 2870 401 2896 dere
417 2870 574 2897 testimonio
596 2878 648 2897 non
675 2871 790 2897 multum
812 2877 874 2897 esse
904 2868 1034 2903 praesidii.
1060 2878 1069 2894 ›

283 2915 386 2949 Quinto
418 2917 575 2950 suspicatur
606 2916 753 2952 Evangelia
773 2916 964 2943 Nummorum
995 2915 1074 2943 dece—

1123 2313 1181 2345 nio,
1195 2312 1323 2347 Origene,
1345 2312 1487 2344 Panneno,
1506 2311 1600 2347 Papia,
1634 2311 1765 2345 Eusebio,
1793 2314 1840 2348 qui
1861 2321 1918 2340 non

1123 2360 1297 2394 ignorabant,
1314 2364 1360 2386 aut
1375 2360 1502 2395 ignorare
1521 2364 1659 2395 poterant.
1676 2368 1728 2395 qua
1749 2361 1842 2395 lingua
1855 2365 1917 2387 ute-

1123 2412 1219 2433 rentur
1235 2405 1335 2438 Judaei,
1355 2406 1465 2440 quando
1483 2406 1661 2442 Evangelium
1677 2407 1789 2442 scripsit
1800 2412 1917 2434 sanctus

1123 2451 1279 2479 Matthaeus.
1297 2452 1355 2479 luto
1383 2451 1488 2485 nullus,
1503 2453 1611 2487 Opinor,
1633 2452 1745 2479 Patrum
1773 2453 1918 2480 existima-

1123 2497 1172 2527 vit,
1198 2496 1251 2523 alia
1278 2497 1368 2532 lingua
1393 2496 1527 2525 Hebraica
1548 2505 1626 2525 usum
1658 2505 1720 2526 esse
1746 2497 1918 2532 Matthazum,

1123 2550 1204 2576 quam
1237 2542 1338 2569 usitata
1370 2551 1420 2570 suo
1451 2549 1586 2579 tempore.
1610 2544 1688 2576 Quod
1719 2553 1785 2572 Vero
1816 2546 1919 2573 deinde

1124 2587 1221 2621 quinto
1253 2592 1280 2614 et
1308 2593 1386 2616 sexto
1416 2589 1512 2624 objicit
1533 2588 1686 2626 Basuagius
1710 2591 1744 2619 de
1769 2591 1920 2628 Evangelia

1125 2632 1331 2666 Nazaraeorum,
1365 2635 1448 2669 paulo
1473 2635 1607 2669 prolixius
1641 2636 1836 2671 explicandum
1863 2643 1918 2668 est.

1125 2680 1187 2713 quia
1215 2680 1248 2707 ad
1288 2682 1459 2716 pr0positum
1496 2688 1619 2709 nostrum
1658 2688 1788 2718 spectat,
1823 2690 1852 2710 ct
1886 2691 1919 2711 ea

1125 2727 1298 2760 expositione
1313 2727 1346 2754 ad
1363 2727 1431 2754 alias
1452 2736 1562 2763 quoque
1591 2729 1782 2757 dubitationes
1801 2738 1920 2766 respon—

1124 2773 1204 2800 debo.

1160 2819 1205 2847 57.
1238 2819 1275 2846 De
1311 2818 1460 2856 Evangelio
1496 2819 1697 2854 Nazarasorutn,
1739 2822 1812 2856 quod
1849 2823 1921 2850 alias

1125 2866 1293 2902 vocatjuxta
1314 2866 1452 2899 Hebraeos,
1479 2875 1534 2895 non
1570 2876 1631 2895 raro
1655 2869 1776 2904 loquitur
1803 2877 1921 2899 Sanctus

1126 2913 1323 2949 Hieronymus,
1344 2918 1372 2941 et
1387 2915 1460 2942 varia
1477 2922 1507 2942 es
1527 2915 1572 2942 illo
1598 2915 1710 2943 adducit
1731 2916 1799 2943 locis
1823 2917 1920 2949 variis,
