2047 3152
167 128 211 158 777

805 122 891 153 VlTA
966 121 1156 151 MA'l‘Tll.‘EI.

1737 117 1791 150 778

166 187 281 212 llattuan
309 183 453 220 ικτιιιιδοιίθ
469 182 611 218 scripserit
627 181 771 211 Eusebius,
800 183 842 207 \'t;|
862 180 943 207 etiam
963 184 981 210 Α
1000 179 1126 214 rum,qui
1147 183 1194 206 aut
1225 183 1319 206 sancto
1336 178 1434 206 Joanni
1460 178 1595 214 apostolo.
1626 181 1673 205 aut
1697 182 1793 205 sancto

164 230 506 266 interpresllieronymus;
522 234 548 256 et
564 232 767 262 consequenter
779 226 864 253 multo
873 226 954 253 etiam

167 277 299 304 incertius
323 281 374 308 est,
404 283 439 302 an
465 275 512 302 illo
541 281 615 301 anno
650 273 733 300 fuerit
757 273 954 305 conscriptum.

169 322 370 352 't‘illemontius,
394 321 488 349 lom.l
515 320 542 347 in
568 319 659 346 lndice
688 318 881 353 (ΙΙΙ-01101οείρο
901 323 955 344 tam

168 368 370 401 dispersionem
388 367 574 402 apostolorum
588 373 667 400 quam
693 365 869 400 Evangelium
887 363 956 390 Mat-

171 414 230 440 tha-i
262 413 318 448 ﬁgit
345 413 418 439 circa
453 414 556 440 annum
589 412 634 439 56.
661 411 711 438 Alii
741 411 847 437 malunt
867 410 956 444 lateri,

169 467 271 486 anrulm
308 466 371 485 esse
401 459 548 489 incertum,
586 461 667 492 prout
701 464 791 483 annus
814 455 958 483 divisionis

170 505 356 540 apostolorum
383 504 478 539 nequit
506 504 588 530 certis
620 503 752 538 assignari
777 502 956 538 argumentis.

169 552 246 586 Apud
268 559 318 578 nos
332 551 365 578 ad
390 551 424 577 15
453 549 517 577 Julii
549 550 583 577 de
607 550 739 576 divisione
771 548 957 583 apostolorum

171 601 261 623 aetum
276 601 330 627 est,
350 595 442 630 ibique
456 603 486 622 ea
508 595 560 622 lixa
583 602 656 622 anno
673 602 735 621 terre
752 594 874 628 vulgaris
890 602 957 628 qua-

171 642 326 676 dragesimo
368 641 518 668 secundum
562 641 752 668 cbrouotaxim
793 639 958 667 llenscheuii

170 688 268 719 nostri,
287 695 339 721 qua
357 687 457 714 Christi
475 687 582 713 Domini
596 686 688 714 obitus
707 686 797 721 (igitur
817 688 869 712 sub
890 693 958 712 con-

170 734 260 759 sulatu
283 733 400 759 duorum
430 732 619 763 Geminorum,
655 731 713 759 sive
738 739 811 759 anno
835 731 870 758 ω)
898 739 959 758 aera:

170 778 299 813 vulgaris,
310 778 346 805 ita
359 783 388 804 ut
401 778 565 805 duodecimo
572 783 634 813 post
642 777 744 805 Christi
755 778 956 805 Aseeusiouem

171 831 242 850 anno
262 827 380 857 ponatur
391 823 577 858 apostolorum
596 823 706 850 divisio.
725 821 815 849 Videri
830 827 959 856 poterunt

172 870 244 896 dicta
266 869 300 896 de
319 869 454 896 divisione
470 869 671 903 apostolorum,
697 872 724 894 ct
742 867 861 895 Diatriba
890 867 961 894 llcn-

172 914 277 941 schenii
293 919 358 941 ante
373 914 498 941 tornurnl
515 913 630 948 Aprilis;
647 921 736 948 neque
747 913 820 940 enim
832 913 876 939 hic
886 914 962 940 locus

170 961 265 993 exigit,
285 965 316 988 ut
327 965 450 995 repetam
464 960 527 986 alibi
543 959 690 994 disputata.
705 959 810 986 Dixisse
832 958 961 991 sufﬁciat,

170 1007 245 1034 circa
281 1007 353 1033 idem
385 1012 492 1041 tempus
518 1014 533 1033 a
559 1005 685 1033 Mattlimo
713 1006 846 1040 striptutn
878 1005 963 1032 fuisse

174 1052 366 1088 Evangelium,
391 1056 437 1079 aut
466 1052 546 1087 paulo
561 1057 634 1084 ante,
660 1051 819 1086 priusquam
847 1049 962 1084 separati

171 1104 250 1126 erant
271 1098 398 1133 apestoli.

206 1145 252 1172 44.
274 1145 359 1172 Porro
375 1145 506 1171 incertqu
521 1152 597 1178 teque
613 1148 664 1175 est,
686 1143 747 1178 quis
763 1143 868 1178 primus
882 1141 965 1169 fuerit

173 1192 311 1226 inter-pres
327 1191 438 1219 Grtecus
458 1191 596 1226 Evangelii
614 1190 768 1218 secundum
792 1189 962 1217 illattbmum.

174 1237 202 1264 lu
216 1238 333 1273 Synopsi
351 1237 687 1273 sancloAtltanasiovulgo
702 1237 845 1269 attributa,
864 1241 930 1264 tom.
943 1235 965 1263 ll

175 1283 295 1318 Oper-um
326 1283 414 1311 sancti
441 1283 583 1310 Athanasii
616 1283 744 1310 editionis
767 1282 965 1314 Moutfauconi,

177 1338 237 1365 pag.
268 1329 323 1356 202
335 1329 394 1356 hate
422 1329 571 1362 leguntur:
591 1338 600 1354 ί
620 1328 798 1364 Evangelium
815 1329 965 1356 secundum

175 1375 333 1402 Natthceum
346 1375 380 1402 ab
397 1375 454 1410 ipso
475 1375 600 1402 lllatthaao
614 1374 749 1402 liebraieo
768 1374 885 1402 dialecto
900 1382 964 1401 cou-

174 1422 369 1456 scriptumest,
388 1425 415 1449 et
435 1422 538 1448 editum
569 1420 776 1456 Hierosolymis,
805 1420 967 1455 interpreta-

175 1473 290 1503 tumque
326 1473 369 1495 est
398 1475 414 1495 a
444 1468 546 1495 Jacobo
573 1468 656 1495 fratre
683 1467 789 1495 Domini
816 1467 965 1494 secundum

978 851 996 878 ll

1008 225 1102 257 l‘aulu,
1123 229 1170 252 aut
1182 230 1278 252 saneto
1295 224 1436 256 Barnalnr,
1457 229 1504 252 aut
1529 229 1625 252 sancto
1638 224 1731 256 Luem,
1747 228 1795 251 aut.

1007 271 1058 305 ipsi
1073 269 1365 298 Matthzeoversionem
1381 270 1502 297 Graecam
1516 271 1713 302 attribuerunt,
1725 274 1795 298 teste

1007 316 1130 343 Calmeto
1155 317 1182 342 in
1217 315 1376 350 prtel‘atione
1400 316 1433 342 ad
1463 315 1630 348 .‘llattbautm,
1662 324 1723 351 pag.
1749 316 1794 343 26.

1008 362 1075 389 Nam
1097 366 1193 389 auctor
1210 361 1356 398 Synopsis,
1381 361 1432 388 etsi
1456 361 1525 388 forte
1541 369 1594 389 non
1628 363 1663 389 sit
1678 363 1798 389 Athana-

1009 407 1078 438 sius.
1098 407 1193 434 saltem
1226 407 1350 434 eruditus
1378 407 1525 433 admodum
1542 406 1602 438 fuit.
1616 413 1642 434 et
1659 407 1798 442 antiquior

1009 451 1119 478 videtur
1147 452 1262 478 aliarum
1290 451 1489 478 sententiarum
1525 452 1660 486 patronis.
1687 452 1798 484 Verum,

1009 498 1133 532 quiSquis
1149 496 1232 523 fuerit
1256 497 1402 531 interpres,
1426 501 1532 523 certum
1565 496 1684 529 videtur,
1712 497 1799 524 inter-

1010 544 1192 578 pretationem
1214 542 1335 570 Gra‘cum
1365 543 1552 577 apostolorum
1584 547 1708 578 tempore
1739 551 1800 571 esse

1010 589 1119 617 factum.

1045 635 1090 663 45.
1107 635 1270 664 Theodorus
1289 636 1387 671 lector,
1400 638 1448 665 lib.
1468 646 1498 670 ιι,
1521 645 1581 673 pag.
1603 636 1654 664 557
1671 636 1800 664 editionis

1011 682 1110 709 Valesii
1129 683 1154 710 in
1169 683 1279 710 Zenone
1294 684 1350 712 haec
1373 684 1468 711 scribit
1483 688 1510 712 :tt
1529 684 1659 712 Barnabzn
1681 684 1797 718 apostoli

1011 729 1133 764 reliquiae
1147 730 1173 756 in
1187 729 1275 765 Cypro
1290 731 1341 758 sub
1352 731 1449 758 arbore
1465 731 1564 766 siliqua
1595 736 1710 765 reperta:
1723 735 1798 758 sunt.

1013 775 1102 810 Super
1135 775 1215 810 cujus
1245 781 1355 811 pectore
1380 781 1439 804 erat
1467 776 1644 812 Etangelium
1670 776 1800 809 Matthxi,

1013 821 1098 856 ipsius
1112 821 1242 850 Barnabre
1251 830 1333 849 manu
1347 822 1549 858 descriptttm...
1568 822 1597 850 ld
1625 823 1799 859 Erangelimn

1015 867 1090 895 Zeno
1105 868 1233 902 deposuit
1252 869 1280 895 in
1297 869 1409 904 palatio,
1439 869 1467 896 in
1492 870 1550 896 aulo
1569 868 1598 896 S.
1621 869 1764 904 Stephani.
1788 879 1798 895 ι

1015 912 1095 939 Plura
1111 912 1144 940 de
1169 913 1212 940 his
1225 913 1320 940 scribit
1343 913 1498 940 Alexander
1516 913 1667 940 monachus
1687 913 1803 948 Cyprius

1014 959 1041 986 in
1060 959 1136 986 Actis
1153 960 1240 987 sancti
1269 959 1409 991 Barnabac.
1435 960 1506 996 apud
1525 967 1576 988 nos
1600 960 1681 988 editis
1707 960 1740 987 ad
1770 959 1800 986 Η

1015 1004 1101 1033 Junii.
1127 1005 1194 1032 Nam
1223 1013 1284 1042 pag.
1317 1006 1378 1038 ‘50,
1399 1011 1511 1033 sanctus
1537 1006 1676 1033 Barnabas
1703 1006 1805 1034 dicitur

1016 1052 1177 1087 apparuisse
1202 1053 1350 1080 Anthemio
1381 1053 1526 1080 Salamina:
1552 1053 1691 1088 episcopo,
1726 1053 1806 1087 eique

1016 1098 1154 1126 indicasse
1174 1098 1220 1126 ubi
1246 1099 1398 1133 depositura
1417 1104 1490 1126 esset
1510 1106 1610 1133 corpus
1640 1105 1720 1125 suum
1743 1106 1805 1126 cum

1017 1143 1163 1179 Evangelio
1191 1143 1279 1171 sancti
1302 1143 1433 1171 llatthmi.
1466 1144 1554 1171 Verba
1579 1143 1720 1176 nonnulla,
1744 1151 1807 1180 qua:

1016 1195 1131 1218 sanctus
1146 1190 1283 1218 Barnabas
1299 1190 1448 1217 Anthemio
1461 1190 1562 1217 dixisse
1585 1190 1726 1223 scribitur,
1755 1191 1808 1217 huc

1018 1236 1153 1263 transfero
1170 1243 1201 1262 :I
1221 1235 1278 1262 Sub
1292 1236 1390 1263 arbore
1398 1235 1496 1271 siliqua
1506 1235 1620 1264 ellodias
1632 1244 1638 1262 ε
1650 1236 1806 1271 speluncam
1833 1232 1837 1271 δ

1017 1282 1090 1309 enim
1113 1287 1194 1316 atque
1212 1282 1456 1314 arcaminvenies.
1479 1282 1607 1317 quoniam
1632 1282 1688 1309 illic
1722 1287 1807 1309 totum

1018 1336 1117 1363 corpus
1131 1336 1223 1356 meum
1239 1328 1380 1356 conditum
1396 1333 1447 1361 est,
1472 1332 1499 1355 et
1527 1328 1704 1364 Evangelium
1726 1337 1807 1356 manu
1832 1319 1834 1355 ξ

1019 1375 1128 1409 propria
1149 1375 1294 1410 scriptum,
1312 1375 1383 1409 quod
1406 1383 1421 1402 a
1439 1379 1535 1402 saneto
1545 1375 1670 1411 apostolo
1684 1379 1712 1403 et
1724 1384 1808 1403 evan-
1834 1375 1835 1378 “

1019 1421 1113 1454 gt-lista
1124 1419 1252 1448 Matthaeo
1271 1420 1376 1456 excepi.
1396 1430 1405 1446 ›
1420 1420 1451 1448 Ει
1469 1429 1532 1448 mox
1552 1422 1806 1457 corporisinrcntio
1836 1431 1839 1454 κ

1019 1467 1149 1498 refertur,
1177 1472 1205 1494 et
1228 1467 1263 1494 de
1280 1467 1429 1503 Evangelio
1450 1468 1584 1495 additur:
1613 1477 1622 1493 ι
1642 1468 1808 1496 invenerunt
1838 1466 1841 1485 ἕ

174 1521 298 1545 carnem,
320 1515 366 1548 qui
382 1519 410 1541 et
427 1515 531 1548 primus
554 1513 805 1548 Hierosolymorum
820 1513 966 1548 episcopus
981 1521 1000 1548 ε
1018 1513 1100 1540 etiam
1124 1513 1301 1549 Evangelium
1320 1521 1403 1549 supra
1432 1514 1564 1542 Barnabas
1594 1520 1690 1550 pectus
1720 1516 1809 1551 impo-

174 1561 342 1587 constitutus
357 1565 398 1588 est
417 1569 430 1586 a
443 1560 545 1588 sanctis
559 1560 701 1595 apostolis.
721 1559 778 1586 Non
804 1558 893 1594 placet
908 1559 965 1585 haec

174 1606 313 1633 sententia
330 1605 505 1634 Trllemontio
515 1610 579 1633 nota
598 1605 616 1632 2
633 1605 662 1633 in
683 1604 854 1632 Mattltaeum.
873 1603 966 1631 Primo

174 1653 223 1684 ait,
234 1653 294 1680 haec
308 1652 457 1688 solnmlegi
474 1652 500 1679 in
512 1652 652 1679 additione
669 1651 784 1688 Syuopsi
798 1651 915 1687 adjecta.
932 1652 966 1678 At

175 1701 280 1727 nullam
290 1699 389 1734 allegat
402 1699 548 1730 rationem,
560 1706 609 1726 cur
616 1698 763 1729 existimet,
775 1698 817 1724 illa
835 1705 891 1725 non
906 1705 966 1725 esse

175 1743 464 1779 ejusdcmSynopseos
474 1748 596 1779 partem:
618 1751 669 1770 nec
687 1751 737 1778 ego
754 1742 835 1769 ullam
856 1742 966 1769 invenio

176 1790 249 1822 apud
267 1790 503 1818 Montl‘auconum.
515 1789 640 1822 Secundo
663 1788 710 1822 ait,
735 1796 828 1816 vocem
845 1789 966 1816 Graecar-

177 1836 342 1872 ήρμηνεύθη
371 1844 451 1871 posse
468 1835 570 1871 exponi
597 1843 674 1870 aque
703 1835 738 1862 de
755 1836 826 1862 nuda
851 1835 967 1870 explica-

176 1883 264 1913 tione,
281 1890 362 1917 quam
380 1883 414 1910 de
425 1882 641 1909 lranslationeiu
660 1882 741 1909 aliam
755 1881 886 1916 linguam.
900 1880 968 1908 Vere

177 1929 230 1956 hoc
244 1929 299 1956 dici
314 1929 347 1956 de
367 1936 433 1956 voce
446 1928 540 1956 Graeca
568 1929 657 1956 libens
679 1935 815 1963 agnosco;
844 1928 890 1955 sed
905 1935 967 1954 cum

175 1976 307 2010 adjuncta
326 1975 418 2002 omnia
441 1980 468 2002 ct
481 1976 562 2010 paulo
580 1979 641 2010 post
657 1974 798 2009 sequentia
811 1973 967 2004 ostendant.

175 2023 218 2057 agi
232 2024 266 2049 de
292 2022 469 2049 translatione
503 2022 529 2049 in
560 2022 679 2061 linguam
701 2021 835 2052 Graecam,
854 2028 908 2047 non
929 2024 970 2047 est

176 2069 246 2095 satis
258 2067 371 2094 ltmdata
384 2067 428 2094 illa
439 2067 567 2102 objectio.
583 2071 631 2094 aut
644 2068 716 2102 justa
732 2066 865 2102 suspicio,
875 2074 968 2093 vocem

177 2115 225 2141 hic
247 2115 283 2141 ita
302 2113 525 2149 intelligendam:
543 2122 604 2140 nam
617 2114 714 2140 eadem
737 2121 789 2141 vox
812 2114 970 2147 frequenter

176 2162 295 2188 recurrit
309 2161 342 2188 de
354 2160 531 2188 translatione
544 2162 570 2188 in
589 2161 669 2188 aliam
687 2161 819 2195 linguam,
829 2160 863 2188 de
883 2168 970 2195 eaque

183 2207 223 2232 ibi
239 2207 321 2233 unice
334 2206 433 2242 agitur.
454 2205 548 2233 Tertio
572 2207 611 2233 ait
631 2206 825 2234 Tillcmoutius
843 2215 850 2234 ί
870 2215 879 2232 ε
901 2206 971 2233 Sau-

176 2257 242 2279 ctus
255 2251 388 2284 Jacobus,
405 2251 448 2278 cui
466 2259 531 2278 cura
551 2252 583 2279 de
598 2251 699 2279 ludatis
715 2251 970 2286 llicrosolyntitanis

175 2303 240 2325 erat
264 2298 422 2330 commissa,
439 2298 463 2325 is
478 2302 538 2325 erat
556 2298 629 2325 inter
644 2305 741 2325 omnes
761 2297 910 2332 apostolos,
927 2297 970 2324 cui

175 2343 273 2371 minor
291 2348 351 2370 erat
367 2343 562 2379 opportunitas
573 2348 600 2370 et
614 2344 765 2370 necessitas
785 2341 969 2369 transferendi

174 2390 357 2424 Evangelium
383 2389 472 2417 sancti
497 2389 615 2417 Malthaai
638 2390 666 2416 in
691 2389 773 2415 aliam
803 2388 934 2423 linguam.
959 2397 969 2414 ι

173 2437 214 2462 At.
231 2444 282 2471 ego
310 2444 363 2463 non
386 2436 476 2468 video,
506 2436 568 2470 quis
593 2436 778 2470 apostolorum
805 2435 831 2462 id
854 2435 971 2462 ollieium

174 2482 268 2517 magis
280 2487 434 2517 opportune
452 2487 481 2509 et
495 2482 639 2509 commode
656 2482 733 2509 obire
756 2481 884 2516 potuerit.
905 2481 971 2507 Nam

172 2529 299 2556 Jacobus
331 2529 460 2556 manebat
491 2528 711 2563 Hierosolymis;
736 2527 852 2562 apostoli
878 2534 973 2554 omnes

173 2575 213 2602 ad
228 2576 296 2602 alias
310 2575 557 2610 proﬁciscebantur
573 2575 738 2610 provincias,
757 2582 810 2601 nec
836 2574 907 2601 scire
922 2582 972 2609 po-

175 2627 284 2653 terant,
300 2623 420 2656 quandiu
441 2623 467 2648 in
487 2622 603 2656 singulis
629 2622 787 2648 eiulatibus
817 2626 864 2648 aut
891 2623 971 2648 etiam

175 2668 331 2703 provinciis
342 2672 497 2694 manerent.
524 2667 661 2695 llabitanti
678 2672 769 2694 autem
783 2667 810 2693 in
826 2675 878 2693 uua
905 2675 973 2694 con-

173 2719 285 2742 stanter
300 2715 411 2740 civitate
422 2715 595 2741 commodius
608 2720 650 2740 est
674 2714 773 2740 librum
791 2714 911 2740 scribere
927 2718 974 2740 aut

174 2760 369 2794 interpretari,
387 2768 468 2795 quam
482 2761 516 2787 de
532 2760 643 2787 cititate
664 2760 691 2787 in
715 2760 853 2787 civitatem
882 2765 974 2786 trans-

174 2808 258 2834 cunti
276 2812 303 2834 et
322 2812 456 2842 perpetuo
483 2808 682 2842 peregrinanti.
698 2807 788 2842 Itaque
802 2807 846 2834 illa
861 2812 973 2834 senten-

175 2855 216 2882 tia
231 2854 330 2881 sallcrn
347 2861 401 2880 non
421 2854 511 2881 minus
541 2854 697 2880 verisimilis
730 2859 782 2887 est,
801 2862 881 2889 quam
906 2854 972 2881 alio-

347 2900 481 2930 l’nuoL.
509 2902 566 2930 Gtt.
588 2901 676 2931 CXV.

991 2203 1009 2228 ιὶ

1020 1560 1112 1588 situm.
1134 1571 1143 1586 ι
1165 1561 1267 1589 Deinde
1284 1569 1359 1594 vero,
1372 1568 1434 1589 cum
1449 1561 1616 1590 Anthemius
1635 1571 1692 1589 rem
1703 1568 1807 1598 gestam

1020 1607 1192 1641 exposuisset
1208 1607 1311 1635 Zenoni
1333 1608 1502 1642 imperatori,
1533 1613 1561 1636 et
1587 1609 1761 1641 obtinuisset,
1781 1615 1810 1636 ut

1020 1652 1126 1688 Cyprus
1142 1661 1196 1680 non
1212 1654 1337 1686 subesset
1353 1654 1516 1688 patriarcha:
1540 1654 1713 1682 Autiocheno
1725 1676 1731 1686 .
1761 1663 1811 1690 pe-

1022 1699 1064 1725 tiit
1081 1699 1200 1726 vicissim
1223 1699 1307 1732 Zeno,
1326 1705 1354 1726 ut
1373 1700 1406 1726 ad
1433 1706 1463 1727 se
1485 1700 1644 1727 mitteretur
1668 1700 1812 1728 inventum

1023 1745 1140 1773 Malthzei
1154 1746 1340 1780 Evangeliam.
1361 1756 1369 1772 α
1386 1747 1524 1774 Assensus
1540 1752 1582 1774 est
1609 1748 1668 1783 ejus
1685 1749 1810 1783 petitioni

1021 1792 1178 1827 episeopus,
1204 1793 1241 1819 ait
1264 1793 1430 1825 Alexander,
1457 1800 1532 1820 num.
1557 1794 1601 1824 Η,
1623 1799 1650 1821 et
1666 1795 1811 1831 quemdam

1022 1845 1054 1864 ex
1070 1837 1113 1869 iis,
1130 1845 1199 1871 quos
1221 1845 1314 1863 secum
1331 1837 1447 1864 habebat
1463 1837 1735 1875 (Constantinopoli),
1760 1849 1812 1867 una

1022 1890 1083 1909 cum
1107 1882 1265 1908 ﬁdelissimo
1292 1881 1468 1916 imperatoris
1496 1883 1621 1911 ministro
1652 1885 1812 1920 episcopum

1023 1927 1110 1959 misit,
1130 1928 1175 1962 qui
1192 1927 1370 1963 Evangelium
1400 1928 1467 1956 illud
1485 1929 1512 1956 in
1535 1929 1630 1956 urbem
1656 1929 1814 1958 Constat'li-

1024 1973 1146 2009 nupolim
1181 1974 1344 2002 attulerunt.
1381 1973 1466 2001 Erant
1500 1980 1591 2002 autem
1621 1977 1681 2004 libri
1710 1978 1814 2006 tabella:

1026 2019 1127 2055 thyinis
1142 2020 1221 2055 lignis
1241 2021 1410 2056 composita:
1433 2022 1611 2060 Evangelium
1637 2024 1704 2051 illud
1729 2025 1814 2061 impe-

1025 2071 1098 2094 rator
1115 2067 1143 2094 in
1154 2075 1264 2095 ntanutn
1279 2067 1406 2103 sumpsit,
1421 2074 1448 2096 et
1465 2069 1639 2097 deosculatus
1662 2075 1715 2103 est,
1732 2079 1815 2098 auro-

1026 2121 1079 2149 que
1090 2115 1177 2141 multo
1195 2119 1358 2142 exornatum
1374 2115 1400 2142 in
1423 2115 1526 2151 palatio
1551 2124 1600 2144 suo
1618 2117 1751 2153 reposuit,
1770 2118 1814 2145 ubi

1026 2160 1059 2186 ad
1077 2159 1240 2187 hodiernum
1264 2161 1433 2195 usquedicrn
1463 2167 1598 2194 senatur,
1622 2167 1648 2189 et
1673 2162 1700 2189 in
1719 2171 1815 2199 magna

1027 2206 1120 2239 quinta
1138 2205 1248 2233 Paschre
1265 2206 1331 2234 feria
1352 2208 1500 2242 quotannis
1523 2208 1549 2235 iu
1579 2208 1671 2242 palatii
1694 2209 1816 2236 or..torio

1026 2253 1201 2287 Evangeliqu
1225 2261 1257 2279 ex
1278 2261 1312 2280 eo
1347 2254 1416 2281 libro
1445 2255 1586 2281 recitatur.
1609 2263 1618 2279 ι
1646 2254 1709 2281 Πωο
1735 2254 1817 2282 lectio

1024 2299 1204 2329 demonstrat.
1221 2299 1314 2326 Grtet-e
1325 2300 1457 2334 scriptum
1471 2300 1555 2328 fuisse
1572 2300 1645 2328 istud
1664 2302 1816 2336 exemplar,

1024 2351 1086 2370 cum
1111 2343 1167 2370 sola
1181 2344 1271 2380 lingua
1286 2345 1379 2372 Graeca
1400 2345 1637 2381 Constantinopoli
1665 2352 1737 2375 esset
1758 2348 1815 2374 vul-

1024 2390 1115 2425 garis;
1145 2391 1262 2426 indeque
1295 2393 1485 2424 conﬁrmatur,
1516 2394 1669 2420 versionem
1694 2393 1814 2421 Graecam

1024 2436 1212 2471 apostolorum
1230 2442 1353 2473 tempore
1369 2439 1468 2466 factam
1479 2446 1551 2466 (1:50.

1060 2482 1107 2510 46.
1124 2483 1327 2519 Papebreelzius
1345 2490 1436 2512 noster
1468 2485 1495 2512 in
1514 2486 1658 2514 Adnotatis
1673 2487 1706 2514 ad
1733 2487 1815 2514 verba

1023 2529 1078 2562 jam
1103 2530 1164 2557 data
1183 2531 1340 2565 apparcutis
1360 2531 1489 2559 Barnabce
1504 2532 1632 2559 observat
1647 2534 1789 2566 sequentia
1807 2542 1814 2559 :

1029 2587 1036 2599 ο
1053 2576 1165 2604 Nativus
1178 2578 1322 2604 verborum
1340 2586 1439 2605 sensus
1459 2578 1566 2605 videtur
1586 2579 1739 2613 essc,quot|
1752 2579 1815 2604 Bar-

1027 2623 1110 2650 nabas
1138 2623 1328 2658 lﬁt'attgelium,
1364 2624 1492 2658 primitus
1521 2623 1654 2650 llebraice
1695 2624 1814 2653 editum.

1027 2670 1134 2703 ['I'v‘vttl‘lfl
1156 2678 1238 2696 manu
1255 2672 1396 2704 exceperit
1427 2678 1462 2697 ex
1485 2677 1533 2697 ore
1561 2669 1705 2704 ipsiusntct
1728 2670 1815 2697 sancti

1025 2715 1156 2747 Maztluct,
1176 2716 1241 2743 illud
1267 2715 1359 2742 Gnaei:
1385 2716 1525 2747 dictantis,
1543 2720 1571 2742 ct
1590 2724 1683 2743 secum
1710 2717 1814 2748 tulerit,
1862 2745 1863 2749 η

1025 2762 1096 2788 sivu:
1111 2763 1193 2788 etiam
1213 2762 1313 2789 fecisse
1326 2761 1429 2789 dicitur
1452 2766 1564 2789 sanctus
1599 2762 1815 2790 Bartltoluuiaaus
1861 2771 1863 2777 ν

1026 2807 1070 2842 (de
1087 2807 1220 2835 llebraico
1235 2809 1393 2841 nimirum),
1413 2808 1505 2843 plures
1531 2808 1644 2836 lol‘Silllll
1670 2809 1727 2841 alii,
1760 2817 1815 2836 uno
1863 2839 1865 2843 η

1026 2855 1175 2891 eodemque
1195 2860 1289 2884 tenore
1303 2862 1331 2884 ct
1344 2862 1478 2892 tempore,
1494 2857 1563 2885 citra
1587 2857 1667 2884 ullam
1683 2856 1816 2890 dim-gen.
1864 2848 1865 2856 i

1617 2903 1655 2934 25
