2047 3152
245 151 294 182 U9

853 145 995 176 MENSIS
1015 143 1253 175 SEPTEMBER.

1813 138 1869 171 780

235 210 327 242 tiam;
344 215 404 242 quae
420 205 538 235 inveniri
556 204 679 239 deberet,
695 205 716 232 si
734 204 851 240 quisque
862 211 913 231 suo
940 208 1028 230 marte
1043 204 1065 233 Α
1080 202 1130 235 dit,
1152 210 1248 237 parum
1268 204 1314 228 aut
1345 200 1414 227 nihil
1443 199 1477 227 de
1515 198 1713 234 praedicatione
1747 196 1871 225 latthrei

231 263 234 266 ’
240 253 380 291 propriam
397 252 449 280 sibi
464 251 622 280 versionem
638 250 759 283 fecisset.
774 249 853 284 cujus
867 248 1029 276 dillcrentize

240 297 344 326 nullum
356 296 462 331 uspiam
473 300 562 323 exstat
579 295 724 322 indicium.
739 295 830 329 Atque
845 293 910 321 hinc
927 294 1029 320 factum

242 344 284 377 sit,
300 347 330 370 ut
340 343 384 369 alii
400 341 547 375 Jacobum,
561 341 605 368 alii
616 341 762 373 Joannem,
772 341 816 368 alii
830 341 912 368 etiam
927 340 1029 368 Lucam

242 386 424 417 vel'Paulum
457 388 638 423 interpretem
668 388 795 421 fecerim,
820 392 902 422 prout
926 386 1031 414 scilicet

241 441 354 469 quaeque
370 433 494 461 Ecclesia
511 433 688 468 Evangelium
703 432 809 467 legebat
831 439 864 459 ex
889 431 971 466 hujus
987 431 1030 458 vel

241 480 314 507 illius
339 480 456 514 apostoli
489 479 670 514 autographa.
698 487 707 504 ι
737 478 897 505 \‘erisimilis
919 477 1029 512 quidem

241 531 354 561 apparet
373 526 430 553 hrec
444 526 620 560 conjectura;
646 523 798 559 prmsertim
827 531 888 551 cum
913 522 1029 557 apostoli

241 581 296 600 non
311 572 453 600 videantur
481 571 595 606 profecti
617 571 649 597 ad
682 570 845 605 longinquas
875 568 1030 604 provincias

241 623 305 646 ante
330 619 462 654 scriptum
486 617 605 645 Matthxi
631 617 821 652 Evangelium,
855 620 885 643 ut
910 614 1030 643 dubitari

240 666 284 694 vix
309 665 406 701 possit,
443 664 508 699 quin
525 663 623 699 singuli
649 663 788 697 exemplar
816 661 926 696 aliquod
957 660 1030 688 illius

241 711 378 746 Evangelii
405 717 499 737 secum
519 709 643 736 tulerint.
661 708 729 736 Cum
754 713 845 735 autem
872 715 927 734 non
950 706 1030 742 pauci

241 766 274 786 ex
290 757 343 785 illis
364 755 603 791 proficiscerentur
630 755 663 782 ad
690 754 854 790 provincias,
881 753 907 780 in
932 753 1030 787 quibus

241 805 298 832 fere
309 804 366 831 sola
383 803 483 830 usitata
497 807 557 830 erat
577 802 667 837 lingua
683 800 787 833 Graeca,
805 799 1028 827 verisimilliumni

239 855 294 882 est,
310 850 371 877 illos
381 849 507 876 Graecum
523 849 614 883 potius
630 848 779 882 exemplar,
806 852 836 874 ut
861 851 968 874 constat
997 846 1030 872 de

241 881 377 927 Barnaba,
390 881 551 930 sumpsisse,
566 901 646 928 quam
678 881 852 925 Hebraicum,
871 897 900 919 ut
916 891 980 918 illud
1002 891 1028 917 in
1044 881 1068 911 Β

241 940 507 975 ecclesiiserigendis
522 939 663 974 legendum
679 938 744 965 dare
763 943 874 972 possent
888 941 915 964 et
930 936 1030 964 exscri-

243 986 373 1014 bendum.
387 985 581 1013 Verumtamen
597 984 762 1020 conjecturae
773 987 877 1010 tantum
893 988 957 1010 sunt
973 983 1029 1015 hac;

243 1038 334 1065 neque
352 1030 420 1058 certi
437 1029 540 1065 aliquid
562 1028 678 1064 proferri
708 1032 797 1064 potest
821 1027 855 1055 de
877 1027 961 1054 rebus
988 1026 1031 1054 in-

243 1077 336 1106 certis.

279 1123 324 1151 47.
338 1121 410 1156 Quin
425 1126 454 1149 et
465 1122 547 1149 verba
563 1120 664 1156 Papiae,
675 1120 737 1148 data
748 1128 825 1147 num.
840 1119 1032 1152 50,coutraria

244 1167 371 1195 videntur
389 1166 468 1194 dictis
482 1165 658 1202 coniecturis,
676 1165 699 1192 si
723 1164 898 1200 intelligenda
922 1163 978 1191 sint
999 1171 1032 1191 eo

244 1220 339 1246 sensu,
353 1220 407 1246 quo
418 1212 520 1248 passim
533 1215 718 1246 exponuntur.
736 1219 745 1236 ι
759 1210 902 1238 Matthaaus
910 1210 1031 1246 quidem,

245 1258 344 1293 inquit,
358 1257 492 1286 llebraico
508 1265 635 1285 sermone
650 1257 740 1284 divina
771 1257 882 1292 scripsit
898 1256 1008 1284 oracula
1024 1264 1031 1282 :

245 1305 444 1339 interpretatus
458 1308 500 1331 est
529 1309 621 1331 autem
642 1303 831 1338 unusquisque
860 1303 916 1335 illa,
952 1307 1033 1337 prout

246 1351 344 1386 potuit.
361 1359 370 1376 ι
390 1349 453 1377 Haec
468 1349 551 1377 verba
563 1358 578 1376 a
590 1349 672 1376 variis
686 1349 722 1375 ita
737 1349 859 1384 exposita
874 1349 966 1382 video,
977 1349 1032 1376 aesi

245 1397 343 1432 Papias
372 1397 495 1430 dixisset,
521 1403 743 1431 unumquemque
767 1403 817 1431 pro
844 1404 894 1424 suo
923 1396 1033 1431 ingenio

244 1450 402 1479 aggressum
419 1450 479 1470 esse
499 1441 751 1477 interpretationem
780 1441 912 1470 Graecam.
946 1442 981 1469 At
1001 1449 1033 1469 ea

245 1489 334 1524 Papiae
351 1489 494 1517 verborum
508 1489 643 1524 expositio
658 1496 832 1524 nequaquam
848 1489 916 1516 mihi
933 1496 1032 1516 neces-

248 1536 319 1563 saria
344 1534 462 1566 videtur,
485 1534 540 1562 imo
558 1542 592 1562 ne
616 1535 682 1562 satis
707 1534 816 1570 quidem
845 1535 995 1570 probabilis
1024 1543 1031 1561 :

247 1589 310 1608 nam
325 1588 377 1609 vox
405 1581 583 1616 unusquisque
614 1585 721 1608 tantum
741 1581 862 1608 insinuat
887 1589 1032 1608 numerum

245 1627 437 1660 interpretum,
455 1630 484 1652 ut
499 1633 554 1652 non
581 1625 629 1652 fiat
647 1625 805 1659 verisimile,
824 1625 936 1661 Papiam
957 1626 1033 1653 locu-

246 1676 304 1698 tum
320 1677 381 1697 esse
406 1669 439 1697 de
453 1669 681 1705 interpretatione
708 1670 793 1698 totius
818 1671 958 1706 Evangelii
976 1671 1034 1698 sive

246 1715 424 1744 translatione
451 1717 478 1743 in
506 1717 625 1753 linguam
666 1717 798 1744 Grzecant.
828 1717 919 1749 Quare
947 1717 1034 1744 solum

245 1762 324 1794 dicit,
343 1762 436 1789 divina
454 1762 574 1798 lOracula
602 1770 617 1789 a
646 1762 774 1790 Matthteo
791 1763 892 1797 scripto
916 1763 1034 1794 tradita;

245 1808 281 1835 ab
291 1807 352 1835 aliis
363 1815 428 1835 vero
442 1815 492 1842 pro
504 1808 718 1843 uniuscujusque
733 1809 884 1843 capacitate
898 1809 981 1836 verbo
989 1813 1036 1836 aut

246 1854 350 1889 scripto
363 1854 496 1888 exposita.
523 1853 616 1888 itaque
629 1855 705 1881 nullo
731 1854 813 1882 modo
832 1854 937 1882 videtur
959 1855 1034 1890 loqui

248 1900 282 1928 de
295 1899 474 1927 translatione
490 1900 630 1935 Evangelii
650 1900 676 1927 iu
700 1900 819 1936 linguam
839 1900 971 1933 Greciam,
988 1902 1035 1930 sed

247 1947 288 1974 vel
304 1946 392 1974 solum
405 1946 438 1973 de
456 1945 652 1982 prtedicatione
669 1946 821 1981 Evangelii,
843 1947 885 1975 vel
897 1947 930 1974 de
945 1955 1033 1982 expo.

247 1993 348 2021 sitione
365 2000 474 2026 eorum,
485 2000 546 2027 qua:
564 1992 592 2019 in
605 1992 754 2027 Evangelia
772 1992 891 2027 Matthwi
906 2001 1037 2020 occurre-

247 2039 315 2067 bant
329 2039 496 2067 dilliciliora.
517 2038 575 2066 lloc
597 2038 695 2066 fecisse
710 2047 934 2074 unumquemque
945 2041 1037 2068 docto-

249 2094 310 2113 rum
336 2085 416 2113 facile
432 2084 593 2112 credimus:
612 2089 641 2111 at
664 2091 888 2119 unumquemque
912 2093 962 2120 pro
987 2093 1037 2113 suo

247 2131 358 2168 ingenio
378 2130 555 2166 Evangelium
586 2129 705 2157 Matthaei
725 2129 849 2157 Grrecum
868 2130 958 2158 facere
989 2138 1033 2158 vo-

247 2178 343 2210 luisse,
362 2184 414 2204 nec
429 2175 577 2204 verisimile
601 2179 656 2209 est,
676 2183 727 2203 nec
746 2175 813 2203 dicit
838 2175 946 2210 Papias.
973 2176 1036 2205 Sola

1047 1551 1068 1579 Ω

1081 252 1251 283 compertum
1271 246 1325 274 sibi
1356 246 1452 273 fuisse.
1482 245 1592 272 Etenim
1619 243 1722 271 nullam
1747 243 1872 270 nominat

1080 293 1251 329 provinciam
1265 296 1313 320 aut
1327 292 1435 322 urbem,
1452 291 1480 318 iu
1497 298 1551 325 qua
1567 290 1648 317 ﬁdem
1678 288 1871 324 pradicaverit

1080 339 1236 372 “attinens,
1251 343 1349 374 praeter
1374 337 1542 372 Hierapolim
1569 336 1665 372 Syrite,
1679 336 1708 363 in
1720 344 1775 371 qua
1789 344 1872 363 mar—

1081 385 1150 420 tyrio
1167 389 1328 412 coronatum
1356 383 1482 412 credidit.
1503 382 1560 410 Hac
1585 382 1620 410 de
1642 388 1736 415 causa,
1762 382 1871 416 opinor,

1080 439 1142 466 pag.
1160 430 1214 458 404
1241 437 1273 457 ex
1307 429 1365 457 sola
1396 428 1584 457 verisimiliter
1611 428 1770 462 conjectura
1795 425 1871 459 dicit,

1081 478 1170 512 ipsum
1189 485 1305 512 corpore
1320 476 1405 504 fuisse
1420 475 1612 508 imbecilliore,
1636 474 1871 509 Evangeliumque

1080 524 1234 559 scripsisse,
1249 524 1313 551 dum
1324 523 1369 550 alii
1380 522 1452 557 apud
1465 522 1555 549 varias
1566 525 1662 558 gentes
1674 519 1871 556 prmdicabant.

1080 570 1208 598 Pluribus
1220 577 1288 597 sane
1308 569 1399 596 verbis
1421 569 1447 596 id
1476 568 1574 595 Orator
1603 567 1788 603 prosequitur,
1821 565 1872 593 sed

1080 624 1165 652 pauca
1176 615 1322 647 sufﬁcient,
1337 622 1402 642 cum
1420 619 1527 642 constet
1543 614 1576 641 de
1586 614 1689 649 scripto
1706 614 1870 650 Evangelio:

1084 671 1093 688 ε
1110 661 1230 696 Ουξιιίιιιθ
1245 661 1313 688 adeo
1331 659 1428 695 reliqui
1454 659 1592 695 (apostoli)
1619 659 1747 695 gentibus
1771 660 1873 694 lingua:

1081 714 1196 736 munere
1213 714 1267 734 non
1283 706 1386 741 scripta
1403 706 1583 738 tradiderant,
1598 705 1657 733 haec
1674 713 1788 741 magnus
1805 705 1876 733 Mat-

1081 755 1168 781 tha:us
1197 753 1299 787 scripta
1335 752 1566 779 commentatione
1608 759 1714 778 summa
1742 752 1874 787 colligens

1083 804 1168 827 totum
1197 797 1278 825 Verbi
1309 796 1469 832 mysterium
1505 796 1591 823 sacris
1629 797 1874 830 pradicalionibus

1083 845 1210 873 intexuit.
1230 853 1240 870 ι
1262 844 1300 870 ita
1325 843 1396 878 ipse,
1423 843 1574 877 interprete
1601 842 1777 874 Combelisio,
1802 841 1874 868 Mat-

1084 891 1186 918 thazuni
1217 889 1321 917 inducit
1336 889 1515 920 scribentem,
1542 887 1606 914 dum
1623 887 1668 914 alii
1691 888 1807 923 apostoli
1824 896 1876 923 per

1084 937 1218 965 mundum
1234 935 1437 967 discurrebant,
1451 940 1479 961 et
1494 934 1616 969 undique
1628 941 1705 961 sacra
1730 932 1873 969 Evangelii

1083 984 1188 1011 semina
1202 981 1351 1017 iaciebant.
1369 981 1469 1009 Verum
1485 988 1537 1008 nec
1569 979 1785 1007 imbecillitatem
1810 987 1875 1007 cor-

1083 1031 1168 1066 poris,
1185 1030 1220 1057 de
1234 1037 1287 1064 qua
1303 1028 1372 1055 nihil
1386 1027 1458 1062 apud
1469 1026 1779 1058 vetustiores,Matthaeo
1788 1025 1875 1053 fuisse

1084 1075 1284 1111 impedimento
1297 1073 1406 1108 opinor,
1422 1080 1477 1107 quo
1493 1072 1584 1099 minus
1605 1071 1782 1107 Evangelium
1799 1079 1875 1106 prae-

1084 1121 1211 1153 dicaret;
1244 1127 1297 1146 nec
1318 1119 1457 1146 assentior
1473 1117 1586 1150 Nicetw,
1611 1122 1676 1144 tunc
1703 1125 1719 1144 a
1745 1116 1877 1144 Mattha-o

1083 1166 1219 1201 scriptum
1246 1164 1333 1192 fuisse
1352 1163 1541 1199 Evangelium,
1565 1163 1674 1198 quando
1690 1163 1734 1190 alii
1755 1161 1876 1198 apostoli

1083 1214 1117 1240 ad
1131 1213 1293 1248 longinquas
1308 1211 1425 1247 profecti
1442 1215 1521 1238 erant
1534 1209 1707 1245 provincias;
1732 1209 1789 1242 sed,
1805 1216 1871 1236 cum

1085 1260 1143 1294 ipse
1156 1258 1266 1286 Nicetas
1282 1265 1343 1293 pag.
1365 1256 1419 1285 406
1441 1256 1526 1289 dicat,
1543 1256 1669 1284 omittere
1687 1263 1717 1283 se
1741 1255 1876 1291 praclara

1084 1310 1172 1341 gesta,
1203 1303 1409 1340 praedicationis
1440 1303 1570 1330 nimirum
1609 1305 1637 1329 et
1668 1302 1876 1334 miraculorum,

1084 1353 1178 1380 malim
1190 1351 1315 1383 credere,
1331 1355 1469 1378 oratorem
1493 1349 1565 1376 nihil
1581 1349 1649 1376 certi
1671 1349 1705 1376 de
1721 1348 1773 1375 illis
1798 1347 1878 1375 inve-

1085 1399 1169 1431 rtisse,
1197 1405 1279 1433 quam
1301 1396 1457 1424 Mattlneum
1493 1403 1548 1423 non
1574 1395 1738 1430 pradicasse
1761 1400 1879 1428 :neque

1085 1445 1158 1472 enim
1206 1445 1318 1479 scriptio
1354 1443 1491 1479 Evangelii
1533 1447 1610 1470 tanto
1657 1447 1778 1476 tempore
1813 1447 1878 1467 san-

1085 1498 1161 1519 ctum
1186 1491 1313 1518 detinere
1331 1489 1437 1520 debuit,
1449 1494 1477 1516 ut
1503 1496 1557 1516 non
1570 1488 1691 1523 potuerit
1702 1487 1796 1514 eodem
1811 1493 1878 1513 cum

1086 1538 1146 1565 aliis
1166 1542 1289 1573 tempore
1316 1535 1454 1571 proficisci
1483 1535 1517 1562 ad
1545 1534 1716 1570 provinciam
1735 1533 1785 1560 sibi
1804 1531 1878 1559 assi-

1085 1586 1204 1618 gnatam.

1121 1628 1164 1655 69.
1184 1628 1326 1655 Prorincia
1342 1632 1444 1660 autem,
1463 1634 1524 1662 qua:
1539 1626 1566 1653 in
1596 1626 1673 1652 Actis
1698 1624 1812 1652 edendis
1847 1629 1879 1652 et

1085 1675 1201 1702 aliorum
1219 1674 1377 1701 testimonio
1392 1674 1531 1709 assignata
1557 1672 1609 1700 fuit
1630 1676 1726 1699 saneto
1737 1670 1879 1702 Matthreo,

1085 1728 1127 1750 est
1152 1721 1287 1756 Ethiopia
1299 1742 1307 1755 ,
1323 1721 1484 1748 latissimum
1515 1719 1615 1747 Africa:
1633 1726 1758 1755 regnum,
1783 1718 1806 1744 si
1825 1724 1880 1744 vox

1088 1767 1229 1803 [Ethiopia
1245 1767 1281 1794 sit
1296 1765 1473 1801 intelligenda
1483 1772 1566 1792 sensu
1583 1765 1702 1792 maxime
1715 1763 1806 1791 obvio.
1822 1763 1882 1790 liu-

1087 1817 1170 1848 hnns,
1186 1815 1234 1842 lib.
1250 1823 1279 1847 x,
1291 1821 1353 1849 cap.
1370 1814 1398 1847 9,
1418 1813 1476 1840 haec
1491 1812 1587 1840 scribit
1601 1820 1608 1840 :
1634 1812 1679 1839 rln
1696 1819 1727 1839 ea
1739 1810 1880 1838 divisione

1086 1862 1162 1889 orbis
1191 1866 1281 1892 terrae,
1303 1867 1365 1894 quae
1391 1859 1426 1886 ad
1456 1859 1661 1894 praedicandum
1692 1858 1804 1885 verbum
1828 1856 1881 1883 Dei

1087 1911 1161 1936 sorte
1173 1915 1224 1942 per
1238 1906 1378 1942 apostolos
1393 1905 1533 1932 celebrata
1553 1909 1613 1937 est;
1640 1911 1702 1931 cum
1728 1903 1788 1930 alite
1815 1902 1880 1929 aliis

1088 1954 1238 1989 pret-incisa
1249 1954 1439 1984 obvenissent,
1455 1951 1567 1978 Thema:
1578 1951 1697 1983 Parthia,
1710 1955 1738 1977 et
1748 1949 1880 1976 Matthaeo

1088 1999 1241 2034 Aithiopia,
1260 1998 1341 2033 eique
1355 1997 1499 2024 adhaerens
1514 1997 1628 2024 citerior
1639 1996 1716 2023 ludia
1732 1995 1882 2022 Bartholo-

1089 2050 1158 2070 unco
1172 2043 1273 2069 dicitur
1291 2046 1366 2069 sorte
1378 2041 1501 2069 decreta.
1515 2050 1524 2066 ›
1540 2041 1642 2069 Eodem
1660 2041 1717 2068 fere
1737 2041 1818 2068 modo
1831 2039 1883 2067 So-

1089 2093 1191 2120 crates,
1209 2088 1256 2115 lib.
1268 2095 1288 2119 t,
1304 2094 1366 2122 cap.
1391 2087 1424 2114 l9
1440 2095 1448 2114 :
1470 2096 1478 2112 ι
1493 2085 1560 2114 Cum
1576 2086 1692 2122 apostoli
1705 2086 1882 2121 pradicatio-

1090 2134 1133 2160 nis
1143 2140 1226 2160 causa
1239 2132 1273 2160 ad
1293 2137 1389 2168 gentes
1405 2131 1565 2166 profecturi,
1590 2139 1637 2158 eas
1651 2131 1723 2159 inter
1734 2139 1764 2159 se
1776 2133 1881 2160 sertito

1089 2177 1250 2209 dividerint,
1273 2177 1392 2204 Thomas
1429 2178 1539 2211 quidem
1572 2177 1702 2210 Parthiae,
1731 2177 1880 2207 Matthxus

249 2222 452 2251 ueotericorum
490 2220 624 2256 expositio
655 2220 821 2248 sententiam
847 2221 919 2248 illam
947 2221 1035 2257 Papire
1049 2229 1076 2259 ι)
1091 2231 1156 2251 vero
1168 2223 1316 2258 Ethiopia:
1328 2223 1512 2258 apostolatui"
1527 2222 1644 2250 sortitus
1656 2229 1708 2251 εει,
1731 2223 1880 2252 narum“)-

248 2269 384 2302 attribuit,
402 2268 466 2296 licet
478 2275 532 2296 vox
546 2267 639 2295 Grieca
662 2267 832 2302 ἡρμήνευσε,
847 2267 1036 2302 interpretatus

249 2322 301 2351 est,
321 2316 395 2344 illam
408 2314 609 2351 expositionem
623 2313 739 2341 minime
762 2314 895 2350 requirat,
910 2314 958 2342 sed
971 2323 1036 2350 pro-

249 2366 311 2399 pter
341 2361 468 2396 adjuncta
493 2360 585 2396 potius
608 2364 717 2387 renuat.
731 2360 842 2388 Certum
869 2361 952 2396 igitur
976 2369 1037 2389 esse

249 2408 341 2440 debet,
357 2408 551 2443 apostolorum
569 2413 692 2443 tempore
712 2408 811 2436 factam
844 2415 906 2435 eSse
934 2409 1038 2436 versio-

249 2461 313 2481 nem
325 2452 461 2486 Graecam,
478 2453 642 2488 unicamque
657 2452 741 2481 fuisse
768 2454 959 2488 approbatam,
973 2462 1036 2482 cum

259 2498 285 2526 le
296 2499 422 2533 pluribus
436 2499 528 2526 nullus
537 2499 704 2526 meminerit.
722 2498 837 2533 lteliqua
853 2500 886 2527 ad
914 2499 1038 2535 Evange-

249 2542 318 2570 lium
336 2542 454 2570 Matthxi
472 2543 625 2578 spectantia
648 2543 846 2578 interpretibus
866 2551 950 2571 sacra:
965 2544 1038 2571 Scri-

251 2593 336 2623 ptura
352 2589 532 2617 examinanda
546 2589 685 2625 relinquo,

249 2657 264 2693 ς
290 2657 335 2685 ιν.
356 2657 514 2685 Prmlicatio
537 2657 624 2684 sancti
652 2657 774 2685 Hauluci
803 2662 828 2684 et
865 2657 1036 2692 Martyrium.

285 2727 332 2755 48.
340 2727 378 2755 De
388 2726 582 2762 praedicatione
593 2725 730 2761 Evangelii
741 2725 767 2752 iu
777 2725 881 2757 Juda-a,
892 2729 1037 2759 antequam

249 2773 366 2807 apostoli
387 2773 414 2799 in
427 2772 584 2807 designatas
597 2771 650 2798 sibi
670 2771 826 2806 provincias
839 2770 1037 2804 discesserunt,

250 2818 356 2845 nullum
371 2823 413 2845 cst
427 2819 552 2844 dubium.
581 2817 691 2844 Nicetas
704 2817 842 2851 Paphlago
861 2818 888 2842 iu
909 2815 1038 2844 Oratione

250 2864 456 2897 encomiastica,
471 2865 540 2898 apud
556 2864 765 2895 Combellsium,
786 2871 846 2898 pag.
858 2863 920 2896 401,
938 2869 1038 2891 osten—

1091 2278 1159 2298 mmo
1176 2271 1262 2302 ludia,
1280 2277 1340 2304 qua:
1353 2268 1502 2304 Ethiopian
1518 2270 1635 2298 conﬁnis
1665 2274 1720 2303 est,
1738 2270 1846 2306 obtigit.
1868 2279 1880 2296 ›

1090 2317 1205 2344 Accedit
1215 2315 1468 2344 Fortunatusinfra
1480 2316 1637 2343 laudandus
1652 2324 1715 2344 eum
1739 2316 1803 2344 aliis
1818 2317 1883 2352 plu-

1090 2363 1179 2394 ribus,
1196 2362 1269 2389 inter
1283 2368 1354 2396 quos
1381 2360 1446 2388 Milo
1470 2362 1623 2389 monachus
1640 2361 1668 2388 in
1692 2361 1751 2388 \‘ita
1763 2361 1883 2389 metrica

1092 2410 1120 2436 S.
1137 2407 1265 2440 Amandi,
1280 2411 1346 2435 tom.
1369 2407 1378 2433 l
1403 2407 1548 2434 Februarii
1579 2407 1654 2441 data,
1680 2415 1742 2443 pag.
1764 2407 1818 2434 ετ).
1843 2407 1884 2434 ita

1091 2456 1185 2483 canit:

1092 2509 1234 2537 lla/then:
1251 2508 1390 2543 ΕιΙιὶορσσ
1407 2513 1520 2535 torrente
1531 2509 1626 2536 ardore
1642 2515 1771 2537 crematos

1095 2545 1125 2572 Ut
1142 2544 1212 2572 Geon
1227 2543 1340 2570 eximius
1353 2551 1458 2570 sacrato
1473 2545 1552 2570 diiuit
1569 2553 1659 2576 amne,

1093 2579 1125 2606 Et
1144 2580 1209 2614 facit
1227 2579 1254 2605 in
1271 2579 1381 2613 speciem
1395 2578 1462 2605 toto:
1480 2580 1591 2606 candere
1611 2580 1736 2607 nivalem.

1128 2635 1173 2664 50.
1191 2634 1377 2663 Florentinius
1397 2635 1425 2662 in
1442 2634 1519 2662 Notis
1535 2636 1569 2662 ad
1592 2635 1745 2664 lndiculum
1767 2642 1884 2672 aposto-

1092 2681 1181 2709 lorum
1209 2681 1236 2708 in
1263 2680 1391 2708 Matth-co
1405 2689 1466 2716 pag.
1500 2682 1552 2709 158
1584 2683 1649 2710 ait:
1671 2692 1682 2708 ‹
1700 2682 1885 2711 Communior

1092 2732 1185 2754 autem
1197 2726 1308 2754 videtur
1322 2727 1470 2759 sententia,
1489 2727 1647 2756 Matura:qu
1672 2730 1838 2764 praedicasse
1853 2730 1883 2757 in

1092 2773 1212 2800 citeriori
1225 2771 1374 2807 .‘Ethiopia,
1390 2781 1450 2808 qua:
1464 2775 1581 2802 vicinior
1595 2780 1637 2802 est
1652 2775 1768 2811 (Egypto
1784 2781 1886 2810 etquae

1093 2817 1201 2844 Sonnar
1236 2817 1317 2845 hodie
1342 2818 1452 2850 dicitur,
1485 2827 1518 2846 ac
1551 2825 1690 2847 mortuum
1715 2822 1743 2848 in
1770 2823 1886 2849 civitate

1093 2864 1168 2891 Luch
1188 2865 1268 2899 (apud
1283 2871 1298 2891 a
1320 2864 1419 2900 Lapide
1436 2864 1540 2901 Luach)
1556 2866 1601 2893 tibi
1616 2868 1766 2895 etiamnum
1781 2869 1886 2903 tempia
