2047 3152
136 148 177 180 781

762 145 850 176 Vl'l‘A
871 145 901 175 S.
922 144 1118 176 MATTHEI.

1701 151 1754 181 '82

137 208 160 235 in
172 208 306 235 honorem
319 205 408 234 sancti
422 203 540 233 Mattlnei
555 210 665 232 exstare
681 203 765 231 habet
780 211 814 231 ex
829 203 914 231 tradi-
932 204 958 234 Α
969 203 1112 231 Candaces
1126 204 1225 239 regina:
1240 205 1322 233 fuisse
1340 205 1458 242 [Egyplo
1474 208 1626 242 proximum
1645 213 1672 236 et
1689 217 1756 236 con-

139 253 256 281 tionibus
289 251 452 287 Ethiopum
486 252 526 286 (et
551 251 652 278 litteris
681 250 917 278 missionariorum

138 299 257 334 quamvis
271 305 319 326 eas
330 305 385 325 non
402 297 504 332 laudet)
521 297 667 324 Cornelius
680 304 694 323 a
710 296 814 331 Lapide
826 303 888 331 cap.
900 296 918 323 3

138 344 263 372 Procemii
283 345 309 370 in
327 343 497 371 Matthteutn.
522 343 646 379 Regnum
664 343 731 371 illud
759 343 917 378 ﬁtbiopia,

137 390 201 424 quod
219 389 256 416 illi
275 389 393 420 Sonnar.
416 389 461 416 alii
481 389 587 416 Senuar
606 389 759 420 nominant.
775 391 856 417 situm
872 394 915 417 est

137 437 201 463 inter
220 434 368 470 Egyptum
381 440 408 463 et
430 443 541 470 regnum
556 435 717 463 hodiernum
737 436 917 463 liabessiniz.

136 482 215 510 Jobus
248 481 390 514 Ludoll'us,
423 482 450 508 in
480 481 599 509 Historia
633 482 796 516 zEtliiopica,
826 483 873 510 lib.
898 491 918 515 ι,

138 536 190 563 cap.
207 528 237 560 2,
261 528 300 554 ait
326 535 438 563 regnum
465 527 571 555 Senttar
593 537 655 556 esse
678 533 784 563 partem
818 529 918 556 veteris

137 574 237 602 Nubiaz.
256 573 414 601 Martiniere
433 574 460 601 in
474 573 640 602 Dictionario
655 574 837 610 geottraphico
851 575 919 602 Sen-

138 628 182 647 nar
192 627 308 655 regnum
328 627 389 647 cum
411 627 495 656 regno
511 619 605 648 Nnbiaa
628 621 699 648 idem
717 621 790 648 facit.
818 620 918 648 Verum

138 672 246 692 necesse
263 672 316 691 non
342 669 384 691 est
400 664 432 691 ad
459 664 630 699 propositum
648 670 773 692 nostrum
799 665 879 691 latins
895 665 919 691 id

138 711 275 745 indagare.
297 709 370 737 Satis
396 714 439 736 est
460 709 593 736 indicasse
608 717 719 744 regnutn
737 710 842 736 Sennar
861 717 922 737 esse

137 756 161 783 itt
192 759 271 790 parte
309 755 516 790 septentrionali
554 754 699 790 [Ethiopian
733 760 760 783 et
799 756 920 790 proxima

138 800 262 836 Algypto.
281 800 311 827 ltt
331 800 425 827 eadem
436 807 545 834 quoque
557 799 706 834 Ethiopim
722 806 799 835 parte
812 806 921 835 aposto-

139 846 221 872 lorum
237 845 407 880 temporibus
421 853 551 880 regnasse
565 845 711 872 Candacen
725 846 856 881 reginam,
872 854 920 873 cu-

137 891 178 926 ius
188 891 335 918 eunuchus
349 898 364 917 a
377 896 473 918 sancto
486 889 614 925 Philippo
632 891 748 918 diacono
767 893 920 926 baptizatus
939 883 959 909 η

138 941 186 968 est.
199 937 310 964 abunde
321 936 456 971 colligitur
475 944 507 964 ex
524 937 629 972 dictis§
645 938 669 970 l;
692 943 719 964 at
739 945 845 964 rursum
867 946 920 964 nun

139 982 245 1017 inquiro
266 990 301 1009 an
328 982 371 1008 illa
396 982 478 1010 latius
503 987 550 1009 aut
584 984 674 1010 minus
701 984 754 1010 late
785 988 922 1018 regnaret.

139 1027 278 1055 Sententia
304 1033 396 1055 autem
421 1028 540 1060 illorum,
566 1029 611 1063 qui
636 1029 796 1056 existimant
820 1030 846 1056 in
880 1029 922 1056 illa

139 1078 214 1108 parte
238 1073 387 1108 A'thiopiaa
412 1072 575 1108 praedicasse
605 1080 728 1101 sanetum
755 1074 923 1107 Mattltseutn,

140 1119 203 1147 mibi
227 1119 376 1146 admodum
402 1119 549 1154 probabilis
565 1125 676 1155 apparet
699 1125 726 1148 et
743 1121 922 1148 verisimilis:

138 1174 197 1194 cum
214 1166 279 1200 quia
295 1166 417 1201 proxima
442 1171 502 1193 erat
518 1166 639 1194 llontano
657 1167 771 1202 imperio
785 1175 816 1194 ex
843 1172 920 1202 parte

139 1210 259 1247 :Egypti,
276 1215 331 1238 tum
347 1211 412 1245 quia
428 1212 574 1238 eunuchus
600 1211 700 1246 reginae
715 1211 855 1239 Candaces
867 1216 926 1238 erat

140 1266 302 1290 conversus,
318 1263 345 1285 et
361 1258 395 1285 de
409 1258 483 1285 illius
502 1258 682 1286 conversione
698 1263 773 1285 certo
784 1262 926 1285 constabat

140 1303 281 1339 apostolis,
297 1308 352 1330 tum
370 1303 432 1338 quia
448 1303 570 1330 ecclesia:
586 1303 670 1330 sancti
686 1303 814 1335 Mattlnei,
826 1303 925 1330 ibidem

141 1349 267 1379 inventae,
285 1348 425 1374 insinuant
442 1347 535 1382 populi
546 1348 683 1382 antiquam
700 1348 883 1378 traditionem.
896 1357 927 1376 ac

140 1395 248 1422 demum
264 1395 326 1428 quia
341 1393 490 1428 scriptores
517 1399 654 1421 testantur
666 1395 829 1429 Althiopiam
844 1395 928 1422 fuisse

143 1441 268 1468 Μαιώωο
284 1440 469 1475 assignatam;
489 1447 539 1467 nec
557 1440 608 1467 ulla
625 1441 699 1475 regio
720 1441 806 1476 magis
820 1442 928 1476 proprie

142 1486 280 1520 Ethiopia
297 1485 347 1512 fuit
363 1492 468 1518 vocata,
484 1493 564 1520 quam
582 1486 639 1515 illa.
651 1486 695 1513 cui
710 1494 809 1514 nomen
822 1487 929 1514 Ethio-

143 1532 192 1568 pia:
208 1532 345 1559 dederunt
359 1539 456 1559 otnttes
471 1531 617 1567 geographi
636 1532 752 1566 antiqui.

177 1579 222 1606 5|.
244 1578 438 1605 Verumtamen
460 1585 492 1604 ea
512 1578 605 1612 opinio
625 1578 764 1612 displicuit
779 1578 928 1606 Tillemon-

143 1625 197 1651 tio:
212 1632 276 1651 nam
289 1624 342 1655 hic.
357 1628 421 1650 nota
434 1623 450 1650 2
463 1624 489 1650 in
500 1623 665 1656 Mattbrcutn,
679 1624 790 1658 allegata
802 1624 931 1659 opinione

143 1670 263 1697 Cornelii
280 1678 294 1696 a
313 1669 423 1704 Lapide.
436 1678 518 1705 quam
532 1669 715 1697 Florentinius
725 1671 818 1697 retulit
830 1672 930 1706 politis,

143 1724 224 1750 qlalll
242 1720 356 1742 secutus
370 1721 423 1745 est.
445 1717 561 1743 rotunde
583 1717 666 1744 edicit
692 1724 744 1743 non
771 1718 932 1751 przedicasse

144 1767 269 1788 sanetum
295 1761 449 1788 Mattltazutn
485 1762 511 1788 in
538 1761 678 1797 Elltiopia
704 1763 932 1797 septemtrionali.

145 1808 275 1836 Bailletus
289 1808 405 1835 ﬁdeliter
423 1812 533 1835 secutus
550 1813 591 1836 est
617 1808 831 1836 Tillentontiunt.
850 1809 933 1836 Unica

145 1855 291 1889 utriusque
318 1854 398 1887 ratio,
427 1862 512 1888 caque
536 1862 568 1881 ex
597 1862 690 1881 errore
710 1860 785 1887 nata,
810 1855 865 1882 ha-e
882 1861 933 1886 est.

144 1901 217 1936 quod
230 1899 371 1935 Etltiopia
383 1900 622 1934 scptemtrionalis,
636 1905 662 1927 et
674 1900 788 1936 [Egypto
803 1901 934 1935 proxima.

145 1954 200 1974 non
217 1946 357 1981 exceperit
376 1946 454 1973 Iidem
467 1945 661 1977 Christianam.
675 1947 726 1974 nisi
742 1947 842 1974 sreeulo
851 1955 875 1974 tv
889 1955 936 1981 per

147 1993 177 2020 S.
206 1992 408 2020 Frttmentium.
433 1992 571 2020 Promitlit
596 1998 686 2019 autent
715 1997 827 2028 uterque
853 1993 878 2019 id
902 2001 936 2027 _se

145 2045 324 2066 ostensurum
349 2039 375 2065 in
401 2038 462 2066 Vita
487 2038 573 2065 sancti
590 2037 742 2065 Frumenti.
767 2038 864 2065 Verum
881 2046 934 2065 non

145 2085 243 2113 dubito
271 2085 366 2112 eadem
386 2084 517 2112 brevitate
538 2086 715 2118 respondere,
735 2092 769 2111 ex
786 2085 843 2111 sola
860 2085 936 2120 igno-

147 2134 237 2160 rantia
255 2138 283 2160 et
296 2140 389 2160 errore
404 2132 554 2167 profectam
571 2138 631 2158 esse
649 2131 791 2166 utriusque
806 2131 937 2165 objectio-

146 2187 224 2211 ncm,
249 2179 323 2214 quod
351 2186 464 2214 regnum
492 2177 660 2205 llabessiniaa
684 2176 857 2205 contuderint
875 2184 936 2204 cum

145 2225 288 2260 Ethiopia
326 2224 560 2260 septemtrionali;
593 2224 736 2251 historiam
764 2231 828 2252 vero
850 2224 936 2251 sancti
953 2224 977 2253 D

147 2269 305 2298 Frumentii
319 2270 387 2297 adeo
403 2276 456 2297 non
472 2270 581 2297 obstare
595 2269 683 2296 sancti
700 2269 817 2296 Mattlttei
840 2269 937 2304 praedi-

146 2317 253 2344 cationi
269 2316 296 2343 in
314 2315 455 2350 A'Jthiopia
480 2314 708 2350 septemtrionali,
730 2319 759 2342 ut
776 2315 865 2349 potius
882 2314 940 2341 hmc

146 2361 312 2397 pmdicatio
336 2361 512 2389 verisimilior
527 2362 574 2387 ﬁat
589 2368 621 2389 ex
637 2360 681 2387 illa
705 2360 828 2387 historia.
846 2359 939 2386 Prius-

145 2416 233 2443 quant
254 2413 345 2435 tamen
369 2411 561 2443 argumentum
578 2407 663 2442 ipsius
683 2406 839 2438 discutiam,
864 2405 941 2432 lubet

146 2454 248 2489 paucis
263 2454 408 2481 ostendere
432 2461 512 2488 quam
529 2453 598 2480 belle
611 2459 702 2480 secum
718 2452 776 2487 ipse
793 2451 939 2479 cohaereat.

146 2499 356 2531 Tillemontius,
373 2503 436 2526 tom.
450 2498 514 2533 ll‘in
531 2498 560 2526 S.
577 2497 703 2533 Philippo
716 2498 843 2529 diacono,
858 2504 941 2531 expo-

146 2544 192 2570 nit
209 2549 284 2578 gesta
297 2543 416 2570 eunuclti
436 2544 536 2578 regina:
545 2543 693 2576 Candaces,
709 2551 789 2578 quem
801 2543 943 2577 Philippus

145 2588 288 2615 diaconus
306 2586 385 2614 ﬁdem
408 2587 591 2616 Christianam
615 2588 707 2616 docuit
735 2593 762 2615 et
786 2587 942 2622 baptizavit.

145 2635 218 2659 Aet.
231 2634 257 2660 8.
270 2633 375 2660 Laudat
386 2634 421 2660 ibi
435 2639 559 2661 sanctum
576 2633 768 2665 lrenmumdib.
785 2641 887 2667 ttt,cap.
902 2633 944 2664 12,

146 2682 284 2706 sanctum
302 2679 432 2715 Cyrillum
451 2680 727 2715 H'ierosolymitanum
746 2680 805 2706 Cat.
823 2680 866 2712 17,
882 2679 944 2706 ll:c-

148 2732 315 2760 ronymum,
329 2725 475 2752 Eusebium
487 2726 618 2760 aliosque,
635 2726 774 2756 docentes,
788 2725 945 2752 eunuchum

146 2771 234 2798 illum
255 2771 282 2798 in
295 2770 462 2805 (Ethiopiant
476 2771 560 2799 fuisse
572 2773 684 2800 missum
697 2773 728 2799 ad
746 2771 946 2807 pra‘dicandum

147 2815 357 2853 Evangelium;
375 2817 464 2852 iisque
481 2819 641 2850 assentitur,
661 2823 708 2845 aut
721 2822 796 2846 certe
810 2825 864 2844 non
881 2825 949 2844 con-

150 2862 269 2890 tradicit
294 2861 498 2890 Tillcmontius.
521 2863 601 2899 Atqui
631 2868 734 2891 certum
761 2868 813 2897 est,
836 2870 948 2899 regnum

942 1550 964 1580 C

970 249 1128 281 terminum.
1155 257 1217 277 cum
1241 251 1367 279 Candaee
1389 253 1534 287 aliquando
1556 255 1615 282 sine
1639 255 1755 282 transitu

969 294 1084 322 alterius
1102 295 1215 323 ditionis
1229 296 1256 322 in
1268 295 1418 332 (Egyptunt
1434 306 1467 326 ex
1485 307 1568 334 regno
1586 308 1636 327 suo
1649 301 1756 328 exerci-

971 345 1027 368 tum
1041 340 1162 373 duxerit,
1179 345 1207 369 et
1221 349 1328 369 rursum
1353 342 1465 370 Romani
1484 345 1610 372 similiter
1625 346 1756 375 ditionem

970 386 1057 417 ipsius
1083 387 1234 415 invaserint
1257 395 1291 414 ex
1315 387 1440 424 AEgypto.
1460 390 1517 422 Qua
1541 391 1625 425 igitur
1647 399 1755 420 rattone

971 440 1070 467 negare
1099 434 1188 467 potuit
1222 433 1300 461 ﬁdetn
1327 434 1353 461 in
1379 435 1516 469 Aithiopia
1543 438 1757 471 septemtrionali

971 476 1144 510 prtedicatam
1161 477 1245 505 fuisse
1261 484 1323 506 ante
1336 479 1464 506 saeculum
1478 481 1524 507 tv?

1007 522 1051 549 52.
1081 523 1231 551 Audiamus
1253 525 1343 556 modo,
1370 533 1421 560 qua
1447 526 1550 553 ratione
1571 526 1758 556 Tillemontius

972 568 1069 603 probet
1089 569 1114 595 in
1137 569 1306 601 Frumentio.
1333 575 1399 597 tom.
1417 572 1472 604 \‘ll,
1488 578 1551 599 nota
1566 573 1596 606 2,
1606 573 1685 600 ﬁdem
1701 582 1756 602 non

972 613 1057 641 fuisse
1074 615 1246 648 praedicatam
1260 615 1287 642 in
1305 615 1446 651 Ethiopia
1466 618 1681 652 septemtrionali
1695 624 1759 646 ante

971 660 1101 687 szeeulum
1114 668 1150 687 tv.
1170 660 1287 688 Sanctus
1297 662 1471 690 Frumetttius
1482 663 1580 690 saeculo
1595 672 1629 695 tv,
1643 665 1759 692 testibus

974 705 1072 732 Ruﬁno
1083 706 1130 733 lib.
1143 714 1169 738 ι,
1182 715 1240 741 cap.
1251 707 1279 740 9,
1296 707 1408 735 Socrate
1419 708 1544 743 aliisque.
1561 710 1640 737 ﬁdem
1653 718 1761 738 annun-

973 751 1050 778 tiavit
1066 752 1201 790 gentibus,
1213 760 1282 787 quos
1302 753 1338 780 illi
1357 759 1453 781 vocant
1469 754 1549 782 Indos
1564 755 1719 788 ulteriores,
1732 761 1760 784 et

974 797 1073 831 quibus
1106 798 1185 825 ﬁdem
1217 803 1281 826 ante
1309 807 1447 834 nunquam
1475 801 1647 835 pra-dicatam
1675 803 1759 829 fuisse

976 848 1123 870 testantur.
1147 845 1184 871 Ex
1211 845 1309 872 litteris
1327 853 1391 872 vero
1416 846 1569 874 Constantii
1587 848 1760 882 imperatoris

974 890 1044 924 apud
1059 895 1183 917 sanetum
1199 890 1378 919 Athanasium
1394 892 1420 919 itt
1438 894 1566 929 Apologia
1578 895 1610 921 ad
1624 895 1743 921 (Ionstan

974 937 1052 968 tium,
1079 942 1144 963 lotll.
1171 937 1190 968 l,
1217 946 1276 972 pag.
1306 939 1369 972 5l5,
1397 939 1548 966 ostenditur
1572 940 1752 968 Frumentiun

975 981 1058 1008 fuisse
1072 982 1228 1016 episcopum
1251 984 1464 1011 Anxumitanum
1490 985 1545 1011 sive
1565 985 1759 1014 Axumitauum

975 1027 1002 1054 in
1030 1027 1178 1063 Ethiopia.
1205 1028 1257 1055 l’rr
1285 1028 1475 1065 lttdos'igitnr
1499 1031 1664 1066 intelligendi
1697 1039 1761 1060 sunt

975 1072 1130 1107 Aitbiopes,
1149 1078 1177 1100 et
1191 1076 1378 1109 consequitur,
1403 1081 1431 1102 ιιι
1447 1076 1490 1103 bis
1517 1077 1596 1104 ﬁdent
1621 1086 1750 1112 nnnqnan

976 1125 1039 1146 ante
1065 1121 1194 1148 saeculum
1209 1128 1235 1148 tv
1261 1121 1434 1156 praedicatam
1458 1122 1542 1149 fuisse
1557 1123 1690 1150 dicamus.
1707 1124 1747 1151 Re

956 1186 961 1190 .
976 1166 1100 1201 spondeo
1128 1171 1213 1193 totum
1227 1167 1276 1193 hoc
1290 1167 1462 1194 ratiocinium
1476 1168 1614 1196 tolerabile
1628 1170 1761 1199 futurum.

977 1213 999 1239 si
1011 1213 1114 1239 Axuma
1140 1217 1212 1240 esset
1229 1213 1255 1238 in
1268 1212 1408 1248 Ethiopia
1422 1216 1647 1248 septemtrionali.
1662 1216 1760 1242 \‘erunt

978 1261 1080 1287 Axuma
1110 1265 1151 1287 est
1179 1260 1205 1286 in
1224 1259 1396 1291 Ilabessinia,
1415 1261 1493 1295 cujus
1515 1262 1578 1288 oliui
1597 1262 1648 1289 fuit
1661 1267 1761 1288 metro-

978 1305 1058 1340 polis,
1073 1313 1123 1332 nec
1138 1309 1181 1333 est
1196 1305 1221 1332 in
1240 1311 1315 1339 parte
1331 1307 1545 1340 septemtrionali
1561 1307 1717 1343 Aithinpias,
1730 1308 1764 1334 do

978 1359 1030 1386 qua
1045 1351 1225 1385 disputamus.
1253 1351 1349 1378 Totum
1369 1360 1479 1386 regnum
1499 1353 1613 1382 St‘ltllnr.
1635 1359 1664 1381 ιιι
1685 1355 1765 1381 hodie

980 1400 1105 1427 vocatur,
1131 1396 1189 1423 sive
1213 1395 1350 1423 Nubit-use
1368 1404 1491 1432 regnum,
1508 1403 1555 1424 aut
1580 1407 1690 1431 regnum
1708 1399 1764 1426 Me-

981 1450 1052 1474 roes,
1069 1443 1114 1470 ubi
1132 1443 1196 1470 olitn
1212 1443 1302 1478 regina
1313 1442 1438 1469 Candaee
1451 1442 1504 1469 late
1518 1442 1677 1477 imperabat,
1695 1445 1766 1471 inter

980 1488 1127 1523 Aﬂgyptum
1155 1493 1182 1515 et
1206 1490 1377 1515 Anxnmense
1400 1488 1441 1514 vel
1469 1487 1624 1515 Axutnrnse
1653 1496 1765 1523 regnum

981 1537 1022 1560 cst
1041 1533 1245 1565 intermedium,
1265 1534 1334 1560 sicut
1355 1533 1435 1559 modo
1459 1541 1570 1568 regnum
1587 1535 1692 1560 Senn'tr
1714 1534 1768 1562 lla-

982 1578 1130 1606 hcssiniam
1147 1580 1219 1606 inter
1233 1585 1260 1605 et
1277 1579 1422 1614 Aigypttttn
1435 1579 1517 1612 jacet.
1529 1579 1700 1614 Quapropter
1715 1582 1767 1606 tale

981 1629 1024 1651 est
1037 1625 1147 1651 omnino
1159 1630 1347 1659 argumentum
1361 1623 1537 1655 Tillentontii,
1551 1633 1581 1651 ac
1598 1626 1618 1651 si
1632 1626 1691 1659 quis
1707 1634 1767 1660 pro«

982 1671 1073 1698 basset
1092 1671 1171 1698 tidem
1190 1679 1243 1697 non
1261 1670 1344 1697 fuisse
1360 1671 1534 1705 praedicatum
1561 1672 1587 1697 in
1603 1671 1688 1698 Frisia
1706 1677 1767 1698 ante

984 1716 1111 1744 smeulutu
1125 1725 1180 1748 Vll,
1204 1716 1320 1751 indeque
1347 1716 1449 1743 inferre
1475 1717 1554 1744 vellet
1576 1717 1697 1744 eamdem
1714 1726 1767 1744 non

985 1761 1069 1788 rlIlSsC
1087 1766 1149 1788 ante
1167 1761 1269 1789 dictum
1294 1761 1423 1788 saeculum
1438 1761 1463 1788 in
1482 1761 1566 1789 Gallia
1583 1762 1767 1797 prtedicatam.

985 1807 1116 1841 I’rinceps
1131 1807 1273 1839 Auxuma,
1291 1806 1362 1841 apud
1386 1814 1466 1840 quem
1482 1811 1603 1842 tempore
1618 1808 1769 1835 Constantii

986 1859 1012 1879 et
1032 1853 1173 1880 Athanasii
1191 1852 1270 1880 ﬁdem
1287 1853 1444 1887 praedicavit
1457 1859 1567 1880 sanctus
1583 1853 1769 1888 Frumentius,

987 1903 1093 1932 poterat
1105 1899 1214 1934 quidem
1229 1907 1321 1933 pacem
1333 1907 1394 1927 cum
1413 1899 1540 1926 Romanis
1554 1906 1600 1927 aut
1615 1901 1772 1928 inimicitias

986 1951 1126 1975 exercere.
1150 1944 1211 1979 quia
1230 1944 1421 1972 dominabatur
1445 1945 1478 1972 ad
1498 1946 1588 1972 sinttut
1605 1946 1770 1978 Arabicum;

987 1991 1033 2017 sed
1060 1990 1126 2017 alias
1148 1990 1226 2024 longe
1242 1990 1336 2017 aberat
1351 1998 1364 2016 a
1388 1990 1486 2017 ﬁnibus
1509 1991 1616 2025 imperii
1639 1992 1770 2022 Romani;

988 2036 1034 2062 sed
1053 2035 1111 2062 haec
1135 2035 1216 2063 latius
1232 2035 1413 2063 examinanda
1427 2037 1536 2063 venient
1549 2037 1577 2063 in
1597 2042 1691 2065 sancto
1706 2038 1773 2065 Fru-

989 2081 1091 2108 mentio
1116 2081 1148 2109 ad
1171 2082 1205 2108 ‘27
1222 2081 1356 2114 Octobris,
1382 2081 1427 2109 ubi
1448 2081 1529 2109 simul
1550 2083 1713 2118 inquiretur.
1737 2092 1771 2111 an

989 2131 1063 2154 recte
1092 2126 1166 2155 India
1190 2132 1285 2155 vocata
1304 2127 1387 2155 fuerit
1405 2128 1478 2163 regio
1500 2135 1548 2163 per
1565 2135 1688 2157 sanctum
1704 2129 1773 2157 Fru-

990 2174 1120 2202 tncntinm
1138 2182 1277 2203 conversa.

1027 2219 1070 2246 53.
1092 2219 1169 2252 Quod
1202 2225 1391 2254 argumentum
1424 2220 1588 2248 Tillcmontii
1629 2227 1775 2256 utcumque

990 2264 1102 2296 evincit,
1119 2269 1145 2293 et
1161 2264 1240 2291 latius
1255 2265 1352 2300 probat
1365 2265 1448 2293 Jobus
1463 2265 1594 2293 Ludoll‘us
1610 2267 1636 2293 in
1656 2266 1774 2294 Historia

990 2309 1144 2345 [Ethiopiea
1157 2310 1213 2337 sive
1231 2312 1305 2346 regni
1318 2311 1538 2344 llabessinorum,
1555 2312 1601 2339 lib.
1617 2320 1655 2344 tn,
1672 2320 1730 2347 cap.
1747 2313 1775 2345 Ξ,

992 2354 1070 2382 ﬁdem
1086 2355 1278 2390 Apostolorum
1294 2360 1416 2390 tempore
1431 2356 1605 2390 praedicatum
1620 2365 1675 2384 non
1692 2357 1776 2386 fuisse

992 2401 1018 2427 in
1034 2409 1116 2436 regno
1139 2401 1347 2429 Auxumitarutu
1365 2402 1422 2430 sive
1443 2403 1668 2435 Habcssinorum,
1691 2405 1777 2439 magis

992 2448 1166 2476 verisimilem
1175 2448 1241 2477 facit
1249 2449 1468 2484 praedicationem
1477 2449 1506 2477 S.
1515 2449 1632 2478 Μαι.ιίιωὶ
1639 2452 1664 2478 in
1672 2451 1779 2478 Ethio-

994 2495 1036 2528 pia
1049 2494 1165 2530 Aiupto
1188 2496 1369 2523 contermina.
1385 2496 1454 2524 Hinc
1469 2496 1594 2530 laudatus
1607 2496 1736 2524 Ludoll'us
1750 2498 1777 2524 itt

994 2540 1138 2568 Annotatis
1153 2541 1186 2569 ad
1214 2541 1261 2569 lib.
1279 2549 1320 2574 ιιι,
1338 2549 1398 2576 cap.
1414 2543 1440 2573 2,
1460 2550 1520 2577 pag.
1539 2543 1592 2570 280
1609 2550 1640 2570 ex
1662 2542 1778 2569 Historia

995 2586 1149 2621 .lEthiopica
1174 2587 1340 2615 Balthasaris
1366 2587 1489 2620 Telle::ii,
1513 2596 1592 2622 qttam
1614 2587 1726 2622 frequen
1741 2587 1779 2614 is-

996 2633 1064 2660 sitne
1080 2634 1183 2665 laudat,
1200 2634 1257 2661 haec
1269 2634 1377 2662 adducit
1393 2635 1556 2668 et'seqnitur
1568 2634 1647 2660 verba
1662 2642 1668 2660 :
1690 2633 1781 2665 «Quod

997 2680 1121 2707 nonnulli
1151 2681 1246 2707 dicunt
1271 2686 1392 2707 sanctum
1425 2680 1580 2707 Mattlttettm
1605 2678 1781 2713 Evangeliutn

998 2726 1159 2760 praedicasse
1172 2726 1198 2753 in
1213 2726 1363 2761 Ethiopia,
1381 2734 1425 2753 res
1439 2725 1510 2752 inter
1533 2724 1698 2752 llabessinos
1712 2730 1783 2750 nova

999 2775 1050 2804 est,
1069 2777 1095 2799 et
1112 2771 1288 2800 fundamento
1302 2776 1387 2799 caret.
1403 2771 1470 2798 Cum
1489 2770 1605 2806 religirsi
1624 2769 1708 2796 nostri
1730 2768 1784 2796 illis

999 2825 1033 2844 ex
1056 2818 1176 2846 historiis
1193 2819 1294 2846 nostris
1311 2818 1337 2846 id
1352 2821 1506 2849 narrarent,
1529 2815 1729 2851 responderunt
1746 2816 1785 2846 (et

1001 2865 1109 2899 quidem
1131 2869 1215 2898 recte,
1233 2865 1270 2892 ait
1283 2863 1423 2899 Lndolfus)
1440 2864 1490 2891 hoc
1507 2861 1712 2898 intelligendum
1723 2867 1784 2889 esse
