2047 3152
246 143 301 176 '78‘3

868 144 1009 175 MENSIS
1028 144 1072 173 SE
1078 144 1253 174 P’I‘EMBER

1826 146 1880 177 781

250 200 284 226 de
306 198 446 233 A‘Zthicpia
463 198 585 225 inferiori
605 198 721 231 (scilicet
736 199 844 234 proprie
861 199 945 232 dicta,
962 200 1038 226 addit
1053 201 1075 230 Α
1092 199 1267 232 Fortunatus,
1281 198 1444 230 Eucherius,
1462 198 1529 230 Ade,
1547 198 1725 226 Usuardusct
1740 197 1880 230 Rabanut,

250 243 390 279 Lrtdolfus)
417 251 477 278 qua:
498 243 654 271 extenditur
679 252 694 271 a
721 245 864 279 Suaqueua
895 253 980 280 usque
1010 245 1039 271 in

248 291 404 327 Aigyptum.
418 290 642 324 Quandoquidem
655 290 756 318 nullam
770 298 889 324 unquam
912 289 1037 317 notitiam

247 338 364 369 habent,
376 337 449 372 quod
464 341 575 364 sanctus
590 337 735 364 Mattheus
753 341 800 364 aut
815 337 954 372 apostolus
969 337 1038 363 alius

249 383 436 411 l'labessiuiam
449 383 593 409 intraverit
613 386 687 416 (ante
697 387 821 410 sanctum
837 382 1037 414 Frumentium,

249 438 278 458 ut
295 439 401 457 rursum
424 429 506 456 addit
529 429 670 464 Lndolt‘us)
691 429 727 455 mi
754 433 828 456 certo
849 429 951 456 docent
975 429 1037 456 libri

253 477 360 504 il!orum
378 480 459 509 atque
475 475 523 500 \iri
545 474 652 501 illorum
667 474 751 506 docti,
768 474 814 508 qui
829 475 947 501 maxime
960 474 1036 509 gnari

239 512 298 550 εδὶὺί
317 521 444 548 videnlur
459 528 521 547 esse
536 520 717 554 antiquitatis.
735 529 744 545 ι
769 520 865 547 Subdit
881 520 1012 547 Ludolt'us
1030 529 1035 546 :

249 581 258 594 ι
280 568 407 595 [‘rmime
430 566 511 602 igitur
534 566 568 593 ad
589 566 732 594 veritatem
752 567 883 594 accedere
909 567 1037 594 videntur

247 615 277 645 ii,
297 614 343 649 qui
354 613 448 640 Nubizc
458 613 667 641 conversionem
685 612 815 640 Matthteo
831 613 955 648 apostolo
968 614 1038 640 assi-

247 663 409 694 gnaverunt,
423 666 483 693 qua:
496 658 609 685 indubie
626 658 774 693 [Ethiopize
788 659 907 693 antiquae
924 664 952 686 et
970 667 1034 694 pro—

247 706 305 740 prie
317 706 397 732 dicta:
409 713 470 739 pars
481 709 533 732 est.
549 714 557 730 ι
576 705 615 732 Ex
629 705 704 732 hisee
722 705 804 740 igitur
818 705 912 739 liquet,
929 705 1037 732 [Ethio-

247 751 320 786 piam
347 750 465 786 A‘ngpw
496 749 658 785 proximam,
689 759 749 785 qua:
780 750 891 777 nomine
919 754 1036 779 maxime

249 797 360 832 proprio
376 795 515 831 Aithiopia
538 795 593 823 fuit
610 796 682 829 dicta
710 801 832 831 tempore
859 797 946 824 sancti
969 797 1035 824 Mat—

249 843 323 873 thaci,
336 847 363 869 et
378 841 423 869 ubi
444 841 540 868 incola:
557 841 634 876 nigro
657 846 722 868 sunt
744 843 835 868 colore
852 842 938 877 magis
953 851 1033 876 quant

1092 244 1248 272 Matthaeum
1270 245 1297 271 in
1315 244 1452 279 A‘Ithiopia
1474 243 1636 278 pmdicasse
1656 243 1777 276 tradunt,
1799 245 1883 278 idque

1092 289 1341 323 probabilissimum
1360 294 1436 324 puto,
1453 289 1474 316 si
1492 296 1551 315 non
1568 289 1650 315 etiam
1670 289 1800 316 historice
1821 297 1882 317 cer-

1091 338 1148 361 tum
1165 335 1255 362 dicere
1271 339 1404 370 oporteat.

1127 381 1172 408 55.
1193 382 1388 410 Verumtamen
1407 382 1581 410 nominantur
1604 387 1632 410 et
1647 383 1706 410 alite
1722 383 1880 418 provincim,

1091 430 1117 454 in
1131 428 1230 462 quibus
1251 429 1448 462 prmdicaverit,
1461 435 1506 456 aut
1523 434 1638 457 mortem
1653 429 1753 457 obierit
1765 434 1880 457 sanctus

1089 472 1244 501 Matthwus.
1260 473 1289 500 S.
1304 474 1467 502 Ambrosius
1478 475 1509 501 in
1522 475 1659 502 Psalmum
1672 483 1733 505 xu,
1745 483 1822 502 num.
1835 475 1876 505 ΞΟ.

1089 520 1136 549 ait,
1158 519 1285 547 Matthteo
1301 521 1420 548 Persium
1441 521 1571 556 patuisse,
1591 525 1618 548 et
1632 521 1877 553 Thoanaailndiam,

1088 564 1231 593 insinuans
1259 566 1338 593 ﬁdem
1355 575 1368 593 a
1384 572 1478 594 sancto
1491 567 1619 595 Matthmo
1633 568 1660 594 in
1678 567 1789 595 Perside
1807 576 1877 602 pr.\a~

1088 611 1214 638 dicatam.
1231 611 1348 639 Sanetus
1365 612 1493 640 Paulinus
1512 613 1632 641 Nolanus
1657 614 1684 641 in
1701 614 1828 642 Poemate
1848 616 1879 642 l9

1087 657 1143 684 ait:
1169 666 1177 682 ι
1197 657 1307 684 Parthia
1325 658 1481 686 Matthatum
1499 660 1703 694 complectitur.
1722 670 1732 685 ι
1751 661 1880 688 Consen-

1088 703 1160 730 tiunt
1173 703 1362 740 Martyrologia
1376 705 1588 740 Hieronymiana
1605 705 1720 733 inferius
1731 706 1880 739 laudanda,

1087 748 1115 774 in
1131 747 1231 782 quibus
1249 756 1323 775 mors
1338 750 1424 776 sancti
1443 750 1468 776 in
1482 750 1593 777 Perside
1611 750 1709 785 ﬁgitur.
1722 750 1773 777 Alii
1786 750 1881 777 viden-

1087 798 1131 821 tur
1150 794 1241 821 dicere
1261 795 1288 821 in
1309 795 1418 822 Parthia
1436 800 1559 823 sanctum
1583 804 1645 823 esse
1660 801 1814 828 morttmm;
1831 796 1879 823 scd

1086 840 1216 867 censendi
1233 845 1296 867 sunt
1311 840 1449 867 Parthiam
1466 849 1519 868 non
1534 841 1690 868 distinxisse
1703 849 1717 868 a
1731 841 1879 868 Persarum

249 889 276 914 in
296 887 468 919 Habessinia,
486 887 562 913 nullo
585 891 747 922 argumento
765 887 903 914 exclusam
920 887 1003 915 fuisse
1019 896 1034 915 a
1053 878 1074 904 Β
1092 885 1217 920 imperio,
1243 886 1316 920 quod
1343 886 1436 913 Parthi
1467 890 1589 921 tempore
1611 886 1729 913 Matthrei
1753 887 1880 913 domina-

250 934 443 969 prmdicatione
466 934 551 960 sancti
570 933 700 960 Matlhzei.

284 980 328 1007 5L
351 980 435 1007 Porro
453 979 621 1014 AZthiopiam
639 979 722 1006 fuisse
743 980 960 1008 conversamdiu
974 985 1037 1008 ante

248 1027 396 1054 concilium
413 1026 566 1057 Nicaenum,
584 1026 692 1052 videtur
707 1026 816 1062 probari
837 1035 870 1054 cx
886 1028 1036 1055 canonibus

248 1072 373 1100 Arabicis
391 1072 501 1099 cancilii
515 1071 630 1104 Nicaani,
647 1079 717 1106 quos
735 1071 870 1100 habemus
885 1073 957 1107 apu-J
970 1073 1039 1099 Lat.-

235 1119 331 1145 lbcutn
360 1121 426 1144 tom.
445 1116 466 1143 ll
482 1116 686 1149 Conciliorum;
708 1125 771 1144 natu
800 1116 827 1144 in
851 1118 892 1145 his
910 1127 970 1152 cap.
993 1118 1036 1152 Cati,

249 1163 302 1190 col.
327 1162 390 1195 562,
410 1162 446 1188 ita
467 1161 586 1197 legitur:
608 1171 618 1186 ι
634 1161 669 1189 Ut
683 1169 738 1188 non
762 1162 870 1196 possint
893 1163 1038 1198 Ᾱίίιιίυμεε

247 1216 408 1237 ετοδτενηυο
424 1208 525 1243 eligere
538 1208 721 1242 patriam-ham
734 1217 739 1240 ;
754 1209 819 1243 quin
836 1209 926 1243 potius
941 1217 1036 1236 eorum

249 1255 377 1290 praelatus
403 1254 454 1281 Sub
478 1258 614 1288 potestate
637 1254 697 1288 ejus
714 1253 761 1285 sit,
781 1254 827 1288 qui
846 1259 920 1281 tenet
943 1255 1037 1282 sedem

246 1301 431 1330 Alexandriae.
453 1300 494 1327 Sit
520 1304 609 1326 tamen
628 1301 699 1334 apud
718 1308 765 1327 eos
789 1301 849 1328 loco
863 1301 1035 1335 patriarchae,

248 1354 276 1376 et.
297 1348 450 1383 appelletur
474 1346 636 1374 catholicus.
665 1346 724 1373 Non
756 1352 845 1374 tamen
867 1347 913 1382 jus
940 1347 1038 1374 habeat

248 1396 436 1425 constituendi
452 1394 684 1429 archiepiscopos,
705 1398 732 1419 ut
753 1393 834 1419 habet
854 1392 1012 1427 patriarcha
1029 1401 1035 1419 :

247 1443 380 1478 siquidem
399 1449 453 1468 non
473 1441 555 1468 habet
579 1439 742 1475 patriarcha:
762 1439 895 1466 honorem
920 1445 972 1464 nec
987 1445 1037 1473 po-

246 1494 385 1518 testatein.
406 1488 484 1521 Qqu
499 1487 522 1514 si
551 1485 683 1513 acciderit
704 1490 734 1512 ut
754 1484 899 1511 cunt-ilium
918 1484 945 1510 in
960 1484 1037 1512 Grae-

246 1538 288 1565 cia
320 1537 464 1567 habeatur,
499 1535 635 1568 fueritque
669 1540 790 1568 praesens
826 1532 871 1559 hic
908 1532 1070 1574 praelatusc

247 1580 419 1618 Ethiopum,
433 1582 532 1609 habeat
548 1579 801 1614 septimum‘locum
817 1582 878 1613 post
895 1577 1035 1613 prtelatum

248 1631 393 1659 Seleucia.
413 1628 445 1655 Et
465 1627 577 1662 quando
594 1626 663 1652 facta
679 1625 761 1652 fuerit
780 1624 805 1651 ci
830 1628 951 1658 potestas
969 1631 1036 1650 cou-

247 1676 381 1706 stituendi
396 1675 616 1709 archicpiscopos
634 1673 661 1699 in
675 1672 816 1707 provincia
832 1679 892 1704 sua,
905 1679 959 1698 non
976 1671 1038 1698 lice-

237 1724 289 1752 .bit
303 1723 341 1750 illi
362 1721 533 1748 constituere
548 1720 667 1754 aliquem
689 1726 722 1745 cx
737 1718 810 1744 illis:
829 1723 857 1745 et
871 1718 1037 1753 quicumque

248 1767 459 1802 nonuparuerit,
479 1765 598 1801 synodus
613 1772 675 1792 eum
700 1764 930 1791 eacommunicat.
952 1774 960 1789 ι
983 1763 1037 1790 Νο-

247 1816 294 1843 lim
308 1820 400 1842 tamen
415 1812 594 1844 contendere,
608 1811 681 1838 hunc
691 1818 824 1837 canonem
838 1810 922 1838 fuisse
935 1810 1035 1837 factum

246 1870 263 1889 a
278 1860 395 1889 concilio
406 1859 533 1892 Nicaeno;
546 1865 608 1885 cum
623 1865 678 1884 non
694 1857 825 1892 ignorem,
839 1863 958 1884 canones
969 1857 1037 1884 Ara-

247 1909 325 1936 hicos
341 1907 375 1934 ab
397 1905 512 1934 eruditis
527 1904 629 1940 passim
651 1903 739 1938 rejici.
758 1903 786 1930 Id
802 1910 886 1930 linunt
908 1904 1035 1936 observo,

247 1961 393 1985 canonem,
412 1952 434 1978 si
460 1950 525 1985 quid
545 1950 627 1981 valet,
649 1949 729 1976 unice
754 1948 844 1976 valere
866 1955 916 1983 pro
937 1948 1036 1980 habia,

247 2001 305 2029 sive
321 2006 372 2035 pm
389 1996 530 2031 Aithiopia
553 1996 625 2022 inter
641 1993 830 2021 Habessiniam
847 1998 874 2020 et
888 1993 1034 2029 Aigyptum

246 2047 348 2074 media.
364 2043 499 2071 Attulerat
513 2042 640 2069 eumdtm
655 2039 790 2067 Ludoll‘us
807 2040 837 2066 in
853 2039 970 2067 Historia
986 2048 1035 2067 sua

246 2093 281 2119 ad
298 2089 507 2118 conversionem
523 2085 694 2114 Habessinitc
718 2085 908 2119 probandam;
924 2085 972 2112 sed
985 2093 1036 2120 po-

247 2144 306 2166 stea
324 2137 352 2164 in
375 2133 520 2162 Adnotatis
541 2140 603 2168 pag.
618 2132 672 2159 282
688 2131 756 2158 vidit
772 2135 799 2158 et
821 2131 951 2158 indicavit
970 2139 1036 2158 ana-

247 2182 449 2212 chronismutn,
463 2187 524 2207 cum
540 2177 700 2205 Habessinia
723 2176 806 2204 fuerit
829 2183 961 2203 conversa
975 2181 1035 2211 post

247 2230 395 2259 concilium
416 2227 567 2257 Nictenum,
586 2228 615 2252 ut
637 2224 695 2258 ipse
716 2223 851 2258 agnoscit.
867 2222 1034 2257 Lequienus,
1053 2215 1074 2241 ἶ)

247 2283 314 2305 tom.
330 2276 351 2303 ll
367 2273 487 2302 Orientis
505 2271 664 2303 Christiani,
684 2278 745 2305 pag.
764 2269 812 2296 6H
829 2269 956 2296 eumdem
972 2277 1035 2304 pro-

247 2325 323 2352 ducit
345 2329 480 2351 cationem
503 2327 551 2356 pro
570 2318 750 2346 conversione
770 2316 993 2346 Habcssinorum,
1009 2321 1037 2343 et

247 2370 290 2396 vel
315 2368 356 2395 sic
373 2374 469 2395 eorum
489 2365 696 2393 conversionem
726 2362 852 2389 attribuit
877 2361 1036 2389 Frumentio

247 2418 310 2449 post
324 2412 469 2440 concilium
495 2410 635 2436 Sicanium
652 2409 787 2436 ordinato.
817 2407 915 2442 Verum
942 2407 1037 2442 nequit

248 2469 297 2496 pro
313 2460 428 2486 aliorum
452 2456 612 2490 Ethiopum
635 2454 687 2481 [ide
704 2461 793 2480 canon
820 2453 863 2480 ille
886 2453 994 2485 adduci,
1013 2453 1035 2479 si

246 2507 375 2533 Mea-nus
399 2503 537 2533 credatur,
554 2508 634 2535 quam
650 2507 698 2535 pro
720 2499 896 2534 Ethiopibus
919 2498 1036 2534 IEgypto

248 2551 389 2588 proximis,
407 2555 434 2576 et
449 2556 482 2576 eo
498 2547 609 2574 nomine
632 2546 749 2574 maxime
772 2546 844 2572 notis
870 2545 941 2580 apud
966 2544 1036 2571 anti-

246 2608 327 2635 quos.
343 2597 396 2625 llos
413 2600 503 2623 autem
529 2594 594 2622 olim
619 2593 703 2620 fuisse
725 2592 896 2620 Christ'anos
916 2596 1032 2624 constat,

247 2651 298 2673 n‘ce
313 2644 378 2672 satis
394 2643 524 2674 innotuit,
544 2648 560 2667 a
582 2648 637 2676 quo
661 2639 762 2667 fuerint
786 2638 922 2666 conversi.
939 2638 1034 2664 Eunu-

246 2693 329 2720 chum
350 2691 450 2726 regio-.e
470 2688 621 2717 Camlaccs,
649 2693 710 2720 quae
737 2690 813 2713 certo
841 2685 869 2711 in
897 2684 940 2710 illa
960 2688 1035 2717 parte

247 2737 392 2771 .-'£tbiopia:
412 2735 547 2771 regnavit,
579 2733 673 2760 Patres
698 2731 773 2758 tnulti
803 2731 902 2757 ibidem
931 2730 1035 2756 fat-inut

245 2783 398 2818 apostolum
415 2791 422 2808 ι
442 2785 469 2807 at
495 2785 569 2807 certe
583 2778 727 2805 ettnuchus
746 2777 790 2803 illc
806 2776 890 2808 solus,
909 2783 970 2802 cum
986 2776 1034 2802 lai-

246 2836 295 2855 cus
309 2831 392 2858 esset,
406 2825 537 2853 ecclesias
552 2824 588 2849 ibi
602 2823 748 2849 instituere
769 2829 824 2847 non
839 2821 937 2854 potuit.
957 2820 1033 2847 Ruti-

249 2881 302 2902 ηας
319 2878 347 2900 et
372 2872 509 2904 Socrates,
524 2869 622 2904 quibus
644 2867 819 2895 consentiunt
840 2867 867 2893 S.
884 2866 1028 2902 Cregoﬂus

1088 939 1193 960 rentur.
1208 933 1347 960 lndiculus
1361 933 1497 969 Hippolyti
1516 933 1586 968 apud
1601 933 1793 961 Combcﬁsium
1811 938 1878 960 tom.

1089 980 1185 1009 lll.col.
1202 980 1308 1011 85l,ita
1321 979 1401 1007 habet
1415 989 1421 1006 :
1439 989 1447 1005 ι
1464 980 1686 1012 Matthazus,cum
1701 979 1880 1014 Evangelium

1089 1024 1221 1051 Hebraice
1238 1024 1403 1059 scripsisset,
1420 1024 1616 1060 Hierosolymis
1631 1025 1726 1058 edidit,
1743 1025 1883 1052 obdormi-

1088 1070 1181 1104 vitque
1196 1069 1298 1096 Hicrea:
1318 1070 1478 1097 Parthorum
1494 1071 1616 1098 civitate.
1634 1081 1643 1097 ›
1661 1071 1762 1099 Verum
1779 1071 1879 1105 exigua

1089 1119 1178 1149 potest
1193 1122 1253 1141 esse
1269 1115 1418 1142 auct-tritas
1432 1115 1503 1142 illius
1520 1115 1644 1145 lndiculi,
1661 1116 1762 1149 apertis
1775 1116 1882 1150 aliquot

1088 1160 1231 1188 erroribus
1253 1160 1356 1193 initiati,
1380 1161 1457 1195 cujus
1473 1165 1567 1188 auctor
1583 1166 1625 1188 est
1641 1161 1771 1189 incertus.
1794 1163 1881 1190 Addit

1088 1205 1267 1233 Ccmbclisius
1283 1205 1310 1232 in
1324 1206 1469 1233 Annotatis
1487 1215 1492 1232 :
1514 1216 1523 1231 ‹
1542 1207 1629 1233 Etiam
1645 1207 1800 1235 Dorotheus
1814 1207 1882 1234 Hie-

1088 1252 1175 1288 ropoli
1187 1252 1305 1279 Parthiaa
1313 1252 1414 1280 oluiisse
1430 1253 1522 1280 tradit.
1535 1262 1544 1278 )
1561 1252 1596 1280 At
1608 1253 1881 1287 pseudo-Dorothcus

1088 1299 1175 1326 nihilo
1190 1298 1286 1326 melior
1300 1303 1343 1326 est
1366 1298 1522 1334 Hippolyto.
1548 1298 1726 1334 Freculphus,
1742 1299 1768 1325 in
1789 1299 1880 1326 Chro-

1087 1343 1161 1374 nico,
1176 1343 1223 1370 lib.
1241 1351 1272 1376 ll,
1282 1351 1343 1378 cap.
1356 1342 1381 1380 4,
1397 1346 1458 1377 post
1471 1342 1587 1378 elogium
1604 1343 1721 1370 Matthaai
1735 1352 1768 1370 ex
1781 1349 1880 1371 sancto

1088 1389 1254 1425 Hieronymo
1268 1389 1360 1417 datum
1380 1388 1439 1416 hac
1456 1389 1531 1416 addit
1547 1397 1554 1415 :
1582 1398 1591 1414 ‹
1608 1389 1634 1416 is
1654 1390 1770 1424 primum
1789 1390 1817 1417 in
1830 1390 1879 1417 Ju-

1087 1435 1145 1463 data
1161 1435 1369 1471 evangelizavit,
1390 1435 1564 1470 pestmodum
1583 1436 1610 1462 in
1626 1436 1787 1464 Macedonia
1804 1445 1881 1472 prte-

1088 1481 1205 1514 dicavit;
1225 1482 1371 1516 requiescit
1388 1481 1567 1515 in;montibus
1584 1482 1757 1510 Parthorum.
1773 1493 1782 1509 ι
1799 1483 1879 1517 Quot

1088 1527 1122 1555 de
1133 1527 1291 1555 Macedonia
1306 1527 1417 1560 dicitur,
1432 1527 1499 1555 mihi
1517 1536 1572 1555 non
1588 1529 1655 1555 satis
1673 1528 1702 1556 tit
1717 1529 1879 1562 verisimile,

1088 1575 1153 1609 quia
1171 1574 1263 1602 notius
1278 1574 1305 1601 id
1322 1574 1417 1602 fuisset
1432 1574 1545 1606 Gra'cis,
1565 1574 1587 1602 si
1604 1575 1704 1602 factum
1719 1581 1802 1603 esset.
1824 1577 1880 1603 Ea-

1087 1619 1150 1646 dem
1169 1619 1203 1646 de
1218 1627 1299 1647 causa
1319 1619 1423 1652 dubito,
1440 1627 1473 1646 an
1499 1621 1564 1647 satis
1588 1621 1736 1655 probabilis
1760 1622 1795 1649 sit
1809 1621 1882 1649 Mat-

1089 1665 1150 1692 thaz-i
1170 1665 1326 1700 praedicatio
1340 1665 1477 1700 Hierapoli
1495 1665 1521 1692 in
1547 1666 1635 1701 Syria,
1654 1674 1735 1701 quam
1759 1668 1881 1695 adstruit

1088 1711 1196 1737 Nicetas
1215 1710 1361 1747 Paphlago,
1383 1711 1410 1737 in
1425 1711 1522 1739 eadem
1538 1711 1619 1738 etiam
1637 1713 1704 1740 urbe
1717 1713 1880 1741 defunctum

1087 1757 1218 1784 scribens.

1124 1815 1388 1850 56.1lictaphrastes
1417 1815 1533 1843 Parthos
1567 1816 1753 1851 praedicationi
1792 1818 1880 1854 ipsius

1087 1860 1224 1893 attribuit,
1250 1861 1297 1888 sed
1321 1861 1487 1896 AZ'hiopiam
1514 1862 1634 1889 ultimam
1659 1862 1723 1891 facit
1746 1865 1881 1898 praedica-

1089 1905 1172 1933 tionis
1188 1905 1305 1933 Matthasi
1325 1911 1353 1933 et
1379 1906 1500 1942 martyrii
1518 1907 1682 1941 paLestram.
1698 1907 1777 1943 Apud
1792 1909 1881 1936 Asse-

1089 1959 1199 1978 mantnn
1227 1952 1255 1978 in
1275 1951 1443 1978 Bibliotheca
1457 1951 1598 1984 Orientali,
1615 1957 1680 1980 tom.
1696 1953 1741 1986 Hl,
1757 1961 1825 1988 part.
1848 1964 1880 1988 ιι,

1088 2006 1150 2033 pag.
1162 1998 1188 2030 5,
1200 1997 1310 2029 Amrus,
1321 1998 1438 2032 scriptor
1450 1998 1539 2025 saeculi
1551 2006 1606 2031 xiv,
1618 1999 1651 2033 de
1662 1999 1788 2028 Matthazo
1796 2002 1835 2028 ait
1846 2011 1852 2028 :
1868 2012 1878 2027 ι

1092 2054 1101 2070 ‹
1117 2043 1220 2071 Ferunt
1236 2044 1392 2071 Matthteum
1409 2044 1602 2079 evangelistam
1626 2044 1729 2072 lndiam
1750 2048 1879 2081 petiisse,

1089 2091 1181 2125 ibique
1199 2090 1371 2125 praedicasse.
1393 2100 1402 2116 ι
1421 2087 1521 2117 Verum
1538 2098 1589 2118 nec
1602 2091 1676 2118 Amri
1691 2091 1762 2119 illius
1776 2099 1876 2120 aucto-

1090 2138 1156 2163 ritas
1172 2141 1244 2164 tanta
1261 2140 1313 2168 est,
1328 2141 1357 2163 ut
1371 2137 1536 2171 persuadere
1550 2137 1630 2165 nobis
1646 2138 1733 2172 possit
1748 2147 1836 2174 usque
1849 2142 1879 2168 iu

1090 2182 1192 2209 Indiam
1202 2182 1308 2209 venisse
1318 2187 1440 2209 sanctum
1454 2182 1619 2210 Matthamm.
1629 2184 1793 2211 Assemanus
1807 2186 1880 2220 ipse,

1091 2237 1151 2264 pag.
1170 2228 1197 2261 3,
1213 2228 1340 2255 observat
1358 2235 1371 2254 a
1388 2227 1462 2263 Syris
1479 2233 1506 2255 et
1527 2228 1659 2256 Chaldmis
1675 2230 1755 2257 etiam
1777 2239 1878 2259 nurne-

1090 2275 1142 2301 rari
1156 2273 1312 2301 Matthreum
1334 2274 1407 2301 inter
1432 2274 1571 2309 apostolos
1594 2275 1639 2310 qui
1654 2276 1836 2310 prwdicarunt
1850 2278 1879 2304 in

1089 2319 1164 2355 Syria
1176 2325 1202 2347 et
1217 2319 1358 2353 Chaldara;
1373 2327 1427 2347 non
1441 2324 1530 2347 tamen
1544 2323 1718 2348 annumerari
1732 2324 1880 2358 praecipuis

1088 2367 1195 2394 illarum
1224 2366 1426 2401 provinciarum
1443 2367 1582 2401 apostolis.
1607 2367 1685 2400 Quod
1703 2369 1879 2404 Nicephorus

1088 2419 1151 2439 cum
1166 2411 1276 2437 Menieis
1298 2410 1454 2437 Matthzcum
1469 2410 1606 2438 Mirmena:
1622 2412 1694 2446 apud
1716 2413 1879 2448 Anthropo-

1088 2458 1191 2493 phagos
1201 2457 1239 2484 ait
1252 2456 1413 2491 prmdicasse
1424 2460 1452 2484 et
1466 2458 1639 2490 occubuisse,
1653 2459 1696 2485 vix
1707 2459 1803 2486 referri
1819 2469 1880 2487 me-

1088 2507 1174 2534 retur,
1195 2510 1256 2529 eum
1273 2503 1376 2529 oriatur
1387 2510 1420 2529 ex
1434 2503 1547 2530 historia
1566 2503 1688 2531 fabulosa
1704 2509 1732 2531 et
1745 2505 1827 2538 plane
1841 2506 1865 2532 ri

1086 2548 1186 2575 dicula.
1208 2549 1287 2575 Videt
1308 2548 1448 2576 studiosus
1471 2549 1568 2581 lector,
1585 2554 1716 2584 quantum
1735 2551 1875 2583 existimo,

1087 2594 1178 2621 omnia
1193 2595 1238 2622 illa
1254 2595 1288 2622 de
1305 2594 1422 2621 Matthazi
1446 2595 1640 2629 prtedicatione
1657 2596 1740 2631 magis
1769 2597 1878 2625 incexta

1086 2647 1157 2672 esse,
1177 2647 1258 2674 quam
1275 2645 1304 2667 ut
1319 2640 1421 2675 aliquid
1438 2646 1496 2668 tuto
1514 2641 1641 2669 alhrmari
1661 2643 1765 2677 possit;
1785 2644 1878 2677 plures

1088 2691 1176 2713 tamen
1200 2688 1356 2714 consentire
1376 2688 1403 2714 in
1428 2687 1569 2715 Persidem
1588 2692 1635 2714 aut
1649 2688 1799 2722 l‘arthiam,
1816 2699 1878 2724 qua:

1087 2731 1242 2766 provincia“,
1263 2732 1326 2759 licet
1342 2733 1477 2759 distinctae
1500 2733 1565 2764 sint,
1582 2734 1660 2760 facxle
1673 2734 1804 2760 contundi
1826 2743 1878 2769 po-

1086 2783 1207 2809 tucrunt.
1224 2778 1369 2813 cumquod
1395 2778 1510 2804 invicem
1528 2779 1623 2805 vicina:
1645 2779 1710 2808 sint,
1728 2784 1785 2806 tum
1801 2782 1877 2815 quod

1088 2829 1210 2858 tempore
1226 2823 1314 2859 εμιιςιί
1337 2823 1454 2850 Mattluci
1472 2823 1617 2858 imperium
1635 2829 1705 2851 esset
1721 2827 1792 2859 apud
1811 2826 1878 2852 Par-

1086 2873 1156 2901 ttms,
1172 2869 1243 2904 quod
1260 2874 1351 2900 postea
1369 2869 1455 2896 Persa:
1467 2874 1639 2903 receperunt.
