2047 3152
237 199 288 230 787

854 189 996 222 MENSIS
1015 187 1161 218 SEPTEM
1168 188 1252 217 BER.

1811 183 1865 216 788

236 255 320 286 mina,
338 252 455 287 ideoque
470 259 525 280 non
542 251 669 278 videatur
689 246 923 285 praetermittenda
940 245 1026 272 fuisse
1042 245 1066 270 A
1083 251 1092 267 ι
1108 243 1194 275 Quem
1206 241 1368 278 (Christum)
1381 241 1518 268 imitantes
1535 239 1660 274 apostoli,
1677 237 1760 272 utqui
1770 244 1865 265 revera

236 301 270 327 ab
281 299 422 334 apostolis,
437 298 588 333 pra'sertim
606 304 669 324 cuin
686 294 803 323 eunuchi
827 293 926 328 reginae
953 292 1025 319 Can—

237 347 320 374 daces
348 345 494 373 conversio
519 351 595 378 spem
627 349 752 378 magnam
778 340 901 376 praebere
932 344 1026 374 posset

238 393 388 428 Ethiopian
404 391 607 420 convertendae.
623 390 729 424 Itaque.
755 395 817 416 cum
838 394 894 414 non
919 391 1026 413 constet

238 441 272 468 de
287 439 482 475 praedicatione
499 438 581 465 ullius
594 437 709 464 alterius
726 444 757 463 ex
772 433 913 469 discipulis
923 432 1024 460 Christi

237 488 265 514 in
277 487 428 522 (Ethiopia,
437 486 532 514 Patres
542 492 606 512 vero
614 485 705 519 plures
724 483 879 510 eunuchum
891 482 979 516 ipsum
989 479 1025 507 ibi

238 533 298 560 lidei
321 540 475 568 praeconem
509 531 619 564 faciant,
646 529 756 557 videtttr
784 529 899 555 omnino
930 533 1026 554 assen-

239 580 361 607 tiendum
380 579 443 610 illis,
466 579 512 613 qui
529 579 687 605 Matthteum
699 584 732 604 eo
751 575 863 603 missum
879 578 1025 601 asserunt:

239 625 325 652 solius
337 625 410 651 enim
426 623 559 656 eunuchi,
588 626 684 658 utpote
703 621 777 653 laici,
793 621 858 648 dum
876 627 909 647 eo
935 626 1028 647 rever—

240 677 289 697 sus
308 674 484 701 cst,conatus
499 677 552 696 non
569 673 675 704 poterat
691 668 816 695 sutileere
838 665 870 693 ad
897 666 1028 693 ecclesias

237 716 393 751 erigendas,
424 716 476 744 nisi
503 716 646 743 accederet
672 715 831 750 apostolus.
859 718 906 740 aut
933 713 1027 740 saltem

238 762 369 789 sacerdos
383 762 492 798 aliquis.
517 761 596 789 [Iunc
611 769 676 789 vero
692 761 776 788 fuisse
799 760 957 787 Matthaeum
974 763 1029 784 tra-

239 807 309 834 dunt
333 807 484 842 scriptores
503 807 569 835 satis
595 807 699 841 antiqui
721 811 748 834 et
766 813 863 842 graves
890 805 922 832 ad
949 804 1028 831 ﬁdem

239 852 291 878 hac
305 851 334 879 in
345 859 374 879 re
385 852 575 879 obtinendam.
584 851 675 879 Altera
688 853 757 879 ratio
769 856 820 883 est,
832 851 903 886 quod
922 850 1028 877 Persica

239 904 287 926 aut
304 897 433 926 Parthica
450 898 538 926 sancti
562 898 719 934 praedicatio
748 898 836 925 solum
860 897 980 925 breviter
1004 902 1029 923 ct

239 953 308 980 vage
325 945 362 972 sit
375 950 479 973 asserta
493 946 527 973 ab
537 945 683 973 Ambrosio
701 950 727 973 et
739 945 863 977 Paulino,
881 952 913 971 ex
930 944 1029 979 quibus

241 992 269 1018 in
290 990 387 1019 Fastos
417 992 646 1027 llieronymianos
672 991 789 1019 transire
821 991 920 1026 potuit.
939 990 1030 1017 Potuit

242 1043 333 1066 tamen
353 1038 388 1065 ibi
405 1047 514 1073 quoque
526 1039 685 1073 praedicare,
705 1043 732 1065 et
752 1042 846 1073 postea
864 1038 891 1064 in
920 1036 1030 1064 [Ethic-

241 1083 313 1117 piam
329 1084 469 1118 proﬁcisci
485 1093 491 1110 :
509 1092 573 1111 nam
592 1084 626 1112 de
643 1089 731 1111 morte
756 1089 802 1111 aut
818 1084 947 1118 martyrio
970 1085 1030 1110 lau-

241 1129 297 1156 dati
313 1129 407 1158 Patres
422 1131 490 1158 nihil
517 1131 664 1158 allirmant.
681 1130 759 1163 Quod
777 1138 842 1157 vero
867 1135 973 1166 spectat
997 1130 1030 1157 ad

239 1176 394 1210 civitatein,
411 1185 472 1212 qua:
486 1177 672 1205 Naddav.~rin
700 1177 774 1204 Actis
796 1181 823 1203 et
847 1177 918 1211 apud
936 1176 1031 1204 Fortu-

241 1227 337 1249 natam
352 1228 475 1254 vocatur,
495 1224 570 1250 nulla
587 1224 661 1251 illius
681 1223 897 1258 planenominis
910 1228 974 1250 nota
991 1228 1032 1251 cst

241 1266 270 1293 in
285 1267 437 1302 IEtbiopia.
467 1268 532 1295 Erat
556 1273 646 1295 tamen
680 1269 795 1304 Augusti
819 1273 940 1304 tempore
967 1269 1032 1295 urbs

241 1311 344 1348 Napata
378 1313 451 1347 apud
481 1312 643 1341 Strabonem
675 1323 738 1350 pag.
765 1313 816 1341 820
840 1315 921 1346 dicta,
951 1322 1031 1348 quam

242 1359 387 1387 Petronius
418 1359 542 1387 Romano
568 1360 701 1388 eaercitui
730 1360 875 1395 pratfectus
899 1361 974 1395 cepit
1001 1368 1032 1387 ac

242 1405 326 1434 diruit
341 1407 367 1433 in
387 1406 458 1434 bello
473 1411 567 1434 contra
592 1407 713 1442 reginam
731 1408 889 1435 Candaeen.
907 1407 1031 1442 Napatis,

240 1456 313 1479 teste
334 1452 480 1485 Strabone,
495 1452 638 1480 Candaces
654 1453 727 1489 regia
743 1458 813 1481 erat.
825 1454 885 1481 Jam
901 1462 966 1481 vero
987 1454 1031 1481 alii

243 1499 431 1532 considerent,
448 1506 482 1526 an
497 1499 562 1526 urbs
576 1498 746 1534 1Ethiopica,
763 1507 843 1534 quam
867 1499 969 1534 Napata
984 1508 1032 1527 v0-

242 1549 341 1572 carunt
359 1545 458 1579 Graeci,
484 1552 540 1572 non
558 1546 678 1579 potuerit
703 1545 754 1572 alia
771 1545 943 1579 expositione
959 1545 1033 1572 vocis

1077 290 1169 313 essent
1181 286 1336 321 cognitione
1350 285 1454 320 praediti
1471 289 1498 312 et
1515 284 1642 319 pericCti,
1659 291 1709 318 pro
1727 282 1865 314 ecclesiis,

1077 341 1146 368 quas
1166 333 1328 364 fundarunt,
1359 332 1431 367 passi
1457 336 1530 359 suttt.
1560 340 1568 357 ι
1603 330 1776 365 Quapropter
1798 328 1867 355 mihi

1078 381 1156 416 longe
1172 380 1340 415 probabilior
1354 383 1467 413 apparet
1484 379 1620 405 sententia
1637 376 1866 410 comntunis,qua

1079 430 1180 461 martyr
1204 425 1326 453 creditur
1350 425 1516 452 Matthaeus:
1539 431 1601 450 nam
1618 430 1669 449 nec
1686 421 1869 454 Menologium

1077 473 1243 500 Dasilianum
1263 471 1335 498 clare
1352 470 1522 498 contrarium
1549 468 1641 500 habet,
1656 475 1707 494 nec
1718 466 1869 493 lleraeleou

1078 519 1148 553 apud
1164 517 1336 546 Clementem
1353 526 1360 544 :
1383 524 1435 543 nec
1451 516 1549 542 horum
1567 512 1718 541 auctoritas
1731 519 1781 546 par
1793 515 1873 538 esset

1080 565 1192 599 reliquis
1205 563 1345 596 omnibus,
1360 563 1382 589 si
1399 561 1514 589 omnino
1528 559 1699 588 contrarium
1721 558 1870 585 haberent.

1080 612 1117 639 De
1133 617 1256 647 tempore
1281 610 1405 645 martyrii
1425 616 1481 636 non
1509 611 1628 635 constat.
1658 606 1872 640 Cbrysostomus

1080 665 1171 686 tamen
1210 658 1285 686 hom.
1324 656 1357 684 76
1389 655 1435 691 (al.
1478 654 1523 689 77)
1558 654 1587 680 in
1619 652 1772 679 Malthazum
1800 649 1871 677 insi-

1081 710 1159 737 nuat,
1187 703 1319 731 Sanctum
1345 702 1432 730 fuisse
1457 701 1617 728 defunctum
1647 702 1711 725 ante
1732 696 1872 724 excidium

1080 752 1369 790 Hierosolymitanum,
1387 748 1459 784 quod
1472 748 1563 783 [igitur
1576 753 1648 774 anno
1660 745 1695 772 70
1709 751 1771 772 εει-κ
1787 741 1871 770 Chri-

1081 799 1187 827 stianm.

1117 846 1161 873 62.
1183 845 1318 873 Caeterum
1351 843 1385 871 de
1422 842 1503 870 modo
1531 839 1640 868 vivendi
1671 843 1699 866 et
1720 835 1874 864 virtutibus

1084 893 1112 920 S.
1127 891 1246 919 Matth-ei
1272 897 1356 926 pauca
1380 888 1557 924 reperiuntur
1583 886 1652 922 apud
1673 889 1790 912 veteres.
1807 882 1874 910 Cle-

1083 947 1160 967 mens
1177 937 1389 972 Alerandrinus,
1404 936 1453 964 lib.
1467 943 1485 962 tt
1499 933 1653 969 Pa'dagogi,
1666 939 1727 967 cap.
1742 931 1765 961 l,
1783 929 1874 956 victus

1081 986 1256 1013 sobrietatem
1270 984 1373 1015 laudat,
1394 983 1429 1010 ita
1456 981 1581 1009 scribens
1600 987 1608 1008 :
1629 988 1638 1006 ι
1659 978 1802 1005 Matthmus
1817 975 1873 1002 ita-

1081 1041 1134 1068 que
1149 1030 1288 1066 apostolus
1305 1029 1467 1058 seminibus.
1483 1026 1577 1055 baccis
1588 1030 1616 1053 et
1630 1024 1751 1053 oleribus
1766 1023 1873 1056 absque

1083 1079 1213 1107 carnibus
1234 1077 1371 1105 utebatur.
1393 1086 1401 1102 ι
1431 1074 1654 1109 Chrysostomus,
1683 1071 1756 1098 Itoni.
1772 1069 1806 1096 4'1
1822 1069 1872 1104 (al.

1082 1126 1126 1160 48)
1144 1127 1169 1152 in
1191 1124 1287 1151 Matth.
1304 1131 1337 1150 ex
1359 1122 1444 1149 sacris
1460 1119 1570 1148 Litteris
1585 1118 1702 1153 elogium
1727 1117 1874 1144 collectum

1083 1173 1119 1200 ita
1142 1170 1301 1199 contexuit:
1323 1180 1331 1196 ι
1347 1169 1441 1204 Cogita
1459 1167 1526 1194 mihi
1553 1165 1662 1201 (inquit)
1683 1165 1756 1191 hunc
1782 1163 1875 1197 ipsum

1083 1218 1290 1253 mangclistam,
1319 1215 1424 1243 etiamsi
1449 1221 1504 1240 non
1532 1217 1615 1239 totam
1640 1211 1698 1246 eius
1721 1210 1804 1237 vitam
1823 1209 1875 1235 de-

1083 1264 1212 1298 scriptam
1231 1262 1404 1288 habeamus:
1423 1265 1542 1286 attan:en
1564 1265 1597 1285 ex
1616 1256 1722 1292 paucis.
1746 1262 1806 1288 qua:
1830 1260 1875 1280 re-

1083 1315 1166 1342 stant,
1180 1310 1242 1336 licet
1252 1308 1398 1343 imaginem
1409 1308 1467 1342 cjus
1478 1305 1666 1340 splendentem
1680 1303 1779 1330 videre.
1793 1300 1874 1334 Quod

1085 1356 1195 1384 humilis
1220 1359 1247 1382 et
1262 1354 1398 1381 contrittts
1422 1356 1505 1384 eSset,
1522 1351 1584 1378 audi
1602 1349 1689 1384 ipsutn
1705 1349 1732 1374 in
1747 1347 1876 1380 Evangea

1085 1403 1120 1429 lio
1134 1411 1193 1429 sese
1205 1401 1381 1436 publicanum
1394 1404 1556 1430 vocantem;
1575 1395 1647 1432 quod
1660 1400 1751 1422 autem
1767 1392 1876 1420 miscri-

1084 1457 1145 1477 cors
1166 1452 1250 1480 esset,
1267 1446 1328 1474 vide
1348 1446 1424 1473 illum
1439 1443 1567 1471 omnibus
1581 1447 1694 1470 exutum
1709 1440 1802 1467 Jesum
1829 1447 1876 1466 se-

1084 1500 1225 1532 quentem.
1251 1493 1328 1526 Quod
1346 1492 1408 1527 pius
1423 1495 1507 1523 esset,
1526 1491 1614 1525 palam
1627 1492 1670 1516 est
1683 1495 1716 1515 ex
1736 1484 1875 1522 dogmati-

1084 1531 1145 1569 bus.
1164 1539 1372 1576 lntelligentiam
1390 1543 1417 1564 et
1433 1536 1596 1564 charitatem
1618 1534 1679 1569 eius
1690 1541 1724 1560 ex
1741 1540 1785 1564 eo,
1801 1531 1876 1566 quod

243 1590 419 1625 IEthiopicm,
437 1595 482 1618 au:
507 1591 603 1618 saltem
619 1591 797 1625 corruptione
822 1590 965 1617 Naddavcr
987 1600 1033 1618 cx-
1048 1592 1067 1619 Ω
1085 1587 1260 1623 conscripsit,
1287 1584 1434 1620 Evangelia
1461 1582 1554 1610 videre
1569 1589 1633 1608 est:
1658 1578 1778 1606 universi
1798 1578 1876 1605 enim

242 1636 336 1671 primi.
354 1635 484 1663 Eamdem
502 1635 598 1662 urbem
614 1635 681 1662 alibi
701 1635 819 1671 Naggata
841 1629 923 1663 scribi
940 1636 1033 1663 obser—

242 1686 290 1711 vat
305 1682 450 1714 Ccllarius,
467 1681 494 1708 in
511 1681 810 1717 Geographie-antiqua,
828 1681 875 1710 lib.
886 1689 923 1715 tv,
934 1690 993 1718 cap.
1006 1682 1032 1717 8,

242 1735 306 1764 pag.
325 1728 385 1755 156.

281 1774 326 1803 6i.
343 1774 421 1808 Quod
441 1780 547 1811 spectat
564 1775 598 1802 ad
615 1775 774 1811 martyrium
796 1776 883 1803 sancti
902 1776 1033 1810 lllattbtei,

244 1822 298 1849 hoc
313 1822 403 1856 ipsum
420 1822 528 1849 videtur
547 1822 670 1849 dubium.
687 1822 875 1857 Martyrologia
900 1822 1034 1858 Hierony-

244 1867 337 1895 miana
352 1872 379 1895 et
414 1867 592 1895 Acta»l.atina
618 1875 679 1894 cuin
705 1868 893 1903 martyrologis
907 1869 1034 1897 omnibus

244 1913 327 1941 medii
346 1913 396 1941 aevi
415 1914 565 1946 insinuant,
583 1913 738 1942 Matthzeum
749 1914 851 1943 obiisse
870 1921 1033 1951 tnartyrem.

244 1961 279 1987 At
300 1959 481 1996 menologium
492 1959 659 1988 Basilianum
668 1960 701 1987 ad
712 1961 744 1987 16
756 1960 916 1989 Novembris
923 1962 956 1989 de
965 1970 1035 1989 mar-

243 2007 314 2042 tyrio
326 2007 400 2034 clare
416 2007 511 2035 saltem
530 2015 583 2035 non
599 2008 732 2043 loquitur,
748 2008 796 2036 sed
814 2009 900 2037 utitur
909 2017 977 2036 voce
985 2019 1032 2036 τε-

243 2052 377 2104 ξειοῦται,
388 2059 662 2089 consummatur,quo
673 2059 763 2082 tamen
778 2055 862 2083 verbo
874 2056 1033 2092 martyrium

242 2101 321 2126 innui
352 2104 456 2134 potest,
483 2101 602 2127 maxime
629 2108 691 2127 eum
725 2101 807 2135 paulo
840 2106 903 2129 ante
928 2102 1035 2130 dicatur

246 2145 330 2172 multa
354 2149 487 2172 tormenta
518 2152 664 2180 perpessus
695 2145 767 2180 apud
795 2146 1033 2182 Antropophagos.

244 2190 275 2217 in
292 2190 388 2218 eodem
400 2190 552 2226 Menologio
568 2191 602 2218 ad
616 2192 650 2219 50
673 2190 749 2218 Junii
779 2191 879 2219 dicitur
899 2191 1034 2226 lapidibus

246 2237 372 2265 obrutus.
388 2237 592 2273 Metaphrastcs
622 2243 649 2264 ct
673 2237 781 2265 Nicctas
805 2238 942 2273 Paphlago
963 2247 1034 2265 mar-

245 2285 343 2320 tyrium
362 2285 512 2320 generatim
538 2289 674 2311 asserunt.
697 2283 726 2310 ln
743 2285 855 2311 Menaeis
881 2285 914 2312 ad
934 2285 963 2311 16
980 2286 1035 2312 No-

245 2332 490 2366 vcntbrisprimum
507 2332 639 2359 asscritur
650 2340 698 2367 per
713 2332 801 2366 ignem
818 2337 1034 2364 consummatus,

245 2378 344 2404 deinde
360 2377 440 2405 datur
454 2377 571 2412 elogium
605 2377 773 2409 fabulosum,
803 2377 829 2404 in
849 2385 904 2412 quo
935 2378 1037 2405 illaesus

245 2424 279 2450 ab
295 2423 358 2458 igne
374 2432 435 2451 mox
457 2423 484 2450 in
513 2424 636 2451 oratione
651 2424 753 2451 obiiSs-e
779 2424 889 2457 dicitur,
908 2429 938 2451 ut
954 2424 1035 2452 etiam

245 2470 328 2498 habet
344 2469 529 2505 Nicephorus.
559 2470 722 2503 lleraeleon,
744 2471 890 2499 hereticus
916 2470 1036 2498 Valenti-

245 2517 363 2550 nianus,
387 2517 459 2553 apud
477 2516 648 2545 Clementem
670 2517 906 2550 Alexandrinum,
937 2517 984 2544 lib.
1011 2524 1036 2544 tv

246 2563 424 2594 Stromalum,
438 2563 546 2590 videtur
560 2570 659 2598 negare
680 2563 839 2598 martyrium
864 2571 919 2590 non
947 2563 1034 2591 solum

245 2608 377 2642 Matthazi,
389 2609 437 2637 sed
454 2609 536 2636 etiam
555 2608 686 2644 Philippi,
695 2608 808 2636 Thema:
816 2614 844 2636 et
857 2609 947 2639 Levis.
955 2617 1035 2644 quem

246 2663 390 2691 perperam
406 2663 419 2681 a
431 2655 559 2683 .‘llatthazo
569 2655 721 2690 distinguit,
734 2655 788 2683 nisi
803 2654 873 2684 forte
890 2655 1035 2682 Lebbacum

246 2700 481 2729 siveThaddzeum
497 2709 531 2729 eo
551 2701 660 2729 nomine
674 2700 819 2736 designare
839 2700 934 2727 voluit.
959 2699 1033 2727 Atta-

247 2754 308 2774 men
324 2746 430 2781 phrasis
444 2751 485 2774 est
497 2746 648 2778 obscurior,
669 2745 793 2780 mihique
819 2744 978 2779 ambiguum
995 2748 1036 2770 est

247 2801 281 2820 an
309 2801 404 2820 revera
438 2793 585 2820 lleracleon
619 2800 719 2826 negare
751 2791 877 2820 voluerit.
904 2795 1037 2825 martyres

247 2839 333 2866 fuisse
350 2839 474 2865 laudatos
493 2838 643 2873 apostolos.
660 2837 737 2870 Quod
755 2837 777 2863 si
792 2844 886 2863 revera
901 2836 926 2863 id
943 2837 1036 2864 volne-

247 2884 294 2915 rit,
323 2883 426 2916 exiguae
452 2883 524 2916 apud
547 2889 644 2909 otnues
670 2882 754 2908 debet
774 2888 833 2908 esse
863 2881 1032 2910 auctorizatis

247 2929 350 2957 dictum
368 2927 516 2960 illud,cum
535 2927 663 2955 Clemens
679 2927 736 2962 ipse
756 2927 835 2963 paulo
852 2933 911 2963 post
924 2927 994 2956 dicat
1017 2937 1024 2956 :

1086 1637 1158 1664 orbis
1174 1642 1266 1663 cttratn
1285 1632 1377 1669 gessit.
1396 1631 1532 1658 Bonorum
1547 1636 1662 1664 operum
1679 1630 1877 1662 argumentum

1086 1683 1169 1710 babes
1186 1689 1219 1708 ex
1236 1680 1345 1711 throno,
1365 1678 1392 1705 in
1415 1684 1470 1712 quo
1492 1682 1621 1703 sessurus
1646 1678 1710 1701 est:
1736 1671 1878 1699 fortitudi.

1085 1736 1159 1759 nem,
1175 1727 1246 1762 quod
1261 1725 1383 1761 gaudens
1404 1730 1531 1751 reversus
1546 1721 1581 1748 sit
1596 1729 1610 1748 a
1632 1720 1701 1747 l'acie
1723 1718 1843 1746 concilii.
1863 1727 1874 1744 ι

1086 1774 1221 1802 Hactenus
1234 1772 1454 1807 Chrysostomus.
1469 1767 1706 1796 Eminentissimus
1719 1765 1791 1791 Bona
1803 1764 1849 1790 lib.
1866 1771 1875 1790 t

1083 1821 1186 1848 Ilerutu
1201 1819 1397 1854 liturgicarum,
1411 1824 1471 1850 cap.
1489 1815 1515 1847 8,
1535 1822 1610 1841 num.
1627 1813 1654 1845 2,
1671 1811 1752 1839 refert
1764 1815 1876 1838 exstare

1085 1867 1167 1895 etiam
1188 1865 1299 1893 nomine
1324 1863 1414 1890 sancti
1433 1861 1552 1889 blatthtei
1571 1859 1719 1893 Liturgiam
1743 1857 1877 1891 aliquam,

1085 1922 1145 1948 quae
1157 1912 1316 1946 :Ethiopum
1329 1917 1390 1937 esse
1407 1908 1516 1936 dicitur.
1530 1906 1679 1942 [.iturgiam
1688 1903 1847 1938 Althiopum
1859 1911 1876 1929 a

1086 1961 1168 1989 variis
1191 1959 1290 1986 editam
1317 1955 1445 1987 invenio;
1465 1953 1512 1982 sed
1533 1961 1588 1980 non
1612 1952 1689 1980 video
1715 1950 1876 1977 attributam

1086 2011 1180 2035 sancto
1192 2005 1330 2032 Matthaeo.
1345 2003 1424 2030 Certe
1438 1999 1623 2037 ltaynodotius
1638 1999 1664 2025 in
1676 1998 1765 2032 Opere
1780 1996 1815 2024 de
1830 1995 1878 2022 Li«

1087 2052 1182 2088 iurgiis
1203 2050 1389 2079 Orientalibus
1415 2048 1497 2074 etiam
1520 2043 1693 2079 [Ethiopieas
1717 2043 1823 2070 edidit:
1849 2047 1878 2068 at

1085 2087 1188 2126 nullam
1204 2097 1239 2124 ibi
1257 2095 1368 2124 nomine
1386 2092 1505 2121 Matthxi
1521 2091 1680 2126 insignitam
1698 2089 1764 2116 vidi.
1783 2087 1876 2121 Quare

1086 2145 1212 2174 existimo
1240 2144 1312 2171 illam
1341 2149 1394 2169 non
1421 2140 1467 2168 diu
1504 2138 1532 2166 S.
1559 2137 1687 2165 Matthaso
1715 2135 1875 2162 attributam

1086 2192 1180 2220 fuisse.

1087 2251 1100 2286 §
1120 2249 1152 2277 V.
1179 2246 1444 2286 DeAtranslatiottibus
1462 2242 1578 2286 corporis
1595 2238 1877 2286 quod:

1125 2274 1254 2312 Lucania.
1290 2282 1450 2315 truusft'rlur
1484 2274 1634 2306 Sitlcrmtin.
1671 2283 1702 2301 ac
1740 2274 1877 2301 brachium

1122 2319 1215 2347 deinde
1233 2319 1417 2345 Beneventum.

1123 2377 1170 2406 65.
1180 2374 1405 2411 Quandoquidem
1413 2380 1466 2401 non
1473 2371 1605 2400 habemus
1613 2371 1677 2397 Acta
1688 2366 1877 2395 translationis

1088 2424 1175 2452 sancti
1192 2421 1324 2453 Mattluni,
1345 2427 1406 2455 quas
1423 2419 1502 2446 tidem
1526 2421 1666 2444 merentur
1683 2414 1735 2441 viri
1756 2413 1872 2442 eruditi,

1087 2474 1134 2498 aut
1149 2477 1210 2496 eam
1231 2468 1354 2495 obtinere
1372 2468 1486 2501 possunt
1498 2463 1550 2491 ltoc
1563 2467 1698 2496 tempore,
1714 2464 1742 2488 et
1756 2460 1877 2493 scripto-

1087 2523 1131 2543 res
1147 2513 1315 2548 antiquiores
1328 2519 1384 2539 non
1399 2509 1452 2538 nisi
1464 2516 1559 2544 vagam
1575 2507 1692 2542 aliquam
1706 2510 1733 2533 et
1743 2506 1877 2532 incertam

1088 2561 1221 2589 dederunt
1244 2558 1369 2587 notitiam
1395 2557 1429 2584 de
1448 2556 1519 2588 loco,
1546 2555 1572 2581 in
1594 2561 1649 2588 quo
1661 2559 1763 2587 corpus
1782 2557 1876 2578 serva-

1087 2607 1167 2634 batur
1189 2611 1252 2633 antc
1275 2604 1478 2632 translationem
1501 2601 1528 2628 in
1556 2599 1709 2634 Europam,
1730 2595 1877 2625 diﬂiculter

1088 2653 1190 2687 aliqtud
1212 2650 1280 2679 certi
1302 2649 1454 2684 reperietur
1474 2647 1509 2674 de
1530 2644 1676 2673 occasione
1695 2646 1723 2670 et
1740 2647 1876 2676 tempore.

1089 2686 1142 2733 quo
1158 2697 1278 2733 primum
1305 2696 1331 2722 in
1353 2694 1459 2722 Italiam
1478 2693 1528 2719 fuit
1544 2691 1728 2726 deportatum.
1745 2686 1875 2716 Illustris-

1089 2744 1174 2772 sitnus
1193 2743 1328 2770 Columna
1344 2741 1399 2776 jam
1415 2739 1551 2769 laudatus,
1572 2737 1618 2771 qui
1643 2735 1775 2769 majorem
1793 2733 1873 2760 tidem

1088 2799 1169 2826 quam
1182 2789 1273 2816 crisim
1289 2786 1412 2815 adhibuit
1430 2786 1457 2812 in
1477 2783 1614 2819 sequendo
1628 2780 1785 2809 Belationes
1797 2779 1876 2811 Mss,

1089 2833 1359 2872 quasimprohabiles
1369 2840 1430 2859 esse
1438 2829 1565 2865 ostendi§
1582 2830 1606 2862 l,
1622 2828 1768 2855 Historiam
1784 2830 1875 2853 trans-

1091 2882 1202 2911 lationis
1219 2880 1294 2909 dedit
1313 2879 1426 2907 minime
1448 2875 1634 2905 verisimilem.
1652 2873 1759 2902 Etenim
1781 2879 1842 2906 cap.
1859 2872 1877 2899 5

1085 2931 1178 2957 narrat
1196 2925 1282 2954 sancti
1304 2933 1404 2960 corpus
1430 2931 1463 2951 ex
1487 2921 1624 2958 [Ethiopia
1644 2919 1766 2949 delatum
1781 2917 1810 2948 in
1825 2916 1880 2945 Bri-
