2047 3152
175 169 226 199 ’139

816 171 904 201 νιΤΑ
927 171 957 201 S.
979 170 1172 205 MATTELEI.

1745 173 1808 206 790‘

177 225 299 252 tanniam
319 225 485 253 Armoricam
499 233 547 261 per
563 231 727 254 mercatores
739 226 884 253 Britannos
898 230 961 252 tcm‘
976 226 999 254 A
1014 225 1123 261 bentur,
1144 234 1210 256 tom.
1232 230 1252 257 ν
1266 231 1428 266 Scriptorum
1447 232 1546 265 Italia’,
1562 240 1622 267 pag.
1641 231 1686 261 52,
1702 230 1797 258 eadem

175 277 238 305 pore
264 269 336 305 regis
359 270 523 303 Salomonis,
547 272 594 306 qui
619 272 742 307 regnavit
762 276 823 305 post
838 271 958 298 medium

176 315 266 341 saeculi
281 322 322 347 ut;
339 314 411 350 (nam
428 323 477 350 pro
491 316 586 344 fictitio
603 325 677 344 nunc
693 316 810 344 habetur
823 317 893 344 alius
910 316 960 343 Sa-

177 360 278 391 lomon,
297 369 377 396 quem
404 362 508 397 aliquot
531 363 638 390 saeculis
664 363 746 390 cilius
772 364 800 390 in
820 363 960 390 Armorica

176 413 303 440 regnasse
322 406 405 441 aliqui
424 408 490 434 olim
505 408 692 443 crediderunt)
708 408 918 443 depositumque
933 407 959 434 in

175 451 286 478 civitate
302 451 477 487 Legionensi.
491 453 526 480 At
541 461 594 480 non
611 453 855 489 iguorassenthoc,
873 461 961 488 neque

175 497 324 524 tacuissent
335 505 430 525 omnes
440 499 586 533 scriptores
596 499 664 526 Galli
679 500 785 527 illorum
797 504 958 534 temporum,

174 546 219 569 aut
247 542 330 577 paulo
354 544 547 578 posteriorum,
577 545 599 572 si
622 545 723 573 factum
752 551 835 573 esset.
860 545 960 573 Deinde

175 595 236 623 cap.
252 588 267 616 6
285 589 368 616 refert
397 589 570 618 Salomonem
585 599 676 626 regem
696 599 768 618 anno
789 592 959 626 quinquage-

174 632 244 660 simo
260 641 276 660 a
291 635 468 662 translatione
486 635 610 670 corporis
625 644 639 663 a
662 635 799 664 Britannis
815 636 873 664 suis
887 636 958 663 oeci-

175 685 254 711 sum;
275 686 361 713 eaque
376 679 410 706 de
423 686 504 707 causa
519 679 740 708 Valentinianum
755 680 958 716 imperatorem.

174 722 219 757 qui
236 723 339 757 aliquot
361 723 466 752 szeeulis
491 728 555 752 ante
571 724 743 753 Salomonem
759 726 809 753 fuit
826 730 958 759 mOrluus,

175 777 207 796 ex
224 768 298 797 Italia
312 770 450 805 ingentem
461 771 568 799 misisse
579 772 693 800 classem
706 772 740 799 ad
752 772 960 808 expugnandam

175 815 355 848 Britanniam,
369 820 396 844 et
417 816 466 850 sic,
481 821 560 852 capta
579 817 689 844 civitate
706 817 880 852 Legioneusi,
896 826 959 846 cor-

175 868 226 896 pus
244 861 333 888 sancti
346 861 462 888 Matthaii
482 862 508 889 in
533 861 678 890 Lucaniam
698 863 869 891 translatum.
897 864 960 892 Haec

1012 272 1112 300 clarius
1126 279 1153 301 et
1170 275 1266 302 melius
1284 276 1424 311 leguntur.
1443 277 1527 305 Verba
1546 279 1659 312 accipe:
1679 287 1688 303 ι
1708 277 1736 303 In
1760 278 1798 311 Ep-

1011 319 1070 346 sius
1094 319 1224 354 principis
1248 322 1372 357 Gisulphi
1397 324 1565 357 temporibus
1591 323 1732 351 inventum
1757 327 1799 350 es:

1011 364 1227 392 sacratissimum
1247 373 1347 401 corpus
1363 367 1394 394 Β.
1412 367 1527 394 Matthzei
1544 368 1571 394 in
1591 367 1716 394 Lucaniae
1735 366 1798 393 ﬁni-

1011 408 1073 440 bus,
1092 414 1173 444 atque
1198 418 1258 438 cum
1274 411 1366 439 debito
1386 412 1489 439 honore
1510 419 1558 445 per
1572 411 1720 446 ju-sionem
1742 411 1797 445 jam

1011 453 1057 482 fati
1083 455 1209 491 Gisulphi
1233 457 1366 492 principis
1391 457 1534 485 Salernum
1566 457 1717 490 deducitur.
1745 455 1807 483 St'dt

1011 508 1078 536 quot
1094 504 1236 532 evenerint
1249 505 1325 540 signa
1337 510 1363 533 et
1382 505 1510 532 miracula
1524 509 1552 532 et
1565 503 1701 539 quomodo
1715 502 1798 530 fuerit

1011 553 1150 584 repertum
1164 570 1171 582 ,
1199 551 1357 578 omnimodo
1379 559 1452 579 nunc
1475 550 1595 586 pandere
1621 549 1796 576 omittimus:

1011 597 1195 630 postmodum,
1227 597 1281 624 Deo
1307 601 1455 629 annuente,
1488 596 1693 623 innotescemus
1717 598 1798 627 atque

1012 638 1076 665 huic
1111 638 1237 667 Histeria:
1277 639 1423 668 adnectere
1452 640 1593 668 faciemus.
1618 648 1628 664 ι
1662 637 1806 665 Hactenus

1011 687 1116 714 auctor,
1131 684 1295 719 quicumque
1311 685 1356 716 sit,
1373 684 1444 719 quod
1465 691 1519 711 non
1536 682 1654 717 inquiro.

1049 730 1094 758 66.
1115 731 1152 758 De
1185 739 1258 759 anno
1278 731 1455 763 inventionis,
1471 738 1553 767 quem
1581 730 1633 758 95‘
1655 728 1723 757 dixit
1742 727 1806 755 Leo-

1010 775 1156 809 Ostiensis,
1172 777 1277 804 etiamsi
1289 777 1358 805 forte
1370 785 1425 805 non
1436 778 1551 804 omnino
1561 776 1596 803 sit
1608 778 1711 808 certus,
1722 774 1797 801 litem

1011 822 1175 849 movendam
1189 830 1244 849 non
1265 830 1381 856 censeo;
1394 830 1455 850 cum
1476 826 1550 850 certe
1569 821 1615 848 illo
1635 827 1708 848 anno
1721 819 1798 854 prin-

1013 868 1133 903 cipatum
1154 868 1358 896 Salernitanum
1376 869 1514 896 obtineret
1537 867 1688 902 Gisulphus
1717 864 1800 893 Guai—

175 906 312 938 retulisse,
325 907 433 934 omissis
448 907 529 934 etiam
544 907 962 943 improbabilibustranslationis
979 899 998 927 Β
1015 899 1092 940 nta'rii
1118 913 1201 945 ﬁlius,
1234 914 1285 941 sub
1307 921 1361 949 quo
1385 914 1571 941 inventionem
1592 899 1738 947 contigisse
1763 911 1800 937 ait

174 952 321 987 adjunctis,
341 952 474 980 refutasse
488 958 540 981 est.

210 999 255 1026 6L
277 999 347 1032 Mox,
365 1007 425 1034 cap.
443 1000 468 1031 7,
484 1000 587 1028 fatetur
608 1007 713 1034 auctor,
730 1009 841 1030 onmem
857 1009 961 1029 memo-

178 1044 245 1070 riam
272 1044 305 1071 de
323 1050 432 1072 servato
459 1044 484 1072 in
515 1046 588 1073 Italia
605 1053 719 1081 corpore
737 1047 824 1075 sancti
844 1047 962 1075 Matthxi

174 1089 303 1124 paulatim
326 1089 521 1123 intercedisse;
540 1091 783 1127 inventionemque
810 1093 848 1121 ait
873 1094 962 1121 conti-

173 1135 246 1170 gisse
261 1135 333 1162 circa
347 1130 520 1163 millesimum
538 1141 566 1164 et
588 1138 844 1173 quinquagesimum
860 1146 961 1165 annum

173 1187 188 1206 a
204 1179 315 1208 Christo
333 1185 408 1210 nato.
424 1182 502 1209 llisce
519 1182 552 1210 de
567 1190 684 1218 eorp0re
699 1183 746 1210 diu
762 1183 920 1211 abscondito
936 1189 963 1211 ct

173 1225 283 1253 demutn
306 1227 418 1255 invento
445 1229 622 1256 consentiunt
644 1230 794 1264 scriptores
811 1229 863 1257 fide
878 1230 962 1265 digni,

172 1272 220 1299 sed
239 1271 340 1300 factum
361 1274 430 1301 illud
448 1274 534 1310 ﬁgunt
557 1280 614 1302 toto
632 1275 688 1303 fere
704 1276 803 1304 saeculo
820 1276 912 1308 citius,
933 1280 962 1303 ut

172 1325 234 1344 mox
244 1319 400 1346 ostendam.
414 1319 520 1347 Interea
535 1320 663 1353 observo,
680 1321 771 1355 priora
785 1322 887 1355 omnia,
903 1330 962 1356 quae

171 1363 328 1392 referuntur
355 1364 388 1392 de
419 1366 526 1400 gemina
555 1367 742 1399 translatione,
772 1367 901 1394 nimirum
928 1376 962 1395 ex

171 1408 309 1444 Ethiopian
326 1410 352 1437 in
367 1409 547 1444 Britanniam,
573 1416 600 1438 et
615 1419 647 1438 ex
675 1411 813 1439 Britannia
831 1412 858 1439 in
874 1412 961 1440 Luca-

171 1455 255 1488 niam,
271 1463 302 1483 ex
316 1456 484 1492 eoujecturis
500 1457 612 1485 incertis
626 1449 748 1493 potuisse
763 1459 899 1494 conﬁngi;
914 1461 961 1486 sed

171 1503 225 1527 tam
243 1501 458 1536 im'probabilitcr
473 1502 558 1530 fuisse
573 1504 709 1538 exposita,
729 1508 759 1531 ut
775 1504 867 1538 malim
884 1504 961 1540 igno-

172 1553 233 1574 rare
259 1555 314 1581 quo
338 1548 419 1576 modo
432 1553 460 1576 et
478 1556 532 1583 quo
549 1553 671 1584 tempore
686 1557 792 1578 sacrum
809 1550 874 1578 illud
898 1559 960 1578 eor-
974 1566 995 1594 ε

170 1599 222 1628 pus
239 1591 267 1619 in
291 1591 439 1621 Lucaniam
465 1594 631 1629 pervenerit,
656 1603 737 1629 quam
754 1596 797 1623 vel
814 1595 956 1623 minimum

169 1644 203 1664 ex
223 1637 357 1665 relatione
377 1638 420 1666 illa
442 1638 584 1674 adoptare.
599 1639 636 1666 De
651 1640 739 1675 capite
756 1640 857 1673 sancti,
885 1641 957 1676 quod

171 1682 223 1710 sibi
250 1684 406 1711 attribuunt
427 1684 573 1718 Armoriei,
590 1690 683 1720 postea
706 1690 801 1721 agetur
820 1693 871 1713 suo
887 1686 957 1714 loco.

170 1729 225 1757 Leo
235 1729 370 1758 Ostiensis
386 1731 413 1758 in
432 1731 558 1759 Chronico
575 1731 725 1764 Catinensi,
743 1731 790 1760 lib.
811 1740 842 1765 ιι,
858 1740 918 1768 cap.
930 1733 958 1766 5,

171 1776 204 1803 ad
221 1777 390 1811 propositum
411 1782 535 1805 nostrutn
551 1777 607 1805 ltzec
623 1777 734 1805 scribit:
756 1778 856 1811 Quinto
876 1779 958 1814 hujus

171 1822 277 1849 abbatis
291 1821 432 1857 (Aligerni)
445 1830 529 1853 anno,
543 1823 590 1857 qui
606 1827 648 1850 est
662 1831 676 1849 a
694 1822 839 1850 Nativitale
852 1823 958 1851 Domini

171 1868 396 1903 nongentesimus
410 1868 616 1903 quinquagesim
623 1877 653 1896 us
668 1874 792 1904 quartus,
806 1869 958 1897 beatissimi

169 1913 285 1948 apostoli
298 1917 324 1940 et
339 1913 511 1949 evangelista:
523 1913 640 1941 Matthaai
659 1922 768 1949 corpus,
787 1916 858 1951 quod
870 1916 959 1951 primo

170 1959 241 1993 apud
259 1958 438 1993 Ethiopian),
454 1959 500 1986 ubi
516 1964 543 1987 et
559 1967 657 1995 passus
668 1960 769 1991 fuerat,
786 1962 958 1996 postmodum

170 2011 262 2033 autem
279 2006 350 2041 apud
364 2005 534 2033 Britanniam
552 2014 600 2040 per
617 2011 740 2041 tempora
759 2007 868 2034 diversa
881 2009 959 2042 quie-

172 2057 261 2084 verat,
280 2053 390 2080 tandem
413 2053 537 2088 ejusdem
556 2053 640 2080 sancti
656 2053 829 2089 evangelista:
852 2055 959 2082 revela-

170 2099 245 2126 tionc
259 2103 408 2133 repertum,
428 2104 509 2134 atque
526 2099 553 2126 in
568 2098 711 2126 Salernum
730 2100 890 2127 translatum
905 2106 956 2129 est.

170 2145 316 2178 Baronius,
340 2145 387 2180 qui
413 2145 475 2173 data
491 2145 592 2173 Leonis
608 2146 690 2173 verba
716 2146 842 2182 allegavit
859 2147 892 2174 ad
910 2155 959 2175 an-

169 2199 234 2219 num
250 2191 313 2223 954,
324 2199 400 2218 num.
416 2192 443 2222 2,
456 2192 615 2227 injmargine
633 2192 748 2224 notavit,
765 2201 815 2227 pro
832 2194 957 2228 vocibus,

170 2237 240 2272 apud
258 2237 436 2268 Britanniam,
453 2237 520 2263 alias
533 2237 596 2272 legi,
613 2238 685 2272 apud
702 2237 866 2273 Bithyniam.

204 2283 250 2311 65.
268 2284 428 2317 Anonymus
441 2278 627 2309 Salernitanus
636 2283 663 2309 in
674 2282 810 2310 Chronico
822 2291 882 2317 cap.
894 2283 955 2315 M3,

169 2329 227 2356 sive
244 2332 310 2355 tom.
325 2326 347 2354 ll
374 2327 539 2361 Scriptorum
561 2326 658 2360 ltaliaz,
683 2332 754 2362 part.
772 2336 801 2360 tt,
818 2328 870 2355 col.
892 2328 955 2361 280,

168 2375 202 2403 de
219 2374 378 2402 inventione
393 2374 427 2400 ita
451 2373 589 2407 loquitur:
610 2382 618 2398 ι
640 2373 669 2399 In
686 2373 770 2408 ipsius
786 2374 956 2408 temporibus

168 2421 311 2448 inventum
326 2424 368 2447 est
383 2418 598 2446 sacratissimum
623 2427 723 2454 corpus
741 2419 769 2445 Β.
789 2419 907 2447 Mattluei
927 2420 956 2447 in

166 2467 297 2494 Lucania:
312 2465 423 2498 ﬁnibus,
438 2469 519 2500 atque
529 2472 592 2492 cum
607 2465 699 2492 debito
712 2465 818 2493 honore
833 2474 882 2500 per
898 2466 956 2501 jus-

167 2513 276 2541 sionem
293 2512 349 2547 jam
361 2511 409 2539 fati
428 2511 560 2547 principis
576 2510 719 2538 Salernum
733 2511 887 2539 deducitur.
901 2512 954 2539 Sed

166 2563 236 2595 quot
251 2558 328 2593 signa
353 2563 382 2585 et
398 2557 536 2590 miracula,
557 2561 584 2583 et
607 2557 743 2591 quomodo
765 2556 847 2584 fuerit
863 2565 956 2592 reper-

167 2611 238 2638 tum,
251 2605 409 2632 omnimodo
420 2612 494 2632 nunc
518 2603 637 2639 pandere
652 2603 812 2630 omittimus.
830 2602 955 2630 Postmo-

168 2652 248 2684 dum,
269 2651 323 2677 Deo
340 2655 491 2681 annuente,
513 2649 628 2676 ﬁdeliter
645 2649 860 2680 innotescamus,
875 2654 955 2683 atque

165 2697 234 2724 huic
247 2695 373 2723 Historia:
388 2700 534 2722 annectere
553 2695 683 2723 faciamus
696 2704 702 2721 ε
719 2694 782 2721 llaec
793 2702 954 2730 anonymns,

165 2742 219 2770 sub
235 2741 369 2776 Gisulpbo
394 2741 519 2776 principe
544 2740 718 2768 Salernitano
737 2744 893 2767 memorans
912 2740 955 2767 in-

166 2786 336 2818 ventionem,
352 2785 416 2813 licet
432 2785 456 2812 id
474 2793 527 2812 non
540 2789 669 2820 appareat
681 2785 739 2812 loco
751 2785 878 2819 allegato,
892 2786 955 2818 quia

166 2836 256 2860 totum
273 2836 365 2866 caput,
378 2831 404 2866 in
422 2839 475 2864 quo
491 2831 524 2858 de
536 2831 669 2866 Gisulpho
682 2830 782 2866 agitur,
795 2836 836 2857 cst
852 2837 884 2857 co
896 2830 954 2857 loco

166 2878 313 2906 omissum.
330 2877 359 2905 In
375 2877 517 2913 Excerptis
531 2884 590 2912 qute
602 2875 772 2911 ﬂeremperti
786 2875 896 2903 nomine
909 2875 955 2903 ba-

1011 965 1164 992 anonymus
1187 958 1386 985 Salernitanus.
1403 957 1543 992 llghellus,
1556 961 1620 984 tom.
1632 955 1666 986 Χ.
1677 955 1729 983 col.
1749 954 1806 982 i57-

1012 1004 1039 1030 iu
1051 1004 1186 1038 episcopis
1202 1004 1345 1036 Pazstanis,
1366 1003 1542 1031 etAntonius
1558 1002 1646 1030 Mazza
1665 1001 1692 1028 in
1710 1000 1802 1028 Histo-

1013 1049 1053 1076 ria
1075 1050 1149 1076 urbis
1171 1049 1361 1079 Saleruitanm.
1381 1057 1440 1083 cap.
1460 1048 1488 1080 5,
1507 1055 1584 1075 num.
1611 1048 1655 1079 £5,
1669 1047 1703 1075 de
1727 1055 1809 1074 anno'

1012 1095 1095 1121 etiam
1119 1095 1307 1122 consentiunt.
1331 1094 1368 1122 De
1395 1095 1454 1122 loco
1473 1094 1512 1121 ait
1534 1093 1673 1129 Ughellus,
1699 1100 1800 1127 corpus

1013 1138 1154 1165 inventum
1165 1146 1225 1166 esse
1236 1138 1262 1165 in
1274 1146 1375 1166 eversa:
1389 1139 1464 1166 urbis
1478 1136 1628 1173 (Pwstanaz)
1642 1137 1798 1164 ruderibus.

1012 1183 1101 1210 Mazza
1118 1184 1206 1212 solum
1234 1184 1311 1217 dicit,
1327 1184 1353 1211 in
1381 1184 1508 1212 Lucaniae
1523 1184 1622 1211 ﬁnibus
1646 1183 1798 1210 inventum.

1013 1228 1234 1256 Translationem
1247 1237 1311 1257 vero
1325 1229 1584 1257 enarrathisverbis
1600 1236 1607 1254 :
1624 1237 1633 1254 ι
1650 1227 1799 1262 Gisulphus

1012 1272 1163 1300 Guaimarii
1193 1274 1265 1302 ﬁlius
1277 1275 1360 1302 etiam
1386 1274 1517 1310 parvulus
1533 1273 1603 1308 patri
1627 1273 1799 1301 succedendo

1012 1318 1146 1352 regnavit.
1181 1318 1255 1346 Beati
1268 1319 1395 1354 apostoli,
1411 1318 1586 1354 evangelista:
1613 1325 1645 1344 ac
1670 1318 1798 1353 martyris

1013 1363 1132 1392 Ilatthaei
1153 1372 1263 1400 corpus,
1288 1364 1414 1392 Lucaniae
1436 1364 1537 1391 ﬁnibus
1569 1363 1759 1395 inventum,...
1783 1369 1799 1389 e

1010 1409 1134 1437 Paestano
1157 1410 1268 1437 civitate
1297 1417 1369 1437 anno
1384 1410 1458 1442 954,
1486 1414 1608 1445 tempore
1637 1407 1799 1444 praesulatus

1011 1456 1142 1484 Bernardi
1171 1456 1204 1488 ll,
1233 1464 1338 1484 summa
1357 1464 1419 1484 cum
1450 1455 1624 1483 veneratione
1649 1455 1678 1482 in
1703 1455 1798 1490 urbem

1012 1502 1215 1530 Salernitauam
1238 1502 1390 1535 transtulit,
1411 1502 1490 1538 cujus
1517 1502 1666 1529 adventum
1688 1504 1800 1528 sanctus

1012 1547 1198 1574 Grammatius
1229 1547 1250 1574 Il
1279 1548 1468 1574 Salernitauus
1508 1547 1664 1582 episcopus.
1695 1546 1809 1574 ultimis

1011 1593 1072 1628 ejus
1087 1593 1148 1620 vitae
1166 1593 1242 1621 horis
1262 1593 1305 1621 his
1329 1593 1455 1628 praedixit
1472 1593 1564 1620 verbis
1591 1601 1598 1621 :
1632 1602 1642 1619 ι
1662 1593 1722 1620 Non
1738 1595 1799 1627 post

1009 1638 1096 1666 multa
1114 1643 1235 1673 tempora
1259 1638 1373 1666 ecelesia
1402 1637 1573 1666 Salernitana
1606 1638 1711 1666 caelesti
1740 1636 1801 1665 the-

1009 1692 1091 1712 sauro
1127 1684 1312 1718 decorabitur,
1344 1689 1427 1720 atque
1456 1686 1489 1712 ad
1525 1693 1661 1713 summum
1689 1685 1799 1714 honoris

1009 1731 1116 1766 apicem
1133 1731 1261 1759 ducetur.
1288 1731 1399 1760 Festum
1429 1739 1495 1758 vero
1514 1731 1592 1759 dictae
1613 1731 1800 1759 translationis

1009 1776 1123 1812 singulis
1138 1778 1291 1812 quibusque
1313 1778 1395 1805 annis
1406 1778 1495 1813 pridie
1511 1777 1603 1804 Nonas
1618 1777 1680 1805 Maii
1697 1777 1798 1806 solem-

1010 1823 1081 1850 niter
1099 1830 1146 1858 per
1156 1827 1218 1850 octo
1227 1823 1285 1851 dies
1300 1823 1422 1859 hymnis,
1453 1824 1524 1851 rosis
1544 1828 1572 1851 et
1588 1823 1713 1856 floribus,
1741 1830 1800 1851 ila-

1009 1869 1083 1895 ximo
1101 1868 1193 1903 populi
1220 1876 1355 1896 concursu
1382 1869 1538 1896 celebratur
1565 1878 1573 1896 :
1598 1869 1799 1903 universusque

1009 1913 1111 1946 clerus,
1130 1914 1252 1947 abbates,
1264 1922 1296 1941 ac
1310 1915 1558 1950 comprovinciales
1573 1915 1664 1942 cuncti
1675 1915 1798 1949 episropi

1010 1959 1107 1993 primis
1121 1961 1254 1994 vesperis,
1267 1968 1319 1987 nuc
1338 1967 1394 1986 non
1416 1960 1504 1987 missa:
1522 1960 1639 1988 solemni
1663 1960 1799 1987 interesse

1011 2005 1224 2040 compelluntur.
1241 2015 1250 2031 ι
1270 2006 1333 2033 Hmc
1357 2005 1459 2032 Mazza.
1485 2005 1562 2039 Quod
1577 2011 1668 2034 autent
1694 2011 1799 2041 spectat

1011 2053 1045 2080 ad
1073 2052 1279 2089 praedictionem
1306 2052 1392 2080 sancti
1427 2052 1600 2084 brammatii,
1633 2059 1692 2079 eam
1716 2052 1797 2079 etiam

1012 2100 1094 2128 refert
1115 2099 1254 2135 Ughellus,
1277 2100 1304 2126 in
1317 2099 1520 2134 Archiepisropis
1539 2097 1727 2131 Salernilania,
1740 2099 1798 2126 sive

1011 2151 1078 2173 tom.
1090 2145 1144 2177 Vll,
1158 2145 1210 2172 col.
1226 2144 1279 2172 559
1290 2145 1317 2172 ln
1334 2149 1428 2171 sancto
1446 2144 1621 2174 Grammatio,
1640 2144 1686 2178 qui
1697 2143 1796 2170 ibidem

1011 2192 1111 2219 dicitur
1124 2191 1228 2218 colidie
1244 2190 1270 2216 Η
1289 2190 1435 2222 Octobris;
1453 2190 1486 2216 ad
1521 2196 1601 2224 quem
1619 2189 1691 2216 diem
1717 2189 1798 2215 latius

973 2242 995 2269 ι)
1010 2236 1080 2271 apud
1103 2244 1155 2263 nos
1170 2236 1321 2263 examinari
1337 2235 1449 2270 poterit.
1478 2234 1515 2261 De
1539 2234 1652 2269 reliquis
1671 2233 1798 2261 similiter

1012 2282 1108 2308 Macae
1121 2281 1270 2308 assentitur
1287 2280 1420 2313 Ughellus
1433 2280 1460 2306 in
1475 2280 1615 2307 Bernardo
1632 2279 1664 2312 ll,
1677 2279 1794 2310 col.362,

1011 2327 1139 2361 additque
1155 2334 1255 2360 corpus
1276 2325 1396 2352 delatum
1413 2333 1474 2352 esse
1491 2325 1518 2352 in
1533 2324 1680 2353 ecclesiam
1709 2325 1797 2360 major

1010 2380 1067 2399 rem
1088 2376 1190 2399 sancta:
1204 2371 1303 2398 Maria}.
1334 2371 1437 2405 Gaspar
1460 2370 1551 2398 Musca
1572 2370 1600 2396 in
1625 2370 1795 2405 Compendiu

1010 2419 1078 2447 Viue
1093 2419 1179 2447 saneti
1202 2417 1322 2445 Matthmi
1337 2418 1371 2444 de
1393 2417 1435 2444 his
1451 2417 1489 2444 ait
1509 2426 1516 2444 :
1534 2426 1543 2444 ι
1567 2417 1647 2444 Anno
1665 2425 1728 2444 vero
1744 2416 1795 2444 955

1011 2465 1062 2492 sub
1079 2465 1191 2500 Agapito
1209 2463 1329 2491 secundo
1343 2464 1446 2498 jpnpa),
1476 2463 1632 2490 Beruardus
1658 2462 1810 2490 secundus.

1011 2511 1093 2546 hujus
1109 2510 1228 2538 nominis
1244 2509 1397 2544 episcopus,
1422 2516 1454 2535 ac
1485 2508 1633 2543 Gisulpbus
1668 2508 1809 2543 princeps.

1010 2556 1245 2584 Salernitanorum
1262 2555 1306 2582 die
1320 2558 1396 2581 sexta
1409 2553 1484 2585 Maii,
1499 2561 1602 2588 corpus
1629 2553 1747 2588 apostoli
1761 2561 1794 2580 ex

1011 2603 1134 2630 Pmstana
1154 2600 1266 2628 civitate
1289 2598 1445 2631 Salernum,
1462 2599 1489 2625 in
1503 2597 1688 2625 cathedralem
1707 2598 1796 2625 eccle-

1011 2649 1079 2676 siam
1103 2646 1155 2674 sub
1185 2645 1318 2673 vocabulo
1359 2644 1467 2672 Sanctae
1500 2643 1589 2670 Marize
1629 2643 1794 2678 Angelorum

1013 2691 1155 2721 transferri
1171 2695 1313 2723 curarunt,
1327 2691 1354 2717 in
1370 2699 1423 2725 qua
1438 2689 1573 2724 requievit
1600 2696 1688 2715 annos
1702 2687 1764 2714 t'ZI.
1783 2697 1792 2708 ι

1010 2739 1050 2766 De
1071 2739 1121 2765 hac
1146 2736 1324 2764 translatione
1342 2737 1433 2772 itaque
1462 2744 1516 2764 non
1542 2735 1650 2764 videtur
1666 2734 1794 2761 dubitan-

1011 2785 1085 2812 dum.

1046 2829 1092 2855 67.
1110 2829 1234 2855 Attamen
1259 2828 1310 2854 alia
1333 2827 1464 2854 nonnulla
1476 2825 1793 2856 veniuntcxaminanda,

1012 2883 1072 2911 qua:
1090 2875 1125 2903 in.
1138 2873 1260 2909 cerporis
1293 2872 1455 2901 inventione
1470 2878 1496 2901 ct
1514 2877 1575 2899 ante
1587 2871 1794 2899 translationem
