2047 3152
239 210 287 241 791

866 209 1006 240 MENSIS
1025 208 1258 238 Sl‘Ii’l‘EiiBEll.

1806 203 1859 234 792

240 268 444 296 Salernitanam
460 275 552 296 narrat
567 269 713 300 Marsilius,
730 274 756 296 et
770 269 888 296 breviter
902 268 1025 294 laudatus
1041 269 1062 295 Α
1078 267 1194 300 aliquot.
1213 267 1313 300 quibus
1339 265 1408 292 facta
1436 266 1463 292 i'n
1493 273 1544 292 ms.
1574 264 1656 290 relata
1684 262 1769 297 magis
1793 261 1861 289 fiunt

241 315 329 342 Musca
343 317 502 351 perstringit
527 316 568 343 his
581 317 669 343 verbis
687 325 694 342 ε
714 326 722 341 ι
744 315 803 349 Quo
819 315 940 349 tempore
958 315 1022 341 bea-

239 360 362 388 tissimus
384 361 523 396 apostolus
543 360 656 397 Pelagia:
671 362 780 388 cuidam
800 360 909 388 moniali
925 359 1023 386 vetule

240 407 267 433 in
293 407 397 433 somnis
433 414 531 440 corpus
556 415 636 434 suum
667 406 862 438 manifestans,
882 406 940 441 ipsa
969 405 1024 432 lilio
1047 406 1051 408 ’

241 453 388 480 Athanasio
401 453 546 485 monacho,
563 453 608 488 qui
622 454 647 480 in
660 454 739 480 altari
762 454 878 487 quodam
891 460 906 479 a
928 452 1025 479 barba-

241 499 279 525 ris
290 499 391 531 diruto,
400 503 426 526 et
435 500 562 534 vepribus
574 500 755 534 undequaque
771 504 905 532 contecto,
916 506 1024 526 sacrum

242 551 345 578 corpus
373 545 524 579 reperiens,
550 545 650 572 exinde
676 545 709 572 ad
742 552 853 580 parvam
882 544 1025 572 ecclesiam

244 597 330 624 prope
347 590 499 617 Paestanam
515 590 653 618 civitatem
669 591 778 618 locavit.
792 590 861 618 ilinc
870 599 933 618 vero
942 590 1025 617 Joan-

244 642 294 662 nes
306 635 446 663 Paestanus
459 636 602 671 episcopus
621 637 654 664 ad
685 637 870 664 cathedralem
896 635 1027 663 vocabulo

244 681 350 708 Sanctrc
371 681 460 708 Maria:
485 682 584 709 eximia
612 691 709 717 pompa
739 682 902 718 deportavit.
924 691 932 707 ι
958 681 1027 708 Mar-

247 727 325 754 siliua
352 736 412 763 cap.
437 728 453 754 ’1
475 736 527 755 una
544 737 606 755 cum
629 730 761 756 relatione
784 737 837 756 ms.
859 728 952 759 habet,
978 727 1027 754 Pc-

246 773 325 808 lagiat
337 774 497 808 apparuisse
511 778 635 801 sanctum
652 775 808 801 Mattbmum
827 774 917 800 tribus
932 781 1029 800 consc-

245 824 363 853 quenter
403 819 540 851 noctibus,
567 820 647 854 eique
679 820 752 847 varia
783 821 918 847 indicasse
942 821 1029 855 signa,

247 865 347 901 quibus
356 873 464 893 sacrum
475 875 575 902 corptts
592 867 769 902 reperiretur,
781 867 950 902 jussisscque
973 874 1030 892 mu-

248 911 295 939 nia
315 919 375 939 eam
389 913 509 940 indicare
519 908 668 941 Athanasio
680 913 744 945 lilio,
761 921 788 941 et
803 922 863 942 cum
881 921 914 941 eo
929 921 1030 947 corpus
1047 932 1069 961 Β

248 965 381 993 quaerere.
400 957 491 984 Tertia
506 964 595 985 autem
611 964 701 988 nocte,
715 959 736 985 si
748 965 803 985 rem
829 964 901 984 recte.
920 965 1031 983 enarra-

249 1004 288 1031 vit
305 1009 412 1036 auctor,
427 1004 523 1031 eadem
551 1004 620 1031 visio
638 1005 763 1038 apparuit
782 1004 862 1030 etiam
885 1004 1033 1030 Athana<io

251 1049 396 1080 monacho,
411 1054 438 1076 et
454 1050 562 1083 utrique
572 1057 679 1084 poenam
695 1050 835 1076 minitatus
847 1053 888 1076 est
899 1056 1034 1083 apparens

251 1094 403 1128 apostolus,
420 1094 471 1120 nisi
488 1094 520 1120 ad
540 1101 647 1121 sacrum
667 1102 768 1128 corpus
796 1094 969 1127 qumrcndum
1004 1101 1034 1120 se

251 1139 435 1173 accingerent.
461 1139 632 1174 Quapropter
651 1148 731 1167 mane
752 1140 832 1167 simul
857 1139 1035 1174 egrediuntur

251 1193 299 1220 per
317 1186 387 1212 viam
405 1185 564 1216 indlcatam,
579 1191 704 1220 quat-runt
730 1187 791 1213 data
809 1186 920 1217 indicia,
939 1189 966 1212 ct
979 1185 1034 1212 cito

251 1231 404 1266 reperiunt.
422 1231 561 1258 Fodienda
581 1232 662 1266 igitur
677 1231 762 1259 altare
774 1233 914 1266 detegunt,
928 1234 1035 1258 amota-

252 1285 305 1312 que
333 1285 427 1306 mensa
445 1285 608 1310 marmorea,
632 1286 738 1305 sacrum
761 1286 861 1313 corpus
879 1277 1033 1304 inveniunt.

254 1323 311 1353 [loc
329 1332 393 1351 vero
409 1324 497 1352 defert
508 1324 673 1351 Athanasius
685 1324 717 1351 ad
733 1324 827 1351 matris
842 1324 962 1354 domum,
982 1321 1036 1350 ibi-

256 1379 309 1405 que
331 1371 465 1398 asservari
483 1371 570 1406 jubet,
599 1372 688 1406 inquit
716 1371 861 1404 lilarsilius,
888 1381 897 1397 ι
916 1373 1036 1407 quandiu

255 1417 347 1444 divina
361 1417 487 1451 quapiam
510 1417 677 1445 rovelatione
698 1422 852 1448 moneatur,
866 1417 931 1452 quid
943 1419 975 1445 de
1004 1427 1037 1446 eo

254 1461 290 1488 sit
321 1460 450 1498 deinceps
476 1461 510 1489 ab
531 1462 597 1497 ipsis
625 1463 771 1497 agentium.
797 1472 807 1489 ι
828 1462 901 1490 Nihil
930 1464 958 1491 in
984 1473 1036 1492 ms.

254 1506 353 1542 legitur
365 1507 398 1534 de
412 1511 570 1544 exspectata
585 1507 635 1538 hac
654 1508 830 1541 revelatione,
848 1509 916 1537 nihil
930 1518 1037 1546 quoque

254 1552 288 1581 de
304 1553 433 1580 mandato
448 1553 654 1591 apostoli,quod
672 1554 808 1583 Marsilius
820 1556 927 1589 astruit,
939 1565 998 1592 cap.
1009 1557 1036 1585 8.

257 1601 286 1625 ut
298 1605 397 1632 corpus
410 1598 605 1626 transferretur
619 1600 775 1630 Salernum.

290 1643 334 1671 68.
351 1643 416 1671 Post
424 1645 610 1680 apparitiones
623 1645 737 1682 Pelagia:
750 1653 776 1674 et
785 1648 933 1677 Athanasio
943 1649 1037 1682 factas,

255 1687 284 1715 in
300 1696 415 1723 quarum
428 1689 522 1716 ultima
539 1690 618 1717 mina:
629 1696 708 1718 erant
727 1693 871 1727 adjuncta,
887 1694 915 1721 in
925 1702 976 1722 ms.
998 1695 1040 1722 iu-

256 1734 349 1761 ventio
377 1734 417 1762 sic
433 1735 551 1762 refertur
575 1745 582 1763 ι
606 1746 615 1761 ί
644 1736 702 1769 Qua
731 1739 943 1768 eontminatione
966 1748 1041 1768 com-

257 1780 352 1814 pulsus
392 1781 567 1814 Athanasius,
616 1782 771 1811 faleastrum
819 1784 1040 1820 (instrumentum

258 1826 336 1853 falcis
368 1827 455 1855 instar
466 1828 498 1855 ad
525 1829 736 1858 rescindendum
757 1833 864 1867 vepres)
895 1833 1040 1868 arripiens,

257 1873 418 1907 pratdiclunt
444 1875 494 1902 sibi
519 1875 607 1902 locum
641 1877 745 1905 curiosa
767 1877 939 1913 indagatione
960 1880 1043 1914 carpit

258 1919 407 1954 inquirere.
426 1919 479 1948 Sed
500 1921 523 1949 is
548 1922 624 1950 locus
653 1928 727 1951 tanta
747 1929 806 1952 erat
828 1925 952 1960 veprium
977 1927 1042 1954 den-

258 1966 342 1995 sitate
364 1972 516 1998 contectus,
544 1973 573 1996 ut
599 1969 700 2004 nullus,
725 1978 777 2004 qua
799 1970 904 2005 ingredi
939 1978 1041 2006 poSSct,

259 2017 367 2050 pateret
381 2013 527 2041 aditus.Et
554 2022 615 2041 cum
648 2015 770 2049 veprium
795 2015 958 2045 densitatem
989 2021 1043 2044 toto

260 2057 325 2085 nisu
338 2058 503 2090 succideret,
525 2059 632 2086 tandem
656 2067 752 2087 eversa
783 2061 913 2093 ecclesia,
945 2066 975 2089 ut
992 2063 1042 2090 sibi

262 2111 312 2138 per
335 2105 532 2133 revelationem
553 2113 662 2133 ostensa
678 2105 776 2139 fuerat,
794 2108 880 2135 oculis
896 2108 967 2136 illius
995 2117 1044 2144 ap-

260 2153 339 2184 paret
360 2157 370 2176 :
385 2150 431 2176 sed
449 2149 544 2182 altare,
558 2150 618 2184 quia
643 2151 768 2186 congerie
795 2151 934 2186 spinarum
962 2158 1044 2188 atque

260 2194 412 2222 urticarum
433 2195 580 2223 admodum
597 2201 653 2224 erat
670 2202 838 2230 contectum,
867 2198 979 2225 minin-e
999 2207 1045 2233 po-

261 2246 332 2268 terat
347 2241 458 2268 intueri.
477 2240 555 2268 Tunc
579 2242 666 2273 caesis,
684 2250 743 2278 quae
766 2248 937 2277 supererant,
959 2244 1045 2279 spinis

261 2295 292 2317 ae
309 2287 443 2321 sentibus,
458 2287 491 2314 ad
505 2287 577 2322 quod
587 2288 642 2322 jam
654 2288 784 2323 ﬂagrandi
800 2288 937 2316 desiderio
953 2291 1043 2318 inten-

261 2335 353 2366 debat,
367 2335 454 2372 ipsum
476 2334 556 2361 etiam
572 2334 657 2361 altare
672 2334 775 2362 invenit
793 2343 800 2361 :
824 2335 965 2363 inventum
983 2345 1043 2364 cum

263 2390 278 2406 ιι
291 2389 357 2416 agna
373 2381 479 2412 cautela
498 2388 620 2408 reserare
640 2382 775 2408 tentavit:
803 2386 830 2408 et
857 2387 885 2408 ut
914 2391 1044 2415 marmor,

262 2435 315 2460 quo
333 2427 403 2453 idem
417 2427 501 2454 altare
520 2432 580 2455 erat
594 2431 731 2462 opertum,
750 2436 781 2455 ex
798 2436 848 2455 suo
871 2428 931 2455 loco
945 2429 1046 2456 movis-

262 2479 314 2505 set,
344 2473 416 2501 illico
439 2473 515 2500 lecus
540 2474 653 2508 quadris
681 2478 826 2501 contextus
851 2475 994 2505 lateribus.
1019 2476 1045 2501 in

263 2526 318 2553 quo
345 2526 447 2554 corpus
478 2519 644 2546 sanctissimi
668 2520 782 2555 apostoli
815 2525 841 2547 et
877 2521 1048 2556 evangelista

262 2563 432 2602 quiescebat,
445 2565 581 2600 apparuit.
597 2565 661 2593 Inde.
674 2566 841 2595 Athanasius
853 2566 1049 2594 tremebundus

257 2618 365 2651 corpus
379 2611 494 2647 apostoli
509 2611 650 2647 detegens,
667 2620 729 2639 cum
754 2612 838 2642 multa
853 2612 993 2648 diligentia
1022 2613 1048 2639 in

264 2659 379 2689 sindone
394 2659 494 2688 munda
507 2659 630 2689 involvit.
643 2657 756 2692 suisque
770 2658 913 2693 imponens
928 2658 1049 2684 humeris

264 2704 297 2732 ad
327 2704 468 2741 proprium
484 2704 669 2732 habitaculum
686 2704 828 2734 remeavit.
844 2708 871 2730 et
898 2703 1048 2738 pretiosum

263 2750 428 2782 thesaurum
443 2750 520 2779 matri
543 2749 752 2777 custodiendum
782 2749 866 2776 dedit.
889 2759 897 2774 1
927 2747 985 2774 Mox
1022 2749 1048 2776 in

264 2803 315 2823 ms.
327 2796 461 2829 sequitur,
477 2795 597 2823 voluisse
610 2795 790 2822 Athanasium
813 2794 901 2829 primo
913 2793 1049 2820 Constan-

263 2842 416 2876 tinopolim,
453 2842 554 2869 deinde
585 2841 710 2873 Romam,
735 2849 796 2868 cum
827 2847 905 2868 sacro
936 2847 1049 2874 corpore

264 2887 411 2920 navigare;
428 2888 474 2914 sed
484 2887 519 2914 ab
529 2892 646 2922 utroque
660 2887 757 2914 itinere
769 2886 937 2921 impeditum.
949 2885 1048 2913 Eadem

265 2938 370 2964 narrat,
386 2939 446 2970 cap.
459 2933 486 2966 8,
505 2932 651 2966 Marsilius,
680 2933 728 2960 sed
753 2939 809 2960 non
826 2931 885 2960 sine
911 2932 1044 2970 adiunctis

1074 311 1274 346 improbabilia,
1285 317 1313 339 et
1325 312 1422 347 magis,
1433 319 1512 346 quam
1527 317 1640 338 necesse
1649 314 1700 337 est.
1716 313 1861 335 accusatur

1074 358 1254 385 Athanasius.

1110 414 1156 446 69.
1178 413 1267 447 Quare
1302 414 1352 441 ista
1374 420 1480 447 quoque
1512 420 1544 439 ex
1563 419 1615 439 ms.
1636 411 1691 438 huc
1715 409 1832 437 traduce.
1855 417 1863 436 :

1078 468 1088 485 ‹
1108 459 1213 485 Interea
1228 458 1295 486 clam
1312 457 1516 484 sanctissimum
1540 463 1642 490 corpus
1666 454 1865 482 Constantino-

1076 504 1171 539 poleos
1187 504 1295 531 deferre
1311 503 1494 531 meditabatur
1510 502 1543 529 ad
1556 502 1664 532 urbem,
1682 507 1778 527 revera
1807 507 1864 528 non

1077 549 1216 583 religionis
1250 549 1349 584 gratia,
1377 547 1425 575 sed
1455 547 1523 574 lucri
1560 546 1710 581 cupiditate
1744 544 1864 571 illectus.

1079 593 1224 629 lgnorante
1243 593 1332 629 itaque
1351 597 1451 624 matre,
1480 591 1579 618 tollens
1599 590 1716 625 apostoli
1749 595 1864 623 corpus,

1078 639 1250 673 Atnalphiam
1284 638 1360 666 adire
1376 637 1502 668 tentavit,
1527 645 1640 673 sperans
1655 644 1683 663 se
1700 635 1736 662 ibi
1755 634 1865 669 aliquod

1080 686 1256 712 inventurum
1274 692 1335 711 esse
1349 683 1501 718 navigium,
1525 689 1580 717 quo
1597 679 1865 714 Constantinopolim

1081 736 1250 768 properaret.
1280 730 1403 764 Cumque
1430 728 1545 755 festinus
1567 727 1688 754 lembum
1725 727 1866 756 intrasset,

1080 777 1141 804 velo
1165 784 1296 811 remoque
1324 775 1476 802 nitentibus
1494 774 1595 804 nautis,
1623 773 1657 800 ad
1683 774 1786 803 locum,
1811 780 1868 807 quo

1081 822 1271 857 disposuerat,
1282 821 1369 856 pergit
1397 821 1445 846 ire.
1470 819 1522 846 Sed
1543 823 1572 846 ut
1592 818 1667 845 navis
1688 817 1828 853 paululum
1853 824 1868 843 a

1083 873 1155 895 terra
1175 867 1357 897 discessisset.
1376 870 1459 892 ruunt
1484 864 1590 899 agmina
1606 868 1759 894 ventorum,
1776 861 1868 897 pluvia

1083 918 1110 940 et
1127 916 1276 946 tempestas
1290 916 1382 938 exorta
1398 915 1450 942 est,
1470 910 1496 936 in
1525 913 1631 936 tantum
1665 908 1805 942 equidem,
1839 911 1871 933 ut

1085 958 1129 985 vix
1141 958 1173 984 ad
1186 961 1305 992 portum,
1339 963 1419 990 quem
1452 954 1614 989 reliquerat,
1642 957 1784 980 remearet.
1811 952 1871 979 Hoc

1085 1005 1130 1032 ille
1157 1003 1305 1030 frustratus
1328 1001 1454 1033 consilio,
1479 1000 1579 1027 iterum
1606 1007 1698 1026 secum
1721 998 1870 1032 cogitabat,

1084 1049 1204 1084 qualiter
1216 1055 1277 1074 cum
1291 1045 1466 1073 sanctissimo
1493 1051 1609 1079 corpore
1637 1042 1751 1070 Romam
1769 1050 1873 1077 prope-

1086 1099 1158 1122 raret
1175 1103 1181 1121 :
1198 1093 1246 1124 sed
1268 1099 1439 1127 nequaquam
1457 1090 1502 1117 Dei
1520 1089 1604 1117 valuit
1627 1088 1759 1116 obsistere
1773 1088 1874 1114 volun-

1086 1141 1144 1173 tati,
1160 1140 1205 1175 qui
1220 1139 1274 1166 tale
1288 1139 1315 1165 in
1323 1139 1372 1165 has
1392 1140 1482 1172 partes
1494 1136 1622 1171 dignatus
1632 1139 1674 1162 est
1685 1133 1874 1161 transmittere

1086 1187 1199 1214 donum.
1218 1185 1285 1213 Nam
1303 1185 1394 1211 denuo
1406 1182 1515 1217 navigio
1530 1185 1694 1217 prmparato,
1721 1180 1874 1214 assumptis

1086 1232 1183 1260 validis
1215 1232 1243 1260 in
1269 1229 1427 1265 rcmigando
1457 1228 1535 1259 viris,
1564 1227 1668 1263 placida
1696 1232 1805 1260 aequora
1833 1229 1876 1252 est

1089 1279 1238 1314 ingressus.
1256 1276 1309 1303 Sed
1327 1280 1473 1310 antequam
1492 1273 1569 1300 littus
1581 1272 1623 1299 vix
1642 1271 1730 1300 oculis
1748 1270 1877 1304 reliquis-

1087 1330 1140 1357 set,
1157 1324 1253 1359 ingens
1266 1321 1385 1359 procella
1402 1321 1492 1348 subito
1508 1320 1608 1354 erupit,
1619 1319 1656 1346 ita
1677 1322 1707 1345 ut
1738 1317 1781 1343 vix
1795 1323 1876 1344 vora-

1087 1371 1176 1408 ginem
1193 1369 1342 1397 evaderent
1376 1366 1474 1402 pelagi.
1502 1365 1635 1395 Tandem,
1661 1363 1783 1398 quamvis
1811 1369 1876 1388 cum

1088 1424 1184 1452 magna
1206 1414 1346 1444 mmstitia,
1372 1412 1522 1439 semivivus
1539 1418 1602 1438 suos
1626 1409 1696 1437 redit
1713 1408 1746 1436 ad
1780 1408 1874 1435 lines:

1088 1468 1204 1495 cumque
1219 1458 1392 1494 cognovisset
1406 1457 1550 1488 veraciter,
1562 1455 1612 1483 sibi
1628 1454 1713 1482 Deum
1728 1453 1876 1484 obsistere,

1089 1510 1116 1533 et
1131 1505 1199 1532 adeo
1225 1508 1321 1531 contra
1346 1510 1375 1530 se
1390 1499 1559 1528 insensibilia
1578 1500 1715 1527 elementa
1740 1503 1876 1532 pugnare,

1089 1551 1116 1578 in
1130 1550 1256 1581 ecclesia,
1276 1556 1336 1583 quas
1363 1555 1418 1574 non
1435 1547 1514 1581 longe
1533 1553 1547 1572 a
1562 1545 1629 1572 cella
1649 1544 1722 1571 illius
1742 1542 1878 1573 siluerat,

1053 1608 1076 1639 ς
1091 1596 1305 1625 sacratissimum
1323 1594 1468 1622 abscondit
1483 1593 1652 1619 thesaurum.
1668 1599 1677 1615 ι
1696 1589 1759 1617 ilac
1776 1589 1802 1615 in
1812 1595 1877 1618 ms.,

1092 1651 1124 1671 ex
1139 1651 1194 1678 quo
1212 1642 1308 1676 nequit
1327 1645 1403 1668 certo
1419 1638 1523 1674 colligi,
1547 1636 1723 1664 Athanasium
1741 1635 1880 1662 Constan-

1092 1689 1207 1723 tinopoli
1235 1693 1282 1714 aut
1300 1687 1391 1714 Roma:
1421 1693 1528 1712 sacrum
1559 1691 1659 1718 corpus
1684 1682 1803 1708 vendere
1828 1687 1880 1706 vo—

1091 1736 1186 1767 luisse,
1205 1739 1234 1761 ut
1248 1733 1343 1760 scribit
1360 1732 1504 1759 Marsilius.
1530 1730 1648 1757 Lucrum
1675 1724 1746 1755 enim
1766 1735 1881 1762 sperare

1092 1785 1209 1817 poterat,
1222 1779 1327 1807 etiamsi
1343 1786 1441 1813 corpus
1459 1786 1512 1804 non
1535 1776 1681 1804 venderet,
1708 1782 1740 1800 ev
1758 1773 1882 1800 benevo-

1091 1828 1177 1855 lentia
1189 1832 1215 1854 et
1232 1826 1394 1853 liberalitate
1408 1832 1516 1855 eorum,
1537 1823 1636 1858 quibus
1655 1821 1719 1848 illud
1749 1821 1878 1848 donaret.

1095 1875 1153 1901 Alia
1176 1873 1285 1900 Marsilii
1303 1871 1433 1906 adjuncta
1445 1871 1533 1897 mitto.

1129 1931 1172 1958 70.
1195 1929 1258 1956 Post
1279 1928 1340 1956 data
1361 1927 1442 1954 verba
1465 1931 1559 1954 auctor
1587 1932 1638 1952 nts.
1667 1929 1770 1957 narrat,
1796 1923 1878 1950 iuno.-

1095 1977 1179 2004 tuisse
1193 1975 1290 2003 Joanni
1315 1973 1443 2008 episcopo
1456 1972 1579 1999 Paestano
1613 1970 1799 1997 inventionem
1814 1977 1880 1996 cor-

1095 2022 1168 2057 poris
1182 2021 1269 2048 sancti
1286 2018 1420 2050 Mattltmi;
1436 2024 1554 2051 eumque
1572 2023 1633 2042 cum
1648 2014 1755 2042 clericis
1775 2014 1881 2048 aliquot

1095 2066 1248 2103 porrexisse
1262 2073 1310 2099 per
1324 2070 1418 2090 auram
1448 2062 1564 2096 pluviam
1591 2064 1617 2086 et
1633 2065 1772 2086 ventosam
1785 2059 1818 2085 ad
1839 2059 1882 2085 lu-

1095 2120 1168 2144 cum,
1196 2110 1240 2136 uhi
1264 2108 1416 2143 depositum
1444 2111 1519 2139 crat;
1542 2113 1629 2140 eoque
1652 2103 1742 2132 vocari
1765 2103 1884 2138 iussisse

1097 2155 1283 2184 Athanasium.
1299 2153 1387 2184 llunc,
1403 2152 1448 2179 ubi
1465 2151 1624 2181 advenerat,
1639 2150 1672 2176 de
1688 2149 1799 2175 invento
1817 2155 1881 2174 cor—

1096 2210 1161 2238 pore
1184 2202 1343 2233 intcrrogat.
1360 2206 1390 2225 ac
1410 2197 1631 2232 tergiversantem
1658 2194 1738 2221 minis
1753 2198 1840 2228 urget,
1855 2197 1884 2219 et

1098 2249 1137 2276 sic
1151 2247 1265 2277 obtinet,
1290 2250 1319 2272 ut
1334 2245 1368 2272 ad
1384 2243 1531 2271 videndum
1549 2250 1656 2269 sacrutn
1682 2248 1782 2275 corpus
1795 2239 1885 2266 duca-

1100 2299 1153 2326 tur,
1170 2292 1288 2326 illudque
1301 2299 1362 2318 eum
1379 2289 1485 2317 clericis
1497 2289 1598 2316 videat.
1616 2296 1625 2313 ‹
1642 2287 1791 2321 Episcopus
1805 2293 1883 2315 vero,

1099 2340 1136 2366 ait
1151 2341 1255 2369 auctor,
1275 2343 1382 2363 sacrum
1397 2342 1496 2369 corpus
1510 2333 1573 2368 (jam
1588 2330 1686 2365 vi'suut)
1702 2331 1817 2358 sindone
1834 2331 1886 2356 ite-

1099 2392 1158 2411 rum
1175 2382 1326 2409 involutum
1345 2380 1437 2407 annuli
1449 2379 1489 2406 sui
1503 2377 1681 2413 impressione
1698 2375 1825 2410 signavit,
1843 2375 1878 2401 si<

1099 2434 1209 2465 gnatum
1225 2428 1252 2454 in
1268 2435 1328 2453 arca
1348 2426 1416 2452 seris
1433 2424 1547 2455 munita,
1563 2423 1658 2458 sigillis
1674 2421 1800 2448 similiter
1815 2428 1882 2446 con-

1099 2477 1214 2510 signata,
1231 2473 1361 2508 reposuit.
1384 2482 1392 2497 ι
1411 2472 1458 2498 liis
1472 2470 1560 2500 iactis,
1576 2469 1597 2496 si
1616 2468 1753 2496 credimus
1766 2466 1884 2498 auctori,

1100 2521 1178 2557 petiit
1192 2519 1348 2555 episcopus,
1363 2523 1390 2544 ut
1412 2515 1577 2544 Athanasius
1594 2513 1744 2542 monachus
1758 2511 1885 2538 esurien-

1102 2567 1175 2593 tibus
1191 2566 1281 2592 cibum
1300 2567 1435 2599 quaereret
1462 2567 1488 2589 et
1505 2564 1665 2596 apponeret.
1681 2559 1716 2586 At
1740 2558 1786 2585 ille
1809 2557 1886 2584 cibos

1100 2612 1208 2646 quidem
1225 2610 1354 2641 habebat,
1368 2608 1415 2635 sed
1432 2608 1496 2634 vino
1511 2614 1623 2641 prorsus
1637 2604 1758 2632 carebat.
1773 2602 1885 2637 Episco-

1102 2665 1151 2694 pus
1169 2657 1249 2692 igitur
1263 2657 1333 2682 inter
1351 2653 1548 2682 comedendum
1570 2651 1753 2686 aﬂ'errijussit
1769 2657 1884 2676 vacuum

1101 2704 1256 2734 vasculum,
1277 2702 1349 2736 quod
1369 2701 1497 2729 omnibus
1511 2699 1650 2727 sulliciens
1665 2697 1758 2724 vinum
1775 2695 1885 2727 eﬂ‘udit,

1101 2751 1122 2776 si
1139 2756 1201 2776 vera
1224 2753 1316 2779 narrat
1331 2754 1490 2782 anonymus,
1512 2745 1557 2779 qui
1575 2753 1606 2772 ea
1622 2743 1746 2779 pluribus
1760 2741 1884 2776 exponit.

1102 2794 1234 2823 Manilius
1250 2801 1314 2820 vero
1325 2794 1399 2828 plura
1411 2784 1492 2819 etiam
1508 2791 1639 2825 adjungit.
1653 2788 1729 2821 Mihi,
1743 2793 1773 2815 ut
1787 2788 1886 2818 fatear,

1101 2839 1191 2866 omnia
1213 2839 1256 2864 illa
1272 2837 1358 2872 magis
1374 2840 1501 2870 suspecta
1523 2839 1586 2861 sunt
1604 2833 1737 2864 falsitatis,
1760 2839 1842 2866 quam
1857 2835 1888 2857 ut

1102 2885 1158 2919 ipsa
1173 2883 1253 2910 verba
1267 2883 1319 2909 huc.
1333 2882 1481 2910 transferre
1496 2880 1596 2910 lubeat.
1613 2878 1741 2913 Apertius
1756 2881 1797 2903 est
1812 2883 1888 2903 eom-

1101 2922 1236 2962 mcntum,
1251 2930 1323 2964 quod
1339 2928 1472 2965 sequitur,
1491 2934 1520 2954 ac
1537 2926 1559 2954 si
1575 2932 1656 2952 noctu
1672 2932 1719 2958 per
1735 2922 1890 2952 fenestram,
