2047 3152
133 212 186 243 793

774 211 863 240 ῊΤΑ
885 210 914 239 S.
937 209 1069 239 ΜᾹΤῚἩ
1083 210 1130 241 El'.

1707 214 1761 246 794'
1771 216 1777 222 “

134 272 162 298 in
177 271 322 299 ecclesiam
335 271 489 305 irrumpere
502 271 636 298 voluisset
651 270 828 302 Athanasius.
843 275 869 297 et
882 277 924 296 sa-
940 268 962 295 Α
980 269 1092 295 habebat
1110 270 1202 298 ﬁliam.
1221 271 1299 304 cujus
1321 271 1424 297 viscera
1440 274 1493 297 tam
1510 272 1634 306 gravibus
1648 277 1760 298 Conter-

133 325 208 344 erum
229 324 334 351 corpus.
347 317 414 344 clam
438 317 492 343 alio
513 316 665 351 deportare.
692 316 779 350 Eque
796 315 920 343 fabulosa

137 363 267 393 videntur
283 363 409 397 adjuncta
425 363 515 389 omnia
540 362 724 390 translationis
737 362 769 388 ad
784 361 919 388 civitatem

133 411 383 444 Caputaquensetn.
399 409 493 442 Itaque
506 408 614 435 omissis
630 408 742 442 reliquis
771 407 863 434 ultima
875 414 920 432 so-

135 455 188 481 lum
206 455 289 481 verba
306 454 439 489 subiungo
454 462 460 480 :
488 464 498 479 ι
515 453 652 485 Castrum,
674 452 716 480 cui
733 451 821 487 Caput
837 451 921 485 Aquis

135 507 233 525 noun-tt
251 503 301 528 est.
325 500 518 530 ascenderunt.
540 504 621 533 atque
638 499 667 526 in
687 498 799 525 ecclesia
819 501 920 524 sancta:

112 555 114 557 ι
138 543 255 580 Virginis
271 544 372 576 Mariae,
389 545 415 571 iu
436 553 489 579 qua
508 545 635 579 praelatus
650 545 795 580 episcopus
815 551 920 580 prmsu~

135 592 217 618 latum
231 591 351 626 regebat,
367 599 428 619 cum
442 591 514 619 omni
532 591 683 619 reverentia
695 591 892 626 deposuerunt.
908 600 917 616 ›

136 638 173 668 Ex
199 637 242 664 his
260 638 373 670 .verbis,
402 638 424 665 si
452 638 515 672 quid
543 638 643 671 valent,
672 642 745 665 recte
774 638 919 672 colligitur,

137 684 280 718 episcopos
296 684 500 719 Paestanosjam
516 684 614 711 szeculo
629 693 641 711 ι
659 684 793 711 resedisse
810 683 836 711 in
856 683 922 710 civi-

138 734 190 756 tate
212 729 425 764 Caputaqueusi,
450 735 477 757 et
494 735 691 764 cauqutienter
709 730 853 764 episcopos
869 728 921 756 Ca-

136 780 321 810 putaqucnses
345 783 375 802 ex
403 775 534 805 Paestanis
562 781 647 806 ortos.
674 776 708 804 de
736 783 790 811 quo
816 775 922 803 dubi-tat

138 820 279 855 Ughellus.
297 822 396 847 Verum
412 823 444 848 ad
464 830 521 848 rem
538 821 692 849 redeamus.

171 867 215 894 71.
238 867 368 894 Audierat
393 867 541 902 Gisulphus
579 869 705 902 princeps
732 867 920 895 Salernitanus

136 913 323 941 inventionem
336 919 363 941 et
381 914 586 942 translationem
603 915 672 942 sacri
685 915 820 950 corporis,
833 923 920 950 eaque

143 961 176 990 de
191 968 285 988 causa.
300 971 309 986 1
324 960 442 988 Nimium
460 961 494 988 de
522 961 588 988 tanti
618 961 737 988 thesauri
763 961 921 988 inventione

136 1006 256 1042 gavisus,
280 1006 317 1033 ait
340 1014 492 1042 anonymus
517 1007 543 1034 in
578 1014 642 1039 ms..
668 1006 833 1034 venerabilis
859 1007 922 1035 vitae

135 1052 268 1083 Joannem
295 1052 421 1081 abbatent
449 1053 572 1087 aliosque
592 1052 767 1080 honorabiles
790 1053 864 1080 virus
888 1052 920 1080 ad

135 1097 289 1125 l’mstanuut
309 1097 407 1126 direxit
430 1099 598 1133 episcopum.
616 1098 762 1131 mandans,
784 1103 811 1125 ut
828 1102 921 1133 patro-

135 1143 236 1171 cinium
262 1143 356 1178 patria:
382 1143 560 1171 Salernitana:
586 1143 763 1170 adinventum
793 1143 842 1170 sibi
871 1144 922 1171 sub

136 1190 210 1217 omni
232 1189 372 1216 celeritate
403 1190 609 1217 transmitteret.
637 1189 767 1224 Sequenti
792 1197 856 1216 vero
878 1190 922 1218 die

135 1235 300 1262 venerabilis
313 1235 406 1266 abbas,
421 1240 448 1262 et
463 1236 507 1270 qui
523 1244 582 1262 cum
597 1244 630 1263 eo
645 1235 719 1263 missi
735 1241 810 1268 sunt,
823 1237 923 1263 intesti-

136 1281 228 1308 tuabili
246 1281 374 1307 thesauro
390 1281 480 1307 onusti
500 1285 685 1308 revertuntur.
703 1281 756 1308 Sed
773 1286 920 1316 antequam

137 1328 231 1356 urbem
247 1327 358 1361 propius
373 1327 547 1360 accederent,
573 1335 625 1353 una
639 1335 700 1353 cum
717 1326 856 1354 Bcrnardo
875 1335 922 1354 ve-

136 1373 259 1400 neranth
284 1372 399 1407 praasule
424 1377 478 1400 tota
507 1373 603 1400 civitas
631 1372 738 1400 obviam
762 1374 849 1409 pergit
871 1374 923 1401 ire.

137 1419 187 1450 Ubi
213 1425 304 1446 autem
327 1419 507 1455 apostolicum
529 1427 629 1454 corpus
643 1419 735 1454 adepti
755 1425 830 1452 sunt,
849 1425 924 1448 tan'o

138 1466 235 1501 repleti
247 1470 311 1493 sunt
325 1466 433 1501 gaudio.
446 1473 473 1493 ut
486 1472 562 1500 gestu
575 1471 603 1493 et
617 1467 729 1494 vocibus
744 1467 924 1494 exsultantem

136 1511 259 1540 latitiam
277 1516 458 1539 ostentarent.
475 1511 575 1542 Pnesul
591 1520 667 1545 vero.
685 1518 828 1548 assumpto
843 1520 925 1540 veno-

138 1559 217 1586 rabili
235 1567 351 1594 corpore
365 1563 394 1586 et
412 1559 508 1586 sericis
528 1560 658 1587 obvoluto
672 1560 846 1596 tegminibus,
863 1568 924 1588 cum

972 316 1126 350 qucbruitur
1140 315 1293 345 'dolorlbus.
1311 320 1338 342 ut
1355 315 1464 346 medici.
1479 316 1652 350 impendendi
1671 323 1759 342 reme-

972 362 1006 389 dii
1024 370 1103 388 causa
1124 362 1288 394 laborantes,
1302 362 1405 389 nullum
1422 362 1542 388 valerent
1554 361 1679 388 conferre
1696 361 1762 388 sub-

973 407 1082 434 sidium.
1107 407 1169 441 Ejus
1189 407 1328 433 cruciatus
1342 411 1428 433 mater
1441 414 1493 433 nou
1510 406 1659 436 sustinens.
1680 406 1760 433 ﬁliam

972 453 1004 479 ad
1021 460 1119 487 corpus
1134 452 1249 487 apostoli
1277 452 1383 483 detulit.
1410 451 1455 478 ubi
1485 450 1641 485 lacrymosis
1665 451 1762 477 oblatis

972 498 1109 534 precibus.
1137 499 1251 526 salutem
1278 503 1359 527 natae.
1388 505 1469 532 quam
1496 496 1599 532 ingenti
1625 496 1762 522 desiderio

973 545 1158 578 postulabant,
1187 543 1286 570 meruit
1308 543 1464 579 impetrare,
1481 543 1516 569 ita
1534 547 1565 569 ut
1588 549 1647 576 qum
1667 541 1763 568 alienis

972 589 1050 615 allata
1080 589 1168 615 fuerat
1197 588 1334 617 manibus.
1367 587 1477 614 domum
1506 593 1567 612 cum
1593 590 1679 612 matre
1706 586 1762 612 suis

972 635 1109 670 gressibus
1123 639 1268 661 remearet.
1289 642 1298 658 ›

1008 681 1051 708 74.
1074 679 1194 707 Tertium
1218 678 1379 706 beneﬁcium
1396 677 1495 705 dicitur
1508 677 1659 712 praestitum
1683 684 1762 704 servo

973 726 1081 756 cuidam
1100 725 1245 756 Rothildze,
1265 723 1368 751 sororis
1386 723 1510 757 Cisulphi
1525 721 1657 757 principis
1672 721 1762 747 Saletu

972 773 1071 805 nitani.
1087 776 1114 799 et
1133 771 1222 798 viduae
1238 769 1402 804 Athenolphi
1417 768 1548 803 principis
1560 766 1761 794 Beneventani.

972 817 1138 853 Athenolphi
1163 821 1253 844 autem
1273 816 1344 843 illius
1362 816 1528 842 mentionem
1554 813 1657 840 invenit
1673 811 1761 838 Mura-

972 865 1069 896 torius,
1088 864 1113 891 in
1130 863 1277 890 Annalibus
1300 861 1399 894 Italia,
1425 867 1509 894 usque
1529 860 1561 886 ad
1578 867 1678 886 annum
1696 859 1768 892 940,¹

974 913 1009 938 ita
1023 916 1050 938 ut
1064 910 1126 937 inde
1140 910 1277 941 cettjieiat,
1290 908 1385 947 eodem
1399 914 1471 934 auito
1484 906 1535 933 910
1547 905 1635 940 ipsum
1649 905 1763 932 obiisse.

975 958 1037 985 Mihi
1058 963 1171 984 neces~e
1194 963 1248 982 non
1276 958 1329 986 est,
1353 958 1461 988 tempus
1485 951 1576 979 obitus
1600 949 1764 984 Athenolphi

976 1002 1086 1038 propius
1112 1001 1260 1035 inquirere.
1284 999 1377 1026 Solum
1405 998 1532 1028 observo,
1552 997 1660 1024 viduam
1678 995 1767 1030 ipsius

976 1047 1131 1076 Ruthildam
1151 1046 1273 1081 potuisse
1295 1045 1374 1072 farile
1400 1051 1544 1078 superesse
1562 1049 1647 1077 usque
1665 1042 1697 1068 ad
1713 1049 1766 1068 att-

977 1104 1043 1123 ntnn
1060 1094 1122 1125 954,
1139 1100 1191 1127 quo
1210 1092 1300 1119 omnia
1323 1090 1470 1124 contigisse
1492 1090 1629 1119 dicuntur.
1648 1087 1765 1114 maxime

975 1140 1071 1169 eutnitt
1086 1139 1215 1165 viduitate
1230 1137 1388 1171 pet-durans.
1404 1136 1429 1161 id
1441 1139 1493 1166 est,
1509 1134 1552 1161 ditt
1570 1134 1650 1160 vidua
1672 1133 1698 1158 in
1711 1139 1763 1159 ms.

977 1190 1125 1213 asscratur.
1140 1184 1242 1217 Servus
1257 1187 1346 1210 autem
1362 1180 1506 1211 Ilothildm,
1533 1179 1690 1214 Stephanus
1714 1185 1765 1204 ηο-

977 1229 1059 1260 mine,
1079 1222 1178 1255 dicitur
1191 1234 1253 1254 cum
1274 1225 1444 1260 impatientia
1463 1229 1566 1251 etcum
1590 1223 1770 1250 invocatione

977 1274 1076 1303 diaboli
1103 1280 1201 1308 aquam
1230 1271 1354 1307 petiisse.
1380 1276 1576 1304 acceptamque
1598 1276 1695 1303 aquam
1719 1268 1765 1295 ubi

980 1320 1118 1349 cbibisset.
1137 1318 1264 1345 obsessus
1279 1316 1364 1343 fuisse
1376 1323 1390 1342 a
1405 1316 1537 1342 daemone.
1551 1313 1604 1341 Res
1619 1313 1769 1341 confestim

979 1367 1098 1393 innotuit
1116 1372 1169 1391 non
1197 1364 1283 1390 solum
1301 1362 1445 1393 Bothildae.
1462 1361 1509 1388 sed
1525 1360 1608 1387 etiam
1635 1359 1767 1393 Gisulpho

978 1411 1105 1447 principi.
1121 1410 1281 1442 cunctisque
1301 1407 1461 1443 proceribus
1483 1411 1510 1434 et
1532 1407 1660 1441 episcopo
1676 1404 1767 1432 Sicr-

978 1460 1081 1487 nitano.
1098 1456 1265 1484 Servabatur
1281 1461 1483 1490 energumcnus
1500 1454 1527 1480 in
1552 1453 1653 1480 sacello
1671 1451 1764 1486 palatii

977 1503 1093 1533 vinculis
1104 1502 1281 1532 constrictus,
1295 1506 1323 1528 et
1340 1502 1485 1536 episcopus
1499 1507 1595 1526 omnes
1609 1498 1767 1525 IlOl‘laleltr

980 1553 1012 1580 ad
1031 1558 1124 1587 preces
1139 1557 1188 1584 pro
1201 1556 1233 1576 eo
1249 1547 1412 1575 fundendas.
1431 1556 1441 1572 ι
1458 1546 1525 1573 Dum
1541 1545 1598 1572 haec
1613 1549 1769 1579 agerentur.

138 1605 248 1642 hymnis
263 1610 290 1632 et
305 1605 431 1635 laudibus
450 1605 476 1633 in
493 1606 585 1632 urbem
602 1607 685 1633 rediit
698 1589 805 1641 :alque
819 1607 845 1633 in
865 1606 922 1632 aula
942 1611 962 1640 ε
981 1600 1016 1626 ait
1033 1602 1140 1628 auctor,
1154 1594 1319 1623 Athanasius
1330 1594 1462 1620 intererat
1474 1591 1623 1618 monachus
1636 1589 1768 1642 (c-orporis

139 1653 186 1682 Dei
203 1652 351 1679 chitricis
370 1652 459 1679 debita
483 1653 635 1680 reverentia
653 1652 806 1684 collocavit,
825 1653 851 1679 in
869 1661 923 1687 qua

139 1698 315 1734 praesentiam
333 1698 374 1725 sui
397 1699 519 1733 corporis
544 1699 710 1734 evangelista
737 1698 925 1726 sanctissimus

138 1747 198 1774 suis
215 1746 345 1772 virtutum
362 1745 501 1772 miraculis
517 1745 674 1772 declaravit.
693 1755 707 1776 ι⁵
728 1745 786 1771 Mox
800 1753 924 1779 sequun-

141 1798 184 1819 tur
207 1791 234 1818 in
261 1795 376 1825 utroque
396 1790 445 1817 Ms.
469 1790 598 1818 beneﬁcia
627 1790 751 1825 qumdam
776 1789 928 1825 patrocinio

139 1837 227 1864 sancti
259 1836 375 1863 Matthzei
399 1834 507 1862 miseris
529 1835 659 1870 pra-stita,
684 1843 744 1870 quae
770 1834 926 1866 lectoribus,

141 1887 223 1918 prout
237 1882 274 1909 ibi
293 1882 430 1917 leguntur.
451 1881 671 1913 communicabo,
695 1880 823 1908 abscissis
839 1885 929 1906 tamen

139 1929 284 1959 nonnullis
299 1927 452 1962 superﬁuis.
470 1935 529 1962 qua:
543 1928 646 1955 tradam
664 1926 836 1962 compendio.

175 1976 219 2003 72.
244 1974 291 2001 Vir
314 1973 436 2009 quidam,
465 1973 589 2000 Andreas
613 1974 733 2007 nomine,
762 1975 841 2008 cujus
875 1975 927 2002 ﬁlia

141 2021 249 2049 diutina
264 2020 421 2047 inﬁrmitate
439 2027 569 2054 oppressa
588 2019 740 2054 languebat,
755 2020 823 2047 adeo
839 2025 867 2047 ut
883 2022 932 2048 do-

142 2075 205 2097 nius
223 2070 279 2094 tota
297 2065 414 2092 vicinum
430 2065 484 2100 jam
497 2064 557 2098 ejus
570 2064 673 2090 obitum
690 2070 869 2099 exspectaret.
885 2075 932 2101 pa-

144 2119 225 2142 tcrno
251 2116 341 2139 motus
368 2111 472 2138 viseere
499 2111 544 2136 diu
570 2110 689 2144 plorans,
714 2111 821 2138 laudent
846 2112 932 2140 fessus

144 2166 244 2186 somno
257 2158 395 2192 arripitur.
416 2167 425 2182 ι
454 2156 612 2183 Somniabat
629 2160 731 2188 autem,
758 2157 800 2184 ﬁli.
813 2166 838 2185 ιιι
855 2166 930 2186 suam

142 2205 193 2231 sibi
210 2212 223 2230 α
240 2203 358 2230 brachiis
373 2202 440 2236 eripi
464 2209 477 2228 a
503 2206 571 2228 tctro
593 2201 708 2235 spiritu;
725 2209 786 2228 mox
806 2211 870 2229 vero
886 2203 933 2230 ad-

144 2257 217 2279 state
234 2250 324 2278 virum
349 2248 543 2280 vcuerabilcm,
567 2248 612 2282 qui
637 2248 739 2274 dolenti
765 2249 833 2283 patri
851 2249 931 2276 ﬁliam

145 2297 276 2324 restituit.
297 2296 381 2331 Rogat
408 2300 493 2329 pater,
513 2295 573 2329 quis
597 2294 643 2327 sit,
670 2299 697 2321 et
722 2303 819 2323 mimus
836 2297 927 2324 oll'crt.

145 2343 190 2370 llle
205 2347 297 2369 autem
315 2341 420 2376 placido
436 2341 508 2368 vultu
527 2341 667 2377 respondit
681 2349 688 2367 :
708 2350 716 2365 ε
734 2341 814 2368 Nullo
830 2346 877 2369 tuo
892 2343 935 2370 itt-

147 2388 226 2423 digeo
252 2394 381 2420 munere;
404 2387 450 2413 sed
477 2387 556 2417 scias,
584 2394 626 2413 me
649 2393 709 2413 esse
734 2388 885 2422 apostolum
911 2394 938 2416 ct

148 2433 344 2468 evangelistam
357 2432 525 2463 Matthu-um,
541 2433 620 2466 cujus
638 2441 736 2467 corpus
749 2433 878 2461 hesterno
893 2435 937 2462 die

148 2480 291 2510 Salernum
311 2480 468 2512 translatum
478 2484 545 2507 est.»
565 2479 597 2507 Et
615 2480 672 2507 hrce
686 2481 791 2512 dicens,
808 2481 842 2509 ab
852 2482 938 2510 oculis

149 2527 208 2561 ejus
222 2527 328 2553 ablatus
344 2531 395 2553 est.
410 2525 635 2560 Exspergel‘actus
651 2526 780 2554 Andrrcas
796 2535 858 2554 cum
881 2536 938 2555 ma—

149 2580 201 2607 gno
220 2578 338 2599 tremore
360 2579 436 2599 suam
451 2571 531 2598 tiliam
548 2564 687 2606 requisivit
701 2582 706 2599 :
721 2573 767 2600 sed
782 2581 841 2600 eam
857 2574 937 2601 saluti

147 2618 203 2652 jam
217 2618 359 2652 reperiens
370 2617 534 2648 restitutam,
549 2617 619 2651 quod
630 2617 681 2644 sibi
696 2617 722 2644 in
734 2618 835 2645 somnis
848 2623 939 2646 osten-

150 2670 212 2689 sum
230 2662 330 2691 fuerat.
348 2661 466 2692 cunctis,
481 2662 525 2696 qui
542 2661 665 2693 aderant,
683 2663 826 2691 enarravit.
847 2663 938 2690 Primo

149 2712 241 2734 autem
259 2707 380 2734 diluculo
397 2708 579 2733 venerabilem
597 2707 663 2734 adiit
684 2707 837 2741 praesulem,
859 2708 938 2743 eique

151 2752 277 2779 mirabile
294 2752 396 2779 factum
414 2753 541 2787 apostoli.
566 2752 638 2787 quod
655 2753 681 2780 in
703 2753 755 2779 ﬁlia
773 2753 836 2787 ejus
850 2759 939 2788 patra-

150 2803 237 2829 vcrat.
250 2798 348 2825 ordine
365 2798 497 2824 recitavit.
514 2807 522 2823 ι
545 2797 695 2825 Verisimile
710 2803 762 2830 est,
776 2803 877 2832 patrem
893 2808 939 2834 pro

150 2843 206 2870 ﬁlia
223 2843 312 2877 pridie
325 2851 403 2878 opem
419 2842 504 2869 samti
520 2842 638 2870 Matthxi
654 2843 815 2878 implorasse
832 2852 839 2870 :
860 2844 885 2871 id
902 2850 940 2871 ta-

150 2895 213 2920 men
232 2891 329 2914 auctor
343 2886 527 2921 praetermisit.

188 2934 231 2967 Z3.
257 2945 268 2962 ί
290 2935 391 2962 Eodem
417 2940 538 2971 tempore
564 2936 662 2963 mulier
685 2935 805 2971 qntcdam
830 2936 935 2964 unicam

980 1645 1126 1678 inventor).
1141 1643 1198 1677 qtti,
1216 1646 1245 1669 ut
1269 1641 1324 1676 jam
1342 1639 1473 1670 diximus,
1495 1638 1529 1666 de
1549 1644 1632 1664 manu
1654 1634 1769 1663 Paestani

979 1690 1100 1727 praesulis
1114 1689 1222 1716 dentem
1237 1685 1400 1714 sanctissimi
1417 1683 1589 1718 evangelista:
1611 1686 1770 1717 susceperat

979 1725 1118 1771 {nimirum
1133 1733 1198 1760 dum
1215 1732 1303 1759 eidem
1330 1738 1430 1764 corpus
1445 1729 1565 1759 tradidit,
1591 1727 1637 1754 ubi
1654 1726 1679 1753 id
1697 1725 1768 1752 allir~

981 1786 1034 1808 luat
1049 1780 1165 1811 auctor).
1181 1778 1205 1805 ls
1217 1777 1363 1806 accedens.
1376 1775 1495 1811 praefata:
1509 1773 1643 1800 ltothildze
1656 1771 1771 1799 auribus

980 1826 1123 1858 iatimavit,
1145 1824 1261 1852 dicens:
1279 1823 1366 1849 Penes
1392 1829 1434 1848 tne
1459 1821 1547 1847 habeo
1573 1820 1682 1846 dentem
1701 1825 1771 1852 apo-

980 1872 1041 1900 stoli
1066 1875 1094 1898 et
1117 1869 1289 1905 evangelista:
1307 1868 1434 1895 Mattba'i.
1456 1867 1504 1894 llic
1530 1873 1610 1893 manu
1642 1863 1772 1900 pra-subs

981 1918 1103 1944 mittatur
1115 1916 1142 1943 in
1152 1915 1320 1942 benedictum
1331 1921 1438 1948 aquam.
1452 1919 1531 1946 quam
1543 1911 1606 1938 dum
1621 1915 1771 1944 sumpsert

981 1962 1176 1993 dzcmouiacus.
1191 1959 1327 1987 mirabilia
1345 1958 1390 1984 Dei
1413 1957 1525 1984 videbis.
1542 1956 1575 1983 Et
1592 1957 1649 1983 hzcc
1663 1956 1768 1985 dicens,

982 2007 1108 2034 Botltilda
1124 2010 1261 2033 annuente
1274 2010 1302 2032 et
1316 2005 1481 2037 deposcente
1510 2007 1538 2028 ut
1557 2001 1644 2033 ﬁeret,
1660 2000 1769 2026 dentem

982 2051 1092 2088 praasuli
1109 2051 1166 2078 suis
1184 2049 1293 2077 tradidit
1315 2048 1453 2075 manibus.
1475 2046 1562 2074 Allata
1580 2046 1674 2080 itaque
1690 2052 1771 2080 aqua.

983 2098 1055 2125 idem
1071 2097 1169 2132 praesul
1180 2096 1287 2131 signum
1303 2095 1392 2121 crucis
1406 2093 1501 2121 edidit.
1514 2092 1623 2119 (lentem
1637 2092 1662 2117 in
1674 2098 1771 2125 aquam

984 2145 1069 2172 misit.
1086 2144 1231 2178 ablatoquc
1247 2142 1338 2173 dente,
1357 2147 1454 2175 aquam
1470 2139 1518 2170 illi.
1533 2139 1578 2173 qui
1592 2138 1707 2172 maligno
1717 2137 1773 2170 spi-

985 2193 1037 2218 ritu
1054 2191 1212 2221 vexabatur,
1236 2188 1334 2215 obtulit
1353 2187 1563 2218 Commiuanter,
1578 2190 1668 2219 atque,
1686 2189 1714 2211 ut
1731 2184 1756 2210 bi

986 2239 1072 2269 heret.
1085 2236 1239 2272 imperavit.
1253 2235 1310 2268 Qua
1323 2240 1440 2269 sumpta,
1457 2234 1556 2261 acriter
1568 2231 1660 2259 vexari
1678 2231 1773 2265 coepit.

951 2279 971 2305 D
992 2286 1025 2312 Et
1045 2284 1107 2318 quia
1126 2283 1235 2316 iniquus
1253 2282 1348 2311 hostis,
1365 2288 1443 2307 sacro
1464 2279 1615 2305 ob~istcnte
1634 2282 1710 2311 potu,
1729 2284 1775 2309 per

992 2338 1021 2357 os
1037 2329 1110 2356 exire
1126 2335 1179 2354 non
1197 2328 1291 2357 valuit,
1310 2334 1370 2352 cum
1384 2324 1485 2359 ingenti
1511 2324 1608 2350 [tutore
1625 2330 1672 2357 per
1685 2327 1776 2356 postc-

989 2376 1059 2402 riora
1074 2380 1198 2409 egressus
1213 2376 1264 2397 est.
1281 2371 1452 2405 Quapropter
1467 2376 1561 2395 manes
1575 2368 1706 2394 Salvatori
1722 2367 1776 2394 Deo

989 2421 1090 2456 pariter
1114 2419 1214 2454 gratias
1239 2416 1367 2447 retulere,
1391 2415 1435 2449 qui
1455 2422 1501 2449 per
1520 2414 1671 2447 apostolum
1695 2420 1775 2440 suum

989 2468 1042 2494 tale
1068 2465 1195 2501 dignatus
1222 2467 1260 2490 est
1284 2461 1391 2496 operari
1418 2461 1590 2486 miracu‘utn.
1613 2459 1777 2486 Athanasius

989 2519 1077 2540 autem
1093 2512 1213 2540 dentem,
1227 2515 1309 2543 quem
1324 2507 1358 2534 ad
1369 2507 1561 2541 εχνριιυιιιιιιω
1578 2506 1683 2532 hastu“
1702 2506 1775 2530 mut.

989 2567 1070 2595 gnum
1087 2558 1211 2586 dederat,
1235 2553 1394 2589 recolligere
1416 2558 1552 2587 satagens.
1569 2551 1661 2578 multis
1676 2551 1771 2578 frustm

991 2604 1084 2633 ellusis
1119 2602 1257 2638 precibus,
1286 2605 1459 2633 nequaquam
1490 2597 1575 2624 valuit
1600 2596 1734 2623 obtinere.
1761 2605 1770 2620 ι

990 2652 1129 2679 Hactenus
1143 2649 1232 2684 piiora
1250 2644 1383 2674 beneﬁcia
1398 2643 1578 2671 Salernitanis
1597 2642 1704 2670 collata.

1028 2703 1071 2732 73.
1094 2703 1122 2730 ln
1136 2708 1251 2735 utroque
1267 2707 1319 2727 ms.
1332 2697 1506 2734 subjungitur
1517 2695 1660 2724 translatio
1670 2694 1775 2722 bracltii

992 2751 1187 2779 Beneventum.
1203 2747 1236 2774 de
1251 2754 1305 2781 quo
1320 2750 1410 2773 tamen
1432 2744 1499 2772 nihil
1517 2742 1624 2778 reperio
1648 2741 1718 2776 apud
1733 2741 1778 2767 Vi-

992 2804 1083 2833 pcram
1094 2795 1214 2828 aliosque
1223 2793 1369 2826 scriptorcs
1381 2791 1598 2817 Beneventanos.
1609 2788 1678 2821 Quid
1690 2795 1777 2814 causa:

993 2845 1037 2876 sit,
1057 2850 1165 2876 nequeo
1190 2840 1324 2869 divinare,
1351 2837 1402 2863 nisi
1429 2836 1508 2867 torte.
1535 2835 1608 2870 quod
1635 2834 1775 2861 brachium

993 2888 1063 2916 istm]
1082 2895 1135 2914 non
1161 2885 1207 2913 diu
1225 2883 1355 2911 manserit
1372 2882 1531 2909 Beneventi.
1550 2881 1718 2915 Suhjungam
1736 2885 1777 2908 ta-

994 2943 1066 2967 men,
1082 2942 1142 2969 quae
1155 2933 1182 2960 in
1197 2939 1261 2960 mss.
1276 2929 1393 2966 reperio,
1408 2936 1520 2963 quaque
1531 2936 1564 2956 ex
1581 2927 1677 2955 iisdem
1693 2926 1778 2953 etiam
