2047 3152
263 188 316 220 795

877 187 1017 218 MENSIS
1038 186 1182 216 SEPTEM
1189 187 1274 218 BER.

1838 186 1892 218 ’706

261 245 401 274 enarravit
423 245 568 277 Marsilius,
594 253 643 281 cap
671 246 721 273 t0:
750 257 758 272 ι
778 246 845 273 Cum
871 251 962 273 autem
981 244 1052 272 fama
1066 243 1090 272 Δ
1105 244 1192 276 Quam
1209 243 1288 271 facile
1307 249 1398 271 autem
1421 242 1495 271 illius
1524 242 1647 279 corporis
1667 243 1800 271 memoria
1819 244 1894 271 inte-

261 292 346 328 signis
371 292 564 327 miraculisquc
590 292 670 328 longe
694 293 803 326 lateque
832 291 999 324 vulgaretur,
1024 294 1051 317 et

263 337 440 371 Landulphns
461 337 669 365 Beneventanus
680 338 805 372 princeps
818 337 948 369 audisset,
964 337 1051 363 Saler-

262 384 387 411 nitanum
397 383 526 417 populum
538 383 686 410 beatissimi
696 383 814 411 Matthaei
824 391 933 418 corpus,
944 383 1051 409 Christo

262 429 392 460 donante,
419 428 571 463 possidere,
598 436 752 456 convocans
774 436 838 456 suos
860 433 999 464 magnates
1024 434 1051 456 et

263 473 410 507 sapientes,
436 473 551 505 Scitote.
571 474 671 508 inquit,
689 481 704 501 a
721 473 775 501 Deo
790 475 916 502 (lunatam
934 474 1050 501 salutem

264 518 446 546 Salernitanis
462 520 617 551 advenisse,
647 527 748 554 eosque
763 528 865 555 corpus
884 519 1051 548 sanctissimi

263 564 378 598 apostoli
392 569 419 591 ct
435 565 610 599 evangelista!
628 565 758 597 Matthazi,
781 566 841 601 ipso
857 566 1006 594 revelantc.
1023 565 1052 592 in

264 608 388 637 Lucania:
403 610 502 638 ﬁnibus
519 615 668 645 repertum,
684 618 746 638 cum
765 611 873 647 hymnis
887 616 913 640 et
925 611 1051 639 laudibus

263 654 335 682 intra
356 655 431 682 urbis
448 664 505 684 suae
521 655 623 684 muenia
637 657 795 684 collocasse.
813 656 899 689 Unde,
915 657 936 684 si
950 657 1050 692 placet,

262 699 464 728 Salernitanum
487 702 639 737 principem
666 707 748 736 atque
771 702 927 737 pontificem
949 702 1051 737 pariter

262 745 432 773 obsecrando
449 747 620 780 mandemus,
638 752 668 775 ut
683 748 718 775 ad
735 748 847 775 tutelam
861 752 963 775 nostra;
980 755 1049 783 quo-

261 799 315 826 que
331 792 449 820 civitatis
465 801 496 820 ex
520 793 615 820 eodem
630 794 804 822 sanctissimo
820 801 932 829 corpore
946 799 1050 830 partem

261 837 378 871 aliquam
392 838 480 873 largiri
493 839 649 874 dignentur.
664 840 818 868 lllisaulem
832 840 966 876 principis
976 840 1049 868 dicta

263 882 454 918 probantibus,
474 885 550 912 missi
564 890 629 913 sunt
644 886 769 920 protinus
793 887 914 915 illustres
933 888 982 914 viri
1000 887 1051 915 Sa-

261 928 380 963 lernum,
406 932 497 966 magni
520 933 643 960 muneris
669 941 763 968 preces
787 933 954 961 humillimas
978 935 1051 962 defe-

261 978 365 1003 rentes.
388 975 463 1008 Quos
487 977 616 1012 princeps
638 983 665 1005 et
686 978 808 1014 pontifex
827 979 943 1014 benigne
966 981 1052 1008 susci-

263 1020 383 1054 pientes,
397 1026 478 1056 atque
495 1030 589 1049 corum
608 1023 786 1057 petitionibus
808 1030 973 1058 annuentes,
991 1025 1053 1052 bra-

261 1065 354 1092 chium
378 1066 431 1093 illis
457 1068 528 1095 sacri
546 1069 670 1103 corporis
693 1077 801 1098 summa
817 1078 880 1098 cum
898 1072 1051 1099 reverentia

262 1112 373 1139 tradunt
389 1113 446 1140 suis
471 1115 630 1143 concivibus
644 1115 834 1146 deferendum.
852 1119 912 1150 Quo
927 1124 1050 1154 acreplo.

261 1156 410 1192 plurimum
446 1160 626 1194 gratulantes,
652 1161 855 1198 immensasque
880 1164 936 1192 Deo
970 1169 1052 1199 atque

262 1205 386 1237 apostolo
395 1204 495 1233 Christi
506 1207 608 1241 gratias
617 1207 779 1239 referentes.
790 1209 1052 1245 incomparabilique

262 1248 335 1275 dono
351 1250 544 1284 tripudiantes,
569 1251 757 1281 Beneventum
781 1256 891 1283 concito
907 1257 992 1291 gradu
1009 1265 1052 1285 re-

261 1294 347 1328 gressi
371 1300 446 1322 sunt.
472 1295 527 1324 Sed
550 1302 699 1332 antequam
716 1300 791 1327 urbis
812 1301 950 1329 mmnibus
965 1303 1051 1338 appli-

261 1339 394 1370 cuissent.
408 1341 478 1368 idem
496 1343 623 1378 princeps
645 1349 672 1372 et
684 1345 844 1380 episcopus,
867 1348 913 1382 qui
932 1352 996 1375 tunc
1009 1349 1051 1376 ei-

261 1385 323 1411 dem
340 1385 443 1414 civitati
458 1394 605 1422 praeerant,
621 1398 683 1417 cum
698 1392 771 1419 omni
790 1393 891 1428 populo
906 1395 1050 1429 utriusque

261 1438 343 1459 sexus
369 1437 397 1459 et
420 1434 509 1462 aetatis
525 1436 566 1462 eis
590 1436 698 1464 obviam
721 1438 859 1472 exierunt,
883 1444 966 1475 atque
989 1449 1050 1468 cum

263 1477 373 1513 hymnis
387 1484 415 1507 ct
435 1480 561 1510 laudibus
575 1483 646 1510 sacri
661 1485 785 1519 corporis
799 1485 944 1513 brachium
964 1487 1050 1514 hono-

260 1525 383 1554 rabiliter
395 1529 604 1562 transtulerunt,
620 1535 704 1566 atque
717 1531 787 1560 intra
800 1532 877 1560 urbis
889 1534 990 1561 mmnia
1006 1542 1049 1562 rc-

260 1577 388 1600 verenter
402 1574 580 1602 collocarunt.
598 1585 607 1601 ι

298 1617 342 1645 76.
363 1618 409 1648 His
420 1620 528 1648 additur
541 1622 713 1658 beneficium,
731 1625 803 1659 quod
820 1625 960 1660 accepisse
976 1634 1052 1654 asse-

262 1663 331 1690 ritnr
350 1664 527 1700 Landulpbus
544 1675 727 1703 cognomento
751 1670 874 1703 Graecus.
897 1672 944 1707 qui
961 1671 1048 1699 Bene-

262 1709 336 1736 venti
352 1717 461 1738 carcere
476 1718 534 1739 erat
550 1713 682 1746 reclusus.
698 1720 726 1742 et
739 1717 867 1744 manibus
882 1717 1050 1753 pedibusque

262 1753 380 1781 vinctus.
399 1755 466 1782 Dum
482 1759 555 1784 enim
568 1759 696 1788 audiebat
709 1761 817 1789 sonitus
831 1762 955 1797 festivos,
972 1764 1052 1792 intel-

263 1797 416 1835 ligebatque
429 1809 476 1829 eos
494 1803 537 1830 edi
561 1804 596 1832 ob
610 1805 723 1833 allatum
741 1809 829 1840 sancti
853 1809 971 1838 Matthxi
990 1811 1052 1838 bra-

262 1843 368 1876 chium.
402 1845 490 1874 eidem
515 1855 611 1876 sancto
639 1857 669 1878 se
694 1853 908 1885 commendavit.
936 1859 964 1882 et
988 1863 1050 1882 mox

263 1889 354 1917 omnia
372 1890 478 1920 vincula
494 1901 542 1921 sua
565 1895 674 1932 dirupta
694 1897 770 1930 vidit,
793 1899 956 1927 mirantibus
978 1908 1050 1928 cun-

263 1934 325 1965 ctis.
349 1936 395 1970 qui
419 1937 544 1967 aderant.
573 1949 582 1967 ι
602 1941 724 1976 Cumque
749 1943 801 1972 hoc
819 1945 936 1980 principi
956 1946 1053 1975 luisset

263 1980 390 2012 relatum.
405 1983 493 2018 inquit
505 1990 613 2018 auctor,
629 1995 692 2015 cum
708 1989 787 2018 ocius
798 1990 832 2018 de
847 1999 958 2019 carcere
972 1993 1051 2020 educi

263 2027 411 2060 mandavit.
437 2035 519 2065 atque
540 2036 605 2060 ante
627 2041 707 2061 suum
725 2040 903 2070 conspectum
926 2038 1025 2066 adduci
1043 2048 1051 2066 :

262 2081 342 2108 quem
366 2076 473 2109 placitis
489 2085 646 2114 correptum
667 2082 756 2110 verbis
770 2091 820 2110 suo
836 2085 980 2112 confestim
1001 2087 1052 2114 ho-

263 2122 322 2147 nori
340 2123 466 2156 restituit,
478 2126 676 2161 pristinamque
689 2129 727 2155 illi
740 2130 855 2164 gratiam
869 2131 1023 2159 redonavit.
1039 2142 1049 2158 ι

262 2164 399 2194 Hactenus
409 2174 504 2196 auctor
518 2177 681 2206 anonymus,
697 2174 743 2207 qui
758 2174 943 2202 verisimiliter
959 2175 1052 2204 floruit

264 2213 364 2243 saeculo
380 2222 406 2243 x.
435 2223 496 2242 cum
515 2217 584 2244 nihil
613 2219 700 2246 tradat
716 2220 750 2247 de
773 2220 816 2251 iis,
841 2229 901 2256 quae
925 2224 1049 2258 sequenti

1103 290 1158 316 rire
1174 289 1291 324 potuerit
1307 289 1334 316 in
1350 288 1481 322 Lucania.
1501 290 1544 316 ubi
1566 290 1722 324 depositum
1748 289 1837 316 fuerat
1863 289 1891 316 in

1103 335 1217 362 ecclesia
1235 343 1320 370 prope
1349 335 1478 366 Paestum,
1497 333 1634 361 civitatem
1649 334 1754 362 bellicis
1771 334 1895 361 motibus

1102 387 1217 414 prorsus
1232 380 1360 412 dirutam,
1386 380 1458 407 clare
1485 380 1682 414 perspiciemus
1709 388 1740 406 cx
1761 380 1802 412 iis,
1833 387 1897 413 qua:

1103 426 1227 460 sequenti
1245 426 1343 452 szcculo
1357 425 1530 460 contigerunt
1542 425 1568 451 in
1587 425 1644 460 ipsa
1665 425 1775 452 civitate
1799 425 1895 452 Saler-

1103 470 1207 503 nitana,
1222 471 1267 498 ubi
1283 471 1408 498 similiter
1419 471 1507 504 primo
1524 471 1575 497 fuit
1588 470 1727 497 oblivione
1740 471 1893 505 perditum,

1102 524 1134 544 ac
1149 522 1243 551 postea
1255 517 1372 544 feliciter
1389 517 1540 543 inventum.
1558 517 1693 543 Baronius
1721 516 1755 543 ad
1788 524 1894 544 annum

1103 562 1173 590 1080
1189 570 1223 590 ex
1239 563 1399 597 conjectura
1426 562 1624 589 vcrisiutillima
1651 562 1730 596 dicit,
1758 562 1793 589 ob
1819 563 1894 589 varia

1102 609 1235 636 bellorum
1253 608 1412 636 discrimina
1426 608 1592 636 occultatum
1609 608 1703 640 fuisse,
1732 612 1769 640 et,
1786 614 1813 634 ιιι
1829 616 1895 635 erc-

1102 655 1182 687 didit,
1198 663 1231 682 cx
1261 655 1401 682 hominum
1423 656 1553 682 memoria
1586 654 1639 689 jam
1662 649 1814 685 emuxei'at.
1844 653 1893 681 sed

1104 700 1163 728 fere
1175 701 1262 727 solum
1275 699 1383 736 ignotus
1393 704 1451 727 erat
1468 700 1555 731 locus,
1565 700 1609 726 ubi
1624 699 1713 727 fuerat
1723 700 1892 734 depositum.

1103 745 1160 773 Hoc
1171 750 1263 773 autem
1290 753 1343 772 non
1356 753 1417 772 raro
1433 745 1546 780 contigit
1561 745 1594 772 de
1611 745 1672 772 aliis
1693 752 1802 780 quoque
1827 753 1894 771 san—

1103 795 1208 819 ctorum
1223 791 1395 826 corporibus.
1412 798 1472 825 quae
1487 790 1584 817 timore
1597 789 1734 822 niinio.ne
1749 789 1895 816 auferren-

1104 842 1148 864 tur
1167 845 1181 864 a
1198 845 1346 872 quoquam,
1364 837 1487 872 deposita
1501 837 1612 864 fuerant
1639 837 1700 864 loco
1720 837 1813 872 paucis
1845 845 1897 863 co-

1103 884 1188 918 gnito,
1207 889 1234 911 et
1245 884 1340 911 sicaut
1352 883 1438 911 multo
1454 888 1576 919 tempore
1588 883 1726 910 latuerunt
1741 883 1895 910 autetiam—

1104 937 1168 956 num
1183 930 1278 957 latent.

1139 975 1183 1002 78.
1196 975 1307 1002 Certum
1316 983 1425 1010 quoque
1435 980 1488 1007 est,
1499 979 1622 1010 tempore
1635 973 1663 1002 S.
1678 974 1802 1010 Gregorii
1811 974 1895 1010 Papa

1103 1020 1148 1048 VII
1165 1021 1305 1048 inventum
1326 1021 1411 1048 fuisse
1422 1021 1528 1047 Salerni
1545 1028 1645 1056 corpus
1657 1021 1744 1048 sancti
1761 1021 1894 1054 Matthxi,

1103 1071 1131 1094 ct
1147 1067 1294 1094 secundam
1317 1066 1388 1093 hanc
1416 1074 1477 1094 esse
1509 1066 1695 1094 inventionem
1724 1067 1794 1094 sacri
1818 1067 1895 1094 illius

1105 1113 1226 1141 thesauri
1259 1113 1286 1140 in
1319 1120 1403 1148 regno
1439 1112 1628 1148 Neapolitano.
1664 1113 1728 1140 licet
1758 1112 1896 1140 Marsilius

1103 1166 1165 1193 cap.
1180 1159 1195 1185 9
1212 1158 1359 1186 secundant
1378 1159 1566 1185 inventionem
1587 1166 1649 1185 cum
1667 1158 1753 1193 prima
1773 1158 1896 1185 confu-

1104 1204 1160 1232 dat.
1179 1205 1287 1230 Annum
1306 1204 1474 1232 inventionis
1503 1204 1631 1232 secundm
1659 1204 1754 1231 nullihi
1771 1204 1897 1239 assigna-

1103 1255 1159 1278 tum
1176 1251 1294 1278 invenio.
1313 1250 1349 1277 At
1363 1258 1438 1282 cum.
1460 1250 1629 1286 temporibus
1642 1249 1764 1286 Gregorii
1778 1250 1833 1282 VII,
1849 1250 1895 1277 Al-

1102 1296 1185 1332 phani
1194 1295 1391 1331 archiepiscopi
1401 1295 1575 1327 Salernitani,
1590 1300 1617 1323 et
1628 1295 1771 1323 Salernum
1780 1300 1894 1323 tenente

1102 1342 1221 1369 Roberto
1236 1341 1395 1373 Guiscardo.
1419 1341 1489 1369 facta
1501 1341 1536 1368 sit
1550 1341 1595 1368 illa
1608 1341 1739 1374 inventio,
1753 1347 1781 1368 ut
1791 1343 1896 1377 colligit

1102 1395 1133 1415 ex
1152 1387 1251 1415 litteris
1277 1388 1441 1424 Gregoriiad
1460 1388 1616 1422 Alph’anum
1635 1396 1698 1415 mox
1729 1388 1893 1421 recitandis,

1102 1441 1157 1461 non
1174 1434 1352 1469 potestlonge
1366 1435 1461 1462 abesse
1475 1435 1510 1461 ab
1524 1442 1599 1461 anno
1614 1434 1694 1467 1080,
1704 1443 1757 1469 quo
1774 1435 1894 1462 refertur

1102 1488 1116 1507 a
1131 1480 1260 1506 Baronio.
1278 1479 1345 1506 Nam
1371 1488 1442 1507 anno
1466 1479 1535 1508 1077
1566 1479 1709 1508 Salernum
1733 1489 1748 1508 a
1772 1481 1896 1508 Roherto

1102 1526 1253 1554 Gu’scardo
1285 1532 1448 1561 occupatum
1485 1527 1622 1554 existimat
1660 1527 1832 1560 Muratorins,
1865 1529 1894 1555 in

1065 1580 1086 1609 ο
1104 1573 1254 1599 Annalibus
1271 1572 1370 1604 Italia’,
1391 1572 1424 1599 ad
1446 1580 1547 1599 annum
1574 1572 1652 1600 1077.
1679 1572 1729 1600 Alii
1757 1572 1790 1599 ad
1823 1573 1896 1600 1075

1103 1623 1151 1645 aut
1173 1618 1243 1646 1076
1260 1619 1334 1645 illius
1359 1619 1477 1646 civitatis
1501 1619 1731 1654 expugnationem
1759 1618 1894 1646 referunt.

1103 1666 1179 1694 Obiit
1194 1673 1285 1693 autem
1313 1666 1440 1694 laudatus
1468 1666 1603 1694 Robcrlns
1618 1675 1691 1693 anno
1710 1666 1787 1697 1085,
1805 1666 1843 1693 uti
1866 1670 1897 1693 et

1102 1712 1250 1749 Gregorius
1280 1713 1337 1747 VII,
1369 1714 1424 1741 imo
1451 1719 1478 1741 et
1501 1713 1644 1749 Alphanus
1669 1714 1897 1748 archiepiscopus

1103 1760 1255 1787 secundum
1273 1759 1428 1794 Ughellum.
1444 1760 1570 1787 lnventio
1585 1760 1668 1796 igitur
1689 1764 1765 1787 certo
1775 1759 1894 1794 contigit

1103 1806 1173 1833 inter
1189 1813 1289 1832 annum
1309 1806 1374 1833 10ῖὸ
1388 1811 1415 1834 et
1433 1807 1513 1837 1085.
1530 1806 1658 1840 ideoque.
1676 1811 1705 1833 ut
1732 1806 1892 1837 minimum,

1104 1856 1213 1879 centum
1234 1856 1263 1878 et
1280 1851 1375 1887 viginti
1393 1853 1473 1880 annis
1493 1857 1554 1888 post
1570 1852 1699 1888 primam,
1715 1857 1742 1879 ut
1759 1851 1834 1878 nulla
1851 1860 1896 1878 ra-

1103 1898 1176 1925 tione
1192 1899 1307 1925 cumilla
1320 1898 1452 1926 confundi
1468 1899 1568 1927 valeat.
1586 1899 1669 1925 Ilecte
1699 1897 1781 1933 igitur
1796 1897 1897 1924 ambas

1103 1945 1277 1974 inventiones
1294 1944 1440 1981 distinguit
1454 1944 1558 1980 Gaspar
1573 1944 1663 1972 Musca
1682 1945 1708 1970 in
1724 1943 1897 1978 Compendio

1103 1992 1136 2019 de
1154 1992 1214 2020 Vita
1248 1998 1275 2020 et
1299 1991 1527 2019 translationibus
1555 1990 1642 2017 sancti
1666 1989 1784 2017 Mattha=i
1807 1993 1835 2016 et
1866 1989 1895 2015 in

1103 2038 1321 2073 archiepiscopis
1335 2037 1530 2065 Salernitanis.

1139 2083 1184 2111 79.
1197 2083 1316 2118 Epistola
1330 2081 1359 2110 S.
1374 2082 1497 2117 Gregorii
1521 2080 1578 2113 Vll,
1600 2088 1631 2107 ex
1661 2088 1713 2115 qua
1737 2080 1791 2115 iam
1819 2079 1894 2107 dicta

1103 2129 1280 2165 colliguntur,
1297 2129 1371 2163 apud
1386 2127 1532 2155 Baronium
1553 2127 1585 2153 ad
1602 2133 1704 2153 annum
1724 2125 1792 2153 1080
1822 2126 1897 2153 reci-

1105 2179 1178 2203 tatur
1195 2175 1246 2201 hoc
1274 2174 1354 2201 modo
1381 2181 1388 2199 :
1412 2181 1422 2198 ‹
1454 2171 1601 2208 Gregorius
1627 2171 1772 2206 episcopus
1796 2178 1895 2199 servus

1105 2227 1246 2248 servarunt
1263 2219 1309 2246 Dei
1323 2218 1402 2246 fratri
1417 2222 1445 2246 et
1462 2218 1627 2252 coepiscopo
1644 2217 1820 2244 Salernitano
1842 2217 1893 2243 Al-

263 2260 363 2286 sazculo
379 2261 448 2288 faeta
463 2262 632 2297 videbimus;
648 2264 704 2292 imo
722 2255 902 2295 iehementer
916 2255 1050 2304 suspicor,
1067 2255 1090 2283 Ι)
1105 2268 1194 2303 phano
1207 2263 1321 2294 salutem
1342 2270 1369 2293 et
1386 2264 1564 2300 apostolicam
1595 2263 1828 2291 benedictionem.
1847 2262 1894 2289 Di-

262 2311 316 2332 non
335 2306 418 2333 alium
435 2315 496 2335 esse
516 2309 550 2337 ab
565 2317 702 2345 anonymo
722 2311 906 2345 Salernitano,
924 2315 970 2349 qui
988 2323 1051 2343 νει·-

262 2349 305 2376 bis
322 2359 397 2402 imm.
415 2352 450 2380 65
464 2353 535 2381 datis
556 2357 591 2382 de
607 2355 684 2384 hisce
704 2357 817 2386 uberius
840 2367 870 2388 se
885 2360 1048 2395 scripturum

263 2402 399 2428 promisit.

261 2473 274 2508 ᾗ
292 2474 334 2502 VI.
349 2475 448 2513 corpus
461 2478 556 2505 iterum
578 2481 709 2507 inventum
722 2481 841 2513 Salerni.
859 2489 883 2510 et
898 2486 933 2512 ad
957 2495 1050 2513 novam

318 2511 455 2539 ecclesiam
468 2514 638 2542 translatum.
660 2515 740 2544 Varia
753 2511 846 2545 Sancti
861 2511 996 2554 liene/icio.

303 2581 349 2608 77.
364 2581 522 2617 Quanquam
540 2591 595 2611 non
616 2585 682 2613 satis
701 2586 836 2616 novimus.
851 2596 905 2621 quo
931 2591 1052 2622 tempore

263 2632 312 2656 aut
325 2627 404 2662 cujus
415 2637 496 2663 opera
510 2638 609 2666 corpus
625 2631 715 2659 sancti
729 2632 847 2660 Matthagi
864 2635 889 2659 in
904 2633 1051 2661 Lucaniam

264 2673 349 2702 fuerit
370 2675 503 2708 delatum,
523 2677 590 2704 illud
619 2680 708 2704 tamen
727 2677 827 2706 ibidem
853 2686 925 2705 anno
942 2678 994 2705 954
1011 2679 1052 2704 Ῑιι-

265 2726 388 2754 ventum,
405 2728 433 2750 ct
459 2723 603 2750 Salernum
620 2731 702 2758 opera
730 2723 854 2759 Gisulphi
880 2724 1010 2759 principis
1025 2730 1051 2752 ct

262 2768 410 2796 Bcrnardis
424 2770 546 2804 episcopi
556 2769 720 2797 Salernitani
732 2770 891 2797 translatum
902 2770 1051 2803 scriptores

264 2819 400 2842 testantur
419 2819 472 2842 tam
498 2815 614 2850 antiqui,
631 2816 759 2844 nimirum
780 2816 939 2850 Anonymus
963 2815 1053 2843 Saler-

264 2861 384 2892 nitanus,
399 2862 444 2895 qui
462 2862 517 2889 fere
535 2863 631 2890 eodem
658 2863 758 2890 vixisse
786 2867 908 2897 tempore
933 2862 1049 2895 videtur,

264 2910 290 2932 ct
311 2905 364 2933 Leo
380 2906 523 2941 Ostiensis,
554 2913 583 2935 ut
598 2908 678 2936 fidem
693 2908 726 2936 iis
744 2915 844 2944 negare
870 2916 1047 2945 nequeamus.

1104 2313 1172 2340 vina:
1187 2312 1297 2348 pietatis
1312 2310 1448 2346 respectui
1467 2310 1568 2346 gratias
1584 2309 1709 2344 ingentes
1733 2308 1894 2336 referimus.

1101 2358 1182 2393 cuius
1201 2357 1324 2392 dignatio
1340 2357 1500 2384 thesaurum
1521 2362 1650 2390 magnum
1664 2355 1768 2386 totique
1788 2355 1894 2381 mundo

1102 2404 1276 2441 profuturum
1294 2403 1395 2430 nostris
1414 2402 1584 2436 temporibus
1606 2400 1820 2429 misericorditer
1850 2407 1896 2426 re-

1101 2451 1212 2479 velavit.
1238 2449 1298 2477 Non
1311 2448 1448 2477 immerito
1464 2453 1518 2474 tua:
1540 2454 1651 2482 quoque
1666 2446 1805 2473 dilectioni
1825 2453 1893 2480 gra-
1927 2455 1930 2457 λ

1102 2498 1231 2528 tnlamur,
1245 2503 1306 2530 qua:
1322 2493 1516 2522 tantalaetitia:
1530 2493 1639 2520 caelitus
1661 2499 1755 2519 revera
1775 2496 1896 2518 ostensa:

1104 2542 1252 2577 participes
1269 2549 1318 2568 nos
1346 2540 1453 2567 elIicere
1470 2539 1586 2567 sollicite
1612 2538 1781 2574 procuravit.
1795 2537 1894 2565 Credi-

1103 2596 1163 2615 mus
1180 2587 1316 2622 siquidem
1340 2591 1367 2614 et
1383 2586 1573 2613 incunctanter
1588 2585 1747 2616 asserimus,
1772 2584 1806 2611 de
1821 2585 1892 2611 tanti

1103 2634 1226 2668 corporis
1244 2632 1401 2660 inventione
1418 2639 1473 2658 non
1489 2631 1576 2658 solum
1594 2630 1683 2665 ipsum
1699 2630 1808 2658 beatum
1822 2629 1895 2656 Mat-

1105 2681 1203 2707 Ilmum
1216 2679 1382 2714 apostolum,
1400 2685 1496 2705 verum
1513 2677 1596 2704 etiam
1617 2681 1732 2704 caeteros
1745 2681 1893 2711 coaposto—

1104 2726 1144 2752 los
1156 2733 1217 2752 cum
1231 2725 1339 2752 Sanctis
1357 2724 1485 2751 otnnibus
1507 2723 1629 2758 ipsisque
1653 2722 1811 2749 cwlestibus
1828 2721 1894 2756 spi—

1105 2772 1214 2803 ritibus,
1228 2775 1254 2798 et
1269 2770 1387 2806 gloriosa
1404 2769 1450 2796 Dei
1461 2769 1601 2796 Gcnitrice
1618 2768 1711 2799 Maria,
1727 2767 1894 2794 mortalibus

1105 2818 1289 2852 congauderc,
1308 2821 1389 2850 atque
1402 2815 1523 2849 ipsorum
1547 2814 1668 2841 omnium
1697 2813 1787 2840 s:udia
1819 2813 1894 2840 circa

1104 2864 1254 2890 humanum
1272 2869 1357 2898 genus
1376 2862 1427 2888 hoc
1451 2865 1584 2895 tempore,
1601 2868 1680 2895 quant
1705 2859 1776 2890 aliis,
1804 2859 1894 2886 multo

1106 2909 1282 2946 propensiora
1315 2908 1486 2943 multumque
1531 2914 1590 2933 csse
1639 2905 1828 2933 uberantiora.
1862 2905 1894 2931 Si
