2047 3152
153 177 208 208 ’1.ι7

153 233 228 262 enim
270 233 376 262 «cteris
411 233 580 268 temporibus

154 280 272 309 tminia
298 280 343 315 pia
371 287 425 307 non
451 280 598 312 deserunt;
626 280 780 308 certissime.
813 283 880 306 tunc
900 287 945 313 p0-

154 327 293 354 tissimutn
309 326 445 361 speranda
460 330 525 353 sunt
542 334 638 354 eorum
666 326 778 357 auxilia,
801 333 863 353 eum
883 331 950 351 san-

154 372 280 401 ctissima
297 380 393 399 eorum
406 380 521 407 corpora
537 372 616 400 nobis
633 372 711 407 quasi
726 371 848 399 rediviva
857 371 951 398 divino

154 424 224 447 nutu
245 418 476 446 manifestantur:
491 423 520 446 et
538 419 610 446 sicut
622 426 671 453 per
687 418 811 453 corporei
822 422 952 452 aspectus

154 464 289 492 intuitum
317 468 446 498 umquam
475 464 544 492 ﬁdes
577 465 712 497 cernitur,
740 471 804 498 spes
828 463 885 499 jam
911 469 953 491 te-

154 516 258 543 netur;
288 510 325 537 ita
348 517 443 537 eorutn
481 510 613 538 beneﬁcia
642 514 709 538 tunc
744 517 808 544 erga
838 510 951 537 devotos

154 557 296 589 renovari,
320 557 488 592 uberiusque
516 557 671 584 redundare
704 556 873 585 credendum
896 561 950 585 est.

155 603 233 630 Unde
263 603 347 630 etiam
377 608 473 630 sancta
503 603 666 631 ttniversalis
692 603 824 634 Ecclesia,
844 603 948 631 dudum

155 648 264 683 magnis
277 648 433 676 turbinibus
449 648 585 682 variisque.
599 648 728 682 procellis
743 648 872 683 impulsa,
890 648 948 675 cla-

156 702 262 722 morem
275 702 355 722 suum
370 702 385 722 a
402 694 518 722 Domino
530 695 688 722 exauditam
701 703 755 722 non
771 694 888 727 dubitet,
899 696 947 723 sed

155 741 187 767 ad
204 741 291 775 quieti
309 741 408 768 littoris
425 741 602 768 securitatem
618 742 724 769 alacres
752 742 848 769 oculos
879 749 895 769 e
909 741 949 769 vi-

154 787 217 814 cino
235 787 393 818 intendens,
407 787 479 814 beati
496 787 615 815 Matthmi
647 788 764 823 apostoli
789 787 947 823 praesidium

152 833 229 868 juxta
249 834 470 868 contempletur:
485 833 616 869 quoniam
632 834 688 868 jatn
706 842 781 862 nunc
794 841 849 861 non
866 834 948 862 dubie

153 880 208 914 agit
229 880 257 906 in
273 883 364 915 portu,
379 880 421 907 cui
439 887 514 907 suam
530 880 703 915 praesentiam
717 881 836 909 ostendit
847 881 948 916 guber-

808 178 892 207 \"ITA
914 177 943 207 S.
963 178 1156 208 MAT'l'H.’Ei.

630 238 786 261 sanctorum
829 241 880 260 nos
907 241 951 267 pa-
968 236 988 263 Α
1006 234 1100 260 venire
1116 242 1147 260 ac
1165 233 1260 269 primis
1276 234 1403 268 V'csreris
1418 242 1468 262 nec
1485 242 1541 262 non
1555 233 1648 262 missa:
1677 234 1794 263 solemni

1740 178 1793 212 798

1004 280 1207 315 pontiﬁcalibus
1237 280 1324 308 induti
1352 282 1494 312 interesse,
1536 286 1612 308 certa
1654 281 1794 316 proposita

1004 334 1084 361 poena
1100 331 1241 354 tenentur.
1260 326 1339 359 Quod
1356 327 1454 354 ctsine
1469 328 1683 361 ,intcrmissione
1697 328 1794 355 hacte~

1006 380 1058 399 nus
1072 372 1281 406 diligentissime
1299 377 1438 399 servatum
1454 378 1508 404 est,
1525 378 1553 400 et
1567 374 1678 401 assidue
1700 381 1794 401 serva-

1004 424 1057 447 tur.
1082 430 1091 445 ι
1107 419 1170 447 Post
1183 420 1240 447 hate
1258 419 1385 447 laudatus
1399 424 1496 447 auctor
1513 421 1600 453 vergit
1627 420 1661 447 ad
1687 420 1794 448 descri-

1004 465 1125 500 ptionem
1138 465 1258 500 regionis
1277 465 1492 496 Picentinorum,
1507 470 1534 492 et
1549 465 1624 492 urbis
1643 464 1795 492 Salernita-

1003 517 1056 543 nte,
1075 518 1136 545 qua:
1146 510 1206 545 ejus
1219 514 1260 537 est
1278 510 1439 544 metropolis
1456 510 1489 537 ad
1518 517 1593 536 mare
1619 509 1792 545 Tyrrhenum

1002 560 1030 582 et
1047 555 1138 582 sinum
1161 555 1366 582 Salernitanum
1392 555 1454 582 sita.
1481 554 1549 581 Tum
1583 554 1713 588 templum
1735 554 1792 589 jam

1001 601 1118 633 dictutn,
1134 601 1207 636 quod
1231 601 1473 636 metropolitanum
1494 604 1547 632 est,
1575 600 1629 627 late
1651 599 1793 632 describit,

1001 647 1124 682 illudque
1136 647 1246 674 aitesse
1271 646 1448 681 longitudinis
1473 653 1601 681 passuum
1633 646 1792 681 nonaginta,

1001 693 1155 722 latitudinis
1181 700 1248 721 vero
1276 692 1399 728 triginta,
1419 697 1446 720 et
1468 692 1549 727 justa:
1579 691 1675 719 itidem
1701 691 1794 719 altitu-

1001 741 1084 769 dinis.

1037 787 1081 815 81.
1098 787 1226 823 Cryptam
1242 788 1335 823 templi
1356 787 1578 819 subterraneam,
1594 787 1621 814 in
1640 793 1691 820 qua
1706 785 1794 820 depo-

1000 834 1083 862 situm
1099 839 1141 862 est
1153 842 1254 869 corpus
1281 834 1369 862 sancti
1389 833 1519 866 Mattluei,
1547 833 1673 861 similiter
1689 832 1794 860 deseri-

1000 881 1050 913 bit,
1067 885 1095 907 et
1103 881 1138 908 de
1151 887 1266 915 corpore
1276 880 1312 907 ibi
1327 879 1485 907 scrvatoita
1514 878 1646 913 loquitur,
1663 885 1724 912 pag.
1744 876 1789 904 80:

156 931 235 953 ll‘JlOl‘
250 925 392 960 antiquus.
407 925 581 960 Quapropter
595 926 628 953 de
643 926 711 953 tanti
730 927 852 954 thesauri
868 935 945 955 ret‘e-
964 924 983 952 Β
1001 937 1012 954 ι
1031 927 1084 954 Sed
1105 921 1179 961 quod
1203 931 1246 954 est
1261 927 1289 953 in
1304 926 1362 960 ipsa
1379 929 1472 960 crypta
1493 923 1688 954 venerabilius,
1706 927 1734 950 et
1757 929 1790 948 ex

154 971 259 999 latione
276 977 323 999 tua
344 972 501 999 fraternitas
521 972 638 1000 exsultet
653 974 678 1000 in
697 973 821 1004 Domino.
839 979 866 1001 et
883 974 947 1001 bea-

156 1017 281 1045 tissimas
312 1017 444 1052 reliquias
463 1018 564 1045 debitae
589 1019 775 1046 venerationis
804 1020 946 1054 obsequiis

155 1063 248 1099 dignis
278 1064 458 1098 amplectens,
479 1065 630 1099 gloriosum
660 1064 758 1092 ducetn
784 1065 946 1100 ltohertum,

156 1110 300 1145 ipsiusque
311 1108 508 1137 nobilissimam
535 1111 677 1146 conjugem
703 1111 827 1139 hortetur
845 1118 873 1140 et
887 1121 946 1140 ιιιο-

158 1160 229 1187 neat,
252 1161 390 1190 quatenus
425 1160 478 1183 tam
507 1156 607 1191 insigni
633 1162 758 1191 patrono,
783 1158 828 1192 qui
857 1166 886 1187 se
907 1159 947 1188 eis

156 1203 346 1230 demonstrare
359 1202 485 1237 dignatus
498 1207 550 1236 est,
567 1204 747 1231 reverentiam
769 1209 798 1232 et
814 1205 944 1234 honorent

157 1247 470 1280 decentercxhibentes,
501 1249 588 1283 ipsius
620 1251 735 1284 gratiam
763 1255 791 1278 et
815 1252 945 1278 auxilium

158 1295 207 1322 sibi
225 1295 341 1330 suisque
356 1295 506 1330 protucreri
532 1295 639 1322 nisibus
663 1303 778 1323 summm
793 1298 946 1326 devotionis

157 1341 336 1368 contendant.
369 1341 429 1368 Dat.
445 1341 536 1369 Romae
565 1350 613 1369 ιιιιι
632 1341 691 1370 Kal.
711 1341 807 1370 Octob.
826 1352 835 1368 ι
849 1343 948 1371 [lacte-

156 1395 207 1414 nus
224 1386 382 1421 Gregorius,
413 1387 491 1422 cujus
519 1387 639 1422 Epistola
670 1389 764 1423 procul
788 1388 946 1417 dubiodata

156 1437 206 1461 est.
228 1437 372 1466 postquam
398 1440 493 1467 pacem
523 1433 622 1460 inierat
649 1441 711 1461 cum
739 1434 859 1463 Roberlo
881 1436 947 1463 Gui-

157 1478 265 1510 scardo,
282 1478 353 1513 quod
371 1479 470 1506 factum
484 1483 524 1506 est
537 1487 610 1507 anno
638 1479 716 1512 1078,
733 1485 762 1508 ιιι
778 1482 885 1509 ostendi
913 1483 945 1510 ad

157 1525 189 1552 16
205 1524 378 1559 Septembris
394 1526 420 1552 in
439 1526 469 1552 B.
490 1524 602 1553 Victore
632 1526 676 1557 111.
690 1526 703 1562 §
717 1527 747 1560 8',
761 1534 824 1555 cum
856 1528 946 1556 hono-

157 1570 261 1597 rificam
295 1569 329 1597 de
355 1569 476 1596 Roberto
501 1569 584 1596 facint
617 1571 797 1598 mentionem.
826 1570 945 1599 Rursum

155 1615 256 1651 scripta
269 1621 344 1644 certo
352 1621 393 1643 est
410 1616 523 1651 epistola
538 1616 673 1652 Gregorii,
698 1622 844 1652 antequam
859 1618 945 1645 Roma

157 1671 231 1691 anno
249 1662 319 1690 1084
341 1663 505 1693 discederet,
521 1668 548 1690 et
560 1664 747 1692 vcrisimiliter
767 1669 830 1691 ante
850 1664 946 1692 condi-

157 1716 210 1737 tam
227 1718 242 1736 ιι
256 1709 380 1737 Roberto
402 1709 491 1736 sancti
522 1709 640 1737 Matthxi
659 1711 814 1743 ecclesiam,
835 1710 870 1738 de
892 1719 945 1746 qua

157 1764 217 1784 mox
238 1764 327 1792 agam,
346 1759 376 1783 ut
396 1763 510 1783 necesse
524 1756 570 1788 sit,
590 1761 642 1783 tam
656 1756 944 1791 inventionem,quam

156 1802 333 1837 scriptionem
353 1801 479 1837 Epistolas
492 1801 616 1837 Gregorii
641 1802 724 1837 ﬁgere
738 1802 812 1829 circa
841 1810 944 1829 annum

156 1848 317 1876 1080:hoc
335 1848 407 1876 enim
438 1848 497 1883 ipso
529 1855 601 1875 anno
627 1849 782 1883 contigerit,
812 1854 860 1876 aut
890 1857 945 1876 uno

155 1895 276 1922 alterove
288 1901 360 1921 anno
376 1894 457 1921 citius
477 1898 524 1920 aut
535 1894 635 1921 serius.

189 1941 236 1968 80.
254 1940 293 1967 De
309 1944 468 1967 constructo
484 1940 572 1967 sancti
600 1939 720 1967 Mattha-i
751 1941 852 1976 templo
884 1947 945 1976 post

154 1990 340 2021 expugnatum
351 1985 494 2013 Salernum
504 1986 531 2013 itt
543 1985 670 2014 Chronico
679 1985 829 2014 Catinensi.
844 1986 891 2014 lib.
902 1996 943 2018 ιιι,

154 2040 216 2067 cap.
236 2032 282 2063 45,
297 2032 429 2067 leguntur
441 2033 583 2067 sequentia
599 2040 606 2059 :
624 2041 634 2058 ι
655 2032 772 2060 Civitate
780 2037 871 2060 autem
895 2041 928 2067 po

155 2079 212 2111 tita,
236 2079 372 2106 Robertus
392 2079 538 2106 ecclesiam
554 2078 641 2106 sancti
673 2078 790 2112 apostoli
809 2084 837 2105 et
859 2085 942 2105 evan-

153 2124 256 2160 gelistre
269 2123 386 2151 Matthxi
406 2123 472 2150 inibi
487 2123 712 2158 construijussit,
733 2123 760 2150 in
787 2131 839 2158 qua
861 2124 942 2151 etiam

153 2178 264 2197 sacrum
290 2170 415 2206 ejusdem
435 2170 551 2205 apostoli
574 2177 673 2204 corpus
698 2177 802 2197 summa
817 2177 879 2197 cum
895 2178 942 2197 ve-

152 2216 296 2244 neratione
310 2216 421 2249 locavit,
438 2224 469 2243 os
481 2217 617 2251 integrum
636 2216 741 2244 brachii
757 2217 829 2251 ejus,
843 2224 942 2252 argen—

998 973 1064 1000 orbe
1080 977 1136 999 toto
1152 971 1324 999 Christianos
1338 971 1465 998 homines
1477 970 1562 997 allicit
1578 977 1585 1001 ;
1600 968 1719 1004 quiescit
1738 967 1791 994 ibi-

999 1019 1061 1046 dem
1079 1018 1285 1046 sanctissimum
1297 1021 1325 1044 et
1342 1017 1570 1052 gloriosissimum
1586 1015 1707 1042 Mattltaei
1721 1022 1790 1049 apo-

997 1065 1058 1092 stoli
1077 1070 1105 1092 et
1119 1065 1294 1100 evangelista:
1314 1071 1415 1099 corpus
1435 1062 1640 1098 religiosissime
1672 1061 1790 1088 colloca-

999 1116 1055 1139 tutn
1074 1121 1080 1139 :
1100 1111 1235 1146 siquidem
1263 1110 1426 1145 quadratum
1455 1113 1498 1137 est
1524 1109 1552 1135 in
1580 1108 1670 1136 media
1696 1111 1789 1142 crypta

997 1159 1126 1193 spatium,
1141 1158 1214 1193 quod
1235 1157 1335 1192 lapidci
1366 1156 1563 1190 cancellatique
1579 1155 1697 1190 parietes
1713 1153 1789 1181 bicu-

999 1204 1096 1231 bitales
1116 1204 1241 1232 ambiunt
1252 1205 1285 1231 ad
1305 1203 1384 1230 ulnas
1399 1211 1431 1230 ex
1442 1202 1516 1230 omni
1530 1202 1615 1229 latere
1632 1199 1789 1231 duodecim,

998 1252 1053 1284 qud
1068 1250 1152 1278 veluti
1167 1255 1246 1285 septo
1265 1250 1352 1278 altare
1363 1249 1483 1285 cingitur
1497 1248 1727 1278 vetustissimum.
1737 1246 1789 1274 sub

998 1304 1051 1331 quo
1071 1297 1218 1323 thesaurus
1235 1296 1280 1323 ille
1299 1296 1437 1331 repositus
1450 1300 1503 1326 est,
1518 1295 1555 1322 ita
1581 1299 1611 1322 ut
1627 1294 1704 1321 locus
1728 1294 1788 1328 ipse

997 1349 1046 1377 per
1060 1342 1165 1369 ferreos
1181 1342 1320 1370 cancellos
1334 1341 1479 1369 commode
1488 1340 1575 1368 videri
1594 1340 1689 1375 possit.
1701 1339 1788 1366 Tanta

998 1387 1049 1416 fuit
1064 1393 1154 1415 autem
1167 1388 1233 1414 olim
1248 1391 1276 1414 et
1289 1392 1331 1415 est
1349 1387 1431 1415 hodie
1444 1394 1552 1422 quoque
1575 1386 1719 1414 celebritas
1733 1385 1788 1413 loci

998 1434 1089 1469 hujus,
1104 1439 1133 1460 ut
1147 1441 1202 1460 non
1231 1432 1396 1460 Salernitani
1417 1433 1508 1464 modo,
1524 1432 1572 1460 sed
1585 1431 1707 1459 omnium
1734 1431 1788 1458 cir-

997 1487 1173 1515 cumquaque
1189 1479 1391 1515 provinciarum
1417 1479 1513 1506 incolae
1539 1479 1651 1506 assidue
1669 1486 1789 1506 concur—

999 1532 1059 1553 rant
1075 1534 1082 1559 ;
1098 1528 1153 1553 imo
1183 1533 1250 1553 vero
1263 1530 1291 1553 et
1308 1525 1502 1553 remotissimae
1516 1531 1626 1560 quoque
1643 1529 1738 1560 gentes
1754 1531 1789 1552 ex

999 1572 1108 1608 Europa
1123 1577 1178 1600 tota
1195 1572 1356 1608 frequenter
1369 1572 1520 1605 conﬂuant,
1539 1576 1567 1599 et
1580 1576 1635 1598 tam
1649 1571 1789 1607 ingentem

999 1618 1099 1645 visura:
1123 1618 1330 1651 beatitudinem,
1355 1623 1382 1646 et
1402 1626 1416 1645 a
1434 1618 1488 1645 lico
1503 1617 1619 1645 Domino
1648 1625 1682 1646 ex
1707 1618 1790 1652 hujus

998 1664 1112 1699 apostoli
1129 1665 1235 1692 meritis
1260 1665 1386 1700 petitura:
1409 1664 1532 1697 divitias,
1560 1665 1706 1696 honorem,
1724 1664 1789 1691 vita:

999 1711 1223 1744 diuturnitatem,
1248 1716 1368 1747 optatam
1384 1711 1504 1746 denique
1522 1711 1680 1739 felicitatem
1692 1711 1720 1739 in
1737 1711 1789 1737 hoc

998 1756 1110 1789 saeculo,
1124 1757 1312 1792 et(praceipue
1324 1758 1448 1792 quidem,
1472 1757 1495 1784 si
1527 1758 1649 1792 sapiunt,
1672 1756 1788 1790 gratiam

997 1801 1054 1830 Deo
1066 1803 1137 1830 bene
1151 1803 1300 1837 serviendi,
1313 1804 1522 1838 obtinendique)
1536 1803 1649 1839 gloriam
1659 1803 1687 1830 in
1697 1803 1789 1830 futuro

997 1853 1169 1882 perpetuam.
1187 1850 1347 1884 Augeteuin
1359 1849 1538 1876 admiratione
1551 1850 1680 1884 pietatem
1696 1849 1789 1883 liquor

997 1895 1136 1928 pretiosus
1155 1899 1182 1921 et
1194 1900 1307 1923 sanctus
1327 1895 1438 1930 (manna
1466 1895 1547 1930 vulgo
1563 1896 1673 1930 dicitur)
1697 1896 1742 1930 qni
1756 1904 1789 1922 ex

997 1940 1155 1967 beatissimo
1176 1949 1289 1976 corpore
1306 1946 1410 1974 manat,
1429 1942 1462 1969 ad
1475 1943 1544 1969 mala
1575 1943 1667 1969 omnia
1681 1943 1788 1977 propri-

997 1985 1075 2011 lenda
1111 1985 1253 2013 antidotus
1296 1986 1521 2020 praesentissima,
1555 1987 1787 2021 quemadmodqu

996 2029 1123 2064 frequens
1138 2031 1231 2058 docuit
1261 2032 1430 2066 experientia
1460 2032 1578 2066 plurium
1613 2032 1788 2061 saeculorum.

997 2075 1060 2103 llaec
1076 2077 1110 2103 de
1124 2084 1202 2104 sacra
1215 2078 1339 2112 corporis
1355 2078 1502 2106 novissima
1514 2079 1694 2106 translatione
1711 2079 1786 2106 suni-

997 2124 1083 2155 ciant,
1107 2132 1117 2148 ι
1147 2123 1238 2158 inquit
1265 2129 1372 2157 auctor,
1402 2125 1448 2159 qui
1480 2125 1577 2152 transit
1599 2125 1630 2152 ad
1655 2125 1785 2152 miracula

995 2170 1120 2204 quaedam
1149 2171 1324 2206 exponenda.
1350 2171 1396 2198 At-
1420 2172 1563 2199 nonnullla
1596 2179 1630 2199 ex
1655 2172 1706 2199 illis
1730 2173 1784 2207 jam

995 2217 1120 2250 exposui,
1132 2216 1183 2242 alia
1195 2217 1318 2251 quaedam
1336 2217 1370 2244 ad
1385 2217 1454 2244 alios
1470 2218 1560 2252 potius
1570 2223 1692 2249 sanctos,
1704 2227 1784 2252 quam

152 2268 194 2291 tea
212 2263 293 2290 theca
311 2263 484 2290 reconditum
501 2263 534 2290 ad
547 2270 624 2291 suam
636 2262 809 2298 ﬁliorumque
827 2264 939 2291 tutelam
959 2267 980 2296 ι)
994 2262 1028 2288 ad
1046 2267 1172 2289 sanctum
1191 2262 1347 2290 Matthaaum
1375 2269 1498 2297 spectare
1513 2264 1649 2290 videntur.
1662 2265 1786 2298 ριιιιίτυτ

151 2315 310 2336 reservans.
328 2317 338 2334 ι
357 2307 395 2335 Dc
404 2308 487 2343 hujus
503 2308 626 2336 ecclesiae
652 2309 943 2337 constructione'illu~

151 2354 308 2382 striSsimus
327 2354 474 2386 Marsilius,
487 2362 549 2389 cap.
567 2354 594 2387 9,
608 2362 672 2390 pag.
694 2355 741 2388 Ἠ,
760 2355 812 2382 ista
828 2355 943 2384 scribit:

153 2409 163 2425 ι
184 2400 329 2436 Regnante
346 2400 429 2436 igitur
444 2400 567 2429 Roberto
589 2401 752 2435 Guiscardo,
781 2409 814 2429 ac
829 2403 944 2431 sedente

151 2446 287 2481 Gregorio
303 2446 355 2478 Vll.
380 2447 489 2482 triginta
505 2447 617 2475 circiter
636 2448 701 2475 anni
718 2449 753 2475 ab
782 2449 943 2477 inventione

151 2493 321 2520 transierant
336 2493 403 2527 (imo
416 2498 528 2520 centum
542 2498 570 2520 et
583 2493 694 2522 circiter
709 2495 804 2530 viginti
821 2496 943 2531 quinque

150 2539 184 2566 ab
199 2538 362 2567 inventione
378 2540 434 2572 illa,
458 2539 492 2567 de
518 2548 571 2574 qna
602 2540 733 2575 loquitur,
764 2542 793 2569 in
820 2543 944 2577 partibus

151 2584 292 2620 Lucaniat)
307 2586 609 2621 magniﬁcentissimum
630 2587 762 2622 templum
778 2588 842 2615 divo
875 2596 943 2624 apo-

151 2632 222 2658 stolo
238 2632 411 2659 construitur
421 2639 482 2660 aera:
499 2631 585 2667 ipsius
610 2632 722 2661 Robcrti
755 2634 897 2668 peculiari.
915 2635 942 2662 in

152 2685 207 2712 quo
230 2685 280 2713 per
291 2685 392 2705 novam
401 2679 483 2706 veluti
501 2679 710 2707 translationem
723 2687 809 2709 sacrae
822 2681 943 2716 reliquia-

151 2723 262 2752 demum
276 2725 402 2760 reposita:
417 2730 492 2758 sunt,
508 2731 536 2753 et
566 2727 647 2754 hodie
664 2735 773 2762 quoque
797 2728 943 2763 religiosis-

150 2769 220 2796 sime
254 2775 443 2802 asservantur,
479 2775 506 2798 et
530 2771 645 2806 singulis
676 2772 830 2808 quibusque
864 2775 942 2801 annis

150 2814 240 2850 pridie
256 2813 349 2842 Nonas
361 2815 421 2843 Maii
441 2816 540 2844 festum
559 2817 646 2852 ipsius
658 2817 757 2845 divinae
785 2819 941 2847 translatio-

149 2861 193 2888 nis
208 2861 372 2889 solemniter
395 2862 565 2896 celebratur,
595 2871 649 2898 quo
680 2865 770 2892 clerus
789 2865 941 2898 universus,

151 2905 277 2950 abbates,
296 2911 325 2935 et
338 2909 585 2945 comprovinciales
618 2909 739 2949 episcopi
765 2918 860 2939 omnes
876 2918 942 2940 con-

997 2313 1057 2343 pter
1081 2315 1111 2334 ca
1132 2312 1238 2335 tantum
1269 2309 1322 2335 huc
1342 2309 1456 2336 traduco
1492 2309 1620 2342 breviter,
1651 2316 1787 2344 quatenus

997 2354 1084 2380 sancti
1102 2353 1222 2381 Mattliwi
1233 2354 1386 2388 patrocinio
1404 2354 1555 2389 prudenter
1577 2356 1695 2383 adscribi
1724 2365 1788 2391 ρυε-

996 2405 1073 2428 sunt.

1031 2448 1075 2475 82.
1089 2448 1166 2476 Mitto
1182 2449 1264 2484 igitur
1275 2457 1346 2484 qum,
1382 2457 1443 2484 cap.
1465 2450 1507 2482 11,
1539 2449 1626 2478 refert
1648 2449 1788 2478 Marsilius

994 2494 1028 2521 de
1043 2495 1179 2523 translatis
1191 2496 1224 2523 ad
1236 2495 1380 2523 ecclesiam
1392 2497 1477 2524 sancti
1493 2496 1611 2525 Matthazi
1622 2498 1788 2533 corporibus

995 2541 1044 2569 SS.
1061 2541 1215 2575 Fortunati,
1237 2542 1296 2570 Caii
1319 2547 1347 2570 et
1369 2543 1475 2571 Anthes
1502 2548 1649 2579 martyrum
1674 2553 1787 2579 :ncquc

994 2588 1067 2615 enim
1084 2594 1211 2624 spectant
1227 2590 1260 2617 ad
1277 2595 1402 2618 sanctum
1431 2590 1601 2625 Matthaaum,
1618 2596 1646 2619 et
1658 2591 1692 2619 de
1707 2592 1788 2619 dictis

995 2635 1162 2670 martyribus
1190 2636 1262 2671 apud
1289 2644 1347 2664 nos
1366 2644 1456 2664 actum
1482 2641 1524 2664 est
1549 2637 1582 2664 ad
1607 2637 1642 2665 28
1660 2639 1785 2673 Augusti,

996 2680 1041 2707 ubi
1069 2681 1211 2709 translatio
1239 2682 1291 2709 ulla
1307 2683 1462 2711 accuratius
1479 2688 1521 2711 cst
1542 2683 1675 2719 exposita.
1709 2683 1787 2716 Quod

997 2727 1138 2763 subjungtt
1159 2728 1192 2755 de
1218 2729 1261 2763 pia
1288 2737 1353 2762 anu,
1372 2730 1415 2757 cui
1441 2738 1541 2758 nomen
1568 2736 1627 2758 erat
1650 2730 1787 2763 Polis‘nn_

997 2773 1093 2809 nequit
1126 2778 1202 2801 ccrto
1229 2775 1343 2802 attribui
1384 2776 1515 2804 beneﬁcio
1541 2777 1627 2804 sancti
1654 2776 1784 2804 Mattltmi.

997 2818 1085 2846 Verba
1103 2824 1193 2847 tamen
1213 2821 1342 2856 pleraque
1361 2823 1482 2850 auctoris
1497 2823 1551 2851 huc
1566 2823 1711 2851 transfero.
1723 2823 1787 2850 Frc-

996 2866 1146 2900 quentabat
1165 2867 1210 2893 illa
1234 2867 1454 2902 diligentissime,
1479 2874 1509 2896 ut
1540 2869 1665 2905 pluribus
1690 2870 1785 2902 refert,

996 2911 1138 2941 ecclesiam
1156 2913 1250 2942 Sancti
1276 2914 1412 2948 Matthaei,
1443 2916 1565 2950 quotidie
1587 2917 1721 2945 accedens
1746 2917 1781 2945 ad
