2047 3152
267 186 319 217 7‘39

874 191 1014 220 MENSIS
1035 190 1271 220 SEPTEMBER.

1833 187 1888 218 8C0

236 247 240 253 '
273 251 375 273 tacrum
390 246 523 274 Olllcinm.
543 257 551 273 ι
573 248 684 276 Factum
715 249 775 282 fuit,
805 249 903 284 inquit.
926 255 965 281 ut,
989 256 1050 275 cum
1066 249 1088 276 Α
1103 248 1211 282 quernis
1230 247 1305 279 anni,
1325 248 1386 274 licet
1399 248 1432 274 tle
1445 252 1556 282 peccato
1574 255 1624 274 suo
1638 247 1752 273 multum
1769 245 1887 273 doleret.

273 291 383 318 tolenmi
401 293 516 327 quodam
541 294 584 321 die
614 295 705 328 templi
732 295 863 330 ingressa.
893 300 947 322 toto
971 294 1053 321 corde

272 335 413 370 gloriosum
428 339 579 372 τψθςωιιιιιι
592 339 732 372 salutaret,
747 344 773 366 et
790 340 891 366 luSIrali
904 347 966 366 sese
982 346 1052 373 aqua

271 382 455 416 perfunderet,
485 388 569 418 gnttte
597 392 702 422 on'nes,
737 392 913 419 qumcnmquc
943 383 1053 418 pallium

270 433 352 462 atque
371 429 498 455 linteolos
517 430 671 464 Ietigerant,
697 430 722 456 in
755 438 851 457 aurum
879 429 1053 464 purissimum

274 479 456 508 verterentur,
471 474 542 508 quod
560 479 586 501 et
600 476 714 509 populus
732 476 876 502 universus
889 483 982 510 magna
992 482 1053 501 eum

269 519 450 546 admiratione
465 521 610 554 perspexit,
635 525 661 547 et
688 520 795 547 familia:
813 528 911 547 nomen
927 528 959 547 ex
984 520 1054 547 acci-

270 564 344 592 denti
363 565 457 597 edidit,
486 574 546 600 quae
562 566 594 592 de
609 565 738 593 Auroﬁno
754 566 864 597 tlici'ur,
893 570 974 600 prurit
1006 572 1055 600 per

271 615 377 644 patrum
397 611 557 638 traditiones
570 612 603 638 ad
620 612 689 638 hanc
706 620 792 646 usque
808 613 878 639 diem
902 611 972 638 fama
991 619 1055 646 per-

272 656 351 682 rexit.
373 665 382 681 ›
403 655 501 683 Verum
520 664 573 683 non
587 662 699 691 apparet
727 657 794 684 milii
820 658 919 684 factum
937 657 1007 684 istud
1022 664 1055 683 ex

273 702 329 729 sola
361 702 506 728 traditione
532 702 598 729 satis
616 707 733 735 eertum,
761 703 860 730 nedum
877 707 951 730 certo
980 702 1056 729 attri-

273 748 412 775 buendum
432 752 526 775 sancto
540 749 676 777 Matlhazo.
692 749 886 783 Entraditione
900 749 956 776 sola
971 749 1053 776 etiam

272 793 388 821 fortasse
403 794 512 828 scripsit
525 793 668 826 Marsilius,
684 794 757 828 quod
784 794 921 829 subjuugit
947 794 981 820 de
1005 793 1054 820 Sa-

273 838 351 865 lerno
374 838 505 866 divinitus
521 838 635 866 defenso
655 844 751 866 contra
767 838 971 866 Feralinandnm
985 838 1055 865 San-

274 883 427 910 severinum
444 883 594 917 principem
608 883 819 911 Salernitanum.
841 883 951 911 Factum
964 889 1053 911 tamen

273 928 394 955 breviter
406 929 532 963 subjieio.
549 928 756 956 Valdemoutius
770 929 954 963 Lotharingirc
969 930 1052 963 reguli
1072 921 1089 947 Β

272 974 366 1005 frater,
378 974 476 1008 inquit,
488 973 559 1001 facili
578 975 688 1008 negotio
699 979 882 1009 occupaverat
898 974 1052 1006 Salernum,

272 1024 302 1046 ut
317 1019 440 1054 pluribus
455 1025 547 1046 narrat
562 1018 774 1052 Muratorius,in
792 1019 939 1046 Annalibus
955 1019 1052 1050 Italiae.

271 1065 304 1091 ad
320 1072 419 1091 annum
439 1065 516 1091 l527.
535 1064 724 1092 Ferdinandus
740 1065 877 1100 princeps.
901 1073 931 1091 re
949 1065 1056 1092 intelle-

274 1116 329 1140 cta.
348 1110 494 1137 confestim
511 1115 629 1137 turmam
647 1110 749 1145 colligit
771 1111 916 1137 militarem
942 1114 975 1138 ad
987 1111 1055 1138 civi-

273 1159 356 1182 tatem
385 1156 598 1190 recuperandam
616 1160 642 1182 et
655 1155 730 1183 cives
746 1156 899 1190 puniendos
915 1165 922 1183 :
940 1165 951 1181 ι
982 1156 1055 1183 Tau-

273 1205 329 1227 tnm
343 1199 441 1233 abluit,
461 1201 550 1234 inquit
573 1205 678 1233 auctor,
692 1205 721 1228 ut
742 1202 796 1229 voti
807 1209 922 1236 compos
938 1202 1056 1229 exsiste-

273 1250 326 1279 ret,
352 1250 420 1274 utet
437 1246 579 1274 confestim
597 1247 722 1282 repulsos
753 1248 845 1282 fuerit,
872 1253 900 1275 et
925 1248 1056 1282 plurimos

272 1300 305 1319 ex
321 1293 380 1319 suis
398 1293 530 1320 militibus
545 1293 625 1320 unius
639 1294 713 1321 hora:
731 1295 820 1329 spatio
847 1294 1053 1322 desideraverit.

272 1337 327 1364 Nec
339 1346 404 1365 vero
424 1343 478 1365 tam
495 1339 602 1366 i‘eﬁcem
615 1339 768 1374 fortemque
792 1347 905 1374 operam
928 1340 1056 1374 oppidani

273 1384 468 1419 priestiterunt,
493 1385 537 1419 qui
555 1389 583 1412 et
611 1385 768 1418 paucissimi
797 1385 915 1413 inermes
943 1391 1022 1413 erant
1048 1394 1055 1413 :

273 1430 321 1457 sed
349 1434 451 1456 stetere
486 1437 583 1464 magno
615 1430 723 1464 quidem
746 1438 859 1458 numero
886 1431 914 1457 in
939 1431 1057 1458 hostium

272 1481 421 1510 conspectu
436 1483 485 1510 plo
498 1476 606 1504 civibus
616 1476 711 1511 galeati
739 1477 927 1512 thoracatique
959 1478 1058 1504 milites

273 1522 394 1548 caelestis
409 1522 545 1549 exercitus
560 1523 612 1549 sub
630 1526 749 1557 quatuor
762 1522 922 1550 ductoribus
938 1523 1056 1555 eximiis,

272 1575 342 1602 quos
357 1568 439 1594 fuisse
456 1567 678 1602 glorississiumm
690 1567 844 1595 Matthzeum
861 1573 889 1596 et
901 1573 958 1595 tres
981 1573 1054 1596 tute-
1070 1581 1090 1611 ε

273 1613 343 1640 lares
379 1619 490 1640 sanctos
512 1613 699 1646 (Fortunatum
718 1619 744 1640 et
770 1614 868 1649 socios)
899 1614 969 1641 haud
991 1621 1057 1641 sane

274 1659 389 1686 dubium
422 1659 494 1690 fuit;
517 1667 580 1688 cum
606 1659 738 1694 populare
762 1659 845 1687 fuerit
863 1661 1055 1695 spectaculum,

273 1709 301 1732 et
315 1706 442 1738 princeps
458 1705 514 1738 ipse
527 1705 679 1739 singuliqne
694 1705 830 1732 militesid
845 1706 946 1740 ipsum,
957 1707 1057 1740 pacatis

274 1756 367 1786 postea
396 1752 487 1782 rebus,
520 1752 741 1785 pra-dicaverint.
765 1761 774 1777 ›
794 1751 930 1778 Hactenus
950 1757 1056 1782 auctor.

273 1797 318 1831 qui
335 1796 429 1824 eodem
446 1797 546 1824 smculo
562 1797 626 1831 seri,
638 1797 683 1828 sit,
701 1797 783 1826 rebus
803 1802 893 1824 tamen
904 1799 988 1832 gestis
1004 1806 1057 1825 non

274 1842 371 1875 infuit,
388 1842 605 1876 utpo'enccdum
626 1846 717 1868 natus.

311 1888 356 1915 85.
385 1887 532 1923 Subjungit
544 1887 617 1915 aliud
632 1887 745 1921 factum,
763 1887 835 1922 quod
856 1888 894 1915 ait
913 1887 1057 1923 contigisse

275 1935 346 1963 circa
360 1934 429 1962 idem
445 1935 500 1962 fere
513 1939 629 1968 tempus.
648 1933 735 1961 Pauca
759 1935 837 1962 nobis
867 1934 901 1962 de
923 1934 969 1961 illo
985 1935 1058 1962 δυω-

272 1979 357 2006 eient.
374 1979 428 2005 Fur
454 1979 602 2013 sacrilegus
623 1979 711 2006 loctnn
745 1979 860 2013 sepulcri
881 1980 966 2008 sancti
990 1979 1057 2007 Mat-

275 2025 338 2053 tltei
364 2025 504 2060 expilavil.
530 2026 752 2059 tituiipt-eliensus
789 2025 834 2052 ille
865 2026 915 2053 fuit
949 2026 1001 2052 alia
1024 2026 1057 2054 de

275 2079 368 2103 causa,
384 2079 470 2105 eaque
485 2071 628 2099 occasione
649 2071 722 2098 istud
745 2079 853 2105 quoque
865 2071 968 2098 crimen
988 2072 1058 2100 uitro

275 2118 428 2144 ioni'essns.
456 2126 464 2142 ι
485 2117 518 2143 Et
545 2122 604 2150 post
631 2117 689 2143 dies
715 2117 828 2151 aliquot,
862 2117 1058 2151 inquit,’tanto

275 2166 314 2189 es:
331 2162 433 2188 [κεύθω
452 2163 571 2196 (lictore,
588 2162 695 2196 opinor)
707 2170 739 2190 ac
762 2170 879 2190 mmrorc
904 2168 1056 2197 correptus,

276 2212 306 2235 ut
318 2211 457 2234 contracta
476 2207 595 2242 propria:
610 2208 700 2234 carnis
715 2209 855 2243 corruptio
877 2209 904 2235 in
916 2209 1055 2243 pediculos

1104 294 1193 320 Pridie
1213 294 1283 320 illius
1301 294 1366 325 diei,
1385 301 1445 320 cum
1463 294 1494 320 ad
1515 293 1659 319 ecclesiam
1681 295 1888 327 pergeret,mo-

1103 344 1208 365 netnra
1227 339 1351 366 mendico
1372 339 1459 366 sancti
1481 337 1648 366 Germiniani
1672 336 1791 372 episcopi
1807 335 1891 362 luti-

1104 384 1197 411 nensis
1209 392 1287 418 opem
1300 384 1455 418 implorare.
1469 384 1584 416 Quando
1600 388 1690 410 autem
1711 381 1842 417 postridie
1858 380 1890 408 in

1104 431 1219 457 ccriesia
1248 431 1332 457 sancti
1351 429 1469 458 blatthari
1489 431 1582 458 divino
1605 429 1716 457 servitio
1745 429 1888 460 intererat,

1104 475 1262 510 proferente
1298 476 1426 511 episeopo
1448 476 1529 503 verba
1561 476 1630 502 illa:
1658 485 1671 500 ι
1692 475 1762 502 Ecce
1783 474 1892 508 lignum

1104 521 1204 552 crucis,
1219 521 1259 548 ait.
1280 525 1386 553 auctor,
1402 522 1599 553 Bernardinus,
1618 522 1664 556 qui
1681 527 1791 547 summa.
1803 519 1891 546 devo-

1106 565 1179 593 tione
1197 565 1356 600 prociderat,
1380 566 1472 593 divino
1489 565 1592 600 Spiritu
1617 565 1746 600 agitante,
1762 563 1891 592 clamavit

1105 619 1170 638 voce
1191 619 1287 646 magna
1299 621 1306 640 :
1317 611 1386 639 Ecce
1405 611 1506 647 lignum
1520 611 1622 642 erucis,
1638 616 1793 646 ueterath
1806 610 1890 638 verba

1105 657 1210 691 singula
1237 657 1366 692 deinceps
1396 657 1535 691 explicuit,
1573 663 1633 690 quae
1665 663 1713 690 per
1739 655 1890 682 antistitem

1105 704 1175 732 diem
1192 709 1264 736 sunt,
1278 708 1306 731 ct
1320 703 1410 731 statim
1431 703 1514 730 veluti
1531 708 1657 730 mortuus
1675 702 1785 729 cecidit.
1809 701 1890 728 Tunc

1105 757 1182 781 vero,
1194 749 1256 784 quia
1272 753 1354 776 notus
1368 749 1475 775 eivihus
1497 753 1566 779 erat,
1585 752 1613 774 et
1626 755 1707 774 nemo
1735 746 1890 780 ignorabat.

1106 795 1181 821 illum
1194 798 1273 820 antea
1286 793 1359 827 loqui
1380 800 1436 819 non
1452 792 1584 827 potuisse,
1600 790 1891 825 acelamavitpopuius

1107 837 1250 864 universus
1272 846 1279 864 :
1305 836 1480 864 Miraculuml
1513 835 1691 864 miraculuml
1728 840 1756 862 et
1783 835 1891 862 tametsi

1107 891 1156 918 per
1170 883 1196 910 id
1214 886 1321 918 tempus
1348 883 1439 910 nullus
1454 884 1490 909 sit
1516 882 1542 908 in
1556 882 1680 909 ecclesiis
1695 888 1890 915 campanarum

1108 920 1184 959 usus.
1203 929 1250 956 sed
1264 937 1297 956 ex
1315 929 1399 956 veteri
1418 927 1546 955 Ecclesiae
1563 928 1614 955 ritu
1627 927 1724 961 ligneis
1741 927 1891 953 indumen-

1106 975 1140 1002 tis
1161 976 1246 1002 soleat
1257 974 1386 1009 strepitus
1398 974 1510 1001 excitari
1524 973 1657 1008 lugubris,
1669 972 1892 1007 quamdiujacuit

1106 1020 1139 1048 in
1155 1021 1282 1054 sepulcro
1311 1020 1446 1051 Salvator,
1464 1027 1514 1054 pro
1536 1019 1662 1046 miraculi
1687 1023 1778 1045 tamen
1807 1018 1892 1052 hujus

1105 1065 1226 1094 novitate
1238 1072 1334 1092 omnes
1346 1072 1484 1099 campame
1511 1064 1655 1091 confestim
1679 1063 1791 1099 pulsaue
1810 1068 1887 1095 sunt,

1107 1114 1260 1144 cateraque
1288 1110 1469 1136 instrumenta
1493 1108 1596 1140 omnia,
1625 1114 1685 1142 qua:
1705 1106 1838 1134 habentur
1863 1106 1892 1132 iu

1105 1155 1227 1183 ecclesiis
1241 1155 1273 1182 ad
1286 1155 1467 1189 psallentium.

1142 1199 1186 1226 Rt.
1200 1199 1310 1226 Interim
1335 1198 1369 1225 ad
1387 1206 1417 1225 se
1433 1205 1557 1225 reversus
1583 1195 1769 1224 Bernardinus
1800 1195 1891 1231 palum

1107 1244 1170 1272 fecit
1193 1244 1331 1275 omnibus.
1361 1244 1432 1278 quod
1468 1245 1600 1270 hactenus
1625 1242 1774 1278 agitaverat
1805 1241 1893 1268 corde

1108 1294 1227 1322 tantum,
1243 1297 1341 1324 nempe
1357 1295 1420 1316 ante
1436 1297 1537 1316 artuum
1557 1296 1588 1316 ea
1616 1288 1673 1322 ipsa
1707 1287 1749 1314 die
1776 1286 1891 1320 impium

1107 1335 1341 1370 seinlidclemque
1355 1334 1451 1365 fuisse,
1477 1333 1550 1368 quod
1581 1332 1771 1360 sacratissima:
1799 1331 1893 1359 crotis

1108 1379 1266 1415 particulam
1292 1379 1471 1407 adulterinam
1485 1382 1514 1405 et
1530 1377 1744 1408 commentitiam
1766 1376 1895 1403 credide-

1107 1427 1294 1461 rit;ideoque
1323 1425 1450 1460 loquendi
1476 1424 1604 1455 facultate
1633 1423 1731 1450 merito
1755 1422 1892 1457 privatum

1107 1471 1192 1499 fuisse
1209 1479 1217 1498 :
1233 1478 1306 1498 nunc
1333 1478 1399 1498 vero
1411 1470 1573 1505 pratcedcnti
1592 1469 1637 1497 illa
1660 1475 1740 1496 nocte
1753 1474 1847 1495 secum
1864 1468 1893 1494 ir:

1108 1517 1222 1545 somniis
1237 1517 1358 1545 locutum
1375 1516 1461 1545 fuisse
1473 1515 1584 1546 beatum
1602 1514 1793 1544 Geminianum
1808 1513 1893 1542 Muti-

1109 1571 1232 1595 nensem.
1263 1563 1465 1596 monuisseque,
1483 1566 1512 1588 ut.
1540 1567 1635 1588 eadem
1653 1561 1710 1594 ipsa
1736 1560 1811 1592 hora,
1830 1567 1894 1594 qua:

1109 1613 1172 1635 tunc
1198 1615 1270 1635 anno
1301 1612 1456 1635 recurrentc
1479 1606 1589 1641 jamjam
1616 1605 1770 1640 appetebat,
1794 1605 1892 1632 eodem

1110 1655 1170 1681 loco
1184 1661 1263 1680 suum
1293 1653 1449 1687 deplorarel
1479 1657 1620 1686 peccatum
1641 1659 1730 1678 torani
1752 1650 1895 1685 gloriosis~

1107 1698 1176 1723 siino
1191 1697 1312 1730 apostolo
1327 1695 1474 1728 Matthxo;
1496 1700 1523 1722 et
1558 1696 1681 1722 crederet
1700 1702 1790 1721 veram
1818 1695 1892 1721 illam

1107 1743 1197 1770 erucis
1213 1750 1273 1769 esse
1289 1742 1453 1777 portionem,
1472 1742 1498 1768 in
1514 1749 1567 1775 quo
1592 1741 1716 1768 Salvator
1740 1741 1819 1768 Jesns
1843 1749 1894 1776 pro

1109 1788 1224 1815 humana
1255 1792 1334 1822 gente
1352 1788 1480 1822 pependit
1501 1797 1508 1814 ;
1526 1788 1622 1815 fecisse
1649 1795 1678 1815 se
1710 1788 1789 1824 paulo
1815 1794 1893 1820 ante,

1108 1831 1238 1867 quidquid
1249 1833 1288 1858 vir
1302 1831 1344 1858 ille
1359 1838 1468 1860 sanctus
1480 1837 1630 1864 monuerat,
1649 1837 1674 1860 et
1691 1833 1894 1860 sanctissimum

1108 1877 1263 1905 hlatthxum
1279 1886 1420 1911 exorasse,
1441 1884 1471 1905 ut
1492 1878 1551 1905 fidei
1580 1886 1635 1905 sua:
1668 1879 1894 1914 protestationem

1108 1925 1217 1952 Christo
1236 1925 1351 1954 Domino
1366 1925 1524 1960 dignaretur
1542 1925 1652 1957 olIt-rre,
1684 1933 1716 1952 ac
1733 1925 1824 1952 statim
1851 1925 1894 1951 lo-

1109 1972 1210 2006 quendi
1245 1972 1298 1999 vim
1332 1971 1460 1998 amissam
1496 1979 1682 2005 recuperasse.
1710 1971 1772 1998 llaec
1801 1971 1896 1998 on'nia

1110 2017 1197 2044 fusius
1212 2018 1269 2052 ipse
1288 2025 1389 2052 perque
1399 2018 1498 2044 multos
1514 2022 1631 2052 gemitus
1650 2017 1735 2051 palam
1752 2017 1895 2052 exposuit;

1111 2064 1267 2098 rogavitque
1282 2063 1437 2097 prmsulem,
1461 2068 1489 2089 ut
1521 2063 1683 2089 miraculum
1709 2062 1780 2090 istud
1811 2070 1896 2089 cura—

1110 2115 1150 2136 ret
1178 2110 1203 2135 in
1218 2113 1281 2140 acta,
1299 2109 1392 2135 referri
1413 2109 1445 2135 ad
1469 2113 1626 2143 perpetuam
1646 2108 1682 2135 rei
1711 2108 1884 2136 memoriam.

1110 2155 1290 2188 Quamobrem
1320 2154 1435 2189 publicis
1466 2154 1638 2181 documentis
1667 2154 1748 2188 jussit
1769 2155 1821 2180 hoc
1849 2154 1893 2181 di-

1111 2201 1226 2236 ligenter
1262 2201 1479 2234 comprehendi:
1508 2201 1580 2234 quod
1613 2205 1668 2226 tum
1709 2200 1796 2234 ipsius
1831 2199 1896 2226 Ber-

274 2253 358 2281 fuerit
373 2253 502 2287 paulatim
515 2260 656 2284 conversa.
680 2261 795 2286 quorum
825 2258 900 2282 tanta
931 2255 1058 2288 cpuilutu.
1072 2243 1097 2272 D
1112 2246 1217 2274 uardini
1241 2246 1433 2280 jurejurando,
1466 2250 1521 2272 tum
1541 2246 1736 2272 rauonicorum
1758 2246 1896 2278 ominum,

273 2299 320 2328 bat
334 2299 385 2330 vis,
403 2304 431 2325 ul.
459 2307 514 2325 non
533 2298 614 2326 modo
635 2298 742 2325 tunicas
763 2300 822 2333 ejus
842 2307 937 2327 omnes
965 2299 1059 2335 impie-

275 2349 326 2376 ret,
343 2344 389 2371 sed
406 2349 490 2372 totum
507 2344 585 2380 plane
594 2351 694 2378 corpus
705 2345 802 2379 passim
813 2345 948 2372 crederet.
958 2345 1059 2378 Quam-

274 2393 368 2418 obrem
394 2391 552 2418 ftedissimis
577 2391 630 2417 illis
658 2391 1058 2426 vermibusceleriterputruit,

275 2443 303 2464 et
326 2437 400 2472 justa
416 2437 500 2465 divini
526 2437 651 2465 Numinis
682 2438 721 2464 ira
747 2437 985 2471 (quemadmodum
1003 2437 1059 2470 ipse

276 2483 364 2518 palam
377 2483 504 2513 omnibus
527 2483 673 2518 fatebatur)
690 2491 722 2510 eo
735 2484 795 2518 ipso
814 2484 912 2510 morbo
930 2484 1058 2511 miseram

278 2528 400 2555 evomuit
414 2528 544 2557 animam.
573 2537 584 2558 ι
599 2528 627 2555 In
644 2536 728 2562 pauca
745 2529 870 2558 similiter
885 2530 1057 2560 contraham,

277 2574 349 2608 quod
365 2581 437 2604 anno
453 2574 524 2601 £5.25
541 2579 569 2601 et
583 2574 652 2601 1526
666 2574 811 2608 contigisse
824 2579 918 2601 auctor
934 2573 1057 2601 allirmat.

278 2619 464 2648 Bernardinus
480 2619 588 2654 quidam
604 2627 619 2647 e
630 2619 847 2646 Namarellorum
869 2619 980 2651 lamilia,
996 2620 1059 2646 dum

278 2665 348 2692 feria
361 2671 436 2695 sexta
456 2665 482 2692 in
498 2672 642 2699 parasecve
657 2664 754 2698 prioris
771 2664 834 2691 anni
845 2671 903 2691 erat
915 2664 942 2690 in
973 2665 1060 2691 eccle-

278 2712 317 2741 sia
330 2711 417 2738 sancti
439 2710 570 2740 Matthiei,
600 2708 740 2736 dubitabat
764 2708 797 2735 de
812 2708 944 2742 particula
967 2716 1059 2737 saero-

278 2761 379 2782 sancta:
392 2755 492 2786 cruris,
511 2753 684 2782 venerationi
705 2753 854 2788 proposita,
869 2758 896 2780 et
911 2753 992 2788 impia
1004 2748 1077 2781 ineo~

279 2802 359 2828 verba
374 2801 485 2834 protulit
502 2809 508 2827 :
529 2810 538 2825 ι
552 2801 644 2827 Eheu!
664 2800 728 2834 quid
745 2799 766 2825 si
780 2799 879 2826 Christi
899 2807 967 2829 crux
984 2808 1061 2828 mons

280 2846 337 2879 ipse
352 2845 485 2874 Vesuvius
514 2846 628 2872 fuisset?
657 2855 665 2870 ι
694 2845 740 2871 llis
755 2844 843 2875 divtis,
864 2843 954 2871 statim
966 2844 1061 2872 obmu-

281 2891 342 2923 tuit,
357 2896 501 2928 motusque
523 2892 621 2918 mansit
640 2898 724 2927 usque
742 2890 773 2916 ad
786 2889 910 2917 eumdem
924 2889 992 2919 diem
1016 2900 1059 2919 se-

1109 2292 1155 2327 qui
1171 2297 1318 2328 praesentes
1333 2291 1575 2325 fuerant,solenmi
1593 2291 1701 2318 fuerant
1718 2291 1896 2318 attestatione

1110 2339 1226 2366 ﬁrmata.
1252 2347 1260 2363 I

1146 2395 1189 2422 85.
1213 2394 1274 2422 I’ost
1287 2394 1344 2422 lucc
1358 2393 1444 2429 pergit
1455 2397 1549 2422 auctor
1564 2393 1596 2422 ad
1608 2393 1769 2420 beneﬁcium
1789 2392 1896 2421 defensi

1109 2439 1238 2467 divinitus
1251 2445 1347 2467 contra
1371 2440 1485 2467 classem
1508 2439 1657 2469 Turearum
1697 2439 1810 2468 Salerni.
1841 2438 1897 2466 Hoc

1110 2486 1224 2516 accidit.
1242 2486 1302 2520 ipso
1316 2486 1411 2513 saltem
1429 2486 1550 2519 vivente,
1569 2486 1617 2513 sed
1643 2486 1761 2512 necdum
1788 2485 1897 2512 Salerni

1112 2531 1240 2565 degente.
1267 2531 1425 2559 Secundum
1445 2531 1566 2559 Annales
1590 2530 1731 2558 Bluratorii
1760 2538 1804 2558 res
1827 2530 1896 2558 facta

1111 2581 1151 2603 est
1166 2584 1237 2603 anno
1258 2576 1336 2605 15H.
1353 2576 1503 2605 Audiamus
1525 2575 1687 2606 Marsiliom,
1711 2575 1842 2603 resciscis
1855 2580 1897 2602 ta-

1112 2629 1175 2648 men
1214 2622 1348 2656 adjunctis
1377 2621 1479 2656 aliquot
1506 2629 1560 2650 non
1593 2621 1780 2648 necessariis:
1802 2631 1812 2646 (
1837 2621 1895 2653 Qut

1112 2672 1268 2702 tempore...
1287 2667 1402 2694 Carolus
1432 2667 1451 2693 ν
1471 2667 1655 2694 Romanorum
1680 2667 1836 2701 imperator,
1869 2671 1900 2692 et

1112 2710 1297 2738 Franciscusl
1322 2711 1459 2738 Gallorum
1491 2719 1537 2738 rex
1567 2710 1600 2737 de
1622 2710 1705 2737 totius
1734 2710 1790 2736 fere
1816 2710 1900 2736 Italian

1112 2756 1230 2791 primatu
1243 2755 1454 2785 contendebant.
1465 2755 1618 2788 impetravit
1629 2754 1721 2782 Gallus
1729 2754 1899 2788 aSolytnano

1113 2801 1262 2828 'l‘urcarum
1279 2801 1402 2835 principe
1412 2801 1526 2828 classem
1538 2801 1652 2827 validam
1668 2805 1695 2827 et
1707 2807 1897 2831 numerosam.

1112 2847 1266 2874 llaradieno
1278 2846 1440 2874 Barbarussa
1462 2846 1599 2881 praefecto,
1618 2851 1646 2873 ut
1660 2846 1809 2872 maritimas
1823 2854 1898 2877 oras.

1115 2901 1174 2932 (pne
1185 2900 1309 2920 czesarete
1329 2891 1457 2920 factionis
1474 2896 1563 2924 erant,
1575 2896 1686 2919 vexaret
1699 2896 1780 2925 atque
1795 2890 1898 2926 diripe-
