2047 3152
146 144 196 177 801

793 147 808 176 \
822 147 880 175 ΙΤΛ
901 146 930 175 S.
949 145 1141 176 ΜΑΤΤΠΈῘ.

1726 148 1779 180 802

147 207 199 230 ret.
222 211 231 228 ι
247 201 360 230 Factum
379 202 431 231 hoc
456 210 529 230 anno
547 203 624 230 15-35.
647 205 691 235 At,
719 211 780 230 cum
813 203 937 238 sequenti
952 203 977 233 Α
992 203 1056 230 Diva
1073 203 1200 238 Divmque
1210 211 1305 232 omnes
1316 206 1508 240 propitiantur,
1522 212 1549 234 et
1564 214 1672 234 sacrum
1690 211 1780 236 mtssm

146 257 218 275 anno
229 249 394 277 Franciscus
422 249 434 277 ι
463 249 612 277 terribilem
633 249 706 276 illam
726 250 851 280 classem,
877 257 938 284 qua:

147 294 348 322 niltilutilitatis
359 295 497 326 attulerat,
515 295 619 322 meliori
634 295 751 323 consilio
767 296 936 326 remitteret;

147 341 314 367 Barbarussa
330 341 356 367 in
371 340 486 368 transitu
515 340 603 368 varias
635 340 761 368 civitates
786 340 937 367 maritimas

145 392 170 413 el
186 387 290 413 insulas
303 386 402 420 partim
422 385 525 413 frustra
547 387 671 418 tentavit,
689 391 717 413 et
746 386 844 420 partim
865 386 937 420 cepit

145 440 170 460 et
186 434 313 468 diripuit,
337 438 366 460 ut
381 433 504 468 pluribus
521 435 636 469 exponit
652 439 762 462 attctor.
792 434 935 461 Salernum

145 480 205 506 simi
220 481 273 507 iter
289 480 420 507 invadere
437 480 533 507 voluit.
558 490 567 506 ι
588 478 670 507 Plane
691 480 737 506 ubi
757 479 784 506 in
800 480 860 514 ejus
869 485 938 506 con-

146 531 270 560 spectum
287 526 408 558 devenit,
446 526 535 561 inquit
554 526 702 558 Marsilius,
732 533 870 553 armorum
885 524 936 552 ful-

147 579 211 607 go:c
227 575 254 598 e‘t
279 577 406 607 asliectns
423 572 533 599 feritate
550 572 689 603 terribilis,
708 572 813 599 civibus
829 570 937 598 cunctis

146 622 258 645 catenas
281 622 308 644 et
321 618 480 652 compedes,
494 618 553 645 urbi
570 623 661 644 autem
682 617 825 645 barbaram
843 621 935 644 vasta-

147 664 248 690 t‘onctn
268 663 458 690 denuntiabat.
477 662 610 696 Quocirca
625 663 657 690 ad
677 668 780 690 trucem
793 667 935 698 tympano.

148 718 205 736 rum
221 709 342 736 sonitum
364 714 391 736 et
405 709 526 736 minaces
540 709 669 736 tibiarum
690 709 831 740 modulos,
849 715 934 743 usque

147 755 215 783 adeo
232 755 350 790 populus
381 756 526 783 universus
555 756 676 790 expavit,
698 759 728 782 ιιι
754 756 936 790 demigrantes

147 802 243 830 incola:
261 802 354 829 animo
369 806 557 834 consternato,
573 807 601 829 et
631 809 736 828 summa
767 809 828 829 cum
849 801 934 835 trepi-

147 848 259 876 tlati0t:e
271 848 334 875 ‘fere
349 854 444 875 omnes
460 848 493 875 ad
507 854 636 875 montana
653 848 844 882 confugerent.
868 847 934 874 Fer-

147 894 225 921 vebat
248 899 305 921 tum
319 894 438 921 maxime
456 898 536 921 testas
550 895 600 921 sub
630 894 776 928 septimum
802 893 937 921 Kalendas

147 940 312 973 Quinctiles,
326 944 441 968 ettanta
453 945 511 968 erat
527 940 588 967 coeli
618 941 758 975 marisque
782 939 937 974 tranquili't-

145 993 196 1020 tas,
217 992 249 1014 ut
263 987 404 1014 itumobile
419 987 499 1022 plane
519 987 657 1014 videretur
684 987 795 1021 pelagus
813 993 818 1012 :
837 985 938 1013 Barba-

147 1041 226 1060 russa
260 1038 350 1061 autem
373 1033 514 1068 prmdcnsa
541 1033 710 1069 ravigiorum
736 1033 796 1060 acie
824 1033 935 1068 jamjam

146 1078 295 1111 accedens,
327 1079 472 1106 tormentis
491 1079 516 1105 in
538 1078 629 1105 fronte
646 1078 796 1109 collocatis,
815 1085 936 1113 prmum—

146 1125 234 1157 tiavit,
255 1130 285 1152 ut
297 1125 398 1153 milites
416 1125 624 1153 descensionem
643 1125 778 1157 facerent,
794 1130 820 1152 et
839 1124 936 1159 prarda'

144 1176 226 1206 etque
247 1171 383 1198 incendiis
395 1171 587 1198 incumberent
606 1179 612 1197 :
630 1179 690 1198 cum
708 1179 772 1198 ecce
788 1176 936 1206 tempestas

146 1218 382 1244 turbulentissima
412 1222 526 1252 repente
542 1217 676 1250 exoritur,
699 1222 726 1244 et
741 1217 823 1244 veluti
840 1217 936 1252 prodi~

145 1263 219 1299 gioso
236 1271 267 1290 ac
280 1263 403 1291 horribili
418 1268 496 1291 terrae
513 1266 587 1290 motu
601 1271 675 1290 tnare
692 1264 849 1291 concutitur
866 1263 936 1290 inter

146 1310 315 1344 Amalpbiam
335 1314 416 1344 atque
440 1309 585 1337 Salernum
613 1317 620 1336 :
653 1309 782 1336 inusitata
805 1314 935 1344 prmtcrca

146 1356 317 1383 diversorum
346 1361 490 1383 ventorum
530 1355 720 1389 coniuratione
751 1362 835 1390 usque
868 1355 936 1382 adeo

146 1408 315 1430 commotum
343 1402 474 1433 intimuit,
516 1405 545 1429 ut
579 1401 721 1428 imtnensis
745 1401 871 1428 fluctibus
891 1401 936 1436 ja-

145 1453 214 1476 ctata
242 1449 337 1475 classis
366 1449 392 1475 in
417 1448 494 1476 littus
529 1449 699 1483 adigeretur,
718 1456 860 1483 navesque
874 1456 936 1475 om-

146 1503 194 1522 nes
217 1495 378 1522 nutantibus
404 1494 492 1526 malis,
524 1499 606 1529 atque
633 1494 705 1521 inter
728 1501 756 1521 se
776 1494 865 1529 proris
889 1494 936 1521 ad-

146 1541 232 1568 versis
266 1549 298 1568 ac
333 1541 469 1576 puppibus
499 1545 707 1572 concurrentes,
733 1541 835 1576 ingenti
865 1540 970 1579 cala-c

147 1587 239 1614 mitate
269 1587 369 1614 collisae
405 1595 437 1614 ac
460 1587 606 1622 diffractte,

145 1637 344 1666 mergerentur.
364 1642 373 1658 ι

179 1677 223 1705 86.
246 1685 255 1703 ι
275 1677 398 1706 Accessit
425 1686 533 1714 quoque
562 1679 693 1707 miraculo
711 1679 786 1707 visus
810 1680 836 1707 in
867 1680 935 1707 cmio

146 1731 228 1751 senex
243 1732 359 1751 summa:
373 1726 547 1760 proceritatis
557 1746 564 1758 ,
575 1726 686 1761 ipsaque
704 1726 816 1762 prolixa:
847 1727 935 1754 barbae

145 1769 294 1804 spectanda
311 1771 412 1797 canitie
433 1771 609 1805 conspicuus,
631 1771 677 1806 qui
701 1772 845 1799 videbatur
862 1773 934 1799 illam

145 1815 264 1841 excitare
283 1814 440 1849 procellam,
458 1820 485 1842 et
508 1823 558 1851 pro
578 1824 625 1843 sua
650 1817 727 1852 quasi
756 1817 864 1845 civitate
885 1827 934 1853 pu-

145 1867 228 1895 gnare
250 1861 336 1887 :visa-
353 1866 415 1888 sunt
450 1863 531 1889 etiam
559 1863 734 1891 validiSsinim
760 1865 934 1899 promptissi-

145 1915 252 1934 morum
281 1908 396 1935 militum
419 1913 446 1936 et
478 1909 578 1936 civium
598 1911 735 1943 cohortes,
770 1911 936 1947 fulgentibus

144 1963 193 1990 per
207 1955 279 1981 muri
294 1962 422 1981 coronam
447 1955 530 1990 galeis
546 1960 631 1990 atque
645 1956 821 1988 tlriraeibus,
839 1957 934 1984 urbem

144 2004 279 2036 perpetua
297 2001 374 2035 quasi
390 2001 506 2028 statione
522 2000 679 2028 defendere.
716 2001 791 2028 Unde
817 2007 934 2035 consul,

145 2048 296 2075 immanem
325 2047 401 2073 illum
429 2047 575 2074 barbarum
602 2056 635 2075 ea
653 2048 696 2075 die
723 2049 934 2081 contremuisse,

143 2097 170 2120 et
185 2092 361 2128 paucissimis
378 2093 546 2125 triremibus,
566 2101 626 2129 qute
639 2095 680 2121 vix
696 2099 844 2122 evaserunt
862 2095 936 2123 inco—

143 2139 242 2172 tumes,
277 2138 349 2166 ultra
375 2139 545 2171 Palinurum,
578 2140 810 2168 invalescentibus
834 2142 933 2175 ventis,

143 2191 253 2220 raptum
267 2184 362 2211 fuisse.
375 2185 480 2212 Czctera
493 2185 600 2221 navigia
612 2187 810 2222 cujuseumque
827 2188 935 2223 generis

645 1589 770 1616 luctuoso
794 1587 936 1623 naufragio

989 249 1111 276 solemne
1137 249 1294 278 conﬁt-itur.
1320 259 1329 276 ι
1364 251 1501 279 Hactenus
1533 252 1669 280 Ilarsilins
1700 256 1780 281 annis

989 295 1101 322 circiter
1137 295 1245 330 triginta
1281 297 1404 331 quinque
1439 304 1499 332 post
1533 307 1589 326 rem
1627 305 1778 334 peractam,

987 341 1098 375 quando
1123 341 1198 368 mttlti
1215 341 1310 375 procul
1337 342 1419 370 dubio
1439 343 1569 370 vivebant
1599 344 1779 373 Salernitaoi.

989 386 1034 422 qui
1054 387 1154 413 factunt
1175 387 1241 414 illud
1258 388 1394 419 viderant,
1408 394 1432 415 et
1450 389 1483 415 de
1501 389 1636 422 adium-tis
1652 392 1780 418 omnibus

988 433 1261 467 poterantjudicare.
1283 433 1382 461 Eadem
1399 434 1509 461 brevius
1533 436 1656 462 referunt
1675 434 1777 467 Musca,

987 477 1032 512 qui
1047 477 1165 505 Marsilio
1188 479 1317 511 convixit,
1343 480 1369 506 in
1390 480 1607 514 archiepiscopis
1628 480 1779 507 Salernita-

989 523 1041 554 nis,
1059 532 1120 558 pag.
1135 524 1178 556 56,
1196 525 1298 553 Mazza.
1310 526 1336 551 in
1348 525 1470 552 Historia
1481 525 1665 556 Salernimna,
1675 535 1735 561 cap.
1750 527 1777 559 ϐ,

988 574 1016 597 et
1033 570 1175 604 Ughellus.
1186 576 1250 597 tom.
1269 571 1313 598 VII
1326 572 1353 598 in
1366 572 1574 606 An‘ltiapisropis
1590 571 1777 603 Salernilnris,

988 615 1015 642 in
1032 615 1146 643 Nicolao
1167 616 1322 651 Rodutpbo,
1333 618 1377 650 qui
1393 622 1456 645 tttnc
1473 618 1795 652 prmeratSalernitanae'

988 660 1119 688 ecclesize.
1136 660 1229 689 Redeo
1240 663 1273 689 ad
1291 662 1453 689 Marsilium.

1023 707 1067 734 87.
1090 717 1099 733 ι
1120 707 1273 735 Novissime
1283 709 1372 741 placet
1389 709 1452 735 illud
1467 716 1521 736 non
1540 709 1666 741 reticere,
1678 709 1779 744 inquit,

987 752 1061 786 quod
1081 752 1161 780 nobis
1181 754 1247 788 ipsis
1269 754 1295 779 in
1310 754 1362 781 hac.
1388 754 1503 781 ecclesia
1530 755 1690 782 sedentibus
1717 759 1780 782 ante

990 797 1132 823 biennium
1148 798 1271 833 contigit.
1292 798 1416 825 Tametsi
1437 799 1510 826 enim
1541 798 1574 826 ab
1588 807 1621 826 eo
1650 800 1704 830 die.
1726 807 1782 834 quo

990 841 1065 869 locus
1087 843 1130 869 ille
1147 843 1197 870 fuit
1212 851 1261 877 per
1288 845 1463 879 sacrilegium
1480 846 1694 878 contaminatus,
1734 846 1783 873 ubi-

988 889 1199 924 gloriosissimus
1224 890 1366 924 apostolus
1377 891 1461 925 jacet,
1484 891 1594 918 divinus
1613 892 1702 926 liquor
1717 899 1780 926 pera

988 935 1103 970 exiguus
1121 943 1231 970 semper
1244 937 1398 966 emerserit,
1416 937 1485 964 adeo
1513 941 1541 964 ut
1572 937 1615 964 vix
1630 937 1779 964 multorum

988 981 1095 1007 dierum
1111 980 1200 1015 spatio
1220 981 1326 1008 modica
1345 984 1464 1016 potuerit
1491 982 1616 1016 ejusdem
1643 983 1781 1017 quantitas

990 1025 1111 1058 hauriri;
1132 1025 1344 1054 advenientibus
1369 1032 1460 1054 tamen
1478 1028 1634 1055 illustribus
1664 1037 1697 1056 ex
1713 1028 1779 1056 Sar-

988 1071 1070 1099 tnatia
1089 1071 1155 1098 viris
1169 1071 1288 1106 Georgio
1299 1071 1448 1104 Radziroil,
1467 1075 1642 1107 episcopatus
1654 1073 1780 1100 W.lncn-

990 1115 1028 1143 sis
1043 1116 1215 1150 coadjutore,
1233 1121 1259 1143 et
1273 1117 1387 1144 Alberto
1405 1117 1545 1144 Radziroil
1557 1117 1653 1150 fratre,
1668 1123 1698 1146 et
1710 1118 1779 1145 duca

987 1160 1015 1187 itt
1031 1159 1116 1193 Olica;
1137 1168 1169 1188 ac
1187 1161 1286 1188 devote
1300 1162 1478 1196 petentibus,
1499 1167 1528 1189 ut
1545 1167 1573 1189 et
1596 1163 1650 1190 loci
1665 1163 1778 1192 videndi

988 1211 1016 1233 et
1034 1215 1141 1234 unauna:
1156 1207 1242 1242 ipsius
1263 1208 1290 1234 in
1302 1208 1421 1243 patrima
1437 1209 1592 1236 deferendae
1615 1211 1722 1245 copiam
1740 1210 1781 1238 fa-

988 1257 1125 1284 ceremus,
1141 1252 1259 1280 libenter
1284 1258 1432 1288 utrumque
1458 1255 1645 1283 concessimus
1675 1265 1682 1283 :
1707 1256 1779 1291 lage-

989 1305 1108 1332 naniquc
1126 1299 1226 1332 ipsam,
1245 1307 1306 1333 quin
1322 1299 1410 1333 pridie
1424 1299 1500 1326 arida
1523 1308 1594 1335 pene
1611 1302 1711 1334 fuerat,
1732 1309 1779 1329 sa.

989 1350 1036 1370 cro
1052 1343 1169 1370 hutnore
1186 1344 1255 1371 adeo
1279 1345 1411 1379 repletam
1440 1345 1646 1381 undantemque
1675 1347 1780 1382 reperi-

988 1397 1060 1422 mus,
1087 1394 1116 1417 ut
1135 1390 1284 1418 liberaliter
1296 1391 1469 1427 principibus
1488 1393 1556 1427 ipsis
1583 1393 1650 1420 viris
1669 1400 1780 1420 eorum-

987 1445 1041 1472 que
1058 1436 1206 1464 comitibus
1225 1438 1396 1472 potuerimus
1425 1438 1513 1473 ipsam
1530 1439 1706 1467 distribuere.
1721 1440 1779 1468 lmo

989 1476 1053 1511 vero
1068 1488 1095 1511 ct
1113 1483 1180 1510 duas
1212 1483 1345 1518 ampullas
1361 1484 1457 1511 eodem
1493 1485 1597 1519 liquore
1627 1485 1722 1520 plenas
1743 1486 1778 1513 ad

989 1529 1152 1565 Gregorium
1186 1529 1244 1556 thl
1264 1530 1295 1556 Ρ.
1326 1529 1361 1556 ΙΙ.
1397 1530 1498 1557 deferri
1517 1531 1685 1562 curavimus,
1710 1539 1779 1566 quas

987 1584 1011 1603 et
1032 1577 1202 1612 gratissimas
1228 1577 1368 1605 exstitisse
1400 1585 1449 1612 per
1480 1577 1584 1604 litteras
1611 1578 1777 1613 accepimus.

988 1623 1083 1651 Tanta-
1097 1623 1179 1659 igitur
1196 1623 1233 1650 rei
1250 1623 1403 1650 novitatem
1415 1623 1493 1650 valde
1513 1623 1639 1650 admirati
1657 1631 1753 1651 sumus
1769 1633 1778 1657 ;

987 1675 1015 1697 et
1039 1670 1130 1700 veriti,
1158 1676 1193 1697 ne
1220 1669 1398 1696 beatissimus
1425 1670 1565 1704 apostolus
1586 1669 1651 1696 huic
1679 1671 1779 1705 populo

987 1716 1022 1742 ob
1046 1715 1151 1742 scelera
1181 1716 1268 1742 multa
1298 1721 1470 1748 succenseat,
1498 1716 1606 1751 precari
1628 1724 1777 1749 numquam

987 1761 1148 1789 desistimus
1186 1761 1274 1792 illum,
1320 1765 1351 1788 ut
1376 1761 1515 1789 civitatem
1540 1763 1620 1789 istaut
1651 1764 1778 1797 civesque

987 1815 1083 1835 omnes
1116 1807 1242 1843 dignetur
1259 1815 1309 1842 pro
1336 1815 1384 1834 sua
1401 1813 1533 1835 consueta
1551 1809 1674 1836 bonitate
1686 1813 1780 1844 prote-

987 1862 1060 1889 gere.
1085 1863 1095 1878 ι

1021 1899 1067 1926 88.
1084 1907 1094 1924 α
1121 1898 1243 1926 Tandem
1267 1904 1295 1926 et
1321 1899 1387 1926 illud
1418 1900 1508 1934 placet
1546 1901 1618 1928 inter
1646 1901 1778 1929 miracula

987 1953 1145 1977 recensere,
1164 1945 1236 1980 quod
1249 1953 1282 1972 cr
1306 1946 1434 1973 universa
1450 1947 1593 1981 provincia
1616 1949 1780 1983 frequentis-

986 1992 1056 2018 sime
1072 1991 1226 2018 afferuntur
1241 1991 1367 2018 homines
1384 1992 1528 2026 utriusque
1552 2000 1645 2024 sexus.
1664 1994 1708 2028 qui
1721 2002 1778 2020 ma-

987 2040 1020 2067 ιλιι
1031 2039 1175 2074 spiritibus
1195 2040 1329 2067 acerrime
1343 2039 1519 2067 'divexantur
1543 2049 1551 2067 :
1571 2046 1599 2067 et
1611 2049 1660 2068 eos
1682 2049 1778 2070 omnes

987 2090 1050 2112 ante
1071 2085 1161 2120 ipsum
1177 2085 1210 2112 D.
1229 2085 1347 2120 Mattbaei
1364 2086 1451 2113 altare
1467 2087 1634 2114 constitutos
1651 2088 1778 2115 sacerdos

988 2139 1061 2158 unus
1088 2131 1217 2166 imposita
1234 2140 1315 2159 manu
1337 2133 1443 2161 liberat.
1466 2132 1545 2166 Quod
1564 2141 1641 2167 sane,
1670 2134 1778 2161 tametsi

987 2181 1021 2207 ab
1035 2181 1095 2216 ipso
1115 2181 1303 2208 translationis
1320 2181 1396 2209 initio
1409 2182 1564 2209 factitatum
1587 2182 1698 2210 assidue
1709 2183 1776 2214 fuit,

142 2232 184 2258 vel
204 2232 285 2265 plane
301 2237 428 2265 quassata
444 2231 544 2258 sensim
560 2232 688 2267 absorpta
712 2238 788 2264 sunt,
803 2234 844 2260 vel
861 2234 935 2262 fatali
953 2230 974 2257 Ι)
988 2228 1050 2261 quia
1068 2232 1160 2256 tam?“
1179 2229 1212 2255 ad
1230 2228 1287 2255 hi“
1305 2236 1390 2263 us‘l"c
1413 2232 1538 2264 “3me
1559 2234 1728 2264 Perse‘ﬂﬂb
1751 2236 1779 2256 ί¹ῐ

144 2277 172 2304 ἰιι
189 2278 284 2304 littore
295 2277 474 2310 desederunt,
493 2278 638 2313 prtedaque
657 2279 760 2311 omnia,
777 2287 858 2316 quam
885 2289 935 2316 per

144 2325 186 2352 fas
215 2329 244 2352 et
280 2324 357 2352 nefas
386 2324 519 2352 barbarus
551 2326 743 2359 undecumque
780 2327 935 2362 collegerat,

143 2372 177 2396 ait
193 2369 397 2396 Salernitanum
411 2369 490 2396 littus
511 2369 610 2404 ejecta,
629 2371 726 2397 incolis
737 2372 936 2405 occupantibus

143 2420 186 2441 est
203 2414 330 2449 quiesita.
345 2414 415 2441 Cum
441 2414 524 2449 igitur
543 2415 732 2442 imminentem
754 2416 858 2442 cladem
883 2421 936 2443 tam

145 2461 219 2487 felici
245 2466 358 2492 eventu,
373 2468 428 2487 non
443 2461 570 2488 humana:
596 2461 677 2493 vires,
696 2461 742 2488 sed
774 2462 844 2488 Deus
875 2463 936 2496 Upt.

147 2509 218 2534 Max.
240 2507 400 2538 avertisset,
420 2511 564 2541 acceptum
586 2506 613 2533 id
629 2507 794 2533 Salcruitani
815 2509 938 2535 tulerunt

148 2554 279 2587 precibus
300 2558 327 2578 ct
345 2553 451 2579 meritis
478 2553 597 2579 Matthtei
613 2557 640 2579 ct
667 2553 782 2580 Andrce
799 2555 938 2588 apestolo-

148 2607 225 2624 rum:
245 2598 289 2625 hic
304 2598 535 2633 Amalpbitanam,
555 2599 598 2625 ille
616 2599 817 2626 Salernitanam
831 2601 937 2635 plagam

147 2645 320 2671 defenderat.
335 2644 518 2676 Quamobrem
534 2645 657 2679 sequenti
688 2645 731 2671 die
748 2645 939 2673 Salcl'lttlutttts

148 2691 268 2726 populus
301 2692 356 2718 Deo
378 2691 505 2726 ingentes
527 2692 627 2725 gratias
653 2691 709 2726 egit
729 2699 734 2716 :
753 2696 780 2717 et
811 2692 939 2725 deinceps

149 2738 299 2772 quotannis
312 2745 344 2764 ca
361 2737 417 2772 ipsa
435 2737 478 2763 die
494 2737 616 2764 miraculi
632 2737 763 2763 memoria
782 2741 937 2767 Icuovalur,

150 2785 214 2819 quia
246 2790 274 2812 et
304 2783 447 2819 proprium
475 2783 510 2810 ob
541 2783 564 2809 id
584 2783 708 2810 Otiicium
732 2783 887 2809 celeiratur
911 2783 937 2808 in

148 2833 234 2859 choro
260 2831 377 2865 majoris
390 2830 523 2862 ecclesias,
548 2834 575 2856 et
591 2838 639 2864 per
655 2830 794 2857 civitatein
823 2828 938 2855 solemni

149 2879 330 2914 processione
346 2877 516 2909 discurritur,
539 2877 566 2903 in
594 2885 646 2911 qua
673 2875 786 2903 alternis
814 2874 939 2909 precibus

988 2273 1068 2300 nobis
1090 2274 1171 2300 etiam
1189 2273 1347 2301 videntibus
1366 2273 1531 2308 quandoque
1563 2278 1704 2308 peractum
1723 2279 1777 2304 cst.

988 2329 1043 2347 non
1058 2321 1109 2348 fuit
1129 2321 1184 2348 ulla
1202 2321 1309 2347 ratione
1325 2322 1549 2355 praetereundum
1570 2321 1692 2348 silentio.
1712 2330 1720 2346 ι
1741 2321 1777 2348 lta

988 2371 1095 2394 auctor.
1119 2366 1158 2393 Ex
1186 2366 1288 2392 ultimis
1318 2367 1410 2393 verbis
1434 2366 1544 2401 colligo,
1581 2367 1665 2393 multa
1692 2367 1777 2394 sancti

989 2412 1107 2439 Matth-mi
1131 2412 1262 2439 beneﬁcia
1294 2413 1406 2447 scriptis
1433 2413 1591 2448 consignata
1609 2421 1662 2440 non
1681 2413 1776 2440 fuisse:

990 2464 1078 2492 neque
1092 2459 1167 2485 enim
1185 2465 1437 2493 energumenorum
1465 2459 1642 2486 libeiationes
1668 2459 1778 2487 invenio

989 2505 1115 2539 scriptas.

1024 2549 1068 2577 89.
1091 2549 1127 2575 Ex
1144 2549 1195 2576 illis
1212 2558 1294 2577 ttnum
1308 2550 1399 2578 Sancti
1417 2549 1577 2577 beneficium
1596 2550 1778 2578 Salernitanis

990 2597 1140 2631 prmstitum
1154 2597 1270 2623 refertur
1282 2605 1296 2623 a
1309 2597 1461 2624 Romualdo
1475 2596 1494 2622 ll
1510 2597 1715 2631 ambiepisenpo
1731 2597 1780 2622 Sa—

991 2643 1139 2671 lernitano,
1159 2643 1204 2676 qui
1221 2643 1312 2669 omnia
1339 2651 1459 2678 praesens
1485 2643 1575 2669 videre
1603 2644 1701 2677 potuit,
1716 2651 1778 2668 cum

992 2691 1079 2725 patria
1107 2689 1192 2716 fuerit
1217 2689 1414 2721 Salernilanus,
1441 2695 1468 2716 cl.
1496 2690 1646 2716 secundum
1676 2689 1778 2723 υέιιυιιι

991 2737 1179 2764 cltronotaxim
1193 2736 1248 2769 jam
1264 2737 1358 2769 patria:
1381 2744 1435 2763 sum
1450 2743 1574 2771 praeesset
1597 2743 1633 2761 art
1646 2736 1780 2770 ltiCpirt’Oc

991 2790 1051 2817 pus,
1068 2782 1176 2817 quando
1195 2789 1237 2808 res
1255 2787 1362 2816 peracta
1379 2787 1429 2814 cst,
1453 2787 1499 2809 aut
1513 2782 1693 2816 quadriennio
1718 2785 1778 2815 post

991 2829 1214 2864 archiepiscopus
1228 2828 1307 2854 fuerit
1322 2828 1410 2855 fac‘us
1425 2837 1457 2856 ex
1476 2829 1633 2856 chronotaxi
1652 2828 1780 2862 Gil>lliiliS

993 2875 1093 2903 Musca.
1113 2874 1224 2902 Factum
1249 2881 1264 2900 a
1290 2873 1447 2907 Muratorio,
1474 2876 1500 2902 in
1519 2875 1663 2902 Annalibus
1680 2874 1777 2907 Italitr,
