2047 3152
242 131 296 162 ειη

861 135 1004 167 MENSIS
1022 138 1165 169 SEPTEM
1171 141 1216 169 BE
1223 141 1257 170 R.

1820 146 1874 178 83$

242 188 361 215 refertur
373 188 406 216 ad
423 197 525 217 annum
544 189 621 223 “62,
641 191 772 226 atqueita
789 192 936 227 exponitur
950 200 965 220 a
982 193 1037 221 Ro-
1051 202 1069 226 Α
1088 195 1148 224 sitia
1170 202 1266 224 neuter
1286 197 1354 225 scire
1380 199 1485 233 potuit;
1503 205 1527 227 at
1553 201 1618 228 mihi
1643 202 1732 234 conie.
1742 207 1801 230 tura
1819 203 1876 231 llo-

247 233 362 267 iuualdo,
380 239 445 261 tom.
462 234 505 261 \‘ll
521 234 685 269 Scriptorum
703 236 802 269 Italia,
823 237 875 265 col.
889 238 953 266 205.
966 238 1032 266 Gui-

245 280 254 308 l
263 280 350 308 elmus
366 279 375 306 l
389 280 492 307 Sicilire
506 288 553 308 rex
573 286 754 317 cognomento
772 282 866 315 Malus,
882 289 944 319 post
957 292 1034 312 com—

242 334 352 362 pressos
365 327 524 355 rebellionis
537 333 626 356 motus
638 329 665 356 in
680 336 765 364 regno
779 329 965 365 Neapolitano,
982 341 992 357 ι
1005 336 1032 358 et

240 373 282 400 sic
300 377 458 407 recuperata
475 377 547 400 terra
564 377 618 400 tota
635 375 708 410 (cum
720 375 864 410 exercitu),
884 375 1029 404 Salernum

241 418 328 446 venit.
343 418 377 445 Et
396 419 459 454 quia
477 419 634 455 indignatus
648 425 707 448 erat
722 421 901 449 Salernitanis
914 423 1030 456 civibus,

241 463 337 490 urbem
362 464 464 491 intrare
479 464 575 496 noluit,
593 465 640 492 scd
653 465 730 499 juxta
747 474 805 493 eam
831 468 946 494 tentoria
964 469 1030 496 tixit.

242 507 333 543 Cmpit
351 514 442 536 autem
468 517 483 537 a
500 510 606 538 civibus
625 519 751 546 magnam
767 513 909 546 pecuniam
927 519 1030 548 petere.

243 554 328 587 Quam
341 563 425 590 quum
443 556 479 582 illi
493 557 583 584 statim
594 557 700 585 solvere
713 565 766 586 non
780 563 902 593 possent,
919 559 1029 588 inventa

237 602 385 630 occasione
412 603 556 637 plurimum
584 604 751 640 indignatus,
777 606 909 640 quosdam
931 614 962 634 ex
991 607 1030 635 eis

241 649 371 683 suspendi
386 649 459 680 fecit,
483 650 662 678 comminatus
686 651 757 683 aliis,
777 653 861 687 quod,
876 653 928 681 nisi
946 662 1030 689 pecu-

241 695 314 720 niam
331 694 386 721 cito
401 695 548 727 solverent,
566 696 661 723 urbem
680 697 845 725 destrueret.
864 697 964 726 Beatus
979 708 1030 726 au-

240 743 296 765 tem
316 739 455 774 apostolus
471 740 623 774 Mattheus,
639 742 686 776 qui
707 742 887 771 Salernitame
898 745 999 772 civitati
1015 754 1029 772 a

241 783 297 811 Deo
312 789 443 819 patronus
456 786 536 814 datus
550 792 592 814 est
604 792 632 815 et
645 788 782 819 defensor.
799 789 938 817 civitatem
952 798 1028 818 suam

239 828 270 856 in
288 833 363 857 tanto
379 831 536 859 discrimine
554 841 607 860 non
623 833 742 868 reliquit.
758 834 825 861 Nam
845 843 928 868 quum
942 845 988 864 rex
1002 838 1028 864 in

238 882 274 902 co
302 879 375 902 esset
399 877 550 911 proposito.
567 879 638 913 quod
663 880 830 909 multamulti
851 883 1028 911 Salernitanis

238 922 365 955 inferret,
391 924 479 950 media
502 924 557 957 die,
580 933 665 960 quum
689 931 762 954 tanta
788 935 861 956 esset
884 930 1028 963 serenitas,

237 970 311 1004 quod
326 970 400 997 nulla
416 970 444 997 in
467 978 529 998 aere
545 972 631 999 nubes
650 979 804 1008 appareret,
828 976 920 1003 subito
942 984 956 1003 a
982 977 1030 1004 Sc~

238 1016 404 1050 ptemtrione
424 1022 522 1045 ventus
547 1018 651 1046 validus
666 1028 728 1047 cum
756 1022 858 1057 ingenti
881 1022 982 1057 pluvia,
1002 1028 1030 1050 et

239 1062 320 1088 turbo
341 1062 510 1096 impetuosus
531 1062 632 1099 erupit,
652 1066 699 1099 qui
716 1066 799 1093 totius
815 1068 951 1096 exercitus
970 1075 1030 1096 ten-

238 1107 309 1134 toria
325 1108 451 1135 universa
466 1108 575 1144 tlejecit,
593 1114 620 1137 et
636 1112 783 1139 tentorium
800 1113 904 1147 regium
917 1115 943 1141 in
961 1115 1030 1142 enti-

237 1153 313 1181 neuti
330 1154 448 1188 positum
467 1155 507 1182 sic
524 1163 539 1183 a
556 1155 627 1188 loco,
641 1157 666 1183 in
687 1165 742 1192 quo
762 1159 844 1187 fixum
860 1160 960 1194 fuerat,
979 1162 1030 1188 im-

237 1197 306 1232 pulit
319 1202 347 1225 et
362 1200 522 1232 commovit,
545 1201 617 1235 quod
637 1209 727 1237 regem
751 1202 933 1231 dormientem
958 1213 1028 1240 pene

237 1245 393 1279 prostravit.
410 1245 624 1282 Expergefactus
640 1256 701 1280 rex,
716 1253 743 1276 et
759 1254 830 1276 tanta
848 1250 1028 1279 inundatione

243 1290 388 1323 attonitus,
407 1294 486 1326 coepit
503 1292 607 1327 fugere,
619 1297 645 1319 et
661 1293 783 1328 Apostoli
799 1296 930 1323 auxilium
949 1297 1028 1324 invo.

237 1342 311 1366 care.
325 1341 353 1363 et
367 1336 411 1363 vix
432 1337 458 1363 in
477 1337 595 1372 quodam
622 1346 707 1372 parvo
729 1340 847 1367 tentorio
870 1340 976 1376 fugiens
997 1350 1029 1370 se

238 1381 351 1415 recepit.

272 1425 317 1454 90.
339 1427 371 1454 Et
387 1427 450 1455 licet
466 1436 512 1456 rex
537 1429 620 1457 animi
646 1431 688 1458 sui
714 1432 839 1460 timorem
865 1441 947 1468 super
975 1434 1028 1476 hoc

236 1471 308 1499 facto
322 1472 517 1506 disdmnlaret,
540 1482 681 1511 magnates
703 1483 794 1505 tamen
820 1479 903 1506 curiae
929 1485 956 1507 et
974 1471 1027 1507 viri

241 1518 391 1552 prudentes
406 1520 550 1548 manifeste
567 1527 709 1555 noverunt,
725 1523 775 1550 hoc
793 1524 955 1552 miraculum
972 1526 1027 1553 vir-

236 1567 294 1590 tute
312 1572 336 1597 a;
347 1565 462 1592 ostolica
477 1572 673 1600 perpetratmn.
685 1569 832 1602 Apostolus
844 1571 917 1597 enim
933 1571 959 1598 in
974 1572 1025 1599 hoc

236 1609 308 1636 l'acto
320 1615 348 1637 et
358 1612 505 1638 commisso
521 1612 571 1639 sibi
586 1614 685 1647 p0pulo
697 1619 724 1641 et
740 1615 794 1650 regi
807 1616 950 1644 manifeste
961 1625 1027 1644 con-

236 1655 312 1688 sulit,
332 1656 395 1683 dum
412 1661 440 1684 et
458 1658 635 1685 commissum
649 1660 701 1686 sibi
717 1661 845 1695 populum
865 1670 880 1688 a
903 1663 1025 1697 periculo

236 1701 321 1734 eruit,
335 1707 361 1728 et
386 1710 486 1737 regem,
503 1711 537 1730 ne
553 1705 721 1739 propositum
746 1707 847 1734 malum
870 1708 1023 1742 perﬁceret,

239 1746 390 1780 impedivit.
404 1747 460 1774 Rex
477 1755 551 1783 ergo,
567 1750 640 1783 quod
651 1750 750 1778 factum
767 1752 863 1785 fuerat,
879 1761 971 1781 secum
984 1763 1025 1782 re—

235 1792 368 1827 cogitans,
395 1797 422 1820 et
447 1795 658 1830 indignationem
691 1798 866 1832 apostolicam
897 1801 1024 1834 pertime-

235 1844 325 1869 scens,
341 1846 426 1874 quum
440 1847 469 1867 se
482 1845 651 1868 moraturum
664 1842 736 1870 circa
749 1843 890 1871 Salernum
902 1845 1025 1881 aliquan-

234 1883 321 1910 tulum
345 1884 540 1920 disposuisset,
564 1891 669 1914 mutato
694 1890 843 1923 proposito,
870 1891 955 1919 altera
980 1893 1025 1921 die

234 1927 326 1962 galeas
343 1928 382 1964 (id
404 1934 448 1956 est
473 1930 609 1966 triremes)
627 1933 748 1966 intravit,
770 1938 798 1961 et
812 1934 977 1964 festinanter
994 1938 1023 1966 in

234 1973 356 2001 Siciliam
373 1975 463 2003 rediit.
481 1985 491 2001 ι
506 1976 584 2011 Hugo
598 1977 763 2011 Falcandus,
776 1980 822 2014 qui
835 1980 930 2008 eodem
941 1983 1022 2011 etiam

232 2020 333 2048 saeculo
360 2021 479 2056 scripsit,
508 2022 536 2049 in
562 2022 684 2050 Historia
709 2024 813 2059 Sicula,
837 2026 936 2054 ibidem
961 2033 1023 2063 post

234 2065 376 2093 ltomualdi
387 2067 538 2095 cbronicon
552 2068 636 2102 edita,
647 2069 680 2096 de
694 2069 766 2098 facto
779 2071 930 2107 prodigiose
942 2073 1022 2108 plane

233 2111 388 2144 consentit;
409 2112 456 2139 sed
475 2120 585 2140 causam
606 2115 721 2150 prodigii
738 2117 862 2145 attribuit
879 2119 958 2146 morti
974 2120 1023 2146 ali-

233 2157 312 2190 cujus
326 2157 428 2184 innoxii
445 2158 620 2193 Salernitani,
636 2163 682 2195 qui
698 2162 771 2196 regis
784 2163 862 2197 jussu
879 2172 942 2191 cum
961 2166 1022 2193 aliis

233 2200 322 2229 fuerat
345 2210 507 2237 suspensus.
533 2204 571 2231 De
595 2205 703 2233 turbine
726 2207 808 2237 hanc,
824 2212 853 2234 ut.
876 2210 972 2242 credit,
986 2211 1020 2238 ob

232 2253 343 2273 causam
358 2253 463 2280 exorto,
484 2249 521 2276 ita
536 2249 656 2285 loquitur
671 2252 724 2279 col.
737 2252 807 2281 299:
837 2263 846 2279 ι
863 2255 930 2282 Cum
946 2257 1020 2284 enim

231 2291 301 2318 adeo
315 2299 430 2321 serenus
448 2299 520 2322 esset
532 2302 588 2328 aer,
601 2296 746 2324 utnullum
758 2306 870 2333 prorsus
883 2299 911 2326 in
926 2307 959 2327 eo
970 2309 1021 2328 nu-

232 2337 274 2364 bis
293 2339 439 2374 vestigium
461 2346 616 2376 appareret,
647 2348 720 2371 tanta
745 2349 858 2380 repente
876 2350 1022 2382 tempestas

231 2388 326 2411 exorta
353 2390 405 2418 est,
434 2387 564 2420 tonitrua,
600 2390 814 2423 coruscationes,
839 2395 867 2418 et
894 2392 1021 2423 imbrium

232 2427 374 2456 inundatio
391 2431 546 2464 subsecuta,
562 2437 591 2459 ut
605 2441 654 2468 per
672 2439 758 2462 totum
774 2438 923 2474 exercitum
936 2439 1022 2466 instar

233 2475 398 2509 rapidissimi
414 2478 543 2505 torrentis
558 2486 627 2513 aqua
642 2480 810 2514 decurreret,
826 2487 854 2510 et
866 2488 920 2510 tam
937 2484 1022 2520 ipsius

232 2520 314 2555 regis,
334 2529 414 2555 quam
429 2527 589 2550 ceterorum
613 2526 734 2553 omnium
761 2529 890 2562 tentoria,
913 2531 1021 2564 paxillis

231 2566 332 2593 avulsis
362 2568 504 2602 ruptisque
532 2569 652 2603 funibus,
681 2573 800 2606 procella
836 2576 1020 2610 subverteret,

231 2616 377 2647 tantusque
393 2622 483 2649 regem
499 2620 526 2642 et
544 2617 700 2645 universum
716 2621 865 2648 exercitum
880 2627 967 2650 terror
980 2625 1022 2651 iu-

229 2657 310 2689 vasit,
327 2662 366 2690 ut,
383 2667 474 2686 rerum
491 2661 615 2688 omnium
631 2663 739 2698 jactura
759 2666 926 2699 posthabita,
941 2675 1021 2703 coge-

229 2708 326 2731 rentur
342 2705 375 2732 de
388 2707 474 2734 salute
497 2709 607 2744 propria
632 2710 806 2746 desperare.)
834 2713 891 2740 Hoc
917 2715 971 2748 ille,
993 2720 1021 2743 ut

230 2748 297 2782 dixi,
321 2751 443 2779 evenisse
468 2759 546 2788 putat
576 2756 610 2783 ob
636 2758 737 2785 caedem
760 2759 828 2786 civis
855 2761 1018 2794 innocentis,

230 2793 398 2824 Romualdus
424 2799 456 2826 ad
485 2804 719 2830 conservationem
743 2805 818 2832 urbis
847 2810 875 2833 et
901 2807 1019 2841 plurium

230 2838 416 2871 innocentium
432 2852 447 2872 a
458 2846 565 2874 damnis
579 2848 741 2877 inferendis.
763 2850 875 2880 Occulta
892 2853 938 2880 Dei
954 2861 1020 2882 con-

1083 243 1186 269 mualdi
1204 243 1370 277 praeferenda
1386 246 1503 278 videtur,
1514 248 1578 281 quia
1589 248 1719 276 terribilis
1735 249 1780 277 ille
1793 250 1876 278 turbo

1082 297 1146 315 eum
1165 296 1260 316 revera
1276 289 1404 318 cﬂ'ectum
1420 293 1562 326 produxit,
1580 299 1608 321 ut
1625 295 1731 323 nullum
1743 300 1877 331 praeterea

1082 334 1213 362 damnum
1230 335 1412 365 Salernitanis
1424 339 1460 366 sit
1474 340 1578 367 illatum
1591 349 1598 373 ;
1618 343 1665 369 sed
1682 342 1766 370 vitam
1780 343 1876 370 occiso

1083 387 1136 406 non
1151 380 1281 408 reddidit.

1083 458 1097 495 §
1114 459 1170 487 Vll.
1191 458 1315 494 Reliquiw
1332 462 1490 502 variis_l_ocis
1523 469 1635 502 servata:
1653 474 1662 493 :
1680 466 1738 493 loca
1768 466 1874 502 aliqua!

1276 504 1354 523 διιεῖ-ιι
1371 498 1398 524 S.
1412 498 1535 526 Mattluco
1544 501 1641 528 dicata.

1118 551 1162 579 91.
1188 552 1302 581 Restant
1326 555 1458 581 nonnulla
1483 555 1597 583 direnda
1626 556 1660 584 de
1688 557 1809 592 reliquiis
1843 557 1874 585 S.

1081 597 1210 630 Matthzei,
1223 606 1282 633 qua:
1290 607 1305 626 a
1323 600 1428 632 reliquo
1439 608 1554 636 corpore
1565 609 1659 636 separa
1665 608 1697 629 ta:
1714 608 1872 630 servantur.

1081 643 1171 670 Mazza
1185 644 1305 678 quidem,
1321 645 1347 672 in
1360 646 1475 674 Historia
1501 647 1683 679 Salernitana,
1700 657 1762 683 cap.
1777 649 1874 677 Gdicit

1082 690 1166 717 sancti
1187 689 1306 718 Matthtei
1324 693 1439 726 apostoli
1468 701 1490 720 οι
1502 702 1566 728 τρυε
1594 694 1739 730 integrum,
1757 701 1874 730 excepto

1081 735 1162 763 dente
1175 736 1338 770 acbrachio,
1362 739 1465 766 servari
1497 740 1523 766 in
1550 740 1625 767 altari
1653 741 1740 767 eidem
1770 741 1873 776 dicato,

1081 782 1115 810 de
1133 791 1187 817 quo
1215 785 1257 819 egi
1275 793 1350 812 num.
1375 786 1419 813 8i.
1436 785 1470 812 At
1492 785 1556 813 illud
1583 786 1693 814 certiori
1714 787 1873 814 testimonio

1081 831 1138 858 sive
1153 831 1254 858 ossium
1272 832 1443 866 inspectione
1459 834 1604 868 probatura
1621 834 1728 865 vellem,
1750 838 1778 861 et
1795 841 1872 862 certe

1046 876 1066 902 B
1082 881 1135 904 tam
1153 877 1247 905 stricte
1266 879 1429 906 sumendum
1442 887 1495 907 non
1512 883 1564 910 est,
1594 884 1624 907 ut
1638 881 1805 908 credendum
1821 881 1869 915 sit,

1081 923 1148 950 nihil
1175 924 1350 958 reliquiarum
1367 925 1453 952 sancti
1472 925 1588 953 Matthzei
1615 926 1648 953 ad
1678 927 1729 953 a'ia
1760 935 1872 962 quoque

1080 967 1137 996 loca
1152 970 1321 1003 pervenisse.
1340 970 1451 998 Interim
1483 972 1606 999 laudatus
1627 976 1723 1000 auctor
1743 977 1870 1005 testatur.

1081 1013 1189 1040 dentem
1208 1022 1292 1041 unum
1320 1020 1347 1042 et
1364 1016 1504 1043 brachium
1528 1017 1620 1045 Sancti
1639 1018 1664 1044 in
1679 1019 1811 1047 superiori
1825 1027 1872 1046 sa-

1080 1059 1170 1086 crario
1185 1059 1308 1094 ejusdem
1333 1061 1455 1089 ecclesiae
1482 1064 1649 1091 conservari.
1682 1071 1721 1092 De
1752 1071 1873 1101 utroque

1080 1105 1162 1132 etiam
1176 1106 1298 1140 loquitur
1313 1107 1456 1141 Marsilius,
1469 1116 1530 1144 cap.
1548 1109 1573 1139 9,
1589 1118 1649 1145 pag.
1668 1111 1712 1141 79,
1727 1111 1772 1138 ubi
1786 1120 1875 1147 expo-

1083 1150 1124 1176 nit
1140 1156 1247 1178 servata
1261 1151 1287 1178 in
1304 1154 1433 1184 sacrario.
1444 1159 1525 1189 atque
1539 1155 1647 1182 dentem
1662 1156 1735 1183 illum
1752 1158 1870 1192 positum

1080 1203 1141 1222 esse
1159 1198 1186 1223 in
1202 1205 1283 1225 cruce
1307 1204 1434 1233 argentea
1456 1201 1537 1227 variis
1557 1201 1678 1236 reliquiis
1695 1202 1792 1230 ditata.
1811 1213 1821 1228 ι
1839 1204 1870 1230 ln

1080 1241 1173 1268 dextra
1193 1242 1281 1276 (parte
1308 1244 1409 1279 crucis)
1439 1245 1625 1279 gloriosissimi
1652 1246 1771 1274 blatthaai
1800 1248 1872 1276 dens

1079 1287 1160 1318 alius,
1178 1287 1211 1315 de
1225 1296 1279 1322 quo
1298 1293 1326 1315 et
1339 1297 1401 1320 nos,
1421 1290 1520 1325 inquit,
1536 1299 1618 1327 sup'a
1632 1292 1716 1320 locuti
1732 1301 1839 1322 sumus.
1857 1304 1868 1319 ι

1080 1332 1202 1360 lnsinuat
1219 1333 1312 1368 igitur,
1333 1343 1394 1362 esse
1407 1335 1482 1362 illum
1500 1337 1587 1371 ipsum
1607 1338 1730 1370 dentem,
1745 1341 1791 1374 qui
1803 1347 1872 1367 con-

1079 1385 1173 1405 cessus
1189 1379 1279 1406 fuerat.
1302 1381 1452 1410 Athanasio
1471 1383 1606 1410 monacho
1633 1385 1758 1418 corporis
1773 1385 1872 1412 inven-

1081 1424 1143 1456 tori,
1163 1429 1193 1452 ut
1227 1425 1331 1453 dictum
1356 1435 1433 1454 num.
1453 1428 1504 1462 Τις
1530 1429 1631 1463 quique
1651 1431 1738 1457 eidem
1762 1431 1872 1459 ablatus

1079 1469 1178 1497 deinde
1197 1475 1250 1502 est,
1265 1473 1494 1505 quemadmodum
1511 1475 1662 1509 expositum
1683 1480 1725 1502 est
1735 1484 1810 1503 num.
1823 1477 1869 1504 76.

1081 1514 1118 1540 De
1147 1515 1257 1543 brachio
1279 1518 1406 1546 laudatus
1425 1519 1560 1548 Marsilins
1576 1522 1613 1548 ita
1632 1521 1774 1557 loquitur:
1793 1533 1802 1549 ε
1821 1523 1871 1551 Est

1077 1566 1104 1588 et
1119 1561 1150 1587 D.
1168 1562 1288 1600 Matthaei
1318 1563 1461 1592 brachium
1483 1566 1559 1599 illud,
1572 1568 1642 1601 quod
1658 1567 1869 1596 Beneventanus

1076 1608 1212 1642 quondam
1226 1610 1355 1644 princeps
1370 1619 1384 1637 a
1403 1611 1535 1647 Gisulpho
1555 1614 1682 1647 precibus
1704 1614 1871 1650 impetrave-

1076 1658 1117 1680 rat
1134 1662 1140 1680 :
1157 1659 1185 1681 et
1204 1657 1330 1688 quamvis
1351 1662 1465 1691 argento
1487 1659 1672 1691 com-luditur,
1688 1668 1720 1687 ex
1735 1662 1868 1689 cancellis

1077 1704 1166 1727 tamen
1180 1702 1269 1729 carnis
1282 1707 1309 1728 et
1323 1703 1425 1730 ossium
1440 1710 1566 1740 aspectus
1584 1706 1754 1734 intuentibus
1761 1713 1866 1742 patet.»

1077 1746 1139 1774 llaec
1161 1747 1308 1781 Marsilius,
1323 1757 1376 1776 non
1392 1751 1544 1785 explicans,
1560 1760 1613 1787 qua
1643 1754 1786 1781 occasione
1801 1755 1868 1782 bra-

1080 1791 1183 1824 chium,
1215 1794 1287 1828 quod
1316 1796 1416 1823 saeculo
1439 1796 1461 1822 Χ
1487 1797 1672 1826 Beneventum
1702 1801 1867 1829 translatum

1075 1839 1219 1872 asseritur,
1237 1846 1331 1875 postea
1351 1843 1467 1870 relatum
1486 1844 1568 1871 fuerit
1582 1845 1737 1873 Salernum.
1761 1847 1864 1875 Verum

1075 1883 1147 1911 sicut
1161 1892 1260 1920 corpus
1276 1887 1306 1914 S.
1320 1887 1442 1916 Januarii
1460 1890 1560 1917 smculo
1576 1899 1601 1917 ix
1622 1893 1782 1920 translatum
1811 1893 1867 1922 fuit

1073 1929 1184 1966 Neapoli
1197 1932 1393 1967 Beneventum,
1406 1935 1524 1971 indeque
1539 1945 1646 1965 rursum
1664 1939 1716 1966 alio
1730 1939 1866 1969 delatum:

1073 1976 1238 2013 demumquc
1280 1979 1421 2016 Neapolim
1448 1983 1575 2016 relatum,
1611 1986 1657 2012 tali
1692 1991 1740 2013 aut
1780 1987 1866 2016 simili

1073 2023 1155 2050 modo
1173 2025 1315 2052 brachium
1348 2027 1434 2054 sancti
1461 2028 1578 2057 Matthaei
1603 2031 1746 2059 Salernum
1772 2033 1867 2062 redire

1073 2069 1171 2102 potuit.
1201 2069 1281 2098 Certe
1294 2071 1359 2100 illud
1377 2073 1457 2101 modo
1476 2074 1581 2103 Salerni
1601 2084 1672 2107 esse.
1690 2078 1727 2105 uti
1743 2083 1772 2106 et
1795 2079 1866 2106 den-

1074 2117 1141 2146 tem,
1167 2116 1251 2142 etiam
1265 2117 1364 2145 asserit
1376 2117 1468 2147 Musca
1498 2120 1526 2147 in
1539 2120 1706 2157 Compendio
1729 2123 1784 2158 jam
1802 2124 1866 2152 lau-

1073 2159 1146 2186 dato.

1033 2227 1060 2256 D
1110 2216 1154 2244 92.
1183 2217 1212 2244 Si
1229 2222 1320 2246 autem
1339 2219 1405 2247 illud
1441 2222 1530 2256 ipsum
1554 2222 1590 2250 sit
1613 2223 1767 2257 brachium,
1789 2227 1865 2262 quod

1074 2262 1124 2289 fuit
1139 2265 1239 2292 sazculo
1259 2273 1274 2292 κ
1301 2265 1457 2301 Beneventi,
1489 2269 1594 2297 videtur
1609 2275 1636 2298 et
1664 2271 1780 2299 alterum
1799 2273 1865 2302 bra-

1073 2308 1164 2336 chium
1175 2317 1190 2336 a
1205 2311 1309 2345 reliquo
1320 2319 1433 2346 corpore
1447 2319 1600 2349 separatum
1615 2317 1701 2345 luisse
1715 2320 1862 2349 seculoxr.

1073 2353 1180 2389 Quippe
1198 2354 1333 2385 Robertus
1359 2357 1526 2387 Guiscardus
1553 2368 1585 2388 ex
1617 2362 1728 2391 invento
1746 2373 1863 2400 corpore

1073 2400 1207 2435 integrum
1219 2408 1250 2429 os
1262 2402 1367 2430 brachii
1381 2412 1429 2438 pro
1442 2412 1471 2432 se
1481 2406 1604 2439 retinuit,
1617 2413 1647 2436 ut
1655 2409 1772 2438 vidimus
1781 2419 1861 2442 num.

1072 2445 1118 2473 80.
1155 2446 1193 2474 De
1215 2447 1263 2474 illo
1285 2455 1346 2476 osse
1371 2449 1398 2476 in
1420 2449 1546 2479 Chronico
1570 2452 1714 2487 Catinensi,
1739 2457 1787 2485 lib.
1818 2466 1861 2493 in,

1072 2499 1133 2526 cap.
1150 2491 1196 2524 57,
1210 2492 1293 2520 relata
1302 2492 1413 2522 Roberti
1427 2501 1525 2528 morte,
1543 2498 1602 2526 haec
1616 2499 1744 2535 leguntur
1762 2512 1769 2529 :
1786 2513 1795 2529 ‹
1808 2491 1861 2532 Hie

1073 2535 1177 2564 interea
1204 2536 1361 2573 (Robertus)
1376 2540 1410 2567 ad
1437 2541 1509 2568 diem
1535 2543 1627 2571 obitus
1657 2547 1698 2573 sui
1715 2546 1860 2577 brachium

1072 2582 1159 2608 sancti
1181 2583 1296 2617 apostoli
1317 2591 1341 2612 et
1370 2588 1542 2622 evangelista:
1569 2589 1686 2618 Matthmi
1712 2594 1861 2627 capellanis

1072 2628 1140 2660 suis,
1155 2628 1210 2655 tilio
1226 2637 1287 2662 suo,
1306 2630 1410 2659 Salerni
1431 2637 1636 2670 reportandum,
1650 2642 1730 2672 atque
1745 2640 1863 2668 redden-

1071 2674 1136 2701 dum
1147 2677 1266 2711 reliquit.
1283 2678 1335 2705 Sed
1355 2679 1392 2706 illi
1417 2681 1569 2710 substantia
1596 2691 1738 2718 pauperes,
1758 2695 1790 2714 ac
1808 2688 1862 2715 tida

1072 2722 1259 2756 pauperiores,
1279 2724 1385 2751 thecam
1406 2733 1574 2761 argenteam,
1596 2730 1622 2756 in
1649 2739 1702 2765 qua
1734 2739 1859 2761 sanctum

1071 2765 1213 2795 brachium
1231 2774 1290 2797 erat
1304 2772 1486 2804 reCrinditum,
1500 2774 1570 2801 inter
1587 2783 1617 2802 sc
1632 2776 1767 2811 dividunt,
1780 2780 1861 2808 inde-

1071 2818 1124 2846 que
1156 2812 1369 2850 Hierosolymam
1403 2825 1557 2854 pergentes,
1593 2827 1702 2850 sanctas
1730 2825 1861 2860 reliquias

1071 2865 1158 2893 usque
1170 2859 1203 2886 ad
1215 2860 1286 2888 diem
1311 2862 1403 2891 obitus
1423 2866 1465 2892 sui
1490 2866 1562 2901 apud
1576 2875 1605 2895 se
1618 2868 1755 2898 retinuere
1783 2859 1860 2900 cela-
