2047 3152
132 101 180 132 805

767 97 854 128 VITA
875 98 904 128 S.
929 97 1120 128 MATTILEL

1700 96 1753 127 806

134 161 180 184 tas.
207 156 248 184 Ad
262 162 377 184 mortem
394 160 485 184 autem
501 155 655 189 venientes,
671 154 841 190 supradictas
854 153 916 181 reli-
928 154 953 183 A
969 153 1051 181 habet
1063 154 1268 186 monasterium,
1283 158 1322 184 et.
1344 158 1373 181 ut
1385 153 1512 182 laudatus
1538 158 1635 181 auctor
1660 153 1755 182 obser-

134 203 216 238 qtrias,
238 203 335 231 insciis
359 203 452 234 sociis,
476 202 568 237 pueris
585 201 643 229 suis
665 201 840 232 contradunt,
868 199 914 234 qui

135 249 246 284 qualiter
260 253 385 276 sanctum
401 247 543 276 brachium
559 246 728 282 temporibus
743 244 849 272 Girardi
869 244 916 270 ab-

137 295 202 324 batis
222 295 256 322 ad
284 296 358 322 hunc
382 295 473 321 locum
496 293 654 325 detulerint.
678 292 739 319 loco
753 299 801 319 suo
816 289 918 318 scribe-

137 349 202 368 mus.
222 349 232 366 I
254 340 354 367 Deinde
369 340 414 367 lib.
430 347 467 372 tv,
478 347 540 374 cap.
556 339 601 371 73,
613 337 739 366 laudatus
756 341 851 364 auctor
859 336 918 364 haec

138 387 226 414 scribit
247 395 254 413 ε
274 395 283 412 ι
303 385 352 413 llic
368 387 473 413 interea
489 386 575 413 abbas
587 384 756 419 (Casinensis
775 382 917 416 Girardus)

137 441 193 460 eum
215 433 287 467 apud
303 432 488 460 Beneventum
512 433 538 460 in
560 431 716 467 Apostolico
730 428 840 457 servitio
859 435 920 463 per-

137 484 268 511 maneret,
284 483 313 505 et
327 482 403 505 certo
417 478 519 505 certius
545 477 686 504 brachium
700 474 787 502 sancti
806 473 920 509 apostoli

138 529 163 552 et
173 524 346 560 evangelism
368 524 485 552 Matthtei
506 524 532 551 in
553 523 647 551 eadem
665 522 775 550 civitate
799 520 922 548 recondi-

139 576 191 598 tum
207 578 270 598 esse
282 570 432 602 didicisset,
447 571 481 598 ad
496 577 526 598 se
537 570 592 605 jam
605 569 670 596 dicti
684 566 922 596 brachiicustodes

139 624 299 648 convocans,
314 616 440 651 qualiter,
450 616 491 643 vel
514 623 568 650 quo
590 615 685 642 ordine
697 614 818 649 ejusdem
833 612 920 640 sancti

140 663 252 698 apostoli
271 662 412 690 brachium
434 662 601 693 habuiSsent,
623 660 796 696 percunrtari
820 658 923 686 Studio—

139 708 244 735 sissime
268 707 361 742 erepit.
381 707 433 739 Qui
451 707 514 734 dum
538 706 707 738 retulissent,
724 705 841 740 qualiter
858 704 922 731 illud

140 761 228 781 secum
265 752 401 780 Robertus
429 753 484 780 dux
512 753 654 780 detulisset
689 753 715 779 in
738 751 921 786 expeditione,

139 806 215 833 quam
232 804 327 826 contra
344 798 468 825 Alexium
498 798 690 833 imperatorem
722 796 864 829 habuerat,
891 804 922 824 ac

140 846 245 873 demum
257 845 407 880 capellanis
427 845 485 872 suis
503 845 536 872 ad
549 849 664 872 mortem
689 844 846 879 reliquerat,
859 843 924 878 ipsi-

140 899 189 927 que
207 891 382 927 postmodum
393 891 420 917 in
437 891 481 918 die
500 891 591 918 obitus
606 891 647 917 sui
673 889 724 918 sibi
752 890 923 921 dimiserant,

141 938 220 965 abbas
243 945 355 965 monere
368 937 429 965 illos
457 937 590 964 attentius
614 935 708 971 erepit,
733 939 764 962 ut
786 939 861 962 tanta
884 935 926 961 di-

141 983 230 1019 gniora
244 982 388 1010 Casinensi
401 982 529 1010 ctenohio
539 981 706 1009 conferrent.
742 1006 746 1011 ,

172 1029 216 1057 93.
237 1038 248 1055 ι
266 1028 306 1056 Illi
319 1033 411 1056 autem
422 1027 539 1056 ociusse
554 1028 611 1054 haec
628 1026 779 1062 adimplere
793 1026 925 1059 fatentur,

141 1078 162 1104 si
184 1073 269 1104 abbas
293 1076 355 1103 illos
378 1081 550 1111 quacumque
574 1075 640 1102 hora
657 1074 690 1102 ad
717 1073 926 1101 conversionem

141 1122 232 1150 venire
246 1121 358 1154 vellent,
380 1121 485 1155 absque
507 1120 598 1155 aliquo
621 1119 710 1155 pretio
736 1119 796 1146 illos
825 1118 851 1145 in
876 1118 928 1145 hoc

143 1167 307 1195 monasterio
316 1167 461 1202 reciperet.
477 1165 555 1199 Quod
571 1173 633 1192 cum
646 1165 732 1192 abbas
748 1164 928 1192 libentissime

144 1221 171 1241 se
183 1214 359 1248 impleturum
373 1213 576 1248 spopondisset,
599 1212 637 1239 illi
654 1211 799 1240 confestim
820 1215 929 1239 sanctas

144 1261 272 1296 reliquias
288 1260 321 1287 ad
353 1260 427 1287 hunc
449 1259 538 1287 locum
567 1258 693 1286 ferendas
723 1258 810 1285 eidem
838 1256 928 1284 abbati

145 1306 317 1334 contradunt.
345 1305 503 1340 Suscipiens
514 1305 596 1340 igitur
610 1304 682 1332 idem
704 1303 789 1330 abbas
819 1307 929 1330 sanctas

146 1353 283 1388 reliquias,
317 1351 420 1387 diuque
445 1351 619 1383 deosculans,
649 1358 699 1386 per
729 1349 810 1384 hujus
831 1354 930 1376 nostra:

146 1399 363 1434 congregationis
385 1398 484 1425 fratres
502 1398 535 1425 ad
551 1398 603 1425 hoc
617 1396 814 1424 monasterium
841 1400 932 1422 trans-

147 1447 253 1474 mittere
268 1446 383 1473 studuit.
405 1445 446 1472 Ad
474 1445 552 1480 cujus
585 1444 732 1471 adventum
758 1450 853 1469 omnes
878 1445 932 1468 ter-

148 1500 214 1524 ram,
231 1492 277 1526 qui
294 1491 364 1518 hanc
381 1490 581 1522 inhabitabant,
598 1488 773 1524 cumingenti
785 1487 930 1515 devotione
944 1494 964 1522 ς

148 1543 174 1565 et
188 1537 299 1573 gaudio,
313 1536 420 1564 ohviam
438 1540 643 1571 processerunt.
663 1535 735 1562 Sane
751 1542 813 1561 curn
825 1535 882 1561 haec
898 1534 931 1560 ad

149 1585 229 1619 hujus
244 1588 344 1611 nostrm
361 1582 580 1618 congregationis
595 1581 719 1608 notitiam
731 1580 931 1615 pervenissent,

148 1629 330 1656 inaestimabili
359 1628 540 1655 exsultatione
570 1627 675 1662 repleti,
707 1634 739 1654 ac
764 1626 934 1654 solemnibus

148 1674 320 1702 vestimentis
345 1673 453 1707 induti,
482 1681 543 1701 cum
561 1672 732 1708 lampadibus
765 1677 792 1699 et
818 1672 935 1707 thymia-

148 1721 266 1748 mat'bus
298 1727 385 1754 usque
401 1719 432 1746 ad
461 1723 567 1754 portam
595 1723 714 1746 veterem
741 1717 876 1748 exierunt,
903 1725 935 1744 ac

148 1774 226 1795 terra:
241 1766 370 1802 prostrati
384 1770 508 1793 sanctum
527 1765 722 1800 evangelistam
735 1763 932 1791 adorat-erunt:

148 1819 349 1850 surgentesque
361 1821 421 1841 cum
438 1813 556 1841 maxima
583 1811 740 1839 reverentia
756 1810 936 1838 deosculave-

148 1864 223 1894 runt,
241 1864 269 1886 et
287 1867 347 1886 cum
365 1858 472 1894 hymnis
485 1862 512 1884 et
524 1856 649 1884 laudibus
665 1855 731 1883 illud
757 1855 784 1882 in
799 1858 937 1882 monaste-

147 1907 218 1934 rium
246 1905 459 1936 introducentes,
476 1909 557 1939 atque
576 1903 603 1930 in
627 1908 758 1938 argentea
774 1909 866 1937 capsa,
879 1906 935 1928 tur-

148 1953 218 1978 rium
235 1951 323 1978 instar
339 1955 440 1983 aptata,
462 1955 586 1977 sanctum
617 1948 761 1976 brachium
793 1947 937 1975 recluden-

147 2003 198 2031 tes,
212 1998 240 2025 in
253 2002 381 2033 argentea
395 1997 471 2024 trabe
487 2003 550 2023 ante
570 1995 641 2022 beati
662 1993 800 2021 Benedicti
810 1993 936 2021 altarium

147 2044 365 2080 suspenderunt,
383 2049 456 2069 anno
485 2041 633 2068 Dominica:
657 2040 859 2068 Inearnationis
876 2039 936 2066 mil-

147 2091 247 2118 lesimo
261 2088 413 2116 centesimo
430 2087 560 2115 vicesimo
579 2086 711 2114 secundo.
731 2094 739 2111 I
766 2084 794 2112 ln
816 2085 938 2112 Adnota-

147 2135 184 2161 tis
201 2134 297 2169 Angeli
315 2133 349 2160 de
365 2132 439 2159 Nucc
455 2132 568 2159 editoris
582 2131 693 2158 additur
719 2131 860 2158 brachium
872 2130 937 2157 illud

147 2181 232 2209 modo
244 2178 359 2211 servari,
387 2178 416 2205 in
447 2178 525 2205 theca
554 2182 692 2212 argentea,
716 2177 819 2204 brachii
841 2176 937 2204 forma.

147 2224 357 2262 Papebrochius
380 2228 473 2250 noster
503 2223 529 2249 in
565 2222 708 2249 ltiuerario
735 2221 797 2253 Ms.,
828 2222 900 2256 quod
924 2231 939 2248 a

147 2280 228 2300 mora
247 2272 369 2298 Romana
402 2276 490 2303 usque
506 2268 540 2295 ad
556 2268 673 2295 reditum
687 2267 714 2294 in
740 2267 862 2304 Belgium
875 2273 940 2294 con-

146 2318 275 2352 scripsit.
292 2323 354 2351 pag.
375 2313 435 2346 108,
453 2313 526 2340 inter
548 2311 686 2347 reliquias,
709 2318 777 2346 quas
812 2310 879 2337 vidit
913 2311 939 2336 in

147 2364 275 2393 sacrario
285 2359 513 2393 Casinensi,illud
528 2366 559 2387 os
575 2358 682 2386 brachii
705 2358 794 2385 sancti
820 2356 940 2384 Matthxi

149 2414 293 2439 recenset.

188 2458 236 2486 tu.
255 2456 341 2484 Roma
364 2455 391 2482 in
407 2453 490 2481 variis
514 2451 639 2480 ecclesiis
651 2450 780 2486 reliquias
792 2450 942 2477 nonnullas

147 2502 243 2530 Sancti
262 2501 383 2528 Matthaei
408 2498 531 2526 exhibet.
561 2497 635 2524 Inter
656 2502 818 2523 numerosas
852 2499 941 2522 autem

148 2548 239 2576 Urbis
256 2547 388 2575 ecclesias
414 2553 467 2572 una
492 2549 534 2572 est
557 2547 652 2571 sancto
685 2542 812 2569 Mattltmo
841 2541 941 2574 dicata,

150 2590 217 2631 qua:
231 2594 438 2629 cognominatur
454 2593 481 2618 in
500 2590 655 2622 Marulana,
682 2597 731 2624 pro
758 2589 786 2616 in
807 2588 942 2621 Μαιιιιιια,

151 2641 220 2676 quia
232 2639 384 2676 propinqua
400 2642 443 2665 est
466 2636 573 2671 tropaeis
597 2635 686 2667 Marii,
703 2640 733 2662 ut
745 2634 811 2662 varii
827 2634 945 2668 scripto-

153 2696 203 2716 res
217 2691 358 2715 asserunt.
376 2685 552 2716 Martinellus,
566 2684 593 2711 in
607 2683 690 2710 Roma
702 2691 792 2715 sacra,
810 2690 870 2718 pag.
879 2683 944 2714 257,

154 2736 213 2770 agit
225 2736 258 2761 de
275 2734 326 2761 hac
361 2732 449 2760 sancti
463 2731 580 2758 Matth-sei
601 2730 715 2757 ecclesia
740 2730 767 2756 in
791 2729 944 2759 Merulamt,

154 2782 225 2809 alias
240 2780 379 2812 Mariana,
397 2779 425 2805 in
450 2778 561 2813 regione
575 2777 722 2809 montium,
736 2776 827 2803 eundo
840 2783 854 2802 a
871 2775 946 2803 Basi-

153 2828 208 2855 lica
235 2827 263 2854 S.
281 2825 373 2853 Mariae
401 2823 510 2859 Majoris
534 2823 566 2851 ad
595 2822 767 2849 Lateranum.
797 2822 942 2850 Anneaum

967 201 1020 231 vat,
1042 198 1106 226 olim
1122 201 1181 226 erat
1199 197 1336 231 Fratrum,
1352 199 1399 234 qui
1424 199 1596 234 appellantur
1608 199 1754 233 Cruciferi,

966 252 1040 272 nunc
1059 248 1102 272 est
1118 244 1170 272 sub
1190 251 1253 272 cura
1267 243 1393 271 Fratrum
1416 245 1444 272 S.
1458 245 1611 281 Augustini,
1626 245 1755 273 nimirum

967 289 1173 324 Hyhernorum,
1188 292 1220 316 ut
1240 288 1313 316 addit
1335 293 1430 316 auctor
1457 290 1673 317 recentissimus.
1703 290 1757 318 0h-

967 339 1080 362 servant
1099 339 1233 369 praeterea
1259 338 1399 365 auctores,
1415 335 1557 362 ecclesiam
1573 334 1646 362 illam
1660 342 1759 362 recen-

968 381 1023 408 seri
1043 382 1116 407 inter
1150 380 1243 408 titulos
1266 379 1468 412 Cardinalitios,
1496 386 1523 408 et
1549 381 1659 415 quidem
1687 382 1758 408 inter

969 425 1148 460 antiquiores,
1182 429 1213 453 ut
1237 425 1360 460 plerique
1389 425 1503 453 addunt.
1527 424 1654 452 Nonnulli
1677 426 1761 452 etiam

970 475 1110 503 asserunt,
1127 476 1311 499 constructam
1325 471 1410 499 fuisse
1426 472 1498 499 circa
1510 479 1612 498 annum
1623 471 1760 506 600,quoil

971 524 1026 543 non
1058 516 1131 543 lubet
1150 516 1317 543 examinare.
1344 516 1401 543 Hoc
1418 516 1520 543 certius
1540 520 1592 548 est,
1607 516 1760 543 dedicatam

972 559 1058 586 fuisse
1080 567 1094 586 ιι
1116 559 1247 587 Paschale
1273 559 1307 592 il,
1336 561 1393 587 sive
1422 560 1448 587 id
1469 561 1570 588 factum
1593 560 1674 587 fuerit
1701 565 1762 595 post

974 605 1206 632 constructionem
1225 606 1350 640 primam,
1367 606 1424 633 sive
1447 611 1507 641 post
1524 606 1761 633 instaurationem.

974 650 1081 676 Etenim
1095 650 1222 677 laudatus
1234 650 1404 678 Martinellus
1417 651 1524 686 longam
1541 650 1640 678 reeitat
1664 650 1763 677 inscri-

975 696 1110 729 ptionem,
1128 704 1188 730 quae
1207 697 1378 724 consecratio
1403 697 1448 724 illa
1479 696 1612 723 asseritur
1634 696 1661 722 in
1691 696 1764 723 hunc

976 742 1099 769 modum.
1122 751 1131 767 ι
1153 742 1180 769 In
1198 742 1310 770 nomine
1329 743 1434 770 Domitii
1452 742 1539 769 nostri
1567 742 1629 769 Jesu
1652 741 1763 769 Christi.

975 789 1073 815 Amen.
1092 789 1172 815 Auno
1196 787 1394 816 lucarnationis
1421 788 1567 816 Dominicm
1590 788 1668 822 1110,
1687 788 1766 829 indi-

975 834 1068 862 ctione
1085 843 1124 867 ιιι,
1145 834 1212 862 feria
1231 843 1256 861 vi
1271 839 1375 869 quarta:
1391 835 1540 862 Dominica:
1563 835 1589 861 in
1610 835 1767 870 Quadrage—

976 881 1056 913 sima,
1074 880 1118 907 die
1132 880 1333 908 lncarnationis
1349 881 1473 915 ejusdem
1491 881 1520 907 ι).
1543 881 1574 908 Ν.
1591 880 1657 909 Jesu
1683 881 1765 908 Chri-

975 925 1021 958 sti,
1051 926 1227 961 poutificalus
1259 926 1290 954 0,
1320 926 1459 954 Paschalis
1485 926 1565 961 Papae
1587 926 1609 953 ll
1637 934 1709 954 anno
1733 927 1764 954 11

977 971 1084 1006 (omnes
1096 975 1169 998 notae
1192 970 1363 997 concordant
1384 977 1457 997 anno
1477 971 1555 1005 1110)
1581 970 1705 998 dedicata
1725 975 1769 999 est

976 1016 1139 1044 venerabilis
1152 1016 1211 1043 hate
1228 1016 1346 1044 ecclesia
1363 1017 1390 1043 in
1408 1016 1541 1043 honorem
1561 1016 1618 1049 Dei,
1634 1016 1664 1044 Β.
1679 1017 1768 1044 Maria

977 1070 1087 1098 semper
1103 1062 1232 1098 Virginis,
1258 1067 1286 1090 ct
1311 1063 1382 1090 beati
1397 1063 1512 1099 apostoli
1541 1067 1568 1091 et
1594 1064 1769 1098 evangelista:

978 1109 1108 1142 Matthxi,
1127 1117 1189 1136 cum
1205 1114 1323 1144 quatuor
1342 1109 1486 1143 altaribus,
1500 1116 1560 1144 quae
1584 1114 1649 1136 sunt
1670 1110 1696 1136 in
1724 1116 1767 1137 ea.

978 1155 1044 1189 Quae
1058 1155 1229 1183 consecratio
1243 1155 1315 1182 facta
1327 1159 1370 1182 est
1380 1163 1394 1182 a
1409 1154 1523 1190 praefato
1539 1155 1662 1189 domino,
1684 1159 1711 1183 et
1723 1164 1770 1183 ve-

982 1201 1187 1229 nerabilissimo
1203 1200 1333 1228 Pontifice
1349 1200 1472 1228 Paschali
1488 1200 1511 1228 ιι
1527 1209 1605 1236 papa.
1630 1201 1659 1228 ln
1675 1201 1771 1236 majori

981 1246 1115 1280 siquidem
1133 1246 1211 1273 altari
1228 1247 1376 1274 celebravit
1391 1246 1462 1274 idem
1476 1246 1507 1274 D.
1521 1254 1592 1282 papa
1613 1248 1723 1274 missam
1743 1247 1771 1273 in

982 1292 1113 1320 honorem
1130 1293 1160 1320 Β.
1174 1292 1306 1320 Matthxi.
1317 1292 1499 1328 Coadjutores
1516 1301 1581 1321 vero
1593 1294 1652 1329 ejus
1660 1293 1773 1321 fuerunt

982 1343 1109 1372 septem;
1128 1338 1257 1365 videlicet
1273 1337 1426 1373 Baynerius
1455 1339 1487 1365 de
1507 1338 1594 1370 Ostia,
1625 1337 1774 1366 Riccardus

982 1384 1015 1412 de
1032 1384 1125 1416 Portu,
1144 1384 1242 1412 Petrus
1252 1385 1285 1412 de
1303 1385 1553 1417 Ttbure,JuliaItus
1568 1387 1600 1412 de
1613 1385 1773 1418 Ferentino,

981 1431 1144 1458 Anastasius
1160 1431 1194 1458 de
1208 1432 1288 1464 Alba,
1300 1432 1397 1459 Petrus
1414 1432 1447 1458 de
1456 1431 1626 1464 Tusculano,
1639 1431 1775 1458 Antonius

983 1477 1017 1503 de
1031 1477 1146 1508 Aurelia,
1159 1478 1340 1511 praesentibus
1357 1477 1486 1504 omnibus
1499 1477 1528 1505 S.
1551 1478 1582 1505 ii.
1600 1476 1632 1503 Ε.
1645 1477 1775 1504 Cardina-

984 1523 1066 1556 libus,
1083 1524 1259 1558 presbyteris,
1272 1528 1301 1551 et
1313 1524 1486 1556 diaconibus,
1499 1530 1550 1550 nec
1561 1530 1615 1550 non
1627 1524 1774 1550 innumera

984 1569 1049 1596 cleri
1063 1575 1091 1597 et
1101 1571 1196 1605 populi
1208 1571 1322 1598 Romani
1337 1570 1524 1598 multitudine.

1020 1627 1064 1654 95.
1085 1626 1113 1653 ln
1130 1627 1223 1663 majori
1239 1633 1331 1654 autem
1345 1627 1432 1661 altari,
1451 1633 1613 1655 consecrato
1630 1635 1644 1655 a
1662 1628 1776 1663 praefato

985 1673 1017 1700 D.
1036 1681 1115 1708 papa,
1130 1673 1174 1700 cui
1192 1674 1274 1701 etiam
1293 1674 1396 1709 praefati
1409 1675 1530 1710 episcopi
1546 1675 1701 1707 astiterunt,
1718 1675 1778 1702 fuc-

986 1723 1050 1746 runt
1062 1720 1102 1746 ha:
1112 1719 1231 1754 reliquie
1249 1720 1403 1747 collocatae:
1417 1726 1443 1748 ct
1453 1721 1541 1756 primo
1551 1721 1583 1747 de
1594 1721 1668 1756 ligno
1677 1725 1779 1748 sanctas

986 1765 1092 1798 Crucis,
1111 1766 1253 1793 brachium
1274 1767 1360 1793 sancti
1378 1767 1507 1799 Matthari,
1529 1767 1563 1793 de
1583 1767 1671 1802 lapide
1686 1767 1779 1802 sepul‘

987 1812 1027 1839 cri
1043 1812 1145 1838 Christi
1161 1817 1239 1840 etc...
1257 1812 1290 1839 Et
1301 1820 1351 1848 ego
1371 1811 1511 1840 Paschalis
1528 1820 1596 1847 papa
1614 1813 1779 1840 universalis

988 1857 1118 1884 Ecclesiae
1133 1865 1194 1884 cum
1207 1856 1327 1892 praefatis
1343 1858 1478 1893 episcopis
1497 1859 1546 1886 has
1562 1864 1719 1886 sanctorum
1736 1868 1779 1888 re—

988 1902 1084 1937 liquias
1107 1903 1192 1929 oculis
1213 1903 1332 1937 propriis
1349 1904 1413 1935 vidi,
1439 1905 1621 1939 manibusque
1639 1905 1708 1932 meis
1732 1910 1777 1932 at-

990 1947 1114 1978 trectavi,
1144 1952 1170 1975 et
1185 1949 1323 1975 recondidi
1351 1957 1413 1976 cum
1440 1949 1554 1984 antiquo
1580 1949 1657 1977 titulo
1673 1951 1700 1977 in
1716 1958 1780 1978 arca

989 2002 1142 2022 marmorea
1163 1995 1214 2022 sub
1231 1995 1313 2022 altari
1337 1996 1446 2031 majori.
1467 2006 1476 2023 ι
1494 1997 1576 2024 Addit
1598 1997 1782 2033 indulgentias

989 2040 1165 2068 visitautibus
1180 2041 1322 2068 ecclesiam
1339 2043 1412 2069 illam
1430 2043 1500 2070 adtc
1517 2044 1732 2072 consecrationis
1746 2045 1782 2073 25

990 2086 1079 2114 Martii
1093 2095 1181 2122 usque
1200 2087 1233 2114 ad
1252 2087 1384 2115 Octavam
1411 2088 1603 2123 Pentecostes;
1621 2095 1648 2118 et
1669 2091 1697 2117 in
1710 2091 1782 2119 festo

991 2133 1079 2160 sancti
1102 2132 1222 2161 Matthazi
1244 2133 1276 2161 21
1302 2133 1482 2169 Septembris.
1501 2135 1637 2164 Caeterum
1651 2145 1699 2172 per
1718 2137 1783 2166 bras.

992 2178 1084 2205 clnum
1099 2180 1185 2206 sancti
1210 2179 1340 2211 Matthtei,
1358 2181 1472 2215 quodin
1496 2182 1573 2209 altari
1598 2183 1781 2216 reconditum,

991 2223 1099 2258 aliquod
1112 2232 1143 2251 os
1163 2225 1269 2252 brachii
1292 2226 1497 2262 intelligendum
1522 2233 1597 2262 puto,
1620 2236 1674 2255 non
1695 2233 1781 2256 totum

992 2268 1145 2296 brachium.
1163 2269 1321 2297 I'ancirolus
1336 2271 1361 2297 iu
1374 2279 1456 2306 opere
1468 2271 1562 2299 Italico
1581 2272 1619 2299 De
1641 2272 1782 2300 Tltesaun's

992 2314 1164 2347 absconditis,
1197 2315 1290 2343 [tutu-.1:
1325 2316 1352 2342 in
1388 2317 1503 2345 ecclesia
1543 2318 1630 2345 sancti
1664 2319 1782 2347 Matthwi

992 2368 1054 2396 pag.
1083 2360 1131 2388 157
1156 2362 1264 2394 asserit,
1290 2362 1363 2390 aliud
1389 2363 1530 2391 braehiutn
1555 2365 1642 2392 sancti
1667 2365 1784 2394 Matthrei

993 2408 1095 2434 servari
1114 2408 1140 2434 iu
1156 2407 1265 2435 basilica
1281 2414 1381 2436 sanctae
1400 2409 1490 2437 Maria:
1503 2410 1622 2446 Majoris,
1640 2412 1712 2440 aliud
1724 2421 1785 2440 rur-

993 2460 1053 2479 sum
1072 2453 1098 2480 in
1122 2454 1236 2481 ecclesia
1258 2455 1345 2482 sancti
1360 2446 1479 2483 Marcelli
1498 2465 1593 2492 papatz
1610 2462 1637 2485 et
1651 2459 1678 2485 in
1695 2459 1785 2488 indice

995 2499 1169 2533 reliquiarum
1191 2501 1314 2536 adjungit
1332 2502 1417 2529 sancti
1437 2501 1554 2530 Matthmi
1572 2510 1674 2531 costam
1690 2505 1785 2533 haberi

995 2543 1021 2570 iu
1036 2545 1149 2572 ecclesia
1165 2545 1194 2573 S.
1210 2546 1313 2574 Nicolai
1329 2547 1355 2574 in
1371 2547 1496 2577 Carcere.
1513 2549 1561 2577 [iis
1576 2551 1703 2578 omnibus
1718 2559 1786 2578 con-

995 2591 1078 2618 sentit
1093 2591 1189 2619 Piazza
1206 2592 1233 2620 in
1252 2593 1441 2630 llemerologio
1461 2603 1539 2623 sacro
1555 2596 1587 2623 ad
1613 2596 1685 2623 hunc
1702 2597 1783 2627 diem,

997 2635 1042 2666 tibi
1055 2637 1139 2672 addit,
1156 2639 1279 2665 nonnihil
1298 2640 1379 2666 etiam
1407 2641 1582 2675 reliquiarum
1608 2642 1694 2669 sancti
1718 2642 1786 2670 Mat-

997 2685 1059 2711 thiei
1074 2684 1175 2712 servari
1194 2685 1221 2711 in
1236 2685 1346 2712 h'rsilica
1363 2685 1491 2713 Vaticana
1507 2687 1593 2714 sancti
1616 2687 1698 2721 Petri,
1713 2693 1740 2715 et
1757 2689 1784 2716 in

997 2731 1119 2758 ccclesiis
1142 2735 1297 2757 sanctorum
1330 2732 1514 2766 apostolorum
1541 2738 1567 2760 et
1596 2735 1626 2761 S.
1653 2735 1785 2768 Caeciliae;

998 2777 1125 2811 variaque
1150 2781 1292 2804 enumerat
1314 2776 1407 2805 Romae
1421 2779 1506 2807 sancti
1528 2778 1648 2808 Matthaei
1673 2781 1785 2815 sacella,

998 2831 1058 2858 quae
1072 2822 1212 2851 brevitatis
1226 2830 1309 2850 causa
1327 2823 1416 2850 mitto.
