  <div class='ocr_page' id='page_1' title='image "/cluster/home/n/w/nwhite01/storage/ocr_20150623/115/njp.32101077772976/453.png"; bbox 0 0 2047 3152; ppageno 0'>
   <div class='ocr_carea' id='block_1_1' title="bbox 274 125 332 156">
    <p class='ocr_par' dir='ltr' id='par_1_1' title="bbox 274 125 332 156">
     <span class='ocr_line' id='line_1_1' title="bbox 274 125 332 156; baseline 0 0"><span class='ocrx_word' id='word_1_1' title='bbox 274 125 332 156; x_wconf 77' lang='grc'><strong>-807</strong></span> 
     </span>
    </p>
   </div>
   <div class='ocr_carea' id='block_1_2' title="bbox 892 121 1282 152">
    <p class='ocr_par' dir='ltr' id='par_1_2' title="bbox 892 121 1282 152">
     <span class='ocr_line' id='line_1_2' title="bbox 892 121 1282 152; baseline -0.005 0"><span class='ocrx_word' id='word_1_2' title='bbox 892 122 1033 152; x_wconf 60' lang='grc' dir='ltr'><strong>ΜΕΝΕΙξῖ</strong></span> <span class='ocrx_word' id='word_1_3' title='bbox 1049 121 1282 151; x_wconf 69' lang='lat' dir='ltr'><strong>SEPTEMBER.</strong></span> 
     </span>
    </p>
   </div>
   <div class='ocr_carea' id='block_1_3' title="bbox 1838 121 1894 153">
    <p class='ocr_par' dir='ltr' id='par_1_3' title="bbox 1838 121 1894 153">
     <span class='ocr_line' id='line_1_3' title="bbox 1838 121 1894 153; baseline 0 -1"><span class='ocrx_word' id='word_1_4' title='bbox 1838 121 1894 153; x_wconf 70' lang='lat'><strong>838</strong></span> 
     </span>
    </p>
   </div>
   <div class='ocr_carea' id='block_1_4' title="bbox 312 175 1892 214">
    <p class='ocr_par' dir='ltr' id='par_1_4' title="bbox 312 175 1892 214">
     <span class='ocr_line' id='line_1_4' title="bbox 312 175 1892 214; baseline -0.002 -8"><span class='ocrx_word' id='word_1_5' title='bbox 312 179 356 207; x_wconf 87' lang='lat'><strong>96.</strong></span> <span class='ocrx_word' id='word_1_6' title='bbox 381 179 500 206; x_wconf 73' lang='lat' dir='ltr'><strong>lllasinus</strong></span> <span class='ocrx_word' id='word_1_7' title='bbox 525 178 551 205; x_wconf 93' lang='lat' dir='ltr'><strong>iu</strong></span> <span class='ocrx_word' id='word_1_8' title='bbox 576 178 696 206; x_wconf 77' lang='lat' dir='ltr'><strong>Bononia</strong></span> <span class='ocrx_word' id='word_1_9' title='bbox 719 179 893 212; x_wconf 71' lang='lat' dir='ltr'><strong>pet-lustrata,</strong></span> <span class='ocrx_word' id='word_1_10' title='bbox 921 187 983 214; x_wconf 73' lang='lat' dir='ltr'><strong>pag.</strong></span> <span class='ocrx_word' id='word_1_11' title='bbox 1010 177 1092 207; x_wconf 68' lang='grc' dir='ltr'><strong>412οΑ</strong></span> <span class='ocrx_word' id='word_1_12' title='bbox 1109 176 1230 211; x_wconf 76' lang='lat' dir='ltr'><strong>catalogo</strong></span> <span class='ocrx_word' id='word_1_13' title='bbox 1256 176 1430 211; x_wconf 76' lang='lat' dir='ltr'><strong>reliquiarum</strong></span> <span class='ocrx_word' id='word_1_14' title='bbox 1457 175 1600 210; x_wconf 85' lang='lat' dir='ltr'><strong>utriusque</strong></span> <span class='ocrx_word' id='word_1_15' title='bbox 1622 176 1779 204; x_wconf 72' lang='lat' dir='ltr'><strong>monasterii</strong></span> <span class='ocrx_word' id='word_1_16' title='bbox 1801 177 1892 203; x_wconf 87' lang='lat' dir='ltr'><strong>nullas</strong></span> 
     </span>
    </p>
   </div>
   <div class='ocr_carea' id='block_1_5' title="bbox 277 223 1060 259">
    <p class='ocr_par' dir='ltr' id='par_1_5' title="bbox 277 223 1060 259">
     <span class='ocr_line' id='line_1_5' title="bbox 277 223 1060 259; baseline -0.004 -7"><span class='ocrx_word' id='word_1_17' title='bbox 277 229 401 255; x_wconf 82' lang='lat' dir='ltr'><strong>testatur,</strong></span> <span class='ocrx_word' id='word_1_18' title='bbox 418 223 546 251; x_wconf 72' lang='lat' dir='ltr'><strong>Bononia:</strong></span> <span class='ocrx_word' id='word_1_19' title='bbox 558 231 616 251; x_wconf 85' lang='lat' dir='ltr'><strong>esse</strong></span> <span class='ocrx_word' id='word_1_20' title='bbox 625 224 768 251; x_wconf 74' lang='lat' dir='ltr'><strong>ecclesiam</strong></span> <span class='ocrx_word' id='word_1_21' title='bbox 781 223 953 259; x_wconf 83' lang='lat' dir='ltr'><strong>parcecialem</strong></span> <span class='ocrx_word' id='word_1_22' title='bbox 965 228 1060 250; x_wconf 86' lang='lat' dir='ltr'><strong>saneto</strong></span> 
     </span>
    </p>
   </div>
   <div class='ocr_carea' id='block_1_6' title="bbox 273 266 1061 304">
    <p class='ocr_par' dir='ltr' id='par_1_6' title="bbox 273 266 1061 304">
     <span class='ocr_line' id='line_1_6' title="bbox 273 266 1061 304; baseline -0.001 -8"><span class='ocrx_word' id='word_1_23' title='bbox 273 266 403 296; x_wconf 76' lang='lat' dir='ltr'><strong>Mattham</strong></span> <span class='ocrx_word' id='word_1_24' title='bbox 418 269 545 300; x_wconf 84' lang='lat' dir='ltr'><strong>dicatam,</strong></span> <span class='ocrx_word' id='word_1_25' title='bbox 562 268 589 295; x_wconf 90' lang='lat' dir='ltr'><strong>in</strong></span> <span class='ocrx_word' id='word_1_26' title='bbox 609 276 662 303; x_wconf 91' lang='lat' dir='ltr'><strong>qua</strong></span> <span class='ocrx_word' id='word_1_27' title='bbox 676 269 761 304; x_wconf 84' lang='lat' dir='ltr'><strong>ipsius</strong></span> <span class='ocrx_word' id='word_1_28' title='bbox 777 269 911 297; x_wconf 72' lang='lat' dir='ltr'><strong>festivitas</strong></span> <span class='ocrx_word' id='word_1_29' title='bbox 925 269 1061 304; x_wconf 67' lang='lat' dir='ltr'><strong>prmeipue</strong></span> 
     </span>
    </p>
   </div>
   <div class='ocr_carea' id='block_1_7' title="bbox 276 313 1061 348">
    <p class='ocr_par' dir='ltr' id='par_1_7' title="bbox 276 313 1061 348">
     <span class='ocr_line' id='line_1_7' title="bbox 276 313 1061 348; baseline -0.001 -9"><span class='ocrx_word' id='word_1_30' title='bbox 276 313 447 345; x_wconf 79' lang='lat' dir='ltr'><strong>celebratur,</strong></span> <span class='ocrx_word' id='word_1_31' title='bbox 464 313 491 348; x_wconf 79' lang='lat' dir='ltr'><strong>in</strong></span> <span class='ocrx_word' id='word_1_32' title='bbox 507 314 556 341; x_wconf 87' lang='lat' dir='ltr'><strong>alia</strong></span> <span class='ocrx_word' id='word_1_33' title='bbox 579 322 644 340; x_wconf 89' lang='lat' dir='ltr'><strong>vero</strong></span> <span class='ocrx_word' id='word_1_34' title='bbox 659 314 773 341; x_wconf 77' lang='lat' dir='ltr'><strong>ecclesia</strong></span> <span class='ocrx_word' id='word_1_35' title='bbox 796 313 952 348; x_wconf 83' lang='lat' dir='ltr'><strong>parocltiali,</strong></span> <span class='ocrx_word' id='word_1_36' title='bbox 969 318 1061 339; x_wconf 88' lang='lat' dir='ltr'><strong>sancto</strong></span> 
     </span>
    </p>
   </div>
   <div class='ocr_carea' id='block_1_8' title="bbox 274 352 1060 394">
    <p class='ocr_par' dir='ltr' id='par_1_8' title="bbox 274 352 1060 394">
     <span class='ocr_line' id='line_1_8' title="bbox 274 352 1060 394; baseline 0.001 -10"><span class='ocrx_word' id='word_1_37' title='bbox 274 352 388 385; x_wconf 34' lang='lat' dir='ltr'><strong>‘Nicolao</strong></span> <span class='ocrx_word' id='word_1_38' title='bbox 411 367 498 391; x_wconf 87' lang='lat' dir='ltr'><strong>sacra,</strong></span> <span class='ocrx_word' id='word_1_39' title='bbox 513 360 632 394; x_wconf 85' lang='lat' dir='ltr'><strong>ejusdem</strong></span> <span class='ocrx_word' id='word_1_40' title='bbox 659 359 773 394; x_wconf 86' lang='lat' dir='ltr'><strong>apostoli</strong></span> <span class='ocrx_word' id='word_1_41' title='bbox 790 359 931 386; x_wconf 81' lang='lat' dir='ltr'><strong>brachium</strong></span> <span class='ocrx_word' id='word_1_42' title='bbox 952 357 1060 393; x_wconf 82' lang='lat' dir='ltr'><strong>aliquod</strong></span> 
     </span>
    </p>
   </div>
   <div class='ocr_carea' id='block_1_9' title="bbox 275 399 1060 438">
    <p class='ocr_par' dir='ltr' id='par_1_9' title="bbox 275 399 1060 438">
     <span class='ocr_line' id='line_1_9' title="bbox 275 399 1060 438; baseline -0.001 -8"><span class='ocrx_word' id='word_1_43' title='bbox 275 399 441 435; x_wconf 56' lang='lat' dir='ltr'><strong>Ct‘llSt&#39;rl‘arl,</strong></span> <span class='ocrx_word' id='word_1_44' title='bbox 460 405 550 438; x_wconf 78' lang='lat' dir='ltr'><strong>ibique</strong></span> <span class='ocrx_word' id='word_1_45' title='bbox 563 405 761 432; x_wconf 76' lang='lat' dir='ltr'><strong>solemnitatem</strong></span> <span class='ocrx_word' id='word_1_46' title='bbox 779 403 837 437; x_wconf 87' lang='lat' dir='ltr'><strong>ejus</strong></span> <span class='ocrx_word' id='word_1_47' title='bbox 853 402 983 430; x_wconf 84' lang='lat' dir='ltr'><strong>celebrari</strong></span> <span class='ocrx_word' id='word_1_48' title='bbox 998 409 1060 429; x_wconf 90' lang='lat' dir='ltr'><strong>cum</strong></span> 
     </span>
    </p>
   </div>
   <div class='ocr_carea' id='block_1_10' title="bbox 277 447 1062 484">
    <p class='ocr_par' dir='ltr' id='par_1_10' title="bbox 277 447 1062 484">
     <span class='ocr_line' id='line_1_10' title="bbox 277 447 1062 484; baseline -0.001 -9"><span class='ocrx_word' id='word_1_49' title='bbox 277 449 450 484; x_wconf 76' lang='lat' dir='ltr'><strong>indulgentiis</strong></span> <span class='ocrx_word' id='word_1_50' title='bbox 489 450 631 484; x_wconf 89' lang='lat' dir='ltr'><strong>plenar.is.</strong></span> <span class='ocrx_word' id='word_1_51' title='bbox 661 450 821 476; x_wconf 82' lang='lat' dir='ltr'><strong>Laurentius</strong></span> <span class='ocrx_word' id='word_1_52' title='bbox 842 447 1009 484; x_wconf 79' lang='lat' dir='ltr'><strong>Beyerlinck,</strong></span> <span class='ocrx_word' id='word_1_53' title='bbox 1034 448 1062 474; x_wconf 92' lang='lat' dir='ltr'><strong>in</strong></span> 
     </span>
    </p>
   </div>
   <div class='ocr_carea' id='block_1_11' title="bbox 280 495 1060 529">
    <p class='ocr_par' dir='ltr' id='par_1_11' title="bbox 280 495 1060 529">
     <span class='ocr_line' id='line_1_11' title="bbox 280 495 1060 529; baseline 0.001 -9"><span class='ocrx_word' id='word_1_54' title='bbox 280 495 388 520; x_wconf 79' lang='lat' dir='ltr'><strong>&#39;l&#39;lieatro</strong></span> <span class='ocrx_word' id='word_1_55' title='bbox 403 496 462 522; x_wconf 68' lang='lat' dir='ltr'><strong>rint</strong></span> <span class='ocrx_word' id='word_1_56' title='bbox 476 497 607 527; x_wconf 70' lang='lat' dir='ltr'><strong>humanm,</strong></span> <span class='ocrx_word' id='word_1_57' title='bbox 626 499 691 522; x_wconf 89' lang='lat' dir='ltr'><strong>tom.</strong></span> <span class='ocrx_word' id='word_1_58' title='bbox 710 496 752 526; x_wconf 86' lang='lat' dir='ltr'><strong>Vl,</strong></span> <span class='ocrx_word' id='word_1_59' title='bbox 769 495 802 522; x_wconf 88' lang='lat' dir='ltr'><strong>ad</strong></span> <span class='ocrx_word' id='word_1_60' title='bbox 818 503 910 522; x_wconf 88' lang='lat' dir='ltr'><strong>vocem</strong></span> <span class='ocrx_word' id='word_1_61' title='bbox 923 495 1060 529; x_wconf 74' lang='lat' dir='ltr'><strong>Rcliquiw,</strong></span> 
     </span>
    </p>
   </div>
   <div class='ocr_carea' id='block_1_12' title="bbox 278 540 1061 576">
    <p class='ocr_par' dir='ltr' id='par_1_12' title="bbox 278 540 1061 576">
     <span class='ocr_line' id='line_1_12' title="bbox 278 540 1061 576; baseline 0.001 -10"><span class='ocrx_word' id='word_1_62' title='bbox 278 546 402 568; x_wconf 80' lang='lat' dir='ltr'><strong>recenset</strong></span> <span class='ocrx_word' id='word_1_63' title='bbox 418 549 479 575; x_wconf 79' lang='lat' dir='ltr'><strong>pag.</strong></span> <span class='ocrx_word' id='word_1_64' title='bbox 498 542 549 568; x_wconf 79' lang='grc'><strong>’505</strong></span> <span class='ocrx_word' id='word_1_65' title='bbox 575 542 701 576; x_wconf 76' lang='lat' dir='ltr'><strong>reliquias</strong></span> <span class='ocrx_word' id='word_1_66' title='bbox 719 541 818 568; x_wconf 81' lang='lat' dir='ltr'><strong>multas</strong></span> <span class='ocrx_word' id='word_1_67' title='bbox 832 540 941 575; x_wconf 62' lang='lat' dir='ltr'><strong>Neapoli</strong></span> <span class='ocrx_word' id='word_1_68' title='bbox 966 548 1061 567; x_wconf 82' lang='lat' dir='ltr'><strong>serva-</strong></span> 
     </span>
    </p>
   </div>
   <div class='ocr_carea' id='block_1_13' title="bbox 276 586 1061 621">
    <p class='ocr_par' dir='ltr' id='par_1_13' title="bbox 276 586 1061 621">
     <span class='ocr_line' id='line_1_13' title="bbox 276 586 1061 621; baseline 0 -8"><span class='ocrx_word' id='word_1_69' title='bbox 276 593 326 618; x_wconf 84' lang='lat' dir='ltr'><strong>tas,</strong></span> <span class='ocrx_word' id='word_1_70' title='bbox 350 588 473 621; x_wconf 86' lang='lat' dir='ltr'><strong>interque</strong></span> <span class='ocrx_word' id='word_1_71' title='bbox 493 596 538 614; x_wconf 82' lang='lat' dir='ltr'><strong>eas</strong></span> <span class='ocrx_word' id='word_1_72' title='bbox 560 588 647 614; x_wconf 86' lang='lat' dir='ltr'><strong>sancti</strong></span> <span class='ocrx_word' id='word_1_73' title='bbox 675 586 791 614; x_wconf 72' lang='lat' dir='ltr'><strong>Matthmi</strong></span> <span class='ocrx_word' id='word_1_74' title='bbox 812 587 938 621; x_wconf 78' lang='lat' dir='ltr'><strong>reliquias</strong></span> <span class='ocrx_word' id='word_1_75' title='bbox 965 586 1061 613; x_wconf 80' lang='lat' dir='ltr'><strong>tribuit</strong></span> 
     </span>
    </p>
   </div>
   <div class='ocr_carea' id='block_1_14' title="bbox 276 632 1060 667">
    <p class='ocr_par' dir='ltr' id='par_1_14' title="bbox 276 632 1060 667">
     <span class='ocr_line' id='line_1_14' title="bbox 276 632 1060 667; baseline 0 -9"><span class='ocrx_word' id='word_1_76' title='bbox 276 633 397 660; x_wconf 75' lang='lat' dir='ltr'><strong>ecclesia:</strong></span> <span class='ocrx_word' id='word_1_77' title='bbox 420 633 448 659; x_wconf 87' lang='lat' dir='ltr'><strong>S.</strong></span> <span class='ocrx_word' id='word_1_78' title='bbox 481 633 569 660; x_wconf 71' lang='lat' dir='ltr'><strong>Mai-ite</strong></span> <span class='ocrx_word' id='word_1_79' title='bbox 591 633 624 660; x_wconf 88' lang='lat' dir='ltr'><strong>de</strong></span> <span class='ocrx_word' id='word_1_80' title='bbox 649 633 798 667; x_wconf 80' lang='lat' dir='ltr'><strong>Sapientia,</strong></span> <span class='ocrx_word' id='word_1_81' title='bbox 819 637 846 658; x_wconf 89' lang='lat' dir='ltr'><strong>et</strong></span> <span class='ocrx_word' id='word_1_82' title='bbox 860 640 919 666; x_wconf 77' lang='lat' dir='ltr'><strong>pag.</strong></span> <span class='ocrx_word' id='word_1_83' title='bbox 937 632 988 659; x_wconf 66' lang='grc'><strong>501</strong></span> <span class='ocrx_word' id='word_1_84' title='bbox 999 639 1060 659; x_wconf 82' lang='lat' dir='ltr'><strong>ossa</strong></span> 
     </span>
    </p>
   </div>
   <div class='ocr_carea' id='block_1_15' title="bbox 275 677 1060 712">
    <p class='ocr_par' dir='ltr' id='par_1_15' title="bbox 275 677 1060 712">
     <span class='ocr_line' id='line_1_15' title="bbox 275 677 1060 712; baseline -0.001 -7"><span class='ocrx_word' id='word_1_85' title='bbox 275 679 359 705; x_wconf 85' lang='lat' dir='ltr'><strong>sancti</strong></span> <span class='ocrx_word' id='word_1_86' title='bbox 374 678 491 705; x_wconf 69' lang='lat' dir='ltr'><strong>Matthmi</strong></span> <span class='ocrx_word' id='word_1_87' title='bbox 506 678 533 706; x_wconf 88' lang='lat' dir='ltr'><strong>S.</strong></span> <span class='ocrx_word' id='word_1_88' title='bbox 551 679 640 706; x_wconf 72' lang='lat' dir='ltr'><strong>Maria:</strong></span> <span class='ocrx_word' id='word_1_89' title='bbox 658 679 691 706; x_wconf 87' lang='lat' dir='ltr'><strong>de</strong></span> <span class='ocrx_word' id='word_1_90' title='bbox 714 678 871 712; x_wconf 72' lang='lat' dir='ltr'><strong>virginibus.</strong></span> <span class='ocrx_word' id='word_1_91' title='bbox 887 678 959 704; x_wconf 76' lang='lat' dir='ltr'><strong>luter</strong></span> <span class='ocrx_word' id='word_1_92' title='bbox 970 677 1060 705; x_wconf 81' lang='lat' dir='ltr'><strong>eccle-</strong></span> 
     </span>
    </p>
   </div>
   <div class='ocr_carea' id='block_1_16' title="bbox 274 716 1061 758">
    <p class='ocr_par' dir='ltr' id='par_1_16' title="bbox 274 716 1061 758">
     <span class='ocr_line' id='line_1_16' title="bbox 274 716 1061 758; baseline 0.001 -9"><span class='ocrx_word' id='word_1_93' title='bbox 274 716 329 749; x_wconf 37' lang='lat' dir='ltr'><strong>sia‘s</strong></span> <span class='ocrx_word' id='word_1_94' title='bbox 346 723 474 757; x_wconf 83' lang='lat' dir='ltr'><strong>plurimas</strong></span> <span class='ocrx_word' id='word_1_95' title='bbox 491 724 566 750; x_wconf 87' lang='lat' dir='ltr'><strong>urbis</strong></span> <span class='ocrx_word' id='word_1_96' title='bbox 586 724 706 751; x_wconf 60' lang='lat' dir='ltr'><strong>Venetia</strong></span> <span class='ocrx_word' id='word_1_97' title='bbox 724 732 777 750; x_wconf 89' lang='lat' dir='ltr'><strong>una</strong></span> <span class='ocrx_word' id='word_1_98' title='bbox 793 730 902 758; x_wconf 87' lang='lat' dir='ltr'><strong>quoque</strong></span> <span class='ocrx_word' id='word_1_99' title='bbox 924 727 966 749; x_wconf 79' lang='lat' dir='ltr'><strong>est</strong></span> <span class='ocrx_word' id='word_1_100' title='bbox 981 730 1061 757; x_wconf 83' lang='lat' dir='ltr'><strong>paro-</strong></span> 
     </span>
    </p>
   </div>
   <div class='ocr_carea' id='block_1_17' title="bbox 271 769 1057 803">
    <p class='ocr_par' dir='ltr' id='par_1_17' title="bbox 271 769 1057 803">
     <span class='ocr_line' id='line_1_17' title="bbox 271 769 1057 803; baseline 0 -8"><span class='ocrx_word' id='word_1_101' title='bbox 271 770 368 796; x_wconf 85' lang='lat' dir='ltr'><strong>clualis</strong></span> <span class='ocrx_word' id='word_1_102' title='bbox 385 775 480 796; x_wconf 82' lang='lat' dir='ltr'><strong>sancto</strong></span> <span class='ocrx_word' id='word_1_103' title='bbox 502 769 629 797; x_wconf 76' lang='lat' dir='ltr'><strong>Mattltmo</strong></span> <span class='ocrx_word' id='word_1_104' title='bbox 646 777 732 801; x_wconf 82' lang='lat' dir='ltr'><strong>sacra;</strong></span> <span class='ocrx_word' id='word_1_105' title='bbox 758 775 786 796; x_wconf 91' lang='lat' dir='ltr'><strong>ut</strong></span> <span class='ocrx_word' id='word_1_106' title='bbox 800 774 926 796; x_wconf 85' lang='lat' dir='ltr'><strong>accurate</strong></span> <span class='ocrx_word' id='word_1_107' title='bbox 946 769 1057 803; x_wconf 80' lang='lat' dir='ltr'><strong>exponit</strong></span> 
     </span>
    </p>
   </div>
   <div class='ocr_carea' id='block_1_18' title="bbox 272 806 1057 850">
    <p class='ocr_par' dir='ltr' id='par_1_18' title="bbox 272 806 1057 850">
     <span class='ocr_line' id='line_1_18' title="bbox 272 806 1057 850; baseline -0.003 -7"><span class='ocrx_word' id='word_1_108' title='bbox 272 815 471 843; x_wconf 81' lang='lat' dir='ltr'><strong>illustrissimus</strong></span> <span class='ocrx_word' id='word_1_109' title='bbox 486 816 604 850; x_wconf 76' lang='lat' dir='ltr'><strong>scriptor</strong></span> <span class='ocrx_word' id='word_1_110' title='bbox 630 806 762 850; x_wconf 86' lang='lat' dir='ltr'><strong>nobisque</strong></span> <span class='ocrx_word' id='word_1_111' title='bbox 779 815 970 846; x_wconf 82' lang='lat' dir='ltr'><strong>amicissimus,</strong></span> <span class='ocrx_word' id='word_1_112' title='bbox 996 815 1057 841; x_wconf 81' lang='lat' dir='ltr'><strong>Fla-</strong></span> 
     </span>
    </p>
   </div>
   <div class='ocr_carea' id='block_1_19' title="bbox 271 860 1054 895">
    <p class='ocr_par' dir='ltr' id='par_1_19' title="bbox 271 860 1054 895">
     <span class='ocr_line' id='line_1_19' title="bbox 271 860 1054 895; baseline -0.001 -8"><span class='ocrx_word' id='word_1_113' title='bbox 271 860 372 887; x_wconf 87' lang='lat' dir='ltr'><strong>minius</strong></span> <span class='ocrx_word' id='word_1_114' title='bbox 401 860 552 893; x_wconf 87' lang='lat' dir='ltr'><strong>Cornelius,</strong></span> <span class='ocrx_word' id='word_1_115' title='bbox 586 866 695 888; x_wconf 90' lang='lat' dir='ltr'><strong>senator</strong></span> <span class='ocrx_word' id='word_1_116' title='bbox 723 861 851 893; x_wconf 78' lang='lat' dir='ltr'><strong>Venetus,</strong></span> <span class='ocrx_word' id='word_1_117' title='bbox 880 861 907 887; x_wconf 90' lang='lat' dir='ltr'><strong>in</strong></span> <span class='ocrx_word' id='word_1_118' title='bbox 939 860 1054 895; x_wconf 73' lang='lat' dir='ltr'><strong>eleganti</strong></span> 
     </span>
    </p>
   </div>
   <div class='ocr_carea' id='block_1_20' title="bbox 271 905 1054 942">
    <p class='ocr_par' dir='ltr' id='par_1_20' title="bbox 271 905 1054 942">
     <span class='ocr_line' id='line_1_20' title="bbox 271 905 1054 942; baseline 0 -9"><span class='ocrx_word' id='word_1_119' title='bbox 271 915 354 942; x_wconf 76' lang='lat' dir='ltr'><strong>opere</strong></span> <span class='ocrx_word' id='word_1_120' title='bbox 381 907 417 933; x_wconf 88' lang='lat' dir='ltr'><strong>De</strong></span> <span class='ocrx_word' id='word_1_121' title='bbox 432 907 547 934; x_wconf 71' lang='lat' dir='ltr'><strong>ecclesiis</strong></span> <span class='ocrx_word' id='word_1_122' title='bbox 577 905 688 938; x_wconf 74' lang='lat' dir='ltr'><strong>Venetis,</strong></span> <span class='ocrx_word' id='word_1_123' title='bbox 714 907 773 935; x_wconf 83' lang='lat' dir='ltr'><strong>tlec.</strong></span> <span class='ocrx_word' id='word_1_124' title='bbox 789 915 825 939; x_wconf 84' lang='lat' dir='ltr'><strong>tv,</strong></span> <span class='ocrx_word' id='word_1_125' title='bbox 849 915 908 941; x_wconf 84' lang='lat' dir='ltr'><strong>pag.</strong></span> <span class='ocrx_word' id='word_1_126' title='bbox 934 906 995 940; x_wconf 76' lang='grc'><strong>173,</strong></span> <span class='ocrx_word' id='word_1_127' title='bbox 1010 905 1054 933; x_wconf 89' lang='lat' dir='ltr'><strong>ubi</strong></span> 
     </span>
    </p>
   </div>
   <div class='ocr_carea' id='block_1_21' title="bbox 272 951 1056 987">
    <p class='ocr_par' dir='ltr' id='par_1_21' title="bbox 272 951 1056 987">
     <span class='ocr_line' id='line_1_21' title="bbox 272 951 1056 987; baseline 0 -9"><span class='ocrx_word' id='word_1_128' title='bbox 272 952 367 980; x_wconf 87' lang='lat' dir='ltr'><strong>recitat</strong></span> <span class='ocrx_word' id='word_1_129' title='bbox 383 952 551 979; x_wconf 85' lang='lat' dir='ltr'><strong>l&#39;undationis</strong></span> <span class='ocrx_word' id='word_1_130' title='bbox 577 952 683 979; x_wconf 85' lang='lat' dir='ltr'><strong>litteras</strong></span> <span class='ocrx_word' id='word_1_131' title='bbox 705 959 739 978; x_wconf 87' lang='lat' dir='ltr'><strong>ex</strong></span> <span class='ocrx_word' id='word_1_132' title='bbox 764 952 942 987; x_wconf 73' lang='lat' dir='ltr'><strong>autographa.</strong></span> <span class='ocrx_word' id='word_1_133' title='bbox 959 951 996 978; x_wconf 80' lang='lat' dir='ltr'><strong>Ex</strong></span> <span class='ocrx_word' id='word_1_134' title='bbox 1013 951 1056 978; x_wconf 88' lang='lat' dir='ltr'><strong>his</strong></span> 
     </span>
    </p>
   </div>
   <div class='ocr_carea' id='block_1_22' title="bbox 271 997 1055 1030">
    <p class='ocr_par' dir='ltr' id='par_1_22' title="bbox 271 997 1055 1030">
     <span class='ocr_line' id='line_1_22' title="bbox 271 997 1055 1030; baseline 0.001 -6"><span class='ocrx_word' id='word_1_135' title='bbox 271 1003 347 1024; x_wconf 83' lang='lat' dir='ltr'><strong>recte</strong></span> <span class='ocrx_word' id='word_1_136' title='bbox 374 997 494 1030; x_wconf 79' lang='lat' dir='ltr'><strong>deducit,</strong></span> <span class='ocrx_word' id='word_1_137' title='bbox 516 998 702 1024; x_wconf 76' lang='lat' dir='ltr'><strong>fundationem</strong></span> <span class='ocrx_word' id='word_1_138' title='bbox 727 998 811 1025; x_wconf 75' lang='lat' dir='ltr'><strong>fuisse</strong></span> <span class='ocrx_word' id='word_1_139' title='bbox 836 998 946 1029; x_wconf 73' lang='lat' dir='ltr'><strong>factam,</strong></span> <span class='ocrx_word' id='word_1_140' title='bbox 961 1005 1055 1025; x_wconf 84' lang='lat' dir='ltr'><strong>mense</strong></span> 
     </span>
    </p>
   </div>
   <div class='ocr_carea' id='block_1_23' title="bbox 271 1039 1056 1070">
    <p class='ocr_par' dir='ltr' id='par_1_23' title="bbox 271 1039 1056 1070">
     <span class='ocr_line' id='line_1_23' title="bbox 271 1039 1056 1070; baseline 0.001 -1"><span class='ocrx_word' id='word_1_141' title='bbox 271 1039 418 1070; x_wconf 79' lang='lat' dir='ltr'><strong>Februario</strong></span> <span class='ocrx_word' id='word_1_142' title='bbox 435 1043 498 1069; x_wconf 90' lang='lat' dir='ltr'><strong>anni</strong></span> <span class='ocrx_word' id='word_1_143' title='bbox 517 1043 585 1069; x_wconf 73' lang='grc'><strong>1155</strong></span> <span class='ocrx_word' id='word_1_144' title='bbox 599 1050 673 1069; x_wconf 88' lang='lat' dir='ltr'><strong>tuore</strong></span> <span class='ocrx_word' id='word_1_145' title='bbox 689 1043 792 1070; x_wconf 73' lang='lat' dir='ltr'><strong>Veneto</strong></span> <span class='ocrx_word' id='word_1_146' title='bbox 812 1047 839 1070; x_wconf 92' lang='lat' dir='ltr'><strong>et</strong></span> <span class='ocrx_word' id='word_1_147' title='bbox 853 1043 968 1069; x_wconf 86' lang='lat' dir='ltr'><strong>aliorum</strong></span> <span class='ocrx_word' id='word_1_148' title='bbox 983 1043 1056 1070; x_wconf 88' lang='lat' dir='ltr'><strong>illius</strong></span> 
     </span>
    </p>
   </div>
   <div class='ocr_carea' id='block_1_24' title="bbox 272 1088 1056 1123">
    <p class='ocr_par' dir='ltr' id='par_1_24' title="bbox 272 1088 1056 1123">
     <span class='ocr_line' id='line_1_24' title="bbox 272 1088 1056 1123; baseline 0.001 -8"><span class='ocrx_word' id='word_1_149' title='bbox 272 1089 412 1123; x_wconf 81' lang='lat' dir='ltr'><strong>temporis,</strong></span> <span class='ocrx_word' id='word_1_150' title='bbox 435 1093 463 1115; x_wconf 93' lang='lat' dir='ltr'><strong>ut</strong></span> <span class='ocrx_word' id='word_1_151' title='bbox 478 1089 562 1122; x_wconf 87' lang='lat' dir='ltr'><strong>liquet</strong></span> <span class='ocrx_word' id='word_1_152' title='bbox 578 1096 610 1115; x_wconf 82' lang='lat' dir='ltr'><strong>ex</strong></span> <span class='ocrx_word' id='word_1_153' title='bbox 634 1088 783 1115; x_wconf 84' lang='lat' dir='ltr'><strong>indictione</strong></span> <span class='ocrx_word' id='word_1_154' title='bbox 800 1097 826 1116; x_wconf 87' lang='lat' dir='ltr'><strong>tv</strong></span> <span class='ocrx_word' id='word_1_155' title='bbox 841 1089 867 1115; x_wconf 88' lang='lat' dir='ltr'><strong>in</strong></span> <span class='ocrx_word' id='word_1_156' title='bbox 888 1089 986 1116; x_wconf 82' lang='lat' dir='ltr'><strong>litteris</strong></span> <span class='ocrx_word' id='word_1_157' title='bbox 1008 1089 1056 1116; x_wconf 85' lang='lat' dir='ltr'><strong>ad-</strong></span> 
     </span>
    </p>
   </div>
   <div class='ocr_carea' id='block_1_25' title="bbox 269 1125 1055 1169">
    <p class='ocr_par' dir='ltr' id='par_1_25' title="bbox 269 1125 1055 1169">
     <span class='ocr_line' id='line_1_25' title="bbox 269 1125 1055 1169; baseline 0 -8"><span class='ocrx_word' id='word_1_158' title='bbox 269 1135 350 1168; x_wconf 88' lang='lat' dir='ltr'><strong>jecta,</strong></span> <span class='ocrx_word' id='word_1_159' title='bbox 367 1143 420 1169; x_wconf 88' lang='lat' dir='ltr'><strong>qua</strong></span> <span class='ocrx_word' id='word_1_160' title='bbox 440 1135 598 1169; x_wconf 75' lang='lat' dir='ltr'><strong>designatur</strong></span> <span class='ocrx_word' id='word_1_161' title='bbox 623 1142 711 1161; x_wconf 87' lang='lat' dir='ltr'><strong>annus</strong></span> <span class='ocrx_word' id='word_1_162' title='bbox 730 1134 814 1168; x_wconf 77' lang='lat'><strong>“56;</strong></span> <span class='ocrx_word' id='word_1_163' title='bbox 830 1125 876 1161; x_wconf 77' lang='lat' dir='ltr'><strong>sed</strong></span> <span class='ocrx_word' id='word_1_164' title='bbox 895 1143 988 1161; x_wconf 82' lang='lat' dir='ltr'><strong>mense</strong></span> <span class='ocrx_word' id='word_1_165' title='bbox 1002 1134 1055 1161; x_wconf 54' lang='lat' dir='ltr'><strong>Fe&#39;</strong></span> 
     </span>
    </p>
   </div>
   <div class='ocr_carea' id='block_1_26' title="bbox 271 1178 1055 1216">
    <p class='ocr_par' dir='ltr' id='par_1_26' title="bbox 271 1178 1055 1216">
     <span class='ocr_line' id='line_1_26' title="bbox 271 1178 1055 1216; baseline -0.003 -7"><span class='ocrx_word' id='word_1_166' title='bbox 271 1178 381 1209; x_wconf 79' lang='lat' dir='ltr'><strong>bruario</strong></span> <span class='ocrx_word' id='word_1_167' title='bbox 405 1181 534 1216; x_wconf 80' lang='lat' dir='ltr'><strong>pergebat</strong></span> <span class='ocrx_word' id='word_1_168' title='bbox 561 1185 626 1208; x_wconf 86' lang='lat' dir='ltr'><strong>tunc</strong></span> <span class='ocrx_word' id='word_1_169' title='bbox 644 1188 755 1210; x_wconf 84' lang='lat' dir='ltr'><strong>currere</strong></span> <span class='ocrx_word' id='word_1_170' title='bbox 774 1188 863 1207; x_wconf 90' lang='lat' dir='ltr'><strong>anuus</strong></span> <span class='ocrx_word' id='word_1_171' title='bbox 887 1180 955 1207; x_wconf 79' lang='grc'><strong>1156</strong></span> <span class='ocrx_word' id='word_1_172' title='bbox 970 1188 1055 1216; x_wconf 84' lang='lat' dir='ltr'><strong>usque.</strong></span> 
     </span>
    </p>
   </div>
   <div class='ocr_carea' id='block_1_27' title="bbox 270 1227 1054 1262">
    <p class='ocr_par' dir='ltr' id='par_1_27' title="bbox 270 1227 1054 1262">
     <span class='ocr_line' id='line_1_27' title="bbox 270 1227 1054 1262; baseline -0.001 -7"><span class='ocrx_word' id='word_1_173' title='bbox 270 1228 304 1255; x_wconf 88' lang='lat' dir='ltr'><strong>ad</strong></span> <span class='ocrx_word' id='word_1_174' title='bbox 318 1227 429 1259; x_wconf 82' lang='lat' dir='ltr'><strong>Pascha,</strong></span> <span class='ocrx_word' id='word_1_175' title='bbox 450 1232 497 1254; x_wconf 89' lang='lat' dir='ltr'><strong>aut</strong></span> <span class='ocrx_word' id='word_1_176' title='bbox 520 1232 594 1255; x_wconf 89' lang='lat' dir='ltr'><strong>certe</strong></span> <span class='ocrx_word' id='word_1_177' title='bbox 616 1235 701 1262; x_wconf 84' lang='lat' dir='ltr'><strong>usque</strong></span> <span class='ocrx_word' id='word_1_178' title='bbox 722 1227 755 1255; x_wconf 90' lang='lat' dir='ltr'><strong>ad</strong></span> <span class='ocrx_word' id='word_1_179' title='bbox 781 1227 880 1255; x_wconf 83' lang='lat' dir='ltr'><strong>festum</strong></span> <span class='ocrx_word' id='word_1_180' title='bbox 900 1227 1054 1254; x_wconf 79' lang='lat' dir='ltr'><strong>Annuntia-</strong></span> 
     </span>
    </p>
   </div>
   <div class='ocr_carea' id='block_1_28' title="bbox 271 1272 1056 1307">
    <p class='ocr_par' dir='ltr' id='par_1_28' title="bbox 271 1272 1056 1307">
     <span class='ocr_line' id='line_1_28' title="bbox 271 1272 1056 1307; baseline -0.003 -5"><span class='ocrx_word' id='word_1_181' title='bbox 271 1275 364 1307; x_wconf 82' lang='lat' dir='ltr'><strong>tionis,</strong></span> <span class='ocrx_word' id='word_1_182' title='bbox 381 1275 438 1302; x_wconf 83' lang='lat' dir='ltr'><strong>sive</strong></span> <span class='ocrx_word' id='word_1_183' title='bbox 453 1272 525 1302; x_wconf 86' lang='lat' dir='ltr'><strong>diem</strong></span> <span class='ocrx_word' id='word_1_184' title='bbox 540 1275 575 1302; x_wconf 71' lang='lat'><strong>25</strong></span> <span class='ocrx_word' id='word_1_185' title='bbox 591 1274 690 1301; x_wconf 87' lang='lat' dir='ltr'><strong>Martii.</strong></span> <span class='ocrx_word' id='word_1_186' title='bbox 707 1274 844 1301; x_wconf 83' lang='lat' dir='ltr'><strong>Fundator</strong></span> <span class='ocrx_word' id='word_1_187' title='bbox 869 1273 990 1301; x_wconf 80' lang='lat' dir='ltr'><strong>ecclesia:</strong></span> <span class='ocrx_word' id='word_1_188' title='bbox 1004 1273 1056 1301; x_wconf 73' lang='lat' dir='ltr'><strong>fuit</strong></span> 
     </span>
    </p>
   </div>
   <div class='ocr_carea' id='block_1_29' title="bbox 271 1318 1055 1355">
    <p class='ocr_par' dir='ltr' id='par_1_29' title="bbox 271 1318 1055 1355">
     <span class='ocr_line' id='line_1_29' title="bbox 271 1318 1055 1355; baseline -0.004 -7"><span class='ocrx_word' id='word_1_189' title='bbox 271 1321 429 1348; x_wconf 85' lang='lat' dir='ltr'><strong>Leonardus</strong></span> <span class='ocrx_word' id='word_1_190' title='bbox 461 1318 620 1353; x_wconf 85' lang='lat' dir='ltr'><strong>Cornarius,</strong></span> <span class='ocrx_word' id='word_1_191' title='bbox 655 1320 735 1355; x_wconf 83' lang='lat' dir='ltr'><strong>cujus</strong></span> <span class='ocrx_word' id='word_1_192' title='bbox 766 1320 865 1347; x_wconf 83' lang='lat' dir='ltr'><strong>litterte</strong></span> <span class='ocrx_word' id='word_1_193' title='bbox 895 1319 1055 1350; x_wconf 86' lang='lat' dir='ltr'><strong>recitantur,</strong></span> 
     </span>
    </p>
   </div>
   <div class='ocr_carea' id='block_1_30' title="bbox 270 1365 1055 1403">
    <p class='ocr_par' dir='ltr' id='par_1_30' title="bbox 270 1365 1055 1403">
     <span class='ocr_line' id='line_1_30' title="bbox 270 1365 1055 1403; baseline -0.003 -9"><span class='ocrx_word' id='word_1_194' title='bbox 270 1368 497 1403; x_wconf 84' lang='lat' dir='ltr'><strong>quemadmodum</strong></span> <span class='ocrx_word' id='word_1_195' title='bbox 516 1371 544 1394; x_wconf 88' lang='lat' dir='ltr'><strong>et</strong></span> <span class='ocrx_word' id='word_1_196' title='bbox 559 1367 610 1394; x_wconf 89' lang='lat' dir='ltr'><strong>alia</strong></span> <span class='ocrx_word' id='word_1_197' title='bbox 627 1366 749 1399; x_wconf 84' lang='lat' dir='ltr'><strong>donatio,</strong></span> <span class='ocrx_word' id='word_1_198' title='bbox 770 1374 831 1401; x_wconf 65' lang='lat' dir='ltr'><strong>quae</strong></span> <span class='ocrx_word' id='word_1_199' title='bbox 845 1373 917 1393; x_wconf 86' lang='lat' dir='ltr'><strong>anno</strong></span> <span class='ocrx_word' id='word_1_200' title='bbox 936 1366 1005 1393; x_wconf 78' lang='grc'><strong>1166</strong></span> <span class='ocrx_word' id='word_1_201' title='bbox 1022 1365 1055 1393; x_wconf 87' lang='lat' dir='ltr'><strong>ad</strong></span> 
     </span>
    </p>
   </div>
   <div class='ocr_carea' id='block_1_31' title="bbox 270 1411 1056 1447">
    <p class='ocr_par' dir='ltr' id='par_1_31' title="bbox 270 1411 1056 1447">
     <span class='ocr_line' id='line_1_31' title="bbox 270 1411 1056 1447; baseline -0.003 -7"><span class='ocrx_word' id='word_1_202' title='bbox 270 1414 384 1447; x_wconf 85' lang='lat' dir='ltr'><strong>primam</strong></span> <span class='ocrx_word' id='word_1_203' title='bbox 400 1413 525 1441; x_wconf 88' lang='lat' dir='ltr'><strong>accessit.</strong></span> <span class='ocrx_word' id='word_1_204' title='bbox 542 1413 642 1440; x_wconf 84' lang='lat' dir='ltr'><strong>Deinde</strong></span> <span class='ocrx_word' id='word_1_205' title='bbox 656 1420 688 1439; x_wconf 78' lang='lat' dir='ltr'><strong>ex</strong></span> <span class='ocrx_word' id='word_1_206' title='bbox 703 1416 837 1440; x_wconf 80' lang='lat' dir='ltr'><strong>vetustate</strong></span> <span class='ocrx_word' id='word_1_207' title='bbox 849 1411 977 1439; x_wconf 79' lang='lat' dir='ltr'><strong>fatiscens</strong></span> <span class='ocrx_word' id='word_1_208' title='bbox 988 1416 1056 1439; x_wconf 86' lang='lat' dir='ltr'><strong>tem-</strong></span> 
     </span>
    </p>
   </div>
   <div class='ocr_carea' id='block_1_32' title="bbox 270 1458 1065 1495">
    <p class='ocr_par' dir='ltr' id='par_1_32' title="bbox 270 1458 1065 1495">
     <span class='ocr_line' id='line_1_32' title="bbox 270 1458 1065 1495; baseline -0.004 -7"><span class='ocrx_word' id='word_1_209' title='bbox 270 1462 344 1495; x_wconf 88' lang='lat' dir='ltr'><strong>plum</strong></span> <span class='ocrx_word' id='word_1_210' title='bbox 362 1461 530 1487; x_wconf 85' lang='lat' dir='ltr'><strong>instauratur</strong></span> <span class='ocrx_word' id='word_1_211' title='bbox 543 1467 615 1487; x_wconf 88' lang='lat' dir='ltr'><strong>anno</strong></span> <span class='ocrx_word' id='word_1_212' title='bbox 632 1459 739 1486; x_wconf 87' lang='lat' dir='ltr'><strong>Domini</strong></span> <span class='ocrx_word' id='word_1_213' title='bbox 761 1459 841 1492; x_wconf 78' lang='grc'><strong>1615,</strong></span> <span class='ocrx_word' id='word_1_214' title='bbox 856 1463 886 1486; x_wconf 86' lang='grc' dir='ltr'><strong>ιιι</strong></span> <span class='ocrx_word' id='word_1_215' title='bbox 911 1466 942 1486; x_wconf 85' lang='lat' dir='ltr'><strong>ex</strong></span> <span class='ocrx_word' id='word_1_216' title='bbox 959 1458 1065 1485; x_wconf 65' lang='lat' dir='ltr'><strong>inseri&quot;</strong></span> 
     </span>
    </p>
   </div>
   <div class='ocr_carea' id='block_1_33' title="bbox 270 1504 1090 1550">
    <p class='ocr_par' dir='ltr' id='par_1_33' title="bbox 270 1504 1090 1550">
     <span class='ocr_line' id='line_1_33' title="bbox 270 1504 1090 1550; baseline -0.005 -16"><span class='ocrx_word' id='word_1_217' title='bbox 270 1507 364 1542; x_wconf 87' lang='lat' dir='ltr'><strong>ptioue</strong></span> <span class='ocrx_word' id='word_1_218' title='bbox 381 1514 533 1534; x_wconf 84' lang='lat' dir='ltr'><strong>marmorea</strong></span> <span class='ocrx_word' id='word_1_219' title='bbox 550 1506 697 1533; x_wconf 87' lang='lat' dir='ltr'><strong>edoeemur</strong></span> <span class='ocrx_word' id='word_1_220' title='bbox 717 1505 813 1540; x_wconf 82' lang='lat' dir='ltr'><strong>parieti</strong></span> <span class='ocrx_word' id='word_1_221' title='bbox 827 1504 914 1535; x_wconf 67' lang='lat' dir='ltr'><strong>allisa,</strong></span> <span class='ocrx_word' id='word_1_222' title='bbox 935 1514 944 1530; x_wconf 77' lang='grc' dir='ltr'><strong>ι</strong></span> <span class='ocrx_word' id='word_1_223' title='bbox 967 1504 1057 1538; x_wconf 84' lang='lat' dir='ltr'><strong>inquit.</strong></span> <span class='ocrx_word' id='word_1_224' title='bbox 1068 1519 1090 1550; x_wconf 81' lang='lat' dir='ltr'><strong>C</strong></span> 
     </span>
    </p>
   </div>
   <div class='ocr_carea' id='block_1_34' title="bbox 269 1549 1054 1585">
    <p class='ocr_par' dir='ltr' id='par_1_34' title="bbox 269 1549 1054 1585">
     <span class='ocr_line' id='line_1_34' title="bbox 269 1549 1054 1585; baseline -0.005 -5"><span class='ocrx_word' id='word_1_225' title='bbox 269 1552 423 1584; x_wconf 85' lang='lat' dir='ltr'><strong>Cornelius,</strong></span> <span class='ocrx_word' id='word_1_226' title='bbox 452 1552 524 1579; x_wconf 88' lang='lat' dir='ltr'><strong>illam</strong></span> <span class='ocrx_word' id='word_1_227' title='bbox 555 1552 683 1578; x_wconf 87' lang='lat' dir='ltr'><strong>recitans.</strong></span> <span class='ocrx_word' id='word_1_228' title='bbox 709 1550 782 1578; x_wconf 86' lang='lat' dir='ltr'><strong>idem</strong></span> <span class='ocrx_word' id='word_1_229' title='bbox 805 1550 885 1585; x_wconf 89' lang='lat' dir='ltr'><strong>paulo</strong></span> <span class='ocrx_word' id='word_1_230' title='bbox 909 1554 971 1584; x_wconf 83' lang='lat' dir='ltr'><strong>post</strong></span> <span class='ocrx_word' id='word_1_231' title='bbox 994 1549 1054 1576; x_wconf 81' lang='lat' dir='ltr'><strong>ait:</strong></span> 
     </span>
    </p>
   </div>
   <div class='ocr_carea' id='block_1_35' title="bbox 274 1595 1056 1630">
    <p class='ocr_par' dir='ltr' id='par_1_35' title="bbox 274 1595 1056 1630">
     <span class='ocr_line' id='line_1_35' title="bbox 274 1595 1056 1630; baseline 0 -8"><span class='ocrx_word' id='word_1_232' title='bbox 274 1606 283 1622; x_wconf 73' lang='grc' dir='ltr'>α</span> <span class='ocrx_word' id='word_1_233' title='bbox 297 1598 439 1625; x_wconf 86' lang='lat' dir='ltr'><strong>Postremo</strong></span> <span class='ocrx_word' id='word_1_234' title='bbox 455 1604 516 1623; x_wconf 86' lang='lat' dir='ltr'><strong>cum</strong></span> <span class='ocrx_word' id='word_1_235' title='bbox 531 1596 629 1623; x_wconf 89' lang='lat' dir='ltr'><strong>nostris</strong></span> <span class='ocrx_word' id='word_1_236' title='bbox 644 1595 719 1622; x_wconf 69' lang='lat' dir='ltr'><strong>hisce</strong></span> <span class='ocrx_word' id='word_1_237' title='bbox 731 1595 898 1630; x_wconf 89' lang='lat' dir='ltr'><strong>temporibus</strong></span> <span class='ocrx_word' id='word_1_238' title='bbox 914 1596 947 1622; x_wconf 87' lang='lat' dir='ltr'><strong>ad</strong></span> <span class='ocrx_word' id='word_1_239' title='bbox 963 1595 1056 1622; x_wconf 85' lang='lat' dir='ltr'><strong>ruinas</strong></span> 
     </span>
    </p>
   </div>
   <div class='ocr_carea' id='block_1_36' title="bbox 269 1641 1056 1679">
    <p class='ocr_par' dir='ltr' id='par_1_36' title="bbox 269 1641 1056 1679">
     <span class='ocr_line' id='line_1_36' title="bbox 269 1641 1056 1679; baseline -0.004 -9"><span class='ocrx_word' id='word_1_240' title='bbox 269 1647 402 1679; x_wconf 81' lang='lat' dir='ltr'><strong>vergeret.</strong></span> <span class='ocrx_word' id='word_1_241' title='bbox 429 1642 530 1669; x_wconf 82' lang='lat' dir='ltr'><strong>Nicolai</strong></span> <span class='ocrx_word' id='word_1_242' title='bbox 555 1641 649 1669; x_wconf 83' lang='lat' dir='ltr'><strong>Milesii</strong></span> <span class='ocrx_word' id='word_1_243' title='bbox 676 1641 784 1675; x_wconf 87' lang='lat' dir='ltr'><strong>plebaui</strong></span> <span class='ocrx_word' id='word_1_244' title='bbox 806 1641 897 1668; x_wconf 87' lang='lat' dir='ltr'><strong>studio</strong></span> <span class='ocrx_word' id='word_1_245' title='bbox 924 1649 938 1667; x_wconf 90' lang='lat' dir='ltr'><strong>a</strong></span> <span class='ocrx_word' id='word_1_246' title='bbox 960 1641 1056 1668; x_wconf 83' lang='lat' dir='ltr'><strong>funda-</strong></span> 
     </span>
    </p>
   </div>
   <div class='ocr_carea' id='block_1_37' title="bbox 270 1686 1055 1723">
    <p class='ocr_par' dir='ltr' id='par_1_37' title="bbox 270 1686 1055 1723">
     <span class='ocr_line' id='line_1_37' title="bbox 270 1686 1055 1723; baseline -0.005 -7"><span class='ocrx_word' id='word_1_247' title='bbox 270 1689 369 1716; x_wconf 87' lang='lat' dir='ltr'><strong>mentis</strong></span> <span class='ocrx_word' id='word_1_248' title='bbox 384 1690 411 1714; x_wconf 90' lang='lat' dir='ltr'><strong>in</strong></span> <span class='ocrx_word' id='word_1_249' title='bbox 427 1687 622 1723; x_wconf 79' lang='lat' dir='ltr'><strong>elegantiorem</strong></span> <span class='ocrx_word' id='word_1_250' title='bbox 646 1687 760 1713; x_wconf 82' lang='lat' dir='ltr'><strong>formam</strong></span> <span class='ocrx_word' id='word_1_251' title='bbox 783 1686 947 1717; x_wconf 83' lang='lat' dir='ltr'><strong>restituitur,</strong></span> <span class='ocrx_word' id='word_1_252' title='bbox 966 1693 1055 1712; x_wconf 87' lang='lat' dir='ltr'><strong>sacra-</strong></span> 
     </span>
    </p>
   </div>
   <div class='ocr_carea' id='block_1_38' title="bbox 269 1731 1056 1768">
    <p class='ocr_par' dir='ltr' id='par_1_38' title="bbox 269 1731 1056 1768">
     <span class='ocr_line' id='line_1_38' title="bbox 269 1731 1056 1768; baseline -0.003 -8"><span class='ocrx_word' id='word_1_253' title='bbox 269 1743 322 1767; x_wconf 85' lang='lat' dir='ltr'><strong>que</strong></span> <span class='ocrx_word' id='word_1_254' title='bbox 347 1733 516 1768; x_wconf 86' lang='lat' dir='ltr'><strong>supellectile</strong></span> <span class='ocrx_word' id='word_1_255' title='bbox 538 1738 564 1759; x_wconf 89' lang='lat' dir='ltr'><strong>et</strong></span> <span class='ocrx_word' id='word_1_256' title='bbox 587 1732 755 1759; x_wconf 88' lang='lat' dir='ltr'><strong>ornatuentis</strong></span> <span class='ocrx_word' id='word_1_257' title='bbox 781 1731 890 1766; x_wconf 89' lang='lat' dir='ltr'><strong>copiose</strong></span> <span class='ocrx_word' id='word_1_258' title='bbox 912 1731 1056 1758; x_wconf 82' lang='lat' dir='ltr'><strong>instruitur</strong></span> 
     </span>
    </p>
   </div>
   <div class='ocr_carea' id='block_1_39' title="bbox 269 1774 1056 1812">
    <p class='ocr_par' dir='ltr' id='par_1_39' title="bbox 269 1774 1056 1812">
     <span class='ocr_line' id='line_1_39' title="bbox 269 1774 1056 1812; baseline -0.004 -7"><span class='ocrx_word' id='word_1_259' title='bbox 269 1786 341 1805; x_wconf 88' lang='lat' dir='ltr'><strong>anno</strong></span> <span class='ocrx_word' id='word_1_260' title='bbox 356 1778 462 1805; x_wconf 85' lang='lat' dir='ltr'><strong>Domini</strong></span> <span class='ocrx_word' id='word_1_261' title='bbox 480 1777 548 1804; x_wconf 77' lang='grc'><strong>1755</strong></span> <span class='ocrx_word' id='word_1_262' title='bbox 564 1785 612 1812; x_wconf 90' lang='lat' dir='ltr'><strong>per</strong></span> <span class='ocrx_word' id='word_1_263' title='bbox 629 1777 766 1812; x_wconf 77' lang='lat' dir='ltr'><strong>Aloysium</strong></span> <span class='ocrx_word' id='word_1_264' title='bbox 781 1774 927 1803; x_wconf 79' lang='lat' dir='ltr'><strong>Foscarum</strong></span> <span class='ocrx_word' id='word_1_265' title='bbox 943 1776 1056 1810; x_wconf 86' lang='lat' dir='ltr'><strong>patriar-</strong></span> 
     </span>
    </p>
   </div>
   <div class='ocr_carea' id='block_1_40' title="bbox 268 1821 1055 1857">
    <p class='ocr_par' dir='ltr' id='par_1_40' title="bbox 268 1821 1055 1857">
     <span class='ocr_line' id='line_1_40' title="bbox 268 1821 1055 1857; baseline -0.004 -5"><span class='ocrx_word' id='word_1_266' title='bbox 268 1826 349 1852; x_wconf 87' lang='lat' dir='ltr'><strong>cham</strong></span> <span class='ocrx_word' id='word_1_267' title='bbox 368 1824 501 1851; x_wconf 84' lang='lat' dir='ltr'><strong>Venetum</strong></span> <span class='ocrx_word' id='word_1_268' title='bbox 516 1828 702 1850; x_wconf 87' lang='lat' dir='ltr'><strong>consecratur.</strong></span> <span class='ocrx_word' id='word_1_269' title='bbox 720 1832 729 1848; x_wconf 75' lang='grc' dir='ltr'><strong>ι</strong></span> <span class='ocrx_word' id='word_1_270' title='bbox 747 1823 783 1850; x_wconf 83' lang='lat' dir='ltr'><strong>De</strong></span> <span class='ocrx_word' id='word_1_271' title='bbox 801 1821 921 1856; x_wconf 87' lang='lat' dir='ltr'><strong>reliquiis</strong></span> <span class='ocrx_word' id='word_1_272' title='bbox 934 1822 1055 1857; x_wconf 87' lang='lat' dir='ltr'><strong>ejusdem</strong></span> 
     </span>
    </p>
   </div>
   <div class='ocr_carea' id='block_1_41' title="bbox 270 1867 1055 1904">
    <p class='ocr_par' dir='ltr' id='par_1_41' title="bbox 270 1867 1055 1904">
     <span class='ocr_line' id='line_1_41' title="bbox 270 1867 1055 1904; baseline -0.005 -6"><span class='ocrx_word' id='word_1_273' title='bbox 270 1871 391 1898; x_wconf 69' lang='lat' dir='ltr'><strong>ecclesia:</strong></span> <span class='ocrx_word' id='word_1_274' title='bbox 407 1873 503 1897; x_wconf 87' lang='lat' dir='ltr'><strong>auctor</strong></span> <span class='ocrx_word' id='word_1_275' title='bbox 516 1877 576 1904; x_wconf 84' lang='lat' dir='ltr'><strong>pag.</strong></span> <span class='ocrx_word' id='word_1_276' title='bbox 595 1868 645 1896; x_wconf 83' lang='grc'><strong>175</strong></span> <span class='ocrx_word' id='word_1_277' title='bbox 665 1868 760 1896; x_wconf 90' lang='lat' dir='ltr'><strong>scribit</strong></span> <span class='ocrx_word' id='word_1_278' title='bbox 775 1877 781 1895; x_wconf 91' lang='lat'><strong>:</strong></span> <span class='ocrx_word' id='word_1_279' title='bbox 801 1877 810 1893; x_wconf 76' lang='grc' dir='ltr'><strong>ι</strong></span> <span class='ocrx_word' id='word_1_280' title='bbox 829 1867 970 1895; x_wconf 84' lang='lat' dir='ltr'><strong>Nonnullis</strong></span> <span class='ocrx_word' id='word_1_281' title='bbox 986 1867 1055 1894; x_wconf 81' lang='lat' dir='ltr'><strong>dita-</strong></span> 
     </span>
    </p>
   </div>
   <div class='ocr_carea' id='block_1_42' title="bbox 271 1913 1056 1950">
    <p class='ocr_par' dir='ltr' id='par_1_42' title="bbox 271 1913 1056 1950">
     <span class='ocr_line' id='line_1_42' title="bbox 271 1913 1056 1950; baseline -0.004 -7"><span class='ocrx_word' id='word_1_282' title='bbox 271 1921 314 1943; x_wconf 90' lang='lat' dir='ltr'><strong>tur</strong></span> <span class='ocrx_word' id='word_1_283' title='bbox 339 1916 466 1944; x_wconf 88' lang='lat' dir='ltr'><strong>Divorum</strong></span> <span class='ocrx_word' id='word_1_284' title='bbox 496 1916 617 1950; x_wconf 81' lang='lat' dir='ltr'><strong>lipSanis,</strong></span> <span class='ocrx_word' id='word_1_285' title='bbox 646 1922 744 1949; x_wconf 89' lang='lat' dir='ltr'><strong>nempe</strong></span> <span class='ocrx_word' id='word_1_286' title='bbox 770 1922 802 1941; x_wconf 83' lang='lat' dir='ltr'><strong>ex</strong></span> <span class='ocrx_word' id='word_1_287' title='bbox 829 1913 937 1941; x_wconf 90' lang='lat' dir='ltr'><strong>ossibus</strong></span> <span class='ocrx_word' id='word_1_288' title='bbox 969 1913 1056 1941; x_wconf 79' lang='lat' dir='ltr'><strong>Sancti</strong></span> 
     </span>
    </p>
   </div>
   <div class='ocr_carea' id='block_1_43' title="bbox 270 1958 1056 1996">
    <p class='ocr_par' dir='ltr' id='par_1_43' title="bbox 270 1958 1056 1996">
     <span class='ocr_line' id='line_1_43' title="bbox 270 1958 1056 1996; baseline -0.004 -7"><span class='ocrx_word' id='word_1_289' title='bbox 270 1961 384 1996; x_wconf 87' lang='lat' dir='ltr'><strong>apostoli</strong></span> <span class='ocrx_word' id='word_1_290' title='bbox 404 1961 549 1993; x_wconf 86' lang='lat' dir='ltr'><strong>Tutelaris,</strong></span> <span class='ocrx_word' id='word_1_291' title='bbox 566 1970 575 1985; x_wconf 73' lang='grc' dir='ltr'><strong>ι</strong></span> <span class='ocrx_word' id='word_1_292' title='bbox 592 1964 645 1987; x_wconf 86' lang='lat' dir='ltr'><strong>etc.</strong></span> <span class='ocrx_word' id='word_1_293' title='bbox 664 1959 743 1986; x_wconf 75' lang='lat' dir='ltr'><strong>Plura</strong></span> <span class='ocrx_word' id='word_1_294' title='bbox 759 1959 792 1987; x_wconf 89' lang='lat' dir='ltr'><strong>de</strong></span> <span class='ocrx_word' id='word_1_295' title='bbox 817 1959 860 1986; x_wconf 91' lang='lat' dir='ltr'><strong>illa</strong></span> <span class='ocrx_word' id='word_1_296' title='bbox 881 1958 996 1986; x_wconf 86' lang='lat' dir='ltr'><strong>ecclesia</strong></span> <span class='ocrx_word' id='word_1_297' title='bbox 1013 1959 1056 1986; x_wconf 87' lang='lat' dir='ltr'><strong>di-</strong></span> 
     </span>
    </p>
   </div>
   <div class='ocr_carea' id='block_1_44' title="bbox 271 2005 904 2044">
    <p class='ocr_par' dir='ltr' id='par_1_44' title="bbox 271 2005 904 2044">
     <span class='ocr_line' id='line_1_44' title="bbox 271 2005 904 2044; baseline -0.005 -9"><span class='ocrx_word' id='word_1_298' title='bbox 271 2009 385 2044; x_wconf 87' lang='lat' dir='ltr'><strong>ligenter</strong></span> <span class='ocrx_word' id='word_1_299' title='bbox 399 2008 500 2035; x_wconf 86' lang='lat' dir='ltr'><strong>ibidem</strong></span> <span class='ocrx_word' id='word_1_300' title='bbox 517 2007 660 2034; x_wconf 83' lang='lat' dir='ltr'><strong>observata</strong></span> <span class='ocrx_word' id='word_1_301' title='bbox 676 2005 762 2033; x_wconf 81' lang='lat' dir='ltr'><strong>videri</strong></span> <span class='ocrx_word' id='word_1_302' title='bbox 780 2009 904 2040; x_wconf 87' lang='lat' dir='ltr'><strong>possunt.</strong></span> 
     </span>
    </p>
   </div>
   <div class='ocr_carea' id='block_1_45' title="bbox 305 2050 1055 2086">
    <p class='ocr_par' dir='ltr' id='par_1_45' title="bbox 305 2050 1055 2086">
     <span class='ocr_line' id='line_1_45' title="bbox 305 2050 1055 2086; baseline -0.003 -6"><span class='ocrx_word' id='word_1_303' title='bbox 305 2053 350 2080; x_wconf 85' lang='lat'><strong>97.</strong></span> <span class='ocrx_word' id='word_1_304' title='bbox 370 2053 513 2080; x_wconf 84' lang='lat' dir='ltr'><strong>Cornelius</strong></span> <span class='ocrx_word' id='word_1_305' title='bbox 540 2056 630 2078; x_wconf 90' lang='lat' dir='ltr'><strong>autem</strong></span> <span class='ocrx_word' id='word_1_306' title='bbox 652 2051 680 2078; x_wconf 93' lang='lat' dir='ltr'><strong>in</strong></span> <span class='ocrx_word' id='word_1_307' title='bbox 703 2050 841 2086; x_wconf 86' lang='lat' dir='ltr'><strong>Opuscqu</strong></span> <span class='ocrx_word' id='word_1_308' title='bbox 867 2050 900 2078; x_wconf 88' lang='lat' dir='ltr'><strong>de</strong></span> <span class='ocrx_word' id='word_1_309' title='bbox 927 2051 1055 2078; x_wconf 86' lang='lat' dir='ltr'><strong>Ecclesiis</strong></span> 
     </span>
    </p>
   </div>
   <div class='ocr_carea' id='block_1_46' title="bbox 269 2097 1058 2133">
    <p class='ocr_par' dir='ltr' id='par_1_46' title="bbox 269 2097 1058 2133">
     <span class='ocr_line' id='line_1_46' title="bbox 269 2097 1058 2133; baseline -0.003 -8"><span class='ocrx_word' id='word_1_310' title='bbox 269 2098 447 2130; x_wconf 84' lang='lat' dir='ltr'><strong>Toreellauis,</strong></span> <span class='ocrx_word' id='word_1_311' title='bbox 464 2098 535 2133; x_wconf 85' lang='lat' dir='ltr'><strong>quod</strong></span> <span class='ocrx_word' id='word_1_312' title='bbox 552 2098 635 2132; x_wconf 88' lang='lat' dir='ltr'><strong>priori</strong></span> <span class='ocrx_word' id='word_1_313' title='bbox 653 2097 766 2129; x_wconf 84' lang='lat' dir='ltr'><strong>addidit,</strong></span> <span class='ocrx_word' id='word_1_314' title='bbox 793 2098 846 2124; x_wconf 89' lang='lat' dir='ltr'><strong>duo</strong></span> <span class='ocrx_word' id='word_1_315' title='bbox 864 2098 982 2132; x_wconf 81' lang='lat' dir='ltr'><strong>assignat</strong></span> <span class='ocrx_word' id='word_1_316' title='bbox 999 2105 1058 2124; x_wconf 79' lang='lat' dir='ltr'><strong>mo-</strong></span> 
     </span>
    </p>
   </div>
   <div class='ocr_carea' id='block_1_47' title="bbox 269 2141 1057 2172">
    <p class='ocr_par' dir='ltr' id='par_1_47' title="bbox 269 2141 1057 2172">
     <span class='ocr_line' id='line_1_47' title="bbox 269 2141 1057 2172; baseline -0.005 0"><span class='ocrx_word' id='word_1_317' title='bbox 269 2145 389 2172; x_wconf 82' lang='lat' dir='ltr'><strong>nasteria</strong></span> <span class='ocrx_word' id='word_1_318' title='bbox 414 2144 573 2170; x_wconf 88' lang='lat' dir='ltr'><strong>monialimu</strong></span> <span class='ocrx_word' id='word_1_319' title='bbox 601 2149 694 2170; x_wconf 77' lang='lat' dir='ltr'><strong>sancto</strong></span> <span class='ocrx_word' id='word_1_320' title='bbox 712 2143 838 2170; x_wconf 64' lang='lat' dir='ltr'><strong>Matthato</strong></span> <span class='ocrx_word' id='word_1_321' title='bbox 861 2147 973 2169; x_wconf 69' lang='lat' dir='ltr'><strong>sacrata.</strong></span> <span class='ocrx_word' id='word_1_322' title='bbox 998 2141 1057 2168; x_wconf 86' lang='lat' dir='ltr'><strong>Pri-</strong></span> 
     </span>
    </p>
   </div>
   <div class='ocr_carea' id='block_1_48' title="bbox 1091 1991 1106 2002">
    <p class='ocr_par' dir='ltr' id='par_1_48' title="bbox 1091 1991 1106 2002">
     <span class='ocr_line' id='line_1_48' title="bbox 1091 1991 1106 2002; baseline 0 -3"><span class='ocrx_word' id='word_1_323' title='bbox 1091 1991 1106 2002; x_wconf 64' lang='grc' dir='ltr'><em>χ</em></span> 
     </span>
    </p>
   </div>
   <div class='ocr_carea' id='block_1_49' title="bbox 1108 222 1895 257">
    <p class='ocr_par' dir='ltr' id='par_1_49' title="bbox 1108 222 1895 257">
     <span class='ocr_line' id='line_1_49' title="bbox 1108 222 1895 257; baseline 0 -8"><span class='ocrx_word' id='word_1_324' title='bbox 1108 222 1192 249; x_wconf 89' lang='lat' dir='ltr'><strong>sancti</strong></span> <span class='ocrx_word' id='word_1_325' title='bbox 1208 222 1325 249; x_wconf 55' lang='lat' dir='ltr'><strong>Matth-xi</strong></span> <span class='ocrx_word' id='word_1_326' title='bbox 1342 222 1464 249; x_wconf 79' lang='lat' dir='ltr'><strong>invenio.</strong></span> <span class='ocrx_word' id='word_1_327' title='bbox 1488 222 1523 249; x_wconf 82' lang='lat' dir='ltr'><strong>At</strong></span> <span class='ocrx_word' id='word_1_328' title='bbox 1538 223 1625 250; x_wconf 83' lang='lat' dir='ltr'><strong>sancti</strong></span> <span class='ocrx_word' id='word_1_329' title='bbox 1641 222 1757 250; x_wconf 61' lang='lat' dir='ltr'><strong>Matthxi</strong></span> <span class='ocrx_word' id='word_1_330' title='bbox 1772 223 1895 257; x_wconf 64' lang='lat' dir='ltr'><strong>reliquiae</strong></span> 
     </span>
    </p>
   </div>
   <div class='ocr_carea' id='block_1_50' title="bbox 1107 267 1893 296">
    <p class='ocr_par' dir='ltr' id='par_1_50' title="bbox 1107 267 1893 296">
     <span class='ocr_line' id='line_1_50' title="bbox 1107 267 1893 296; baseline 0.001 -2"><span class='ocrx_word' id='word_1_331' title='bbox 1107 276 1178 294; x_wconf 90' lang='lat' dir='ltr'><strong>anno</strong></span> <span class='ocrx_word' id='word_1_332' title='bbox 1194 269 1261 295; x_wconf 70' lang='grc'><strong>1531</strong></span> <span class='ocrx_word' id='word_1_333' title='bbox 1275 268 1387 296; x_wconf 81' lang='lat' dir='ltr'><strong>inclusa:</strong></span> <span class='ocrx_word' id='word_1_334' title='bbox 1401 268 1512 295; x_wconf 80' lang='lat' dir='ltr'><strong>fuerunt</strong></span> <span class='ocrx_word' id='word_1_335' title='bbox 1527 269 1553 295; x_wconf 92' lang='lat' dir='ltr'><strong>in</strong></span> <span class='ocrx_word' id='word_1_336' title='bbox 1577 267 1655 295; x_wconf 86' lang='lat' dir='ltr'><strong>altari</strong></span> <span class='ocrx_word' id='word_1_337' title='bbox 1669 269 1756 295; x_wconf 86' lang='lat' dir='ltr'><strong>sancti</strong></span> <span class='ocrx_word' id='word_1_338' title='bbox 1773 268 1893 296; x_wconf 84' lang='lat' dir='ltr'><strong>Ahundii</strong></span> 
     </span>
    </p>
   </div>
   <div class='ocr_carea' id='block_1_51' title="bbox 1107 314 1892 348">
    <p class='ocr_par' dir='ltr' id='par_1_51' title="bbox 1107 314 1892 348">
     <span class='ocr_line' id='line_1_51' title="bbox 1107 314 1892 348; baseline 0 -8"><span class='ocrx_word' id='word_1_339' title='bbox 1107 314 1177 348; x_wconf 89' lang='lat' dir='ltr'><strong>quod</strong></span> <span class='ocrx_word' id='word_1_340' title='bbox 1196 314 1301 342; x_wconf 87' lang='lat' dir='ltr'><strong>Sublaci</strong></span> <span class='ocrx_word' id='word_1_341' title='bbox 1332 314 1360 340; x_wconf 92' lang='lat' dir='ltr'><strong>in</strong></span> <span class='ocrx_word' id='word_1_342' title='bbox 1384 314 1461 341; x_wconf 89' lang='lat' dir='ltr'><strong>Latio</strong></span> <span class='ocrx_word' id='word_1_343' title='bbox 1483 317 1548 341; x_wconf 87' lang='lat' dir='ltr'><strong>tunc</strong></span> <span class='ocrx_word' id='word_1_344' title='bbox 1570 314 1741 342; x_wconf 82' lang='lat' dir='ltr'><strong>consecravit</strong></span> <span class='ocrx_word' id='word_1_345' title='bbox 1765 314 1892 341; x_wconf 75' lang='lat' dir='ltr'><strong>Andreas</strong></span> 
     </span>
    </p>
   </div>
   <div class='ocr_carea' id='block_1_52' title="bbox 1107 359 1893 394">
    <p class='ocr_par' dir='ltr' id='par_1_52' title="bbox 1107 359 1893 394">
     <span class='ocr_line' id='line_1_52' title="bbox 1107 359 1893 394; baseline -0.001 -7"><span class='ocrx_word' id='word_1_346' title='bbox 1107 359 1219 387; x_wconf 83' lang='lat' dir='ltr'><strong>Crucius</strong></span> <span class='ocrx_word' id='word_1_347' title='bbox 1233 360 1378 394; x_wconf 86' lang='lat' dir='ltr'><strong>episcopus</strong></span> <span class='ocrx_word' id='word_1_348' title='bbox 1394 359 1564 392; x_wconf 87' lang='lat' dir='ltr'><strong>Tiburtinus,</strong></span> <span class='ocrx_word' id='word_1_349' title='bbox 1582 365 1611 386; x_wconf 90' lang='lat' dir='ltr'><strong>ut</strong></span> <span class='ocrx_word' id='word_1_350' title='bbox 1636 359 1717 386; x_wconf 86' lang='lat' dir='ltr'><strong>habet</strong></span> <span class='ocrx_word' id='word_1_351' title='bbox 1738 359 1893 393; x_wconf 84' lang='lat' dir='ltr'><strong>inscriptio,</strong></span> 
     </span>
    </p>
   </div>
   <div class='ocr_carea' id='block_1_53' title="bbox 1107 405 1894 441">
    <p class='ocr_par' dir='ltr' id='par_1_53' title="bbox 1107 405 1894 441">
     <span class='ocr_line' id='line_1_53' title="bbox 1107 405 1894 441; baseline -0.001 -9"><span class='ocrx_word' id='word_1_352' title='bbox 1107 405 1168 432; x_wconf 87' lang='lat' dir='ltr'><strong>data</strong></span> <span class='ocrx_word' id='word_1_353' title='bbox 1188 410 1253 432; x_wconf 91' lang='lat' dir='ltr'><strong>tom.</strong></span> <span class='ocrx_word' id='word_1_354' title='bbox 1269 406 1302 432; x_wconf 91' lang='lat' dir='ltr'><strong>Vl</strong></span> <span class='ocrx_word' id='word_1_355' title='bbox 1316 406 1430 441; x_wconf 75' lang='lat' dir='ltr'><strong>Augusti</strong></span> <span class='ocrx_word' id='word_1_356' title='bbox 1451 413 1512 440; x_wconf 74' lang='lat' dir='ltr'><strong>pag.</strong></span> <span class='ocrx_word' id='word_1_357' title='bbox 1526 406 1587 432; x_wconf 78' lang='grc'><strong>655.</strong></span> <span class='ocrx_word' id='word_1_358' title='bbox 1611 405 1737 432; x_wconf 72' lang='lat' dir='ltr'><strong>Bocchus</strong></span> <span class='ocrx_word' id='word_1_359' title='bbox 1755 405 1848 432; x_wconf 83' lang='lat' dir='ltr'><strong>Pirrus</strong></span> <span class='ocrx_word' id='word_1_360' title='bbox 1865 405 1894 431; x_wconf 92' lang='lat' dir='ltr'><strong>in</strong></span> 
     </span>
    </p>
   </div>
   <div class='ocr_carea' id='block_1_54' title="bbox 1108 451 1894 487">
    <p class='ocr_par' dir='ltr' id='par_1_54' title="bbox 1108 451 1894 487">
     <span class='ocr_line' id='line_1_54' title="bbox 1108 451 1894 487; baseline 0 -9"><span class='ocrx_word' id='word_1_361' title='bbox 1108 451 1199 479; x_wconf 78' lang='lat' dir='ltr'><strong>Sicilia</strong></span> <span class='ocrx_word' id='word_1_362' title='bbox 1212 460 1303 482; x_wconf 58' lang='lat' dir='ltr'><strong>sacra,</strong></span> <span class='ocrx_word' id='word_1_363' title='bbox 1319 457 1384 479; x_wconf 90' lang='lat' dir='ltr'><strong>tom.</strong></span> <span class='ocrx_word' id='word_1_364' title='bbox 1401 452 1434 484; x_wconf 90' lang='lat' dir='ltr'><strong>ll,</strong></span> <span class='ocrx_word' id='word_1_365' title='bbox 1452 460 1514 487; x_wconf 82' lang='lat' dir='ltr'><strong>pag.</strong></span> <span class='ocrx_word' id='word_1_366' title='bbox 1532 452 1594 483; x_wconf 69' lang='grc' dir='ltr'>ιιι,</span> <span class='ocrx_word' id='word_1_367' title='bbox 1609 452 1653 478; x_wconf 90' lang='lat' dir='ltr'><strong>ubi</strong></span> <span class='ocrx_word' id='word_1_368' title='bbox 1669 457 1813 478; x_wconf 85' lang='lat' dir='ltr'><strong>enumerat</strong></span> <span class='ocrx_word' id='word_1_369' title='bbox 1826 452 1894 478; x_wconf 87' lang='lat' dir='ltr'><strong>reli-</strong></span> 
     </span>
    </p>
   </div>
   <div class='ocr_carea' id='block_1_55' title="bbox 1107 496 1896 532">
    <p class='ocr_par' dir='ltr' id='par_1_55' title="bbox 1107 496 1896 532">
     <span class='ocr_line' id='line_1_55' title="bbox 1107 496 1896 532; baseline -0.001 -9"><span class='ocrx_word' id='word_1_370' title='bbox 1107 498 1185 532; x_wconf 81' lang='lat' dir='ltr'><strong>quias</strong></span> <span class='ocrx_word' id='word_1_371' title='bbox 1199 497 1321 524; x_wconf 61' lang='lat' dir='ltr'><strong>ecclesia</strong></span> <span class='ocrx_word' id='word_1_372' title='bbox 1345 497 1509 523; x_wconf 83' lang='lat' dir='ltr'><strong>cathedralis</strong></span> <span class='ocrx_word' id='word_1_373' title='bbox 1525 496 1763 531; x_wconf 69' lang='lat' dir='ltr'><strong>Cephalaeditancr,</strong></span> <span class='ocrx_word' id='word_1_374' title='bbox 1776 497 1813 523; x_wconf 82' lang='lat' dir='ltr'><strong>ait</strong></span> <span class='ocrx_word' id='word_1_375' title='bbox 1832 504 1896 523; x_wconf 89' lang='lat' dir='ltr'><strong>eam</strong></span> 
     </span>
    </p>
   </div>
   <div class='ocr_carea' id='block_1_56' title="bbox 1107 541 1895 576">
    <p class='ocr_par' dir='ltr' id='par_1_56' title="bbox 1107 541 1895 576">
     <span class='ocr_line' id='line_1_56' title="bbox 1107 541 1895 576; baseline 0.001 -8"><span class='ocrx_word' id='word_1_376' title='bbox 1107 542 1225 576; x_wconf 84' lang='lat' dir='ltr'><strong>gaudere</strong></span> <span class='ocrx_word' id='word_1_377' title='bbox 1242 542 1308 576; x_wconf 88' lang='lat' dir='ltr'><strong>pede</strong></span> <span class='ocrx_word' id='word_1_378' title='bbox 1322 542 1429 575; x_wconf 82' lang='lat' dir='ltr'><strong>integro</strong></span> <span class='ocrx_word' id='word_1_379' title='bbox 1445 550 1507 569; x_wconf 91' lang='lat' dir='ltr'><strong>cum</strong></span> <span class='ocrx_word' id='word_1_380' title='bbox 1524 543 1594 576; x_wconf 88' lang='lat' dir='ltr'><strong>pelle</strong></span> <span class='ocrx_word' id='word_1_381' title='bbox 1610 542 1639 569; x_wconf 86' lang='grc' dir='ltr'><strong>Β.</strong></span> <span class='ocrx_word' id='word_1_382' title='bbox 1658 542 1786 570; x_wconf 65' lang='grc' dir='ltr'>Μειιιιιλί.</span> <span class='ocrx_word' id='word_1_383' title='bbox 1802 541 1895 569; x_wconf 88' lang='lat' dir='ltr'><strong>Sicilis</strong></span> 
     </span>
    </p>
   </div>
   <div class='ocr_carea' id='block_1_57' title="bbox 1109 586 1895 622">
    <p class='ocr_par' dir='ltr' id='par_1_57' title="bbox 1109 586 1895 622">
     <span class='ocr_line' id='line_1_57' title="bbox 1109 586 1895 622; baseline 0.003 -10"><span class='ocrx_word' id='word_1_384' title='bbox 1109 587 1211 622; x_wconf 83' lang='lat' dir='ltr'><strong>insigne</strong></span> <span class='ocrx_word' id='word_1_385' title='bbox 1223 586 1353 621; x_wconf 77' lang='lat' dir='ltr'><strong>oppidum</strong></span> <span class='ocrx_word' id='word_1_386' title='bbox 1367 586 1474 618; x_wconf 64' lang='lat' dir='ltr'><strong>Siciliae,</strong></span> <span class='ocrx_word' id='word_1_387' title='bbox 1489 587 1515 613; x_wconf 91' lang='lat' dir='ltr'><strong>in</strong></span> <span class='ocrx_word' id='word_1_388' title='bbox 1535 587 1603 614; x_wconf 84' lang='lat' dir='ltr'><strong>valle</strong></span> <span class='ocrx_word' id='word_1_389' title='bbox 1620 587 1717 614; x_wconf 84' lang='lat' dir='ltr'><strong>Netina</strong></span> <span class='ocrx_word' id='word_1_390' title='bbox 1736 591 1763 614; x_wconf 92' lang='lat' dir='ltr'><strong>ct</strong></span> <span class='ocrx_word' id='word_1_391' title='bbox 1779 587 1895 614; x_wconf 75' lang='lat' dir='ltr'><strong>ditecesi</strong></span> 
     </span>
    </p>
   </div>
   <div class='ocr_carea' id='block_1_58' title="bbox 1109 631 1896 666">
    <p class='ocr_par' dir='ltr' id='par_1_58' title="bbox 1109 631 1896 666">
     <span class='ocr_line' id='line_1_58' title="bbox 1109 631 1896 666; baseline 0.001 -9"><span class='ocrx_word' id='word_1_392' title='bbox 1109 632 1290 666; x_wconf 78' lang='lat' dir='ltr'><strong>Syracusana,</strong></span> <span class='ocrx_word' id='word_1_393' title='bbox 1309 638 1364 658; x_wconf 89' lang='lat' dir='ltr'><strong>non</strong></span> <span class='ocrx_word' id='word_1_394' title='bbox 1382 632 1476 666; x_wconf 89' lang='lat' dir='ltr'><strong>procul</strong></span> <span class='ocrx_word' id='word_1_395' title='bbox 1491 639 1505 658; x_wconf 88' lang='lat' dir='ltr'><strong>a</strong></span> <span class='ocrx_word' id='word_1_396' title='bbox 1523 631 1618 666; x_wconf 79' lang='lat' dir='ltr'><strong>Netina</strong></span> <span class='ocrx_word' id='word_1_397' title='bbox 1633 632 1752 664; x_wconf 78' lang='lat' dir='ltr'><strong>civitate,</strong></span> <span class='ocrx_word' id='word_1_398' title='bbox 1767 637 1896 659; x_wconf 88' lang='lat' dir='ltr'><strong>sanctum</strong></span> 
     </span>
    </p>
   </div>
   <div class='ocr_carea' id='block_1_59' title="bbox 1109 677 1898 711">
    <p class='ocr_par' dir='ltr' id='par_1_59' title="bbox 1109 677 1898 711">
     <span class='ocr_line' id='line_1_59' title="bbox 1109 677 1898 711; baseline 0.001 -8"><span class='ocrx_word' id='word_1_399' title='bbox 1109 677 1265 704; x_wconf 65' lang='lat' dir='ltr'><strong>Matthmum</strong></span> <span class='ocrx_word' id='word_1_400' title='bbox 1280 681 1425 704; x_wconf 83' lang='lat' dir='ltr'><strong>veneratur</strong></span> <span class='ocrx_word' id='word_1_401' title='bbox 1440 681 1585 711; x_wconf 87' lang='lat' dir='ltr'><strong>patronum</strong></span> <span class='ocrx_word' id='word_1_402' title='bbox 1599 677 1746 708; x_wconf 88' lang='lat' dir='ltr'><strong>titularem,</strong></span> <span class='ocrx_word' id='word_1_403' title='bbox 1758 678 1801 704; x_wconf 89' lang='lat' dir='ltr'><strong>cui</strong></span> <span class='ocrx_word' id='word_1_404' title='bbox 1818 678 1898 705; x_wconf 88' lang='lat' dir='ltr'><strong>dedi-</strong></span> 
     </span>
    </p>
   </div>
   <div class='ocr_carea' id='block_1_60' title="bbox 1107 722 1897 757">
    <p class='ocr_par' dir='ltr' id='par_1_60' title="bbox 1107 722 1897 757">
     <span class='ocr_line' id='line_1_60' title="bbox 1107 722 1897 757; baseline 0.001 -8"><span class='ocrx_word' id='word_1_405' title='bbox 1107 727 1167 749; x_wconf 87' lang='lat' dir='ltr'><strong>cata</strong></span> <span class='ocrx_word' id='word_1_406' title='bbox 1180 726 1221 748; x_wconf 84' lang='lat' dir='ltr'><strong>est</strong></span> <span class='ocrx_word' id='word_1_407' title='bbox 1235 722 1364 756; x_wconf 86' lang='lat' dir='ltr'><strong>primaria</strong></span> <span class='ocrx_word' id='word_1_408' title='bbox 1381 723 1494 750; x_wconf 82' lang='lat' dir='ltr'><strong>ecclesia</strong></span> <span class='ocrx_word' id='word_1_409' title='bbox 1517 722 1693 757; x_wconf 89' lang='lat' dir='ltr'><strong>parochialis.</strong></span> <span class='ocrx_word' id='word_1_410' title='bbox 1712 722 1771 749; x_wconf 78' lang='lat' dir='ltr'><strong>Non</strong></span> <span class='ocrx_word' id='word_1_411' title='bbox 1786 723 1897 754; x_wconf 84' lang='lat' dir='ltr'><strong>dubito.</strong></span> 
     </span>
    </p>
   </div>
   <div class='ocr_carea' id='block_1_61' title="bbox 1108 768 1896 803">
    <p class='ocr_par' dir='ltr' id='par_1_61' title="bbox 1108 768 1896 803">
     <span class='ocr_line' id='line_1_61' title="bbox 1108 768 1896 803; baseline 0.004 -10"><span class='ocrx_word' id='word_1_412' title='bbox 1108 768 1171 801; x_wconf 88' lang='lat' dir='ltr'><strong>quin</strong></span> <span class='ocrx_word' id='word_1_413' title='bbox 1188 771 1215 793; x_wconf 91' lang='lat' dir='ltr'><strong>et</strong></span> <span class='ocrx_word' id='word_1_414' title='bbox 1228 768 1288 795; x_wconf 75' lang='lat' dir='ltr'><strong>alia:</strong></span> <span class='ocrx_word' id='word_1_415' title='bbox 1307 772 1451 795; x_wconf 80' lang='lat' dir='ltr'><strong>serventur</strong></span> <span class='ocrx_word' id='word_1_416' title='bbox 1462 768 1601 803; x_wconf 80' lang='lat' dir='ltr'><strong>particulae</strong></span> <span class='ocrx_word' id='word_1_417' title='bbox 1615 768 1790 803; x_wconf 82' lang='lat' dir='ltr'><strong>reliquiarum</strong></span> <span class='ocrx_word' id='word_1_418' title='bbox 1807 769 1896 796; x_wconf 87' lang='lat' dir='ltr'><strong>sancti</strong></span> 
     </span>
    </p>
   </div>
   <div class='ocr_carea' id='block_1_62' title="bbox 1109 813 1898 846">
    <p class='ocr_par' dir='ltr' id='par_1_62' title="bbox 1109 813 1898 846">
     <span class='ocr_line' id='line_1_62' title="bbox 1109 813 1898 846; baseline 0 -6"><span class='ocrx_word' id='word_1_419' title='bbox 1109 813 1228 841; x_wconf 69' lang='lat' dir='ltr'><strong>Ilatthaai</strong></span> <span class='ocrx_word' id='word_1_420' title='bbox 1243 814 1269 841; x_wconf 90' lang='lat' dir='ltr'><strong>in</strong></span> <span class='ocrx_word' id='word_1_421' title='bbox 1284 814 1360 841; x_wconf 77' lang='lat' dir='ltr'><strong>italia</strong></span> <span class='ocrx_word' id='word_1_422' title='bbox 1375 819 1403 841; x_wconf 85' lang='lat' dir='ltr'><strong>ct</strong></span> <span class='ocrx_word' id='word_1_423' title='bbox 1419 813 1530 846; x_wconf 77' lang='lat' dir='ltr'><strong>Sicilia;</strong></span> <span class='ocrx_word' id='word_1_424' title='bbox 1553 814 1601 841; x_wconf 86' lang='lat' dir='ltr'><strong>sed</strong></span> <span class='ocrx_word' id='word_1_425' title='bbox 1614 821 1710 841; x_wconf 87' lang='lat' dir='ltr'><strong>oumes</strong></span> <span class='ocrx_word' id='word_1_426' title='bbox 1732 821 1898 841; x_wconf 84' lang='lat' dir='ltr'><strong>enumerare</strong></span> 
     </span>
    </p>
   </div>
   <div class='ocr_carea' id='block_1_63' title="bbox 1109 859 1896 894">
    <p class='ocr_par' dir='ltr' id='par_1_63' title="bbox 1109 859 1896 894">
     <span class='ocr_line' id='line_1_63' title="bbox 1109 859 1896 894; baseline -0.001 -8"><span class='ocrx_word' id='word_1_427' title='bbox 1109 867 1162 886; x_wconf 90' lang='lat' dir='ltr'><strong>non</strong></span> <span class='ocrx_word' id='word_1_428' title='bbox 1177 863 1218 886; x_wconf 82' lang='lat' dir='ltr'><strong>est</strong></span> <span class='ocrx_word' id='word_1_429' title='bbox 1236 864 1316 887; x_wconf 78' lang='lat' dir='ltr'><strong>tanta:</strong></span> <span class='ocrx_word' id='word_1_430' title='bbox 1333 860 1514 893; x_wconf 87' lang='lat' dir='ltr'><strong>necessitatis,</strong></span> <span class='ocrx_word' id='word_1_431' title='bbox 1528 864 1636 894; x_wconf 82' lang='lat' dir='ltr'><strong>quanta:</strong></span> <span class='ocrx_word' id='word_1_432' title='bbox 1648 859 1827 887; x_wconf 83' lang='lat' dir='ltr'><strong>dillieultatis.</strong></span> <span class='ocrx_word' id='word_1_433' title='bbox 1840 860 1896 886; x_wconf 85' lang='lat' dir='ltr'><strong>lia-</strong></span> 
     </span>
    </p>
   </div>
   <div class='ocr_carea' id='block_1_64' title="bbox 1108 899 1900 940">
    <p class='ocr_par' dir='ltr' id='par_1_64' title="bbox 1108 899 1900 940">
     <span class='ocr_line' id='line_1_64' title="bbox 1108 899 1900 940; baseline 0.003 -9"><span class='ocrx_word' id='word_1_434' title='bbox 1108 913 1160 940; x_wconf 90' lang='lat' dir='ltr'><strong>que</strong></span> <span class='ocrx_word' id='word_1_435' title='bbox 1178 905 1204 932; x_wconf 93' lang='lat' dir='ltr'><strong>in</strong></span> <span class='ocrx_word' id='word_1_436' title='bbox 1220 904 1392 932; x_wconf 82' lang='lat' dir='ltr'><strong>Germaniam</strong></span> <span class='ocrx_word' id='word_1_437' title='bbox 1409 910 1529 939; x_wconf 85' lang='lat' dir='ltr'><strong>transeo,</strong></span> <span class='ocrx_word' id='word_1_438' title='bbox 1556 905 1701 933; x_wconf 84' lang='lat' dir='ltr'><strong>nonnullas</strong></span> <span class='ocrx_word' id='word_1_439' title='bbox 1721 909 1748 933; x_wconf 89' lang='lat' dir='ltr'><strong>et</strong></span> <span class='ocrx_word' id='word_1_440' title='bbox 1771 905 1807 932; x_wconf 87' lang='lat' dir='ltr'><strong>ibi</strong></span> <span class='ocrx_word' id='word_1_441' title='bbox 1827 899 1900 933; x_wconf 82' lang='lat' dir='ltr'><strong>assi-</strong></span> 
     </span>
    </p>
   </div>
   <div class='ocr_carea' id='block_1_65' title="bbox 1109 956 1250 986">
    <p class='ocr_par' dir='ltr' id='par_1_65' title="bbox 1109 956 1250 986">
     <span class='ocr_line' id='line_1_65' title="bbox 1109 956 1250 986; baseline 0 -9"><span class='ocrx_word' id='word_1_442' title='bbox 1109 956 1250 986; x_wconf 81' lang='lat' dir='ltr'><strong>gnaturus.</strong></span> 
     </span>
    </p>
   </div>
   <div class='ocr_carea' id='block_1_66' title="bbox 1144 992 1899 1032">
    <p class='ocr_par' dir='ltr' id='par_1_66' title="bbox 1144 992 1899 1032">
     <span class='ocr_line' id='line_1_66' title="bbox 1144 992 1899 1032; baseline 0.001 -8"><span class='ocrx_word' id='word_1_443' title='bbox 1144 997 1187 1024; x_wconf 82' lang='lat'><strong>98.</strong></span> <span class='ocrx_word' id='word_1_444' title='bbox 1209 992 1357 1032; x_wconf 76' lang='lat' dir='ltr'><strong>Pragenses</strong></span> <span class='ocrx_word' id='word_1_445' title='bbox 1376 997 1402 1024; x_wconf 90' lang='lat' dir='ltr'><strong>in</strong></span> <span class='ocrx_word' id='word_1_446' title='bbox 1422 997 1550 1024; x_wconf 82' lang='lat' dir='ltr'><strong>Bohemia</strong></span> <span class='ocrx_word' id='word_1_447' title='bbox 1577 998 1675 1024; x_wconf 84' lang='lat' dir='ltr'><strong>multas</strong></span> <span class='ocrx_word' id='word_1_448' title='bbox 1691 998 1813 1025; x_wconf 64' lang='lat' dir='ltr'><strong>ecclesia:</strong></span> <span class='ocrx_word' id='word_1_449' title='bbox 1838 1005 1899 1025; x_wconf 62' lang='lat' dir='ltr'><strong>suae</strong></span> 
     </span>
    </p>
   </div>
   <div class='ocr_carea' id='block_1_67' title="bbox 1108 1043 1898 1078">
    <p class='ocr_par' dir='ltr' id='par_1_67' title="bbox 1108 1043 1898 1078">
     <span class='ocr_line' id='line_1_67' title="bbox 1108 1043 1898 1078; baseline -0.003 -8"><span class='ocrx_word' id='word_1_450' title='bbox 1108 1043 1259 1071; x_wconf 85' lang='lat' dir='ltr'><strong>attribuunt</strong></span> <span class='ocrx_word' id='word_1_451' title='bbox 1276 1043 1363 1070; x_wconf 86' lang='lat' dir='ltr'><strong>sancti</strong></span> <span class='ocrx_word' id='word_1_452' title='bbox 1381 1043 1498 1070; x_wconf 67' lang='lat' dir='ltr'><strong>Matthaai</strong></span> <span class='ocrx_word' id='word_1_453' title='bbox 1514 1044 1652 1078; x_wconf 84' lang='lat' dir='ltr'><strong>reliquias.</strong></span> <span class='ocrx_word' id='word_1_454' title='bbox 1670 1043 1788 1071; x_wconf 84' lang='lat' dir='ltr'><strong>Thomas</strong></span> <span class='ocrx_word' id='word_1_455' title='bbox 1810 1043 1898 1070; x_wconf 82' lang='lat' dir='ltr'><strong>Joan-</strong></span> 
     </span>
    </p>
   </div>
   <div class='ocr_carea' id='block_1_68' title="bbox 1108 1089 1899 1125">
    <p class='ocr_par' dir='ltr' id='par_1_68' title="bbox 1108 1089 1899 1125">
     <span class='ocr_line' id='line_1_68' title="bbox 1108 1089 1899 1125; baseline 0 -9"><span class='ocrx_word' id='word_1_456' title='bbox 1108 1097 1157 1116; x_wconf 91' lang='lat' dir='ltr'><strong>nes</strong></span> <span class='ocrx_word' id='word_1_457' title='bbox 1177 1089 1298 1122; x_wconf 85' lang='lat' dir='ltr'><strong>Pessina,</strong></span> <span class='ocrx_word' id='word_1_458' title='bbox 1323 1089 1350 1116; x_wconf 93' lang='lat' dir='ltr'><strong>iu</strong></span> <span class='ocrx_word' id='word_1_459' title='bbox 1377 1089 1530 1124; x_wconf 70' lang='lat' dir='ltr'><strong>Phosphoro</strong></span> <span class='ocrx_word' id='word_1_460' title='bbox 1553 1089 1690 1124; x_wconf 76' lang='lat' dir='ltr'><strong>Prugeusi,</strong></span> <span class='ocrx_word' id='word_1_461' title='bbox 1706 1098 1767 1125; x_wconf 81' lang='lat' dir='ltr'><strong>pag.</strong></span> <span class='ocrx_word' id='word_1_462' title='bbox 1783 1089 1834 1117; x_wconf 79' lang='grc'><strong>518</strong></span> <span class='ocrx_word' id='word_1_463' title='bbox 1847 1097 1899 1117; x_wconf 87' lang='lat' dir='ltr'><strong>eas</strong></span> 
     </span>
    </p>
   </div>
   <div class='ocr_carea' id='block_1_69' title="bbox 1109 1135 1899 1170">
    <p class='ocr_par' dir='ltr' id='par_1_69' title="bbox 1109 1135 1899 1170">
     <span class='ocr_line' id='line_1_69' title="bbox 1109 1135 1899 1170; baseline 0 -8"><span class='ocrx_word' id='word_1_464' title='bbox 1109 1136 1149 1162; x_wconf 81' lang='lat' dir='ltr'><strong>sic</strong></span> <span class='ocrx_word' id='word_1_465' title='bbox 1164 1139 1306 1163; x_wconf 84' lang='lat' dir='ltr'><strong>enumerat</strong></span> <span class='ocrx_word' id='word_1_466' title='bbox 1320 1144 1327 1163; x_wconf 90' lang='lat'><strong>:</strong></span> <span class='ocrx_word' id='word_1_467' title='bbox 1347 1135 1456 1163; x_wconf 72' lang='lat' dir='ltr'><strong>«Sancti</strong></span> <span class='ocrx_word' id='word_1_468' title='bbox 1477 1135 1594 1162; x_wconf 63' lang='lat' dir='ltr'><strong>Matthaai</strong></span> <span class='ocrx_word' id='word_1_469' title='bbox 1607 1135 1720 1170; x_wconf 84' lang='lat' dir='ltr'><strong>apostoli</strong></span> <span class='ocrx_word' id='word_1_470' title='bbox 1737 1139 1765 1162; x_wconf 88' lang='lat' dir='ltr'><strong>et</strong></span> <span class='ocrx_word' id='word_1_471' title='bbox 1777 1143 1899 1170; x_wconf 80' lang='lat' dir='ltr'><strong>evange-</strong></span> 
     </span>
    </p>
   </div>
   <div class='ocr_carea' id='block_1_70' title="bbox 1109 1181 1899 1217">
    <p class='ocr_par' dir='ltr' id='par_1_70' title="bbox 1109 1181 1899 1217">
     <span class='ocr_line' id='line_1_70' title="bbox 1109 1181 1899 1217; baseline 0.001 -9"><span class='ocrx_word' id='word_1_472' title='bbox 1109 1182 1176 1209; x_wconf 69' lang='lat' dir='ltr'><strong>lista:</strong></span> <span class='ocrx_word' id='word_1_473' title='bbox 1188 1189 1236 1217; x_wconf 84' lang='lat' dir='ltr'><strong>pes</strong></span> <span class='ocrx_word' id='word_1_474' title='bbox 1263 1183 1378 1216; x_wconf 75' lang='lat' dir='ltr'><strong>integer,</strong></span> <span class='ocrx_word' id='word_1_475' title='bbox 1394 1187 1422 1209; x_wconf 90' lang='lat' dir='ltr'><strong>et</strong></span> <span class='ocrx_word' id='word_1_476' title='bbox 1446 1182 1588 1209; x_wconf 80' lang='lat' dir='ltr'><strong>brachium</strong></span> <span class='ocrx_word' id='word_1_477' title='bbox 1613 1189 1675 1209; x_wconf 90' lang='lat' dir='ltr'><strong>cum</strong></span> <span class='ocrx_word' id='word_1_478' title='bbox 1707 1181 1797 1216; x_wconf 87' lang='lat' dir='ltr'><strong>pelle:</strong></span> <span class='ocrx_word' id='word_1_479' title='bbox 1819 1186 1899 1209; x_wconf 79' lang='lat' dir='ltr'><strong>costa</strong></span> 
     </span>
    </p>
   </div>
   <div class='ocr_carea' id='block_1_71' title="bbox 1109 1228 1897 1264">
    <p class='ocr_par' dir='ltr' id='par_1_71' title="bbox 1109 1228 1897 1264">
     <span class='ocr_line' id='line_1_71' title="bbox 1109 1228 1897 1264; baseline -0.001 -8"><span class='ocrx_word' id='word_1_480' title='bbox 1109 1234 1221 1264; x_wconf 86' lang='lat' dir='ltr'><strong>argento</strong></span> <span class='ocrx_word' id='word_1_481' title='bbox 1244 1229 1423 1260; x_wconf 80' lang='lat' dir='ltr'><strong>circumdata,</strong></span> <span class='ocrx_word' id='word_1_482' title='bbox 1452 1233 1480 1256; x_wconf 89' lang='lat' dir='ltr'><strong>et</strong></span> <span class='ocrx_word' id='word_1_483' title='bbox 1503 1230 1582 1256; x_wconf 86' lang='lat' dir='ltr'><strong>dens.</strong></span> <span class='ocrx_word' id='word_1_484' title='bbox 1608 1229 1675 1256; x_wconf 85' lang='lat' dir='ltr'><strong>Item</strong></span> <span class='ocrx_word' id='word_1_485' title='bbox 1703 1228 1755 1256; x_wconf 86' lang='lat' dir='ltr'><strong>alia</strong></span> <span class='ocrx_word' id='word_1_486' title='bbox 1777 1233 1897 1263; x_wconf 84' lang='lat' dir='ltr'><strong>quatuor</strong></span> 
     </span>
    </p>
   </div>
   <div class='ocr_carea' id='block_1_72' title="bbox 1110 1275 1899 1310">
    <p class='ocr_par' dir='ltr' id='par_1_72' title="bbox 1110 1275 1899 1310">
     <span class='ocr_line' id='line_1_72' title="bbox 1110 1275 1899 1310; baseline -0.001 -8"><span class='ocrx_word' id='word_1_487' title='bbox 1110 1282 1184 1307; x_wconf 81' lang='lat' dir='ltr'><strong>ossa,</strong></span> <span class='ocrx_word' id='word_1_488' title='bbox 1204 1275 1284 1302; x_wconf 90' lang='lat' dir='ltr'><strong>simul</strong></span> <span class='ocrx_word' id='word_1_489' title='bbox 1301 1276 1327 1302; x_wconf 94' lang='lat' dir='ltr'><strong>in</strong></span> <span class='ocrx_word' id='word_1_490' title='bbox 1339 1278 1468 1310; x_wconf 76' lang='lat' dir='ltr'><strong>argentea</strong></span> <span class='ocrx_word' id='word_1_491' title='bbox 1483 1275 1560 1302; x_wconf 86' lang='lat' dir='ltr'><strong>theca</strong></span> <span class='ocrx_word' id='word_1_492' title='bbox 1582 1276 1753 1310; x_wconf 80' lang='lat' dir='ltr'><strong>composita:</strong></span> <span class='ocrx_word' id='word_1_493' title='bbox 1770 1275 1822 1302; x_wconf 87' lang='lat' dir='ltr'><strong>alia</strong></span> <span class='ocrx_word' id='word_1_494' title='bbox 1844 1275 1899 1302; x_wconf 87' lang='lat' dir='ltr'><strong>ite-</strong></span> 
     </span>
    </p>
   </div>
   <div class='ocr_carea' id='block_1_73' title="bbox 1109 1321 1899 1356">
    <p class='ocr_par' dir='ltr' id='par_1_73' title="bbox 1109 1321 1899 1356">
     <span class='ocr_line' id='line_1_73' title="bbox 1109 1321 1899 1356; baseline 0 -7"><span class='ocrx_word' id='word_1_495' title='bbox 1109 1329 1170 1349; x_wconf 88' lang='lat' dir='ltr'><strong>rum</strong></span> <span class='ocrx_word' id='word_1_496' title='bbox 1186 1321 1312 1349; x_wconf 84' lang='lat' dir='ltr'><strong>notabilis</strong></span> <span class='ocrx_word' id='word_1_497' title='bbox 1324 1329 1398 1355; x_wconf 88' lang='lat' dir='ltr'><strong>pars.</strong></span> <span class='ocrx_word' id='word_1_498' title='bbox 1418 1331 1427 1346; x_wconf 77' lang='grc' dir='ltr'><strong>ι</strong></span> <span class='ocrx_word' id='word_1_499' title='bbox 1447 1321 1510 1348; x_wconf 72' lang='lat' dir='ltr'><strong>lltec</strong></span> <span class='ocrx_word' id='word_1_500' title='bbox 1531 1321 1630 1349; x_wconf 91' lang='lat' dir='ltr'><strong>dicitur</strong></span> <span class='ocrx_word' id='word_1_501' title='bbox 1645 1329 1707 1356; x_wconf 88' lang='lat' dir='ltr'><strong>pars</strong></span> <span class='ocrx_word' id='word_1_502' title='bbox 1726 1321 1760 1349; x_wconf 86' lang='lat' dir='ltr'><strong>de</strong></span> <span class='ocrx_word' id='word_1_503' title='bbox 1781 1323 1899 1349; x_wconf 88' lang='lat' dir='ltr'><strong>humero</strong></span> 
     </span>
    </p>
   </div>
   <div class='ocr_carea' id='block_1_74' title="bbox 1109 1366 1899 1403">
    <p class='ocr_par' dir='ltr' id='par_1_74' title="bbox 1109 1366 1899 1403">
     <span class='ocr_line' id='line_1_74' title="bbox 1109 1366 1899 1403; baseline 0 -9"><span class='ocrx_word' id='word_1_504' title='bbox 1109 1366 1137 1394; x_wconf 92' lang='lat' dir='ltr'><strong>in</strong></span> <span class='ocrx_word' id='word_1_505' title='bbox 1150 1366 1277 1403; x_wconf 79' lang='lat' dir='ltr'><strong>Catalogo</strong></span> <span class='ocrx_word' id='word_1_506' title='bbox 1293 1367 1425 1402; x_wconf 88' lang='lat' dir='ltr'><strong>impresso</strong></span> <span class='ocrx_word' id='word_1_507' title='bbox 1442 1366 1618 1402; x_wconf 89' lang='lat' dir='ltr'><strong>reliquiarum</strong></span> <span class='ocrx_word' id='word_1_508' title='bbox 1631 1367 1818 1402; x_wconf 79' lang='lat' dir='ltr'><strong>Pragensium,</strong></span> <span class='ocrx_word' id='word_1_509' title='bbox 1835 1373 1899 1401; x_wconf 69' lang='lat' dir='ltr'><strong>qua</strong></span> 
     </span>
    </p>
   </div>
   <div class='ocr_carea' id='block_1_75' title="bbox 1109 1412 1898 1448">
    <p class='ocr_par' dir='ltr' id='par_1_75' title="bbox 1109 1412 1898 1448">
     <span class='ocr_line' id='line_1_75' title="bbox 1109 1412 1898 1448; baseline -0.001 -8"><span class='ocrx_word' id='word_1_510' title='bbox 1109 1420 1181 1440; x_wconf 90' lang='lat' dir='ltr'><strong>anno</strong></span> <span class='ocrx_word' id='word_1_511' title='bbox 1198 1413 1265 1441; x_wconf 73' lang='grc'><strong>1615</strong></span> <span class='ocrx_word' id='word_1_512' title='bbox 1278 1421 1310 1440; x_wconf 81' lang='lat' dir='ltr'><strong>ex</strong></span> <span class='ocrx_word' id='word_1_513' title='bbox 1324 1420 1387 1441; x_wconf 87' lang='lat' dir='ltr'><strong>arce</strong></span> <span class='ocrx_word' id='word_1_514' title='bbox 1401 1413 1473 1448; x_wconf 81' lang='lat' dir='ltr'><strong>regia</strong></span> <span class='ocrx_word' id='word_1_515' title='bbox 1496 1412 1648 1441; x_wconf 87' lang='lat' dir='ltr'><strong>Carlsteina</strong></span> <span class='ocrx_word' id='word_1_516' title='bbox 1672 1413 1698 1440; x_wconf 94' lang='lat' dir='ltr'><strong>in</strong></span> <span class='ocrx_word' id='word_1_517' title='bbox 1721 1413 1898 1448; x_wconf 87' lang='lat' dir='ltr'><strong>metropolim</strong></span> 
     </span>
    </p>
   </div>
   <div class='ocr_carea' id='block_1_76' title="bbox 1109 1458 1898 1494">
    <p class='ocr_par' dir='ltr' id='par_1_76' title="bbox 1109 1458 1898 1494">
     <span class='ocr_line' id='line_1_76' title="bbox 1109 1458 1898 1494; baseline 0 -8"><span class='ocrx_word' id='word_1_518' title='bbox 1109 1463 1173 1486; x_wconf 84' lang='lat' dir='ltr'><strong>sunt</strong></span> <span class='ocrx_word' id='word_1_519' title='bbox 1189 1459 1334 1492; x_wconf 64' lang='lat' dir='ltr'><strong>translatae,</strong></span> <span class='ocrx_word' id='word_1_520' title='bbox 1350 1459 1377 1486; x_wconf 92' lang='lat' dir='ltr'><strong>in</strong></span> <span class='ocrx_word' id='word_1_521' title='bbox 1388 1467 1438 1494; x_wconf 80' lang='lat' dir='ltr'><strong>qut</strong></span> <span class='ocrx_word' id='word_1_522' title='bbox 1454 1463 1482 1486; x_wconf 89' lang='lat' dir='ltr'><strong>et</strong></span> <span class='ocrx_word' id='word_1_523' title='bbox 1494 1459 1606 1494; x_wconf 65' lang='lat' dir='ltr'><strong>reliqua:</strong></span> <span class='ocrx_word' id='word_1_524' title='bbox 1622 1464 1810 1486; x_wconf 85' lang='lat' dir='ltr'><strong>recensentur.</strong></span> <span class='ocrx_word' id='word_1_525' title='bbox 1821 1458 1898 1492; x_wconf 85' lang='lat' dir='ltr'><strong>Quin</strong></span> 
     </span>
    </p>
   </div>
   <div class='ocr_carea' id='block_1_77' title="bbox 1109 1503 1897 1539">
    <p class='ocr_par' dir='ltr' id='par_1_77' title="bbox 1109 1503 1897 1539">
     <span class='ocr_line' id='line_1_77' title="bbox 1109 1503 1897 1539; baseline -0.001 -7"><span class='ocrx_word' id='word_1_526' title='bbox 1109 1510 1137 1532; x_wconf 89' lang='lat' dir='ltr'><strong>et</strong></span> <span class='ocrx_word' id='word_1_527' title='bbox 1149 1505 1186 1532; x_wconf 83' lang='lat' dir='ltr'><strong>ibi</strong></span> <span class='ocrx_word' id='word_1_528' title='bbox 1200 1505 1316 1539; x_wconf 87' lang='lat' dir='ltr'><strong>septimo</strong></span> <span class='ocrx_word' id='word_1_529' title='bbox 1329 1504 1426 1532; x_wconf 88' lang='lat' dir='ltr'><strong>ordine</strong></span> <span class='ocrx_word' id='word_1_530' title='bbox 1450 1512 1525 1531; x_wconf 90' lang='lat' dir='ltr'><strong>num.</strong></span> <span class='ocrx_word' id='word_1_531' title='bbox 1541 1505 1576 1532; x_wconf 70' lang='grc'><strong>56</strong></span> <span class='ocrx_word' id='word_1_532' title='bbox 1589 1503 1726 1532; x_wconf 78' lang='lat' dir='ltr'><strong>adduntur</strong></span> <span class='ocrx_word' id='word_1_533' title='bbox 1740 1505 1897 1539; x_wconf 79' lang='lat' dir='ltr'><strong>sequentia,</strong></span> 
     </span>
    </p>
   </div>
   <div class='ocr_carea' id='block_1_78' title="bbox 1108 1550 1898 1585">
    <p class='ocr_par' dir='ltr' id='par_1_78' title="bbox 1108 1550 1898 1585">
     <span class='ocr_line' id='line_1_78' title="bbox 1108 1550 1898 1585; baseline 0 -8"><span class='ocrx_word' id='word_1_534' title='bbox 1108 1551 1209 1582; x_wconf 78' lang='lat' dir='ltr'><strong>nescio,</strong></span> <span class='ocrx_word' id='word_1_535' title='bbox 1225 1558 1259 1577; x_wconf 90' lang='lat' dir='ltr'><strong>an</strong></span> <span class='ocrx_word' id='word_1_536' title='bbox 1279 1551 1345 1577; x_wconf 84' lang='lat' dir='ltr'><strong>satis</strong></span> <span class='ocrx_word' id='word_1_537' title='bbox 1360 1555 1454 1578; x_wconf 73' lang='lat' dir='ltr'><strong>recte:</strong></span> <span class='ocrx_word' id='word_1_538' title='bbox 1484 1559 1492 1576; x_wconf 77' lang='grc' dir='ltr'><strong>ι</strong></span> <span class='ocrx_word' id='word_1_539' title='bbox 1513 1551 1607 1578; x_wconf 85' lang='lat' dir='ltr'><strong>Sancti</strong></span> <span class='ocrx_word' id='word_1_540' title='bbox 1628 1551 1747 1577; x_wconf 73' lang='lat' dir='ltr'><strong>Matthazi</strong></span> <span class='ocrx_word' id='word_1_541' title='bbox 1776 1550 1898 1585; x_wconf 82' lang='lat' dir='ltr'><strong>apostoli</strong></span> 
     </span>
    </p>
   </div>
   <div class='ocr_carea' id='block_1_79' title="bbox 1106 1595 1898 1630">
    <p class='ocr_par' dir='ltr' id='par_1_79' title="bbox 1106 1595 1898 1630">
     <span class='ocr_line' id='line_1_79' title="bbox 1106 1595 1898 1630; baseline -0.001 -7"><span class='ocrx_word' id='word_1_542' title='bbox 1106 1601 1132 1623; x_wconf 84' lang='lat' dir='ltr'><strong>et</strong></span> <span class='ocrx_word' id='word_1_543' title='bbox 1156 1596 1328 1630; x_wconf 66' lang='lat' dir='ltr'><strong>evangelistae</strong></span> <span class='ocrx_word' id='word_1_544' title='bbox 1351 1595 1493 1623; x_wconf 87' lang='lat' dir='ltr'><strong>brachium</strong></span> <span class='ocrx_word' id='word_1_545' title='bbox 1522 1602 1668 1630; x_wconf 87' lang='lat' dir='ltr'><strong>utrumque</strong></span> <span class='ocrx_word' id='word_1_546' title='bbox 1687 1603 1749 1623; x_wconf 88' lang='lat' dir='ltr'><strong>cum</strong></span> <span class='ocrx_word' id='word_1_547' title='bbox 1771 1596 1842 1630; x_wconf 81' lang='lat' dir='ltr'><strong>pelle</strong></span> <span class='ocrx_word' id='word_1_548' title='bbox 1867 1600 1898 1623; x_wconf 84' lang='lat' dir='ltr'><strong>et</strong></span> 
     </span>
    </p>
   </div>
   <div class='ocr_carea' id='block_1_80' title="bbox 1107 1641 1898 1677">
    <p class='ocr_par' dir='ltr' id='par_1_80' title="bbox 1107 1641 1898 1677">
     <span class='ocr_line' id='line_1_80' title="bbox 1107 1641 1898 1677; baseline 0 -8"><span class='ocrx_word' id='word_1_549' title='bbox 1107 1649 1198 1669; x_wconf 89' lang='lat' dir='ltr'><strong>carne.</strong></span> <span class='ocrx_word' id='word_1_550' title='bbox 1219 1651 1227 1667; x_wconf 78' lang='grc' dir='ltr'><strong>ι</strong></span> <span class='ocrx_word' id='word_1_551' title='bbox 1245 1644 1278 1669; x_wconf 75' lang='lat' dir='ltr'><strong>At</strong></span> <span class='ocrx_word' id='word_1_552' title='bbox 1293 1642 1319 1668; x_wconf 93' lang='lat' dir='ltr'><strong>in</strong></span> <span class='ocrx_word' id='word_1_553' title='bbox 1335 1641 1457 1677; x_wconf 79' lang='lat' dir='ltr'><strong>catalogo</strong></span> <span class='ocrx_word' id='word_1_554' title='bbox 1468 1649 1519 1669; x_wconf 90' lang='lat' dir='ltr'><strong>ms.</strong></span> <span class='ocrx_word' id='word_1_555' title='bbox 1540 1642 1729 1677; x_wconf 85' lang='lat' dir='ltr'><strong>reliquiarum,</strong></span> <span class='ocrx_word' id='word_1_556' title='bbox 1749 1649 1782 1669; x_wconf 82' lang='lat' dir='ltr'><strong>ex</strong></span> <span class='ocrx_word' id='word_1_557' title='bbox 1797 1642 1898 1669; x_wconf 85' lang='lat' dir='ltr'><strong>Calen-</strong></span> 
     </span>
    </p>
   </div>
   <div class='ocr_carea' id='block_1_81' title="bbox 1107 1686 1896 1723">
    <p class='ocr_par' dir='ltr' id='par_1_81' title="bbox 1107 1686 1896 1723">
     <span class='ocr_line' id='line_1_81' title="bbox 1107 1686 1896 1723; baseline 0 -9"><span class='ocrx_word' id='word_1_558' title='bbox 1107 1686 1182 1714; x_wconf 77' lang='lat' dir='ltr'><strong>dario</strong></span> <span class='ocrx_word' id='word_1_559' title='bbox 1195 1686 1336 1722; x_wconf 81' lang='lat' dir='ltr'><strong>Pragensis</strong></span> <span class='ocrx_word' id='word_1_560' title='bbox 1350 1687 1474 1715; x_wconf 64' lang='lat' dir='ltr'><strong>ecclesia:</strong></span> <span class='ocrx_word' id='word_1_561' title='bbox 1490 1692 1624 1721; x_wconf 76' lang='lat' dir='ltr'><strong>extracto,</strong></span> <span class='ocrx_word' id='word_1_562' title='bbox 1638 1695 1717 1723; x_wconf 88' lang='lat' dir='ltr'><strong>quem</strong></span> <span class='ocrx_word' id='word_1_563' title='bbox 1732 1695 1805 1716; x_wconf 85' lang='lat' dir='ltr'><strong>anno</strong></span> <span class='ocrx_word' id='word_1_564' title='bbox 1822 1688 1896 1714; x_wconf 68' lang='lat' dir='ltr'><strong>16H</strong></span> 
     </span>
    </p>
   </div>
   <div class='ocr_carea' id='block_1_82' title="bbox 1108 1732 1899 1769">
    <p class='ocr_par' dir='ltr' id='par_1_82' title="bbox 1108 1732 1899 1769">
     <span class='ocr_line' id='line_1_82' title="bbox 1108 1732 1899 1769; baseline 0.003 -10"><span class='ocrx_word' id='word_1_565' title='bbox 1108 1733 1160 1760; x_wconf 88' lang='lat' dir='ltr'><strong>huc</strong></span> <span class='ocrx_word' id='word_1_566' title='bbox 1177 1733 1249 1760; x_wconf 89' lang='lat' dir='ltr'><strong>misit</strong></span> <span class='ocrx_word' id='word_1_567' title='bbox 1260 1733 1292 1760; x_wconf 90' lang='lat' dir='ltr'><strong>P.</strong></span> <span class='ocrx_word' id='word_1_568' title='bbox 1309 1732 1468 1761; x_wconf 90' lang='lat' dir='ltr'><strong>Theodorus</strong></span> <span class='ocrx_word' id='word_1_569' title='bbox 1485 1733 1613 1766; x_wconf 68' lang='lat' dir='ltr'><strong>lloretus,</strong></span> <span class='ocrx_word' id='word_1_570' title='bbox 1632 1734 1689 1762; x_wconf 64' lang='lat' dir='ltr'><strong>hac</strong></span> <span class='ocrx_word' id='word_1_571' title='bbox 1698 1734 1786 1762; x_wconf 66' lang='lat' dir='ltr'><strong>Solum</strong></span> <span class='ocrx_word' id='word_1_572' title='bbox 1799 1734 1899 1769; x_wconf 79' lang='lat' dir='ltr'><strong>legun-</strong></span> 
     </span>
    </p>
   </div>
   <div class='ocr_carea' id='block_1_83' title="bbox 1107 1778 1898 1815">
    <p class='ocr_par' dir='ltr' id='par_1_83' title="bbox 1107 1778 1898 1815">
     <span class='ocr_line' id='line_1_83' title="bbox 1107 1778 1898 1815; baseline 0.001 -10"><span class='ocrx_word' id='word_1_573' title='bbox 1107 1783 1151 1805; x_wconf 89' lang='lat' dir='ltr'><strong>tur</strong></span> <span class='ocrx_word' id='word_1_574' title='bbox 1166 1779 1198 1806; x_wconf 84' lang='lat' dir='ltr'><strong>ad</strong></span> <span class='ocrx_word' id='word_1_575' title='bbox 1218 1779 1249 1805; x_wconf 70' lang='lat'><strong>2|</strong></span> <span class='ocrx_word' id='word_1_576' title='bbox 1267 1778 1454 1813; x_wconf 67' lang='lat' dir='ltr'><strong>Septembris:</strong></span> <span class='ocrx_word' id='word_1_577' title='bbox 1471 1788 1480 1805; x_wconf 70' lang='grc' dir='ltr'><strong>ι</strong></span> <span class='ocrx_word' id='word_1_578' title='bbox 1498 1779 1590 1807; x_wconf 87' lang='lat' dir='ltr'><strong>Sancti</strong></span> <span class='ocrx_word' id='word_1_579' title='bbox 1607 1779 1725 1807; x_wconf 57' lang='lat' dir='ltr'><strong>Matthai</strong></span> <span class='ocrx_word' id='word_1_580' title='bbox 1739 1780 1855 1815; x_wconf 87' lang='lat' dir='ltr'><strong>apostoli</strong></span> <span class='ocrx_word' id='word_1_581' title='bbox 1866 1784 1898 1806; x_wconf 87' lang='lat' dir='ltr'><strong>et</strong></span> 
     </span>
    </p>
   </div>
   <div class='ocr_carea' id='block_1_84' title="bbox 1107 1823 1897 1860">
    <p class='ocr_par' dir='ltr' id='par_1_84' title="bbox 1107 1823 1897 1860">
     <span class='ocr_line' id='line_1_84' title="bbox 1107 1823 1897 1860; baseline 0.004 -11"><span class='ocrx_word' id='word_1_582' title='bbox 1107 1823 1286 1858; x_wconf 57' lang='lat' dir='ltr'><strong>exaugelistte,</strong></span> <span class='ocrx_word' id='word_1_583' title='bbox 1302 1824 1347 1856; x_wconf 88' lang='lat' dir='ltr'><strong>qui</strong></span> <span class='ocrx_word' id='word_1_584' title='bbox 1364 1824 1436 1857; x_wconf 87' lang='lat' dir='ltr'><strong>apud</strong></span> <span class='ocrx_word' id='word_1_585' title='bbox 1447 1823 1614 1859; x_wconf 63' lang='lat' dir='ltr'><strong>Ethiopian]</strong></span> <span class='ocrx_word' id='word_1_586' title='bbox 1630 1825 1781 1860; x_wconf 56' lang='lat' dir='ltr'><strong>praedicans</strong></span> <span class='ocrx_word' id='word_1_587' title='bbox 1793 1830 1897 1860; x_wconf 83' lang='lat' dir='ltr'><strong>marty-</strong></span> 
     </span>
    </p>
   </div>
   <div class='ocr_carea' id='block_1_85' title="bbox 1108 1869 1898 1906">
    <p class='ocr_par' dir='ltr' id='par_1_85' title="bbox 1108 1869 1898 1906">
     <span class='ocr_line' id='line_1_85' title="bbox 1108 1869 1898 1906; baseline 0.004 -11"><span class='ocrx_word' id='word_1_588' title='bbox 1108 1869 1178 1896; x_wconf 91' lang='lat' dir='ltr'><strong>rium</strong></span> <span class='ocrx_word' id='word_1_589' title='bbox 1193 1877 1288 1904; x_wconf 86' lang='lat' dir='ltr'><strong>passus</strong></span> <span class='ocrx_word' id='word_1_590' title='bbox 1303 1874 1353 1896; x_wconf 89' lang='lat' dir='ltr'><strong>est.</strong></span> <span class='ocrx_word' id='word_1_591' title='bbox 1365 1869 1450 1904; x_wconf 83' lang='lat' dir='ltr'><strong>Cujus</strong></span> <span class='ocrx_word' id='word_1_592' title='bbox 1461 1870 1596 1905; x_wconf 85' lang='lat' dir='ltr'><strong>reliquias,</strong></span> <span class='ocrx_word' id='word_1_593' title='bbox 1609 1870 1733 1898; x_wconf 87' lang='lat' dir='ltr'><strong>videlicet</strong></span> <span class='ocrx_word' id='word_1_594' title='bbox 1749 1871 1898 1906; x_wconf 67' lang='lat' dir='ltr'><strong>imaginem</strong></span> 
     </span>
    </p>
   </div>
   <div class='ocr_carea' id='block_1_86' title="bbox 1107 1916 1898 1950">
    <p class='ocr_par' dir='ltr' id='par_1_86' title="bbox 1107 1916 1898 1950">
     <span class='ocr_line' id='line_1_86' title="bbox 1107 1916 1898 1950; baseline 0.003 -9"><span class='ocrx_word' id='word_1_595' title='bbox 1107 1923 1231 1950; x_wconf 83' lang='lat' dir='ltr'><strong>magnam</strong></span> <span class='ocrx_word' id='word_1_596' title='bbox 1248 1923 1309 1942; x_wconf 89' lang='lat' dir='ltr'><strong>cum</strong></span> <span class='ocrx_word' id='word_1_597' title='bbox 1326 1920 1438 1950; x_wconf 88' lang='lat' dir='ltr'><strong>argento</strong></span> <span class='ocrx_word' id='word_1_598' title='bbox 1452 1919 1480 1942; x_wconf 87' lang='lat' dir='ltr'><strong>et</strong></span> <span class='ocrx_word' id='word_1_599' title='bbox 1493 1923 1561 1944; x_wconf 89' lang='lat' dir='ltr'><strong>auro</strong></span> <span class='ocrx_word' id='word_1_600' title='bbox 1573 1916 1739 1949; x_wconf 86' lang='lat' dir='ltr'><strong>decoratam,</strong></span> <span class='ocrx_word' id='word_1_601' title='bbox 1757 1921 1898 1943; x_wconf 80' lang='lat' dir='ltr'><strong>tenentem</strong></span> 
     </span>
    </p>
   </div>
   <div class='ocr_carea' id='block_1_87' title="bbox 1107 1961 1899 1997">
    <p class='ocr_par' dir='ltr' id='par_1_87' title="bbox 1107 1961 1899 1997">
     <span class='ocr_line' id='line_1_87' title="bbox 1107 1961 1899 1997; baseline 0.001 -9"><span class='ocrx_word' id='word_1_602' title='bbox 1107 1966 1211 1988; x_wconf 90' lang='lat' dir='ltr'><strong>costam</strong></span> <span class='ocrx_word' id='word_1_603' title='bbox 1235 1962 1294 1996; x_wconf 68' lang='lat' dir='ltr'><strong>ejus</strong></span> <span class='ocrx_word' id='word_1_604' title='bbox 1321 1961 1349 1987; x_wconf 88' lang='lat' dir='ltr'><strong>in</strong></span> <span class='ocrx_word' id='word_1_605' title='bbox 1373 1961 1509 1994; x_wconf 88' lang='lat' dir='ltr'><strong>manibus,</strong></span> <span class='ocrx_word' id='word_1_606' title='bbox 1539 1970 1606 1997; x_wconf 88' lang='lat' dir='ltr'><strong>quas</strong></span> <span class='ocrx_word' id='word_1_607' title='bbox 1635 1962 1738 1989; x_wconf 79' lang='lat' dir='ltr'><strong>invenit</strong></span> <span class='ocrx_word' id='word_1_608' title='bbox 1755 1962 1899 1997; x_wconf 80' lang='lat' dir='ltr'><strong>piissimus</strong></span> 
     </span>
    </p>
   </div>
   <div class='ocr_carea' id='block_1_88' title="bbox 1106 2007 1898 2043">
    <p class='ocr_par' dir='ltr' id='par_1_88' title="bbox 1106 2007 1898 2043">
     <span class='ocr_line' id='line_1_88' title="bbox 1106 2007 1898 2043; baseline 0.003 -9"><span class='ocrx_word' id='word_1_609' title='bbox 1106 2008 1233 2043; x_wconf 85' lang='lat' dir='ltr'><strong>princeps</strong></span> <span class='ocrx_word' id='word_1_610' title='bbox 1249 2008 1363 2036; x_wconf 87' lang='lat' dir='ltr'><strong>Carolus</strong></span> <span class='ocrx_word' id='word_1_611' title='bbox 1375 2008 1419 2040; x_wconf 89' lang='lat' dir='ltr'><strong>IV,</strong></span> <span class='ocrx_word' id='word_1_612' title='bbox 1432 2012 1484 2036; x_wconf 89' lang='lat' dir='ltr'><strong>etc.</strong></span> <span class='ocrx_word' id='word_1_613' title='bbox 1500 2008 1610 2035; x_wconf 89' lang='lat' dir='ltr'><strong>donavit</strong></span> <span class='ocrx_word' id='word_1_614' title='bbox 1622 2008 1743 2036; x_wconf 80' lang='lat' dir='ltr'><strong>ecclesia:</strong></span> <span class='ocrx_word' id='word_1_615' title='bbox 1754 2007 1898 2043; x_wconf 84' lang='lat' dir='ltr'><strong>Pragensi.</strong></span> 
     </span>
    </p>
   </div>
   <div class='ocr_carea' id='block_1_89' title="bbox 1108 2053 1900 2090">
    <p class='ocr_par' dir='ltr' id='par_1_89' title="bbox 1108 2053 1900 2090">
     <span class='ocr_line' id='line_1_89' title="bbox 1108 2053 1900 2090; baseline 0.004 -11"><span class='ocrx_word' id='word_1_616' title='bbox 1108 2053 1169 2082; x_wconf 67' lang='lat' dir='ltr'><strong>llazc</strong></span> <span class='ocrx_word' id='word_1_617' title='bbox 1185 2055 1242 2081; x_wconf 86' lang='lat' dir='ltr'><strong>ibi:</strong></span> <span class='ocrx_word' id='word_1_618' title='bbox 1263 2059 1289 2081; x_wconf 90' lang='lat' dir='ltr'><strong>at</strong></span> <span class='ocrx_word' id='word_1_619' title='bbox 1317 2062 1367 2090; x_wconf 86' lang='lat' dir='ltr'><strong>ego</strong></span> <span class='ocrx_word' id='word_1_620' title='bbox 1393 2055 1490 2082; x_wconf 86' lang='lat' dir='ltr'><strong>lubens</strong></span> <span class='ocrx_word' id='word_1_621' title='bbox 1513 2054 1578 2090; x_wconf 90' lang='lat' dir='ltr'><strong>ipsis</strong></span> <span class='ocrx_word' id='word_1_622' title='bbox 1596 2054 1777 2090; x_wconf 75' lang='lat' dir='ltr'><strong>Pragcnsibus</strong></span> <span class='ocrx_word' id='word_1_623' title='bbox 1794 2055 1900 2082; x_wconf 78' lang='lat' dir='ltr'><strong>exami-</strong></span> 
     </span>
    </p>
   </div>
   <div class='ocr_carea' id='block_1_90' title="bbox 1108 2099 1897 2134">
    <p class='ocr_par' dir='ltr' id='par_1_90' title="bbox 1108 2099 1897 2134">
     <span class='ocr_line' id='line_1_90' title="bbox 1108 2099 1897 2134; baseline 0.003 -9"><span class='ocrx_word' id='word_1_624' title='bbox 1108 2099 1227 2126; x_wconf 81' lang='lat' dir='ltr'><strong>nandum</strong></span> <span class='ocrx_word' id='word_1_625' title='bbox 1249 2099 1410 2134; x_wconf 80' lang='lat' dir='ltr'><strong>rrliuquam,</strong></span> <span class='ocrx_word' id='word_1_626' title='bbox 1426 2104 1557 2134; x_wconf 84' lang='lat' dir='ltr'><strong>quantum</strong></span> <span class='ocrx_word' id='word_1_627' title='bbox 1582 2099 1700 2127; x_wconf 87' lang='lat' dir='ltr'><strong>habeant</strong></span> <span class='ocrx_word' id='word_1_628' title='bbox 1715 2100 1897 2134; x_wconf 78' lang='lat' dir='ltr'><strong>reliquiarum</strong></span> 
     </span>
    </p>
   </div>
   <div class='ocr_carea' id='block_1_91' title="bbox 1108 2143 1897 2179">
    <p class='ocr_par' dir='ltr' id='par_1_91' title="bbox 1108 2143 1897 2179">
     <span class='ocr_line' id='line_1_91' title="bbox 1108 2143 1897 2179; baseline 0.003 -7"><span class='ocrx_word' id='word_1_629' title='bbox 1108 2143 1193 2172; x_wconf 77' lang='lat' dir='ltr'><strong>sancti</strong></span> <span class='ocrx_word' id='word_1_630' title='bbox 1214 2145 1342 2172; x_wconf 80' lang='lat' dir='ltr'><strong>lllattlnei.</strong></span> <span class='ocrx_word' id='word_1_631' title='bbox 1367 2145 1513 2173; x_wconf 87' lang='lat' dir='ltr'><strong>Bucelinus</strong></span> <span class='ocrx_word' id='word_1_632' title='bbox 1534 2146 1561 2173; x_wconf 92' lang='lat' dir='ltr'><strong>in</strong></span> <span class='ocrx_word' id='word_1_633' title='bbox 1576 2147 1696 2179; x_wconf 79' lang='lat' dir='ltr'><strong>sacrario</strong></span> <span class='ocrx_word' id='word_1_634' title='bbox 1713 2147 1897 2175; x_wconf 78' lang='lat' dir='ltr'><strong>Benedictino</strong></span> 
     </span>
    </p>
   </div>
   <div class='ocr_carea' id='block_1_92' title="bbox 271 2187 1901 2226">
    <p class='ocr_par' dir='ltr' id='par_1_92' title="bbox 271 2187 1901 2226">
     <span class='ocr_line' id='line_1_92' title="bbox 271 2187 1901 2226; baseline -0.001 -9"><span class='ocrx_word' id='word_1_635' title='bbox 271 2198 345 2217; x_wconf 89' lang='lat' dir='ltr'><strong>mum</strong></span> <span class='ocrx_word' id='word_1_636' title='bbox 363 2194 405 2217; x_wconf 91' lang='lat' dir='ltr'><strong>est</strong></span> <span class='ocrx_word' id='word_1_637' title='bbox 420 2189 614 2216; x_wconf 83' lang='lat' dir='ltr'><strong>monasterium</strong></span> <span class='ocrx_word' id='word_1_638' title='bbox 632 2189 716 2215; x_wconf 90' lang='lat' dir='ltr'><strong>sancti</strong></span> <span class='ocrx_word' id='word_1_639' title='bbox 734 2188 850 2215; x_wconf 67' lang='lat' dir='ltr'><strong>Matthasi</strong></span> <span class='ocrx_word' id='word_1_640' title='bbox 868 2188 902 2214; x_wconf 88' lang='lat' dir='ltr'><strong>de</strong></span> <span class='ocrx_word' id='word_1_641' title='bbox 923 2187 1055 2222; x_wconf 79' lang='lat' dir='ltr'><strong>Majurbio</strong></span> <span class='ocrx_word' id='word_1_642' title='bbox 1071 2188 1095 2218; x_wconf 89' lang='lat' dir='ltr'><strong>D</strong></span> <span class='ocrx_word' id='word_1_643' title='bbox 1108 2191 1181 2226; x_wconf 80' lang='lat' dir='ltr'><strong>quod</strong></span> <span class='ocrx_word' id='word_1_644' title='bbox 1201 2191 1286 2219; x_wconf 70' lang='lat' dir='ltr'><strong>edidit</strong></span> <span class='ocrx_word' id='word_1_645' title='bbox 1302 2199 1373 2219; x_wconf 76' lang='lat' dir='ltr'><strong>anno</strong></span> <span class='ocrx_word' id='word_1_646' title='bbox 1388 2191 1521 2225; x_wconf 36' lang='lat' dir='ltr'><strong>1656,.ad</strong></span> <span class='ocrx_word' id='word_1_647' title='bbox 1537 2191 1568 2219; x_wconf 76' lang='lat'><strong>2|</strong></span> <span class='ocrx_word' id='word_1_648' title='bbox 1595 2191 1763 2226; x_wconf 66' lang='lat' dir='ltr'><strong>Septembris</strong></span> <span class='ocrx_word' id='word_1_649' title='bbox 1781 2193 1815 2220; x_wconf 64' lang='lat' dir='ltr'><strong>de</strong></span> <span class='ocrx_word' id='word_1_650' title='bbox 1833 2193 1901 2220; x_wconf 77' lang='lat' dir='ltr'><strong>reti.</strong></span> 
     </span>
    </p>
   </div>
   <div class='ocr_carea' id='block_1_93' title="bbox 269 2233 1056 2269">
    <p class='ocr_par' dir='ltr' id='par_1_93' title="bbox 269 2233 1056 2269">
     <span class='ocr_line' id='line_1_93' title="bbox 269 2233 1056 2269; baseline -0.004 -6"><span class='ocrx_word' id='word_1_651' title='bbox 269 2237 372 2263; x_wconf 85' lang='lat' dir='ltr'><strong>ordinis</strong></span> <span class='ocrx_word' id='word_1_652' title='bbox 391 2234 591 2266; x_wconf 86' lang='lat' dir='ltr'><strong>Cisterciensis,</strong></span> <span class='ocrx_word' id='word_1_653' title='bbox 605 2234 677 2269; x_wconf 87' lang='lat' dir='ltr'><strong>quod</strong></span> <span class='ocrx_word' id='word_1_654' title='bbox 695 2239 773 2261; x_wconf 88' lang='lat' dir='ltr'><strong>antea</strong></span> <span class='ocrx_word' id='word_1_655' title='bbox 789 2235 814 2260; x_wconf 95' lang='lat' dir='ltr'><strong>in</strong></span> <span class='ocrx_word' id='word_1_656' title='bbox 831 2234 882 2261; x_wconf 87' lang='lat' dir='ltr'><strong>alia</strong></span> <span class='ocrx_word' id='word_1_657' title='bbox 899 2233 985 2261; x_wconf 89' lang='lat' dir='ltr'><strong>insula</strong></span> <span class='ocrx_word' id='word_1_658' title='bbox 998 2233 1056 2260; x_wconf 82' lang='lat' dir='ltr'><strong>fuc-</strong></span> 
     </span>
    </p>
   </div>
   <div class='ocr_carea' id='block_1_94' title="bbox 270 2280 1055 2316">
    <p class='ocr_par' dir='ltr' id='par_1_94' title="bbox 270 2280 1055 2316">
     <span class='ocr_line' id='line_1_94' title="bbox 270 2280 1055 2316; baseline -0.003 -6"><span class='ocrx_word' id='word_1_659' title='bbox 270 2288 312 2310; x_wconf 71' lang='lat' dir='ltr'><strong>r..t</strong></span> <span class='ocrx_word' id='word_1_660' title='bbox 326 2286 524 2313; x_wconf 84' lang='lat' dir='ltr'><strong>constructum,</strong></span> <span class='ocrx_word' id='word_1_661' title='bbox 536 2281 668 2308; x_wconf 78' lang='lat' dir='ltr'><strong>videlicet</strong></span> <span class='ocrx_word' id='word_1_662' title='bbox 681 2281 706 2307; x_wconf 92' lang='lat' dir='ltr'><strong>in</strong></span> <span class='ocrx_word' id='word_1_663' title='bbox 721 2280 922 2312; x_wconf 85' lang='lat' dir='ltr'><strong>Constantiaco,</strong></span> <span class='ocrx_word' id='word_1_664' title='bbox 939 2280 1055 2316; x_wconf 89' lang='lat' dir='ltr'><strong>indeque</strong></span> 
     </span>
    </p>
   </div>
   <div class='ocr_carea' id='block_1_95' title="bbox 270 2325 1055 2362">
    <p class='ocr_par' dir='ltr' id='par_1_95' title="bbox 270 2325 1055 2362">
     <span class='ocr_line' id='line_1_95' title="bbox 270 2325 1055 2362; baseline -0.003 -7"><span class='ocrx_word' id='word_1_665' title='bbox 270 2329 302 2355; x_wconf 90' lang='lat' dir='ltr'><strong>de</strong></span> <span class='ocrx_word' id='word_1_666' title='bbox 320 2335 457 2356; x_wconf 81' lang='lat' dir='ltr'><strong>consensu</strong></span> <span class='ocrx_word' id='word_1_667' title='bbox 477 2327 596 2362; x_wconf 82' lang='lat' dir='ltr'><strong>episcopi</strong></span> <span class='ocrx_word' id='word_1_668' title='bbox 612 2326 765 2354; x_wconf 85' lang='lat' dir='ltr'><strong>Toreellaui</strong></span> <span class='ocrx_word' id='word_1_669' title='bbox 779 2326 805 2353; x_wconf 91' lang='lat' dir='ltr'><strong>in</strong></span> <span class='ocrx_word' id='word_1_670' title='bbox 827 2325 989 2360; x_wconf 85' lang='lat' dir='ltr'><strong>Majurbium</strong></span> <span class='ocrx_word' id='word_1_671' title='bbox 1014 2325 1055 2353; x_wconf 77' lang='lat' dir='ltr'><strong>in—</strong></span> 
     </span>
    </p>
   </div>
   <div class='ocr_carea' id='block_1_96' title="bbox 270 2370 1056 2406">
    <p class='ocr_par' dir='ltr' id='par_1_96' title="bbox 270 2370 1056 2406">
     <span class='ocr_line' id='line_1_96' title="bbox 270 2370 1056 2406; baseline -0.004 -5"><span class='ocrx_word' id='word_1_672' title='bbox 270 2374 357 2401; x_wconf 79' lang='lat' dir='ltr'><strong>sulam</strong></span> <span class='ocrx_word' id='word_1_673' title='bbox 385 2370 438 2400; x_wconf 68' lang='lat' dir='ltr'><strong>fuit</strong></span> <span class='ocrx_word' id='word_1_674' title='bbox 462 2373 634 2402; x_wconf 77' lang='lat' dir='ltr'><strong>translatum,</strong></span> <span class='ocrx_word' id='word_1_675' title='bbox 659 2376 690 2399; x_wconf 93' lang='lat' dir='ltr'><strong>ut</strong></span> <span class='ocrx_word' id='word_1_676' title='bbox 710 2372 762 2399; x_wconf 89' lang='lat' dir='ltr'><strong>late</strong></span> <span class='ocrx_word' id='word_1_677' title='bbox 788 2371 934 2406; x_wconf 75' lang='lat' dir='ltr'><strong>exponitur</strong></span> <span class='ocrx_word' id='word_1_678' title='bbox 959 2376 1029 2406; x_wconf 88' lang='lat' dir='ltr'><strong>part.</strong></span> <span class='ocrx_word' id='word_1_679' title='bbox 1047 2380 1056 2398; x_wconf 91' lang='grc' dir='ltr'><strong>ι</strong></span> 
     </span>
    </p>
   </div>
   <div class='ocr_carea' id='block_1_97' title="bbox 270 2416 1055 2453">
    <p class='ocr_par' dir='ltr' id='par_1_97' title="bbox 270 2416 1055 2453">
     <span class='ocr_line' id='line_1_97' title="bbox 270 2416 1055 2453; baseline -0.004 -7"><span class='ocrx_word' id='word_1_680' title='bbox 270 2420 341 2446; x_wconf 91' lang='lat' dir='ltr'><strong>illius</strong></span> <span class='ocrx_word' id='word_1_681' title='bbox 355 2419 485 2453; x_wconf 89' lang='lat' dir='ltr'><strong>Opusculi</strong></span> <span class='ocrx_word' id='word_1_682' title='bbox 501 2427 561 2453; x_wconf 77' lang='lat' dir='ltr'><strong>pag.</strong></span> <span class='ocrx_word' id='word_1_683' title='bbox 574 2418 628 2445; x_wconf 69' lang='lat'><strong>299</strong></span> <span class='ocrx_word' id='word_1_684' title='bbox 638 2422 664 2445; x_wconf 87' lang='lat' dir='ltr'><strong>et</strong></span> <span class='ocrx_word' id='word_1_685' title='bbox 680 2425 756 2452; x_wconf 88' lang='lat' dir='ltr'><strong>seqq.</strong></span> <span class='ocrx_word' id='word_1_686' title='bbox 768 2416 857 2444; x_wconf 79' lang='lat' dir='ltr'><strong>Prima</strong></span> <span class='ocrx_word' id='word_1_687' title='bbox 875 2417 996 2444; x_wconf 81' lang='lat' dir='ltr'><strong>fundatio</strong></span> <span class='ocrx_word' id='word_1_688' title='bbox 1006 2425 1055 2443; x_wconf 89' lang='lat' dir='ltr'><strong>no—</strong></span> 
     </span>
    </p>
   </div>
   <div class='ocr_carea' id='block_1_98' title="bbox 270 2462 1053 2498">
    <p class='ocr_par' dir='ltr' id='par_1_98' title="bbox 270 2462 1053 2498">
     <span class='ocr_line' id='line_1_98' title="bbox 270 2462 1053 2498; baseline -0.004 -7"><span class='ocrx_word' id='word_1_689' title='bbox 270 2469 342 2491; x_wconf 86' lang='lat' dir='ltr'><strong>tatur</strong></span> <span class='ocrx_word' id='word_1_690' title='bbox 359 2464 428 2490; x_wconf 75' lang='lat' dir='ltr'><strong>faeta</strong></span> <span class='ocrx_word' id='word_1_691' title='bbox 442 2471 514 2491; x_wconf 87' lang='lat' dir='ltr'><strong>anno</strong></span> <span class='ocrx_word' id='word_1_692' title='bbox 529 2463 607 2495; x_wconf 73' lang='grc'><strong>1218,</strong></span> <span class='ocrx_word' id='word_1_693' title='bbox 626 2464 654 2490; x_wconf 92' lang='lat' dir='ltr'><strong>in</strong></span> <span class='ocrx_word' id='word_1_694' title='bbox 679 2463 884 2494; x_wconf 76' lang='lat' dir='ltr'><strong>Constantiaco,</strong></span> <span class='ocrx_word' id='word_1_695' title='bbox 904 2471 964 2498; x_wconf 86' lang='lat' dir='ltr'><strong>pag.</strong></span> <span class='ocrx_word' id='word_1_696' title='bbox 981 2462 1053 2495; x_wconf 76' lang='lat' dir='ltr'><strong>5H3;</strong></span> 
     </span>
    </p>
   </div>
   <div class='ocr_carea' id='block_1_99' title="bbox 270 2509 1053 2543">
    <p class='ocr_par' dir='ltr' id='par_1_99' title="bbox 270 2509 1053 2543">
     <span class='ocr_line' id='line_1_99' title="bbox 270 2509 1053 2543; baseline -0.004 -6"><span class='ocrx_word' id='word_1_697' title='bbox 270 2510 317 2537; x_wconf 88' lang='lat' dir='ltr'><strong>sed</strong></span> <span class='ocrx_word' id='word_1_698' title='bbox 334 2513 397 2536; x_wconf 87' lang='lat' dir='ltr'><strong>ante</strong></span> <span class='ocrx_word' id='word_1_699' title='bbox 410 2510 491 2536; x_wconf 87' lang='lat' dir='ltr'><strong>tinem</strong></span> <span class='ocrx_word' id='word_1_700' title='bbox 509 2509 630 2543; x_wconf 88' lang='lat' dir='ltr'><strong>ejusdem</strong></span> <span class='ocrx_word' id='word_1_701' title='bbox 651 2509 742 2536; x_wconf 69' lang='lat' dir='ltr'><strong>saeculi</strong></span> <span class='ocrx_word' id='word_1_702' title='bbox 765 2509 960 2535; x_wconf 86' lang='lat' dir='ltr'><strong>monasterium</strong></span> <span class='ocrx_word' id='word_1_703' title='bbox 975 2516 1053 2535; x_wconf 90' lang='lat' dir='ltr'><strong>suum</strong></span> 
     </span>
    </p>
   </div>
   <div class='ocr_carea' id='block_1_100' title="bbox 269 2554 1056 2590">
    <p class='ocr_par' dir='ltr' id='par_1_100' title="bbox 269 2554 1056 2590">
     <span class='ocr_line' id='line_1_100' title="bbox 269 2554 1056 2590; baseline -0.003 -8"><span class='ocrx_word' id='word_1_704' title='bbox 269 2555 302 2582; x_wconf 83' lang='lat' dir='ltr'><strong>ad</strong></span> <span class='ocrx_word' id='word_1_705' title='bbox 318 2555 435 2582; x_wconf 88' lang='lat' dir='ltr'><strong>insulam</strong></span> <span class='ocrx_word' id='word_1_706' title='bbox 452 2555 612 2590; x_wconf 83' lang='lat' dir='ltr'><strong>Majurbium</strong></span> <span class='ocrx_word' id='word_1_707' title='bbox 631 2555 829 2581; x_wconf 88' lang='lat' dir='ltr'><strong>transtulerunt</strong></span> <span class='ocrx_word' id='word_1_708' title='bbox 850 2554 992 2581; x_wconf 88' lang='lat' dir='ltr'><strong>moniales.</strong></span> <span class='ocrx_word' id='word_1_709' title='bbox 1010 2554 1056 2580; x_wconf 81' lang='lat' dir='ltr'><strong>Al—</strong></span> 
     </span>
    </p>
   </div>
   <div class='ocr_carea' id='block_1_101' title="bbox 271 2599 1054 2628">
    <p class='ocr_par' dir='ltr' id='par_1_101' title="bbox 271 2599 1054 2628">
     <span class='ocr_line' id='line_1_101' title="bbox 271 2599 1054 2628; baseline -0.005 0"><span class='ocrx_word' id='word_1_710' title='bbox 271 2606 357 2628; x_wconf 86' lang='lat' dir='ltr'><strong>terum</strong></span> <span class='ocrx_word' id='word_1_711' title='bbox 371 2606 412 2628; x_wconf 88' lang='lat' dir='ltr'><strong>est</strong></span> <span class='ocrx_word' id='word_1_712' title='bbox 427 2601 620 2627; x_wconf 87' lang='lat' dir='ltr'><strong>monasterium</strong></span> <span class='ocrx_word' id='word_1_713' title='bbox 638 2600 795 2626; x_wconf 86' lang='lat' dir='ltr'><strong>monialium</strong></span> <span class='ocrx_word' id='word_1_714' title='bbox 810 2600 912 2626; x_wconf 86' lang='lat' dir='ltr'><strong>ordinis</strong></span> <span class='ocrx_word' id='word_1_715' title='bbox 924 2599 951 2625; x_wconf 89' lang='lat' dir='ltr'><strong>S.</strong></span> <span class='ocrx_word' id='word_1_716' title='bbox 968 2599 1054 2626; x_wconf 80' lang='lat' dir='ltr'><strong>Bene-</strong></span> 
     </span>
    </p>
   </div>
   <div class='ocr_carea' id='block_1_102' title="bbox 269 2645 1054 2681">
    <p class='ocr_par' dir='ltr' id='par_1_102' title="bbox 269 2645 1054 2681">
     <span class='ocr_line' id='line_1_102' title="bbox 269 2645 1054 2681; baseline -0.004 -7"><span class='ocrx_word' id='word_1_717' title='bbox 269 2648 332 2674; x_wconf 89' lang='lat' dir='ltr'><strong>dicti</strong></span> <span class='ocrx_word' id='word_1_718' title='bbox 351 2648 377 2674; x_wconf 93' lang='lat' dir='ltr'><strong>in</strong></span> <span class='ocrx_word' id='word_1_719' title='bbox 405 2648 491 2675; x_wconf 88' lang='lat' dir='ltr'><strong>insula</strong></span> <span class='ocrx_word' id='word_1_720' title='bbox 509 2647 631 2674; x_wconf 84' lang='lat' dir='ltr'><strong>Muriana</strong></span> <span class='ocrx_word' id='word_1_721' title='bbox 655 2647 776 2681; x_wconf 85' lang='lat' dir='ltr'><strong>ejusdem</strong></span> <span class='ocrx_word' id='word_1_722' title='bbox 803 2646 927 2673; x_wconf 74' lang='lat' dir='ltr'><strong>dimccsis</strong></span> <span class='ocrx_word' id='word_1_723' title='bbox 944 2645 1019 2672; x_wconf 67' lang='lat' dir='ltr'><strong>Torta</strong></span> <span class='ocrx_word' id='word_1_724' title='bbox 1032 2646 1054 2671; x_wconf 95' lang='lat' dir='ltr'><strong>l-</strong></span> 
     </span>
    </p>
   </div>
   <div class='ocr_carea' id='block_1_103' title="bbox 270 2692 1053 2730">
    <p class='ocr_par' dir='ltr' id='par_1_103' title="bbox 270 2692 1053 2730">
     <span class='ocr_line' id='line_1_103' title="bbox 270 2692 1053 2730; baseline -0.003 -9"><span class='ocrx_word' id='word_1_725' title='bbox 270 2694 348 2725; x_wconf 65' lang='lat' dir='ltr'><strong>lanaz,</strong></span> <span class='ocrx_word' id='word_1_726' title='bbox 369 2699 397 2722; x_wconf 93' lang='lat' dir='ltr'><strong>ut</strong></span> <span class='ocrx_word' id='word_1_727' title='bbox 421 2695 532 2730; x_wconf 86' lang='lat' dir='ltr'><strong>exponit</strong></span> <span class='ocrx_word' id='word_1_728' title='bbox 562 2694 713 2726; x_wconf 84' lang='lat' dir='ltr'><strong>Cornelius,</strong></span> <span class='ocrx_word' id='word_1_729' title='bbox 734 2698 804 2728; x_wconf 86' lang='lat' dir='ltr'><strong>part.</strong></span> <span class='ocrx_word' id='word_1_730' title='bbox 829 2701 846 2719; x_wconf 92' lang='lat' dir='ltr'><strong>ll</strong></span> <span class='ocrx_word' id='word_1_731' title='bbox 870 2700 884 2718; x_wconf 89' lang='lat' dir='ltr'><strong>a</strong></span> <span class='ocrx_word' id='word_1_732' title='bbox 906 2701 965 2727; x_wconf 85' lang='lat' dir='ltr'><strong>pag.</strong></span> <span class='ocrx_word' id='word_1_733' title='bbox 992 2692 1053 2719; x_wconf 67' lang='grc' dir='ltr'><strong>ε201.</strong></span> 
     </span>
    </p>
   </div>
   <div class='ocr_carea' id='block_1_104' title="bbox 270 2738 1054 2776">
    <p class='ocr_par' dir='ltr' id='par_1_104' title="bbox 270 2738 1054 2776">
     <span class='ocr_line' id='line_1_104' title="bbox 270 2738 1054 2776; baseline -0.005 -9"><span class='ocrx_word' id='word_1_734' title='bbox 270 2739 402 2767; x_wconf 77' lang='lat' dir='ltr'><strong>Fundatio</strong></span> <span class='ocrx_word' id='word_1_735' title='bbox 412 2749 472 2776; x_wconf 89' lang='lat' dir='ltr'><strong>pag.</strong></span> <span class='ocrx_word' id='word_1_736' title='bbox 489 2742 538 2768; x_wconf 77' lang='grc'><strong>101</strong></span> <span class='ocrx_word' id='word_1_737' title='bbox 556 2746 665 2768; x_wconf 89' lang='lat' dir='ltr'><strong>notatur</strong></span> <span class='ocrx_word' id='word_1_738' title='bbox 686 2741 755 2766; x_wconf 82' lang='lat' dir='ltr'><strong>facta</strong></span> <span class='ocrx_word' id='word_1_739' title='bbox 768 2747 840 2766; x_wconf 88' lang='lat' dir='ltr'><strong>anno</strong></span> <span class='ocrx_word' id='word_1_740' title='bbox 854 2739 931 2767; x_wconf 69' lang='lat'><strong>1280.</strong></span> <span class='ocrx_word' id='word_1_741' title='bbox 948 2738 1054 2764; x_wconf 73' lang='lat' dir='ltr'><strong>datuzu-</strong></span> 
     </span>
    </p>
   </div>
   <div class='ocr_carea' id='block_1_105' title="bbox 269 2786 1053 2819">
    <p class='ocr_par' dir='ltr' id='par_1_105' title="bbox 269 2786 1053 2819">
     <span class='ocr_line' id='line_1_105' title="bbox 269 2786 1053 2819; baseline -0.005 -7"><span class='ocrx_word' id='word_1_742' title='bbox 269 2794 322 2819; x_wconf 85' lang='lat' dir='ltr'><strong>que</strong></span> <span class='ocrx_word' id='word_1_743' title='bbox 339 2792 403 2813; x_wconf 88' lang='lat' dir='ltr'><strong>tunc</strong></span> <span class='ocrx_word' id='word_1_744' title='bbox 416 2792 458 2814; x_wconf 88' lang='lat' dir='ltr'><strong>est</strong></span> <span class='ocrx_word' id='word_1_745' title='bbox 469 2788 634 2814; x_wconf 86' lang='lat' dir='ltr'><strong>tnonialibus</strong></span> <span class='ocrx_word' id='word_1_746' title='bbox 646 2790 784 2813; x_wconf 85' lang='lat' dir='ltr'><strong>vetustum</strong></span> <span class='ocrx_word' id='word_1_747' title='bbox 799 2786 946 2811; x_wconf 85' lang='lat' dir='ltr'><strong>oratorium</strong></span> <span class='ocrx_word' id='word_1_748' title='bbox 959 2790 1053 2810; x_wconf 83' lang='lat' dir='ltr'><strong>sancto</strong></span> 
     </span>
    </p>
   </div>
   <div class='ocr_carea' id='block_1_106' title="bbox 271 2829 1051 2866">
    <p class='ocr_par' dir='ltr' id='par_1_106' title="bbox 271 2829 1051 2866">
     <span class='ocr_line' id='line_1_106' title="bbox 271 2829 1051 2866; baseline -0.001 -9"><span class='ocrx_word' id='word_1_749' title='bbox 271 2831 397 2859; x_wconf 79' lang='lat' dir='ltr'><strong>Matthan</strong></span> <span class='ocrx_word' id='word_1_750' title='bbox 414 2833 545 2866; x_wconf 80' lang='lat' dir='ltr'><strong>dicatum,</strong></span> <span class='ocrx_word' id='word_1_751' title='bbox 560 2837 590 2860; x_wconf 91' lang='lat' dir='ltr'><strong>ut</strong></span> <span class='ocrx_word' id='word_1_752' title='bbox 606 2833 705 2860; x_wconf 84' lang='lat' dir='ltr'><strong>ibidem</strong></span> <span class='ocrx_word' id='word_1_753' title='bbox 721 2832 801 2858; x_wconf 85' lang='lat' dir='ltr'><strong>latius</strong></span> <span class='ocrx_word' id='word_1_754' title='bbox 814 2830 897 2858; x_wconf 80' lang='lat' dir='ltr'><strong>\ideri</strong></span> <span class='ocrx_word' id='word_1_755' title='bbox 911 2833 1010 2864; x_wconf 69' lang='lat' dir='ltr'><strong>potest.</strong></span> <span class='ocrx_word' id='word_1_756' title='bbox 1024 2829 1051 2856; x_wconf 92' lang='lat' dir='ltr'><strong>lu</strong></span> 
     </span>
    </p>
   </div>
   <div class='ocr_carea' id='block_1_107' title="bbox 1108 2236 1898 2272">
    <p class='ocr_par' dir='ltr' id='par_1_107' title="bbox 1108 2236 1898 2272">
     <span class='ocr_line' id='line_1_107' title="bbox 1108 2236 1898 2272; baseline 0.001 -9"><span class='ocrx_word' id='word_1_757' title='bbox 1108 2237 1179 2272; x_wconf 89' lang='lat' dir='ltr'><strong>quiis</strong></span> <span class='ocrx_word' id='word_1_758' title='bbox 1193 2237 1222 2264; x_wconf 92' lang='lat' dir='ltr'><strong>S.</strong></span> <span class='ocrx_word' id='word_1_759' title='bbox 1239 2236 1356 2265; x_wconf 70' lang='lat' dir='ltr'><strong>Matthaei</strong></span> <span class='ocrx_word' id='word_1_760' title='bbox 1378 2238 1435 2265; x_wconf 74' lang='lat' dir='ltr'><strong>lucc</strong></span> <span class='ocrx_word' id='word_1_761' title='bbox 1449 2238 1550 2265; x_wconf 88' lang='lat' dir='ltr'><strong>tradit:</strong></span> <span class='ocrx_word' id='word_1_762' title='bbox 1572 2246 1581 2263; x_wconf 84' lang='lat'><strong>(</strong></span> <span class='ocrx_word' id='word_1_763' title='bbox 1603 2237 1690 2272; x_wconf 85' lang='lat' dir='ltr'><strong>llujus</strong></span> <span class='ocrx_word' id='word_1_764' title='bbox 1704 2237 1794 2271; x_wconf 75' lang='lat' dir='ltr'><strong>magni</strong></span> <span class='ocrx_word' id='word_1_765' title='bbox 1809 2245 1898 2265; x_wconf 77' lang='lat' dir='ltr'><strong>evan-</strong></span> 
     </span>
    </p>
   </div>
   <div class='ocr_carea' id='block_1_108' title="bbox 1109 2283 1899 2319">
    <p class='ocr_par' dir='ltr' id='par_1_108' title="bbox 1109 2283 1899 2319">
     <span class='ocr_line' id='line_1_108' title="bbox 1109 2283 1899 2319; baseline 0 -9"><span class='ocrx_word' id='word_1_766' title='bbox 1109 2284 1212 2318; x_wconf 61' lang='lat' dir='ltr'><strong>geliste</strong></span> <span class='ocrx_word' id='word_1_767' title='bbox 1233 2284 1348 2319; x_wconf 73' lang='lat' dir='ltr'><strong>insignis</strong></span> <span class='ocrx_word' id='word_1_768' title='bbox 1363 2284 1450 2318; x_wconf 91' lang='lat' dir='ltr'><strong>portio</strong></span> <span class='ocrx_word' id='word_1_769' title='bbox 1467 2287 1621 2311; x_wconf 88' lang='lat' dir='ltr'><strong>asservatur</strong></span> <span class='ocrx_word' id='word_1_770' title='bbox 1638 2283 1664 2310; x_wconf 92' lang='lat' dir='ltr'><strong>in</strong></span> <span class='ocrx_word' id='word_1_771' title='bbox 1679 2283 1806 2310; x_wconf 89' lang='lat' dir='ltr'><strong>Audechs</strong></span> <span class='ocrx_word' id='word_1_772' title='bbox 1823 2284 1899 2318; x_wconf 75' lang='lat' dir='ltr'><strong>(mo-</strong></span> 
     </span>
    </p>
   </div>
   <div class='ocr_carea' id='block_1_109' title="bbox 1108 2329 1898 2365">
    <p class='ocr_par' dir='ltr' id='par_1_109' title="bbox 1108 2329 1898 2365">
     <span class='ocr_line' id='line_1_109' title="bbox 1108 2329 1898 2365; baseline 0 -7"><span class='ocrx_word' id='word_1_773' title='bbox 1108 2330 1228 2358; x_wconf 86' lang='lat' dir='ltr'><strong>nasterio</strong></span> <span class='ocrx_word' id='word_1_774' title='bbox 1245 2330 1386 2364; x_wconf 81' lang='lat' dir='ltr'><strong>Davariae),</strong></span> <span class='ocrx_word' id='word_1_775' title='bbox 1410 2331 1454 2358; x_wconf 91' lang='lat' dir='ltr'><strong>ubi</strong></span> <span class='ocrx_word' id='word_1_776' title='bbox 1469 2335 1496 2357; x_wconf 88' lang='lat' dir='ltr'><strong>et</strong></span> <span class='ocrx_word' id='word_1_777' title='bbox 1511 2330 1571 2357; x_wconf 76' lang='lat' dir='ltr'><strong>alia:</strong></span> <span class='ocrx_word' id='word_1_778' title='bbox 1589 2330 1649 2357; x_wconf 83' lang='lat' dir='ltr'><strong>dua:</strong></span> <span class='ocrx_word' id='word_1_779' title='bbox 1663 2329 1786 2363; x_wconf 87' lang='lat' dir='ltr'><strong>ejusdem</strong></span> <span class='ocrx_word' id='word_1_780' title='bbox 1803 2335 1898 2365; x_wconf 86' lang='lat' dir='ltr'><strong>partes</strong></span> 
     </span>
    </p>
   </div>
   <div class='ocr_carea' id='block_1_110' title="bbox 1108 2377 1897 2412">
    <p class='ocr_par' dir='ltr' id='par_1_110' title="bbox 1108 2377 1897 2412">
     <span class='ocr_line' id='line_1_110' title="bbox 1108 2377 1897 2412; baseline 0.001 -7"><span class='ocrx_word' id='word_1_781' title='bbox 1108 2378 1297 2410; x_wconf 84' lang='lat' dir='ltr'><strong>ostenduntur,</strong></span> <span class='ocrx_word' id='word_1_782' title='bbox 1312 2378 1383 2405; x_wconf 86' lang='lat' dir='ltr'><strong>Dens</strong></span> <span class='ocrx_word' id='word_1_783' title='bbox 1401 2378 1504 2405; x_wconf 86' lang='lat' dir='ltr'><strong>Elnone</strong></span> <span class='ocrx_word' id='word_1_784' title='bbox 1526 2377 1602 2412; x_wconf 85' lang='lat' dir='ltr'><strong>(alias</strong></span> <span class='ocrx_word' id='word_1_785' title='bbox 1620 2377 1649 2405; x_wconf 85' lang='lat' dir='ltr'><strong>S.</strong></span> <span class='ocrx_word' id='word_1_786' title='bbox 1667 2378 1782 2405; x_wconf 80' lang='lat' dir='ltr'><strong>Amandi</strong></span> <span class='ocrx_word' id='word_1_787' title='bbox 1799 2386 1897 2406; x_wconf 85' lang='lat' dir='ltr'><strong>mona-</strong></span> 
     </span>
    </p>
   </div>
   <div class='ocr_carea' id='block_1_111' title="bbox 1108 2422 1897 2457">
    <p class='ocr_par' dir='ltr' id='par_1_111' title="bbox 1108 2422 1897 2457">
     <span class='ocr_line' id='line_1_111' title="bbox 1108 2422 1897 2457; baseline 0.003 -7"><span class='ocrx_word' id='word_1_788' title='bbox 1108 2424 1219 2450; x_wconf 89' lang='lat' dir='ltr'><strong>sterium</strong></span> <span class='ocrx_word' id='word_1_789' title='bbox 1241 2427 1352 2450; x_wconf 90' lang='lat' dir='ltr'><strong>vocatur</strong></span> <span class='ocrx_word' id='word_1_790' title='bbox 1371 2423 1397 2449; x_wconf 90' lang='lat' dir='ltr'><strong>in</strong></span> <span class='ocrx_word' id='word_1_791' title='bbox 1416 2422 1565 2457; x_wconf 85' lang='lat' dir='ltr'><strong>Flandria),</strong></span> <span class='ocrx_word' id='word_1_792' title='bbox 1587 2423 1640 2450; x_wconf 88' lang='lat' dir='ltr'><strong>duo</strong></span> <span class='ocrx_word' id='word_1_793' title='bbox 1664 2423 1778 2450; x_wconf 88' lang='lat' dir='ltr'><strong>molares</strong></span> <span class='ocrx_word' id='word_1_794' title='bbox 1797 2423 1897 2452; x_wconf 73' lang='lat' dir='ltr'><strong>dentes</strong></span> 
     </span>
    </p>
   </div>
   <div class='ocr_carea' id='block_1_112' title="bbox 1108 2468 1896 2503">
    <p class='ocr_par' dir='ltr' id='par_1_112' title="bbox 1108 2468 1896 2503">
     <span class='ocr_line' id='line_1_112' title="bbox 1108 2468 1896 2503; baseline 0.001 -8"><span class='ocrx_word' id='word_1_795' title='bbox 1108 2474 1134 2495; x_wconf 88' lang='lat' dir='ltr'><strong>et</strong></span> <span class='ocrx_word' id='word_1_796' title='bbox 1161 2469 1212 2495; x_wconf 83' lang='lat' dir='ltr'><strong>alia</strong></span> <span class='ocrx_word' id='word_1_797' title='bbox 1240 2469 1370 2495; x_wconf 91' lang='lat' dir='ltr'><strong>nonnulla</strong></span> <span class='ocrx_word' id='word_1_798' title='bbox 1396 2469 1421 2495; x_wconf 93' lang='lat' dir='ltr'><strong>in</strong></span> <span class='ocrx_word' id='word_1_799' title='bbox 1444 2468 1634 2503; x_wconf 77' lang='lat' dir='ltr'><strong>Weiugarten;</strong></span> <span class='ocrx_word' id='word_1_800' title='bbox 1657 2477 1666 2494; x_wconf 73' lang='grc' dir='ltr'><strong>ι</strong></span> <span class='ocrx_word' id='word_1_801' title='bbox 1692 2469 1764 2503; x_wconf 88' lang='lat' dir='ltr'><strong>quod</strong></span> <span class='ocrx_word' id='word_1_802' title='bbox 1786 2468 1896 2496; x_wconf 69' lang='lat' dir='ltr'><strong>Suevia:</strong></span> 
     </span>
    </p>
   </div>
   <div class='ocr_carea' id='block_1_113' title="bbox 1108 2514 1897 2549">
    <p class='ocr_par' dir='ltr' id='par_1_113' title="bbox 1108 2514 1897 2549">
     <span class='ocr_line' id='line_1_113' title="bbox 1108 2514 1897 2549; baseline 0 -8"><span class='ocrx_word' id='word_1_803' title='bbox 1108 2519 1149 2541; x_wconf 82' lang='lat' dir='ltr'><strong>est</strong></span> <span class='ocrx_word' id='word_1_804' title='bbox 1161 2515 1355 2541; x_wconf 56' lang='lat' dir='ltr'><strong>monasterium</strong></span> <span class='ocrx_word' id='word_1_805' title='bbox 1373 2521 1434 2541; x_wconf 85' lang='lat' dir='ltr'><strong>cum</strong></span> <span class='ocrx_word' id='word_1_806' title='bbox 1458 2515 1556 2549; x_wconf 84' lang='lat' dir='ltr'><strong>oppido</strong></span> <span class='ocrx_word' id='word_1_807' title='bbox 1570 2515 1741 2549; x_wconf 83' lang='lat' dir='ltr'><strong>cognomine.</strong></span> <span class='ocrx_word' id='word_1_808' title='bbox 1759 2514 1897 2541; x_wconf 76' lang='lat' dir='ltr'><strong>Plurima:</strong></span> 
     </span>
    </p>
   </div>
   <div class='ocr_carea' id='block_1_114' title="bbox 1107 2558 1898 2594">
    <p class='ocr_par' dir='ltr' id='par_1_114' title="bbox 1107 2558 1898 2594">
     <span class='ocr_line' id='line_1_114' title="bbox 1107 2558 1898 2594; baseline 0.001 -9"><span class='ocrx_word' id='word_1_809' title='bbox 1107 2567 1214 2593; x_wconf 78' lang='lat' dir='ltr'><strong>quoque</strong></span> <span class='ocrx_word' id='word_1_810' title='bbox 1238 2559 1325 2586; x_wconf 82' lang='lat' dir='ltr'><strong>sancti</strong></span> <span class='ocrx_word' id='word_1_811' title='bbox 1342 2558 1458 2586; x_wconf 69' lang='lat' dir='ltr'><strong>Matthrei</strong></span> <span class='ocrx_word' id='word_1_812' title='bbox 1484 2559 1611 2594; x_wconf 73' lang='lat' dir='ltr'><strong>reliquias</strong></span> <span class='ocrx_word' id='word_1_813' title='bbox 1631 2559 1751 2586; x_wconf 76' lang='lat' dir='ltr'><strong>Colonia:</strong></span> <span class='ocrx_word' id='word_1_814' title='bbox 1768 2559 1898 2587; x_wconf 81' lang='lat' dir='ltr'><strong>attribuit</strong></span> 
     </span>
    </p>
   </div>
   <div class='ocr_carea' id='block_1_115' title="bbox 1108 2603 1898 2638">
    <p class='ocr_par' dir='ltr' id='par_1_115' title="bbox 1108 2603 1898 2638">
     <span class='ocr_line' id='line_1_115' title="bbox 1108 2603 1898 2638; baseline 0.003 -10"><span class='ocrx_word' id='word_1_815' title='bbox 1108 2603 1134 2628; x_wconf 93' lang='lat' dir='ltr'><strong>in</strong></span> <span class='ocrx_word' id='word_1_816' title='bbox 1151 2603 1237 2637; x_wconf 68' lang='lat' dir='ltr'><strong>Opi-rc</strong></span> <span class='ocrx_word' id='word_1_817' title='bbox 1253 2612 1302 2630; x_wconf 88' lang='lat' dir='ltr'><strong>suo</strong></span> <span class='ocrx_word' id='word_1_818' title='bbox 1318 2603 1454 2635; x_wconf 82' lang='lat' dir='ltr'><strong>Gelenius,</strong></span> <span class='ocrx_word' id='word_1_819' title='bbox 1470 2603 1596 2630; x_wconf 84' lang='lat' dir='ltr'><strong>nimirum</strong></span> <span class='ocrx_word' id='word_1_820' title='bbox 1609 2611 1668 2638; x_wconf 82' lang='lat' dir='ltr'><strong>pag.</strong></span> <span class='ocrx_word' id='word_1_821' title='bbox 1682 2604 1733 2630; x_wconf 65' lang='grc'><strong>261</strong></span> <span class='ocrx_word' id='word_1_822' title='bbox 1749 2603 1816 2630; x_wconf 88' lang='lat' dir='ltr'><strong>duas</strong></span> <span class='ocrx_word' id='word_1_823' title='bbox 1833 2611 1898 2636; x_wconf 81' lang='lat' dir='ltr'><strong>ptir-</strong></span> 
     </span>
    </p>
   </div>
   <div class='ocr_carea' id='block_1_116' title="bbox 1108 2649 1894 2684">
    <p class='ocr_par' dir='ltr' id='par_1_116' title="bbox 1108 2649 1894 2684">
     <span class='ocr_line' id='line_1_116' title="bbox 1108 2649 1894 2684; baseline 0.003 -10"><span class='ocrx_word' id='word_1_824' title='bbox 1108 2649 1202 2675; x_wconf 64' lang='lat' dir='ltr'><strong>ticulas</strong></span> <span class='ocrx_word' id='word_1_825' title='bbox 1227 2649 1349 2676; x_wconf 74' lang='lat' dir='ltr'><strong>ecclesia:</strong></span> <span class='ocrx_word' id='word_1_826' title='bbox 1365 2649 1511 2684; x_wconf 58' lang='lat' dir='ltr'><strong>collegiate</strong></span> <span class='ocrx_word' id='word_1_827' title='bbox 1536 2650 1564 2676; x_wconf 89' lang='lat' dir='ltr'><strong>S.</strong></span> <span class='ocrx_word' id='word_1_828' title='bbox 1585 2649 1736 2676; x_wconf 86' lang='lat' dir='ltr'><strong>Cerconis:</strong></span> <span class='ocrx_word' id='word_1_829' title='bbox 1754 2657 1812 2683; x_wconf 80' lang='lat' dir='ltr'><strong>pag.</strong></span> <span class='ocrx_word' id='word_1_830' title='bbox 1828 2649 1894 2681; x_wconf 67' lang='lat'><strong>572,</strong></span> 
     </span>
    </p>
   </div>
   <div class='ocr_carea' id='block_1_117' title="bbox 1107 2693 1895 2728">
    <p class='ocr_par' dir='ltr' id='par_1_117' title="bbox 1107 2693 1895 2728">
     <span class='ocr_line' id='line_1_117' title="bbox 1107 2693 1895 2728; baseline 0.001 -9"><span class='ocrx_word' id='word_1_831' title='bbox 1107 2693 1139 2719; x_wconf 91' lang='lat' dir='ltr'><strong>de</strong></span> <span class='ocrx_word' id='word_1_832' title='bbox 1155 2693 1242 2727; x_wconf 85' lang='lat' dir='ltr'><strong>capite</strong></span> <span class='ocrx_word' id='word_1_833' title='bbox 1256 2696 1340 2721; x_wconf 84' lang='lat' dir='ltr'><strong>sancti</strong></span> <span class='ocrx_word' id='word_1_834' title='bbox 1357 2694 1474 2721; x_wconf 58' lang='lat' dir='ltr'><strong>Matthxi</strong></span> <span class='ocrx_word' id='word_1_835' title='bbox 1495 2694 1596 2728; x_wconf 83' lang='lat' dir='ltr'><strong>aliquid</strong></span> <span class='ocrx_word' id='word_1_836' title='bbox 1619 2695 1740 2721; x_wconf 77' lang='lat' dir='ltr'><strong>ecclesia:</strong></span> <span class='ocrx_word' id='word_1_837' title='bbox 1763 2694 1895 2721; x_wconf 87' lang='lat' dir='ltr'><strong>abhatiali</strong></span> 
     </span>
    </p>
   </div>
   <div class='ocr_carea' id='block_1_118' title="bbox 1108 2738 1895 2775">
    <p class='ocr_par' dir='ltr' id='par_1_118' title="bbox 1108 2738 1895 2775">
     <span class='ocr_line' id='line_1_118' title="bbox 1108 2738 1895 2775; baseline 0 -10"><span class='ocrx_word' id='word_1_838' title='bbox 1108 2738 1136 2767; x_wconf 88' lang='lat' dir='ltr'><strong>S.</strong></span> <span class='ocrx_word' id='word_1_839' title='bbox 1151 2739 1359 2770; x_wconf 80' lang='lat' dir='ltr'><strong>Panthaleonis;</strong></span> <span class='ocrx_word' id='word_1_840' title='bbox 1374 2748 1433 2775; x_wconf 67' lang='lat' dir='ltr'><strong>pag.</strong></span> <span class='ocrx_word' id='word_1_841' title='bbox 1454 2741 1515 2771; x_wconf 66' lang='grc'><strong>112,</strong></span> <span class='ocrx_word' id='word_1_842' title='bbox 1531 2740 1632 2774; x_wconf 87' lang='lat' dir='ltr'><strong>aliquid</strong></span> <span class='ocrx_word' id='word_1_843' title='bbox 1654 2740 1826 2774; x_wconf 78' lang='lat' dir='ltr'><strong>reliquiarum</strong></span> <span class='ocrx_word' id='word_1_844' title='bbox 1845 2747 1877 2774; x_wconf 92' lang='lat' dir='ltr'><strong>pa</strong></span> <span class='ocrx_word' id='word_1_845' title='bbox 1889 2754 1895 2759; x_wconf 83' lang='lat'><strong><em>~</em></strong></span> 
     </span>
    </p>
   </div>
   <div class='ocr_carea' id='block_1_119' title="bbox 1108 2786 1894 2821">
    <p class='ocr_par' dir='ltr' id='par_1_119' title="bbox 1108 2786 1894 2821">
     <span class='ocr_line' id='line_1_119' title="bbox 1108 2786 1894 2821; baseline 0.003 -10"><span class='ocrx_word' id='word_1_846' title='bbox 1108 2786 1218 2812; x_wconf 78' lang='lat' dir='ltr'><strong>recliiali</strong></span> <span class='ocrx_word' id='word_1_847' title='bbox 1240 2787 1363 2813; x_wconf 77' lang='lat' dir='ltr'><strong>ccclesiLe</strong></span> <span class='ocrx_word' id='word_1_848' title='bbox 1379 2787 1406 2814; x_wconf 76' lang='lat' dir='ltr'><strong>S.</strong></span> <span class='ocrx_word' id='word_1_849' title='bbox 1426 2786 1505 2821; x_wconf 81' lang='lat' dir='ltr'><strong>Lupi,</strong></span> <span class='ocrx_word' id='word_1_850' title='bbox 1524 2787 1560 2813; x_wconf 90' lang='lat' dir='ltr'><strong>uti</strong></span> <span class='ocrx_word' id='word_1_851' title='bbox 1576 2791 1602 2813; x_wconf 89' lang='lat' dir='ltr'><strong>ct</strong></span> <span class='ocrx_word' id='word_1_852' title='bbox 1622 2795 1682 2821; x_wconf 83' lang='lat' dir='ltr'><strong>pag.</strong></span> <span class='ocrx_word' id='word_1_853' title='bbox 1701 2787 1753 2813; x_wconf 69' lang='grc'><strong>412</strong></span> <span class='ocrx_word' id='word_1_854' title='bbox 1768 2787 1894 2814; x_wconf 75' lang='lat' dir='ltr'><strong>ecclesia:</strong></span> 
     </span>
    </p>
   </div>
   <div class='ocr_carea' id='block_1_120' title="bbox 1106 2831 1892 2868">
    <p class='ocr_par' dir='ltr' id='par_1_120' title="bbox 1106 2831 1892 2868">
     <span class='ocr_line' id='line_1_120' title="bbox 1106 2831 1892 2868; baseline 0.003 -10"><span class='ocrx_word' id='word_1_855' title='bbox 1106 2831 1133 2858; x_wconf 90' lang='lat' dir='ltr'><strong>S.</strong></span> <span class='ocrx_word' id='word_1_856' title='bbox 1150 2831 1302 2860; x_wconf 67' lang='lat' dir='ltr'><strong>Catharinm</strong></span> <span class='ocrx_word' id='word_1_857' title='bbox 1320 2833 1428 2862; x_wconf 84' lang='lat' dir='ltr'><strong>Ordinis</strong></span> <span class='ocrx_word' id='word_1_858' title='bbox 1453 2833 1675 2866; x_wconf 84' lang='lat' dir='ltr'><strong>Tcutonicorum,</strong></span> <span class='ocrx_word' id='word_1_859' title='bbox 1699 2842 1757 2868; x_wconf 82' lang='lat' dir='ltr'><strong>pag.</strong></span> <span class='ocrx_word' id='word_1_860' title='bbox 1773 2833 1826 2860; x_wconf 70' lang='lat'><strong>456</strong></span> <span class='ocrx_word' id='word_1_861' title='bbox 1843 2841 1892 2860; x_wconf 89' lang='lat' dir='ltr'><strong>ec-</strong></span> 
     </span>
    </p>
   </div>
  </div>
