2047 3152
149 150 200 182 809

797 151 883 181 VlTA
906 151 937 181 ς.
960 151 1151 184 ΜᾹΤΤΗίΕῐ.

1716 159 1770 191 8⁸0

149 207 238 233 ctesix
259 205 494 239 Cartusianorum,
515 214 575 242 pag.
593 207 645 234 485
661 207 782 235 ecclesia.-
805 208 935 236 Carmeli-
949 212 972 238 Α
988 209 1073 235 tensis
1089 209 1114 235 in
1132 209 1275 238 Brabantia
1291 219 1376 248 prope
1388 213 1548 243 Iovmium.
1565 215 1628 244 Haec
1642 216 1769 244 laudatus

151 257 250 282 larum,
270 259 330 286 pag.
347 252 397 278 547
413 252 532 280 ecclesia:
557 252 586 280 S.
607 252 746 280 Maximini
775 254 934 280 monialium

149 297 254 324 ordinis
271 298 472 332 Augustiniani,
487 307 548 334 pag.
565 298 620 326 660
635 299 758 327 ecclesia:
777 299 934 326 monialium

149 344 271 378 ejusdem
283 344 386 371 ordinis
399 345 425 371 in
441 345 543 380 majore
554 345 698 375 Nazareth.
712 353 775 381 pag.
787 346 839 373 581
850 345 937 374 eccle-

153 389 198 416 sia:
214 389 243 426 S.
264 389 398 417 Vintentii
416 392 501 418 tertiae
517 392 627 427 Regulae
639 392 667 419 S.
687 391 834 424 Francisci,
847 397 874 419 ct
888 393 935 419 de-

151 443 225 462 ntum
241 443 303 471 pag.
318 437 368 463 627
384 437 483 464 sacello
498 438 526 465 S.
544 438 706 473 Margaritzc.
723 440 756 466 At
771 447 866 466 omnes
880 439 937 466 istae

151 481 267 509 modum
291 483 418 510 videntur
441 491 502 510 esse
525 484 674 519 particulae,
699 489 728 511 ut
754 485 935 512 diliicultatctn

151 533 283 552 numerus
301 526 402 553 nullam
419 527 512 561 pariat.

186 571 231 598 99.
255 572 281 598 In
300 571 390 607 Belgio
407 577 500 599 nostro
522 573 645 608 plurimis
663 574 742 601 etiam
760 574 826 600 locis
842 579 935 600 osten-

152 617 255 644 duntur
270 618 356 644 sancti
383 618 500 644 Matthzci
527 619 658 653 reliquiae,
683 620 806 654 interque
821 628 867 647 eas
885 627 935 646 una

150 664 228 690 valde
240 664 380 691 natabilis.
393 663 425 690 Et
440 672 506 691 sane
525 665 678 692 mirandum
697 666 799 693 nemini
814 671 897 697 esset,
913 666 936 692 si

149 711 181 737 de
199 710 281 744 hujus
305 711 418 742 apostoli
438 711 560 744 reliquiis
587 712 646 745 plus
667 712 807 746 obtigisset
832 711 935 746 Belgio,

149 764 231 790 quam
248 757 307 783 aliis
328 757 486 791 provinciis,
500 765 561 784 cutn
581 758 693 784 (Zarolus
709 757 727 784 γ
746 759 893 792 imperator
910 759 936 784 in

150 801 243 837 Belgio
258 807 339 828 natus
349 807 376 828 et
391 809 460 836 stcpe
474 803 571 837 degere
584 803 678 830 solitus
692 804 735 835 sit,
753 804 878 838 idemque
890 804 938 830 ali-

150 848 261 882 quando
278 848 384 874 Salerni
405 848 494 880 fuerit,
512 850 556 875 uin
582 857 628 876 eas
653 850 774 884 accipere
797 850 894 883 potuit,
910 856 936 876 ct

149 893 212 919 inde
223 894 251 920 in
268 892 388 928 Belgium
401 899 509 928 portare
523 899 570 920 aut
584 895 776 922 transmittere.
794 896 859 922 Altis
870 905 936 930 qno-
950 883 974 912 Β

150 945 204 971 que
218 938 307 964 modis
323 938 444 972 reliquizc
459 939 546 965 sancti
572 939 687 966 lilalthtci
709 941 733 966 in
752 940 870 975 ltelgiutn
889 943 934 968 diu

149 990 212 1011 ante
227 984 368 1010 transferri
386 990 541 1019 potuerunt.
559 986 593 1011 At
617 987 753 1019 quomodo
776 987 862 1013 aliaue
878 988 936 1014 iue-

149 1030 214 1061 rint,
233 1037 288 1056 non
307 1029 416 1056 invenio
433 1030 501 1064 apud
522 1029 673 1064 llaySSium,
689 1031 734 1065 qui
755 1038 801 1057 cas
814 1037 936 1058 reccnset

148 1077 175 1102 in
196 1075 472 1111 llierogazophylucio
489 1075 603 1110 Belgica.
623 1076 740 1103 l’rimutn
758 1082 831 1104 certe
847 1078 935 1105 locum

149 1127 270 1149 tueretur
283 1128 364 1156 caput
378 1123 479 1154 Sancti,
497 1124 567 1157 quod
584 1131 645 1158 pag.
661 1123 713 1149 394
731 1124 853 1150 attribuit
872 1132 936 1150 ora-

150 1170 219 1196 torio
231 1169 301 1196 aula:
323 1168 506 1195 Bruxeliensis
530 1169 573 1195 his
588 1169 696 1196 verbis:
715 1179 723 1194 ι
745 1169 845 1196 Locum
865 1170 937 1197 hunc

150 1220 281 1250 prmtcrea
305 1215 402 1241 tnirutn
427 1215 454 1241 in
479 1215 587 1242 modum
606 1220 734 1242 venustat
755 1224 845 1243 rarum
872 1217 935 1243 illud

150 1262 259 1296 pignus,
274 1261 438 1288 sanctissimi
456 1261 579 1288 videlicet
594 1262 709 1296 aposto|i
725 1266 751 1288 et
764 1262 936 1297 evangcltsta:

150 1309 269 1335 Hatthaei
283 1313 364 1342 caput
380 1308 524 1342 integrum,
544 1313 653 1342 sumptu
671 1313 695 1334 et
715 1308 804 1335 valore
821 1310 936 1335 maximo

150 1355 288 1382 reclusum
303 1354 329 1380 itt
346 1359 474 1388 argentea
488 1353 616 1387 imagine,
635 1354 761 1380 cntndctn
783 1355 935 1388 apostolum

149 1406 259 1434 pectore
277 1406 365 1432 tenus,
381 1400 531 1426 naturalem
545 1400 661 1426 hominis
674 1399 844 1426 altitudinem
858 1407 937 1427 exce-

150 1449 260 1473 dentem
281 1446 428 1477 referente,
446 1446 518 1472 circa
539 1446 617 1480 cujus
636 1445 764 1473 humeros
780 1446 934 1473 circumvo-

149 1492 230 1518 htans
242 1491 354 1526 angelus
368 1489 592 1516 atramentarium
608 1490 644 1516 illi
660 1490 797 1516 vasculum
811 1491 934 1526 porrigit.

989 254 1127 288 Rayssius.
1143 257 1187 290 qni
1205 261 1232 283 et
1248 257 1356 286 dentem
1372 259 1484 295 Elnonc,
1500 263 1557 290 sive
1572 263 1598 288 in
1613 262 1641 289 S.
1654 262 1768 291 Amandi

987 301 1123 333 emnobio,
1133 302 1187 336 jam
1199 310 1279 338 supra
1295 311 1486 340 memoratum,
1498 308 1619 343 reliquiis
1632 315 1769 337 aceenset.

1025 347 1084 374 100.
1106 347 1227 376 Transeo
1251 350 1277 376 in
1302 350 1427 384 Galliam.
1448 354 1492 380 ubi
1509 355 1592 381 variis
1618 355 1684 383 loris
1706 364 1771 383 cre-

987 392 1055 419 dunt
1071 401 1100 420 sc
1117 394 1216 422 habere
1239 401 1320 431 caput
1346 399 1431 425 sancti
1459 399 1587 427 Matthzci.
1604 401 1731 429 Albanus
1746 403 1770 429 le

987 438 1078 466 Grand
1093 440 1120 466 in
1134 448 1215 475 opere
1226 441 1328 469 Gallico
1348 443 1382 470 de
1398 445 1500 471 sanctis
1515 445 1661 474 Britanniae
1676 448 1771 474 Armo-

989 485 1051 511 ricae
1069 494 1129 521 pag.
1145 487 1197 514 600
1221 488 1247 514 in
1267 488 1324 515 \‘ita
1348 491 1376 516 δ.
1396 490 1529 525 Tanguidi
1555 492 1660 519 abbatis
1676 493 1770 525 refert,

988 536 1070 565 caput
1086 534 1171 560 sancti
1188 533 1305 562 Matthsci
1321 536 1421 563 suacqu
1438 545 1462 563 rt
1476 544 1525 572 per
1541 542 1707 565 mercatores
1721 540 1770 566 Ar-

989 578 1107 604 moricos
1135 580 1287 608 clanculum
1322 582 1405 609 fuisse
1433 583 1551 610 ablatum
1582 591 1614 611 cx
1645 585 1770 620 Egi-pta,

989 625 1205 660 translatumqu
1221 627 1246 653 in
1261 627 1426 655 Britanniam
1446 629 1623 662 Armoricam,
1641 631 1733 665 ibique
1745 631 1771 657 in

989 669 1100 696 dioecesi
1115 670 1247 699 Le0nensi
1262 679 1447 701 constructum
1462 677 1667 709 monasterium,
1681 678 1706 703 in
1718 685 1772 712 quo

989 715 1073 741 sancti
1090 721 1172 750 caput
1192 718 1271 744 fuerit
1282 718 1446 753 depositum.
1463 720 1544 748 Addit
1558 723 1694 756 geminum
1708 730 1772 757 pro-

947 795 950 797 _
988 760 1100 796 digium,
1134 763 1260 790 videlicet
1288 765 1428 799 scopulum
1456 765 1482 792 in
1514 767 1583 793 mari
1620 772 1772 794 exstantem

990 806 1073 834 fuisse
1101 816 1115 834 a
1143 809 1204 836 navi
1238 814 1409 845 perruptum,
1445 811 1510 838 dum
1544 816 1625 846 caput
1654 813 1774 840 adt-ehe-

989 853 1088 886 batur;
1107 855 1220 882 alterum
1239 855 1266 882 in
1287 858 1491 885 constructione
1505 859 1662 885 monasterii
1683 864 1773 893 patra-

988 905 1044 926 tum
1058 909 1066 934 ;
1082 901 1128 928 sed
1148 907 1291 937 utrumque
1307 903 1409 938 indiget
1421 903 1590 931 documentis
1605 904 1688 930 multo
1702 905 1772 931 anti-

988 948 1139 980 quioribus.
1151 957 1231 984 qnam
1243 949 1357 984 proferri
1374 950 1488 984 possint.
1505 956 1535 977 ut
1546 951 1625 977 iidem
1642 951 1770 977 inveniat.

989 993 1047 1028 Ipsa
1063 1002 1170 1029 quoque
1186 995 1276 1022 allatio
1291 996 1389 1028 capitis
1404 1004 1436 1022 ex
1454 996 1569 1031 Aigypto
1586 1004 1639 1023 non
1664 997 1773 1024 videtur

988 1040 1088 1067 certior
1111 1048 1191 1074 quam
1208 1046 1270 1067 ante
1286 1046 1434 1068 memorata
1450 1043 1571 1076 corporis
1584 1050 1616 1068 cx
1634 1042 1771 1077 AZIhiopia

988 1087 1138 1113 translatio.
1152 1086 1342 1114 Verumtamen
1355 1088 1452 1115 dictam
1464 1088 1559 1122 capitis
1570 1089 1771 1115 translationem

988 1138 1102 1160 narrant
1119 1133 1198 1159 etiam
1214 1132 1327 1161 Carolus
1344 1134 1367 1160 le
1381 1133 1476 1161 Cointc
1494 1134 1520 1160 in
1534 1134 1678 1161 Annalibus
1693 1134 1773 1161 πεῖρ-

988 1179 1100 1206 siasticis
1120 1179 1291 1209 Francorum.
1308 1181 1341 1207 ad
1362 1188 1463 1207 annuat
1486 1180 1547 1213 555.
1564 1188 1641 1207 num.
1659 1181 1702 1212 2|,
1719 1180 1773 1207 Lu-

988 1225 1100 1253 dovicus
1127 1225 1239 1252 Bulteatt
1267 1226 1293 1252 in
1317 1226 1478 1260 Compendio
1511 1226 1642 1253 Ilislort'co
1673 1227 1772 1253 ordinis

988 1270 1016 1297 S.
1037 1271 1180 1302 Benedicti,
1199 1271 1245 1298 lib.
1274 1279 1302 1301 ιι.
1317 1279 1377 1306 cap.
1394 1272 1438 1304 28,
1454 1280 1530 1299 num.
1543 1272 1572 1302 '2.
1596 1272 1634 1299 uti
1658 1277 1685 1299 et
1705 1280 1773 1299 con-

989 1317 1165 1344 structionem
1185 1317 1352 1347 monasterii.
1371 1323 1466 1345 sancto
1484 1318 1606 1346 Mattltaao
1623 1319 1715 1349 dicati.
1738 1319 1773 1345 de

988 1370 1040 1396 qua
1057 1363 1152 1396 nequit
1167 1363 1293 1389 dubitari.
1311 1363 1492 1394 Maliillonitts,
1512 1364 1539 1390 in
1557 1365 1703 1391 Annalibus
1721 1365 1773 1392 Ile-

988 1409 1137 1436 nedicliuis.
1154 1413 1218 1435 tom.
1238 1409 1258 1440 1,
1274 1417 1334 1443 pag.
1351 1410 1399 1436 152
1409 1411 1442 1436 ad
1455 1418 1556 1437 annum
1571 1411 1623 1438 565
1638 1411 1774 1439 l'ttndatic-

989 1461 1050 1480 ncm
1064 1455 1218 1481 monasterii
1233 1455 1352 1488 exponit.
1365 1455 1397 1481 de
1415 1455 1588 1483 translatione
1601 1464 1664 1483 vero
1675 1457 1772 1490 capitis

989 1500 1074 1526 sancti
1102 1499 1220 1526 Matthzri
1250 1500 1406 1527 dubitanter
1440 1501 1558 1536 loquitur
1582 1502 1633 1529 hoc
1663 1503 1771 1529 modo:

152 1536 271 1570 L'rigitur
287 1536 314 1561 in
332 1535 466 1570 prmdiriti
481 1542 512 1561 ex
529 1535 618 1561 ebeno
631 1539 754 1568 pegmata
768 1534 936 1560 artiﬁciosis-

992 1554 1001 1569 ‹
1019 1544 1086 1570 Dein
1115 1545 1279 1572 monasteria
1301 1553 1315 1571 a
1332 1545 1414 1572 Paulo
1439 1547 1577 1581 (episcopo
1602 1547 1772 1582 Legioucnsi,

149 1583 217 1609 siue
231 1582 381 1613 elaborato,
396 1582 421 1608 in
436 1589 490 1616 quo
507 1580 642 1615 prmcipua
660 1580 724 1607 dicti
746 1580 862 1615 apostoli
884 1581 935 1607 mi-

150 1629 240 1655 racula
257 1628 393 1662 argenteis
410 1627 511 1654 crustis
528 1631 555 1653 et
568 1626 675 1653 laminis
689 1625 788 1657 incisa,
807 1627 936 1660 variaque

149 1676 213 1701 artis
229 1674 365 1709 elegantia
388 1673 568 1700 condecorata
593 1672 822 1706 complectuntur.
851 1673 936 1702 Idem.

148 1729 208 1756 pag.
229 1720 292 1752 465,
306 1720 435 1746 adscribit
448 1727 509 1746 ossa
528 1719 614 1746 sancti
630 1719 762 1751 Matthzei,
780 1719 805 1745 id
821 1724 872 1750 est,
890 1719 938 1745 ali-

149 1768 213 1802 quid
237 1775 270 1794 ex
289 1767 407 1799 ossibus,
431 1766 552 1793 ecclesia:
575 1766 722 1801 collegiata:
738 1765 766 1792 S.
788 1765 937 1792 Salvatoris

149 1813 246 1848 Brugis
262 1814 288 1839 in
314 1812 457 1840 Flandria:
474 1819 582 1838 rursum
602 1819 660 1845 pag.
677 1812 738 1843 5M,
752 1811 874 1838 CCt'lCSlIc
889 1819 936 1837 ca-

149 1859 267 1886 thedrali
283 1858 449 1886 Tornaccnsi
463 1859 496 1885 de
514 1862 608 1885 sancto
624 1857 750 1884 Mattltmo
771 1857 894 1891 apostolo
909 1862 937 1883 ct

148 1905 315 1940 evangelista
337 1904 391 1931 duo
407 1911 480 1936 ossa,
499 1911 582 1930 unum
607 1903 719 1937 grande.
739 1903 812 1929 aliud
833 1903 937 1929 medio-

147 1959 212 1984 ere;
241 1960 251 1976 ι
280 1958 342 1985 pag.
370 1950 432 1980 451,
457 1949 589 1976 ltutilcnsi
615 1948 747 1975 Cartusim
772 1949 806 1975 ad
835 1948 935 1974 Mosam

148 1997 217 2032 (lege
232 1995 383 2031 Mesellam)
402 1996 428 2022 in
447 1996 547 2022 ducatu
575 1995 805 2030 Luxcmbnrgcnsi
822 2004 830 2019 ‹
850 1994 936 2021 sancti

149 2041 268 2069 Matthtei
293 2040 408 2076 apostoli
441 2046 469 2067 et
496 2040 670 2075 evangelista:
701 2048 732 2067 os
755 2048 894 2075 magnum,
924 2050 932 2064 ι

146 2096 208 2123 pag.
231 2087 284 2114 450
308 2087 422 2114 abbatite
446 2086 664 2121 Pltaleutpinensi
691 2087 794 2113 Ordinis
822 2087 849 2113 S.
880 2088 937 2113 Au-

145 2133 250 2168 gustini
275 2133 301 2158 itt
329 2131 455 2158 Flandria
477 2138 636 2166 argenteum
664 2131 814 2164 brachium,
843 2141 852 2157 ι
873 2131 934 2162 L'bi,

148 2179 249 2213 inquit,
273 2186 282 2202 ί
310 2178 409 2204 exinnia
428 2185 492 2211 pars
507 2177 609 2204 brachii
634 2176 661 2203 S.
678 2176 832 2205 Matthxi...
845 2185 934 2204 asser-

145 2231 243 2257 vatur;
265 2234 275 2250 ι
297 2230 324 2251 et
341 2231 403 2259 pag.
427 2223 478 2250 2:6
503 2223 628 2250 nonnihil
646 2223 680 2250 de
702 2223 824 2258 reliquiis
848 2224 933 2250 sancti
952 2225 975 2254 1)

144 2271 278 2300 Matthxi,
299 2271 441 2297 obtentum
453 2269 524 2297 dono
538 2269 687 2304 Margaritaa
706 2270 837 2304 principis
855 2270 932 2297 Flan'

143 2319 223 2351 ἀπίω,
251 2318 346 2345 haberi
372 2317 441 2345 dicit
466 2317 493 2344 in
516 2317 623 2344 abbatia
651 2315 773 2344 Flincnsi
802 2317 934 2351 virginum

143 2364 383 2392 Cisterciensium.
402 2362 544 2390 Lzetiensis
558 2368 585 2389 et
602 2362 794 2390 Mariccllensis
807 2363 933 2395 abbatizr,

144 2409 234 2436 amba:
258 2408 439 2435 Benedictum
458 2407 484 2434 in
508 2409 662 2438 Hannonia,
687 2407 788 2442 aliquid
810 2407 936 2435 similiter

145 2455 180 2482 de
200 2455 311 2481 ossibus
335 2453 422 2480 sancti
450 2453 566 2480 Matttnei
590 2454 728 2487 possidere
758 2461 787 2481 se
807 2455 933 2482 creduat.

144 2500 233 2527 Priori
249 2507 309 2534 pag.
321 2498 374 2525 279
389 2497 517 2534 Rayssius
535 2499 629 2525 tribuit
641 2505 744 2534 partem
759 2499 834 2533 digiti
847 2499 935 2526 sancti

144 2547 267 2574 llatthaei
286 2545 401 2580 apostoli
419 2550 447 2572 et
468 2545 640 2580 evangelista:
667 2553 720 2572 una
745 2553 807 2572 cum
835 2554 933 2577 carne;

144 2593 222 2620 alteri
242 2600 303 2627 pag.
324 2591 377 2618 296
391 2591 492 2626 aliquid
506 2591 540 2618 de
563 2595 637 2618 costa
652 2591 786 2625 ejusdem.
802 2591 934 2619 Canonici

145 2639 252 2666 ordinis
269 2638 298 2665 S.
314 2637 457 2672 Augustini
484 2637 510 2663 in
534 2638 640 2676 abbatia
661 2637 689 2664 S.
705 2637 809 2664 Nicolai
833 2637 934 2673 Ognia-

145 2684 238 2712 censis
252 2684 286 2710 ad
303 2683 396 2710 Sabim
415 2682 529 2712 habens.
547 2683 643 2710 eodem
658 2687 725 2710 teste
739 2691 800 2719 pag.
815 2684 878 2715 587,
895 2685 934 2710 al-

147 2734 206 2756 tare
232 2729 358 2763 portatile
381 2728 477 2755 Jacobi
502 2727 536 2755 de
564 2727 682 2755 Vitriaco
700 2729 728 2756 S.
744 2728 776 2754 lt.
798 2729 829 2756 E.
845 2729 934 2756 cardi-

147 2774 229 2807 nalis,
259 2774 286 2800 in
321 2780 408 2805 eoque
435 2781 497 2800 cum
523 2774 585 2800 aliis
614 2773 734 2808 reliquiis
768 2774 869 2808 aliquid
900 2775 934 2802 de

146 2821 176 2847 S.
210 2820 354 2852 illatthaeo;
386 2820 420 2846 de
441 2828 495 2854 quo
521 2820 648 2847 nonnihil
676 2821 785 2848 demum
811 2821 935 2848 attribuit

146 2874 206 2906 pag.
235 2867 283 2893 101
317 2865 433 2892 abbatia:
455 2865 582 2893 Parcensi
607 2867 710 2894 ordinis
736 2866 934 2895 Prtetnonstra-

352 2916 487 2946 I'ATBOL-
510 2915 531 2946 G
539 2917 568 2946 [ι’.
590 2917 682 2947 CXV.

989 1591 1023 1617 de
1039 1598 1093 1624 quo
1104 1591 1174 1625 apud
1194 1599 1243 1618 nos
1255 1596 1343 1618 actum
1360 1597 1425 1618 tom.
1443 1592 1477 1623 ll,
1499 1591 1587 1618 Martii
1601 1601 1614 1618 τι
1635 1601 1696 1627 pag.
1711 1593 1772 1626 108)

988 1643 1154 1666 constructa.
1180 1638 1205 1664 in
1229 1639 1322 1672 pritnis
1343 1639 1524 1670 Cerbercnse.
1547 1640 1590 1666 cui
1617 1640 1774 1675 Tanguidus

989 1684 1073 1711 abbas
1089 1684 1241 1718 przcl'cctus.
1257 1684 1279 1711 is
1298 1684 1343 1718 qui
1361 1684 1388 1711 S.
1405 1685 1520 1712 Matthmi
1538 1687 1731 1713 monasterium
1745 1687 1771 1712 in

988 1735 1111 1756 extremo
1140 1730 1287 1756 Armoricae
1310 1730 1380 1764 apud
1407 1730 1562 1758 Lconrnscs
1589 1732 1773 1764 promontorio

980 1777 1039 1802 .sub
1061 1776 1178 1802 medium
1202 1776 1328 1803 smculum
1355 1781 1459 1803 sextum
1483 1778 1665 1804 construxisse
1682 1777 1774 1812 perhi-

988 1822 1077 1854 betur,
1093 1821 1128 1848 ob
1144 1821 1168 1848 id
1190 1822 1216 1848 in
1236 1821 1456 1849 Finibus-Temo
1476 1822 1707 1856 cOgnominatum.
1722 1821 1774 1850 0c-

989 1867 1126 1893 casioncm
1142 1867 1251 1893 tradunt
1268 1869 1352 1894 sancti
1369 1867 1484 1901 apostoli
1501 1872 1581 1901 caput
1608 1876 1639 1894 ex
1656 1867 1773 1903 Aigypto

988 1921 1002 1939 a
1027 1913 1190 1947 quihusdam
1214 1914 1411 1940 mercatoribus
1436 1913 1622 1940 Leonensibns
1650 1915 1772 1941 allatum.

989 1958 1092 1985 Nurum
1107 1958 1266 1984 asceterium
1281 1959 1450 1985 consecravit
1467 1959 1576 1989 Paulus,
1599 1967 1686 1994 eoquo
1701 1961 1773 1986 Tan-

988 2005 1084 2040 guidus
1095 2012 1110 2031 e
1123 2003 1288 2031 Gerberensi
1302 2005 1478 2036 monasterio,
1492 2005 1534 2031 cui
1550 2005 1698 2032 lielecense
1711 2014 1773 2033 suc-

988 2051 1079 2080 cessit,
1097 2050 1230 2077 coloniam
1244 2050 1333 2077 duxit.
1351 2050 1457 2077 Perstat
1474 2051 1506 2077 ad
1527 2055 1649 2078 nostrum
1667 2055 1772 2086 tempus

989 2096 1016 2122 S.
1042 2096 1158 2123 Matthrei
1186 2095 1381 2122 monasterium
1396 2097 1446 2122 sub
1472 2096 1500 2122 S.
1524 2095 1608 2122 Mauri
1627 2088 1774 2133 congrega-

989 2143 1072 2174 tione,
1090 2143 1181 2173 situm,
1197 2148 1300 2170 ut'mox
1314 2143 1446 2175 dicebam,
1464 2144 1489 2170 in
1505 2143 1614 2171 dioecesi
1628 2143 1772 2175 Leonensi.

988 2189 1061 2216 haud
1077 2190 1171 2224 procul
1184 2197 1198 2216 a
1212 2189 1368 2225 Conquitto,
1389 2191 1470 2225 paulo
1484 2190 1592 2226 longius
1607 2199 1621 2218 a
1635 2191 1772 2220 Brestensi

988 2237 1165 2264 celeberrimo
1184 2243 1274 2272 porttt.
1295 2238 1373 2265 Nulla
1398 2238 1454 2265 fere
1479 2239 1512 2266 de
1530 2239 1581 2266 hoc
1606 2242 1773 2267 monasterio

989 2288 1078 2309 vctcra
1094 2288 1271 2310 monumenta
1288 2289 1431 2317 supersunt
1458 2288 1517 2317 post
1533 2283 1619 2310 varias
1633 2285 1666 2311 ab
1679 2284 1773 2319 Anglis

987 2328 1074 2354 tllatas
1091 2329 1200 2361 clades;
1218 2329 1325 2355 tametsi
1351 2329 1491 2363 antiquum
1515 2330 1574 2363 ejus
1598 2330 1771 2364 splendorem

987 2374 1076 2407 arguit
1089 2374 1203 2409 insignis
1219 2373 1342 2404 basilica.
1362 2381 1422 2408 qnte
1438 2374 1520 2401 variis
1537 2379 1692 2402 sanctorum
1709 2375 1772 2402 reli-

987 2418 1058 2453 quiis
1075 2424 1170 2446 ornata
1196 2424 1247 2446 est.
1271 2429 1280 2445 ι
1302 2419 1436 2446 Creterum
1465 2420 1605 2454 persuasio
1628 2421 1662 2447 de
1686 2422 1772 2456 capite

987 2465 1073 2492 sancti
1092 2465 1208 2491 Matthxi
1225 2470 1333 2492 servato
1346 2466 1372 2492 in
1391 2466 1437 2492 illo
1448 2467 1613 2494 monasterio
1628 2467 1772 2502 viguitsal-

987 2515 1041 2536 tcm
1065 2518 1080 2537 a
1105 2511 1204 2537 sa'culo
1219 2519 1289 2537 xm:
1315 2519 1377 2538 natn
1399 2511 1541 2540 Matthazus
1556 2512 1771 2541 Westmonaste-

988 2555 1085 2583 riensis
1098 2556 1130 2582 ad
1147 2563 1248 2584 annum
1267 2556 1336 2584 t295
1351 2557 1385 2584 de
1400 2558 1485 2585 classe
1500 2558 1646 2594 Anglorum
1663 2566 1696 2586 eo
1711 2566 1771 2593 per-

988 2601 1052 2632 lata,
1074 2602 1239 2636 fugientibus
1262 2602 1360 2629 incolis
1379 2604 1547 2636 monasterii,
1573 2605 1630 2631 lucc
1654 2602 1769 2631 scribit:

989 2653 999 2669 ι
1012 2645 1074 2672 Post
1084 2646 1280 2673 hrecahbatiam
1292 2647 1321 2674 ς.
1335 2647 1451 2674 Mattlnei
1463 2649 1637 2682 quamplures
1647 2649 1771 2684 ingressi.

986 2690 1168 2718 ecclesiastica
1192 2692 1316 2719 utensilia
1342 2701 1403 2719 cum
1426 2694 1515 2728 capite
1540 2694 1660 2728 ejusdem
1685 2695 1771 2721 sancti

986 2736 1076 2762 ablato
1092 2737 1125 2763 ad
1142 2736 1282 2764 dominum
1308 2739 1496 2766 Eadnmndum
1515 2739 1611 2766 ducem
1635 2739 1771 2766 exercitus

952 2806 957 2811 ,
986 2782 1170 2809 contulerunt.
1187 2782 1251 2815 Qua;
1275 2785 1365 2811 omnia
1381 2789 1548 2820 sequestrata
1564 2784 1629 2812 fecit
1645 2784 1771 2812 dominus

986 2827 1162 2856 Eadmundus
1180 2829 1245 2855 viris
1260 2830 1451 2859 ecclesiasticis
1465 2831 1621 2859 restaurari.
1641 2840 1650 2857 ι
1672 2830 1711 2858 Ex
1728 2831 1771 2858 hts

988 2879 1080 2902 tamen
1098 2879 1170 2902 recte
1195 2875 1293 2903 deduci
1316 2877 1418 2912 nequit,
1442 2877 1576 2912 integrum
1596 2884 1656 2905 esse
1675 2883 1768 2912 caput,

1572 2923 1609 2954 26
