2047 3152
289 146 337 178 Sil

900 146 1042 176 MENSIS
1062 146 1299 179 SEPTEMBEB.

1854 154 1911 185 812

289 205 359 240 quod
386 204 484 232 ibidem
503 204 619 232 habetur
644 212 694 239 pro
719 204 808 240 rapite
833 204 917 232 sancti
937 204 1073 236 Matthtei;
1091 207 1111 233 A
1128 213 1203 231 num.
1236 205 1322 240 Ilugo,
1352 206 1377 232 in
1413 207 1559 234 Annalibus
1596 207 1912 243 Prtentonalratenlibus,

289 258 377 285 neque
391 251 462 278 enim
482 250 507 278 id
520 252 618 278 asserit
631 250 942 278 Westmonasteriensis.
957 250 998 277 An
1009 258 1073 277 vero

288 302 369 332 caput
386 297 462 330 illud,
477 296 548 331 quod
573 297 609 324 ibi
633 296 759 329 habetur,
784 296 818 323 sit
834 296 919 324 sancti
943 295 1072 327 Matthxi,

288 351 342 370 non
355 343 473 377 inquiro.

324 389 384 415 IOI.
415 388 538 415 Andreas
556 387 706 423 Saussayus
730 388 758 414 in
786 387 974 423 Martyrologio
990 387 1071 414 Galli-

288 441 356 460 (ano
370 432 402 460 ad
414 433 444 459 Ἦ
459 431 625 467 Septembris
640 432 777 460 consentit
791 439 853 458 cum
868 430 1004 459 sententia
1016 430 1074 457 fere

288 478 423 505 communi
450 478 483 504 de
502 485 614 512 corpore
643 478 729 505 sancti
756 477 898 504 Salernum
927 476 1072 508 translato;

289 523 417 558 additque
434 531 440 549 :
462 532 470 548 ι
491 523 511 549 E
529 531 582 558 quo
609 524 743 558 (corpore)
767 527 925 557 excerptum
942 529 1074 549 verteran—

288 569 351 596 dum
368 573 459 603 caput.
478 568 581 603 pridem
597 568 623 594 in
636 568 748 595 Galliam
764 567 882 594 delatum
898 567 960 598 fuit,
978 574 1073 594 recon-

288 614 430 648 ditnmque
453 614 479 640 in
503 621 609 640 summa
633 613 744 640 basilica
762 612 956 644 Bellovaeensi,
978 613 1006 639 in
1021 619 1074 646 qua

288 660 395 695 egregio
408 661 481 686 cultu
498 663 684 690 conservatur,
701 659 810 693 dempto
824 659 934 690 vertice,
949 658 993 692 qui
1006 657 1071 684 Car-

289 707 347 732 nuti
365 707 392 732 in
407 705 525 732 sacrario
547 705 645 732 nobilis
660 705 726 732 tedis
742 704 862 739 Virginis
878 705 998 738 Deiparaa
1016 711 1074 730 ma-

289 760 340 786 gna
357 760 417 778 eum
434 751 606 779 veneratione
622 751 747 779 habetur.
767 761 776 778 ι
794 752 822 778 In
841 750 999 785 Neerologio
1015 749 1076 777 Bel-

288 798 436 830 Iovaecnsi,
447 799 518 832 quod
530 798 656 825 laudatur
666 803 731 825 tom.
756 797 790 825 IX
802 797 893 824 Gallize
902 796 1073 828 Christiana),

289 845 340 872 col.
359 845 420 871 742.
449 845 475 870 in
494 844 591 871 Milone
609 844 619 871 I
649 844 777 879 episcopo
795 843 980 871 Bellovacensi
1002 843 1074 869 inter

258 889 261 892 ⁴
290 891 340 916 alia
370 891 496 925 leguntur
519 890 682 924 sequentia:
709 898 719 915 ε
744 889 823 917 Dedit
843 889 926 924 (Milo)
943 892 1024 924 capttt
1041 888 1071 915 B.
1091 880 1110 907 Β

291 936 406 963 Mattluei
423 936 536 970 apostoli
555 941 583 962 et
603 935 704 970 virgam
718 936 817 962 Aaron.
838 945 847 961 ι
869 937 903 962 At
921 937 991 963 unde
1008 935 1073 962 illud

290 987 369 1016 caput
398 982 544 1016 aeceperit,
560 989 614 1008 non
635 982 790 1017 adjungitur
819 981 845 1008 in
864 981 972 1008 laudata
990 981 1074 1009 Gallia

290 1028 454 1055 Christiana.
472 1028 532 1054 Fuit
544 1027 606 1054 Milo
621 1027 647 1053 itt
661 1027 776 1062 Aﬂgyplo
790 1035 852 1054 cum
867 1028 1074 1062 cruccsignatis,

291 1075 342 1100 fuit
361 1073 486 1100 similiter
505 1072 618 1100 notabili
645 1077 767 1108 tempore
790 1073 816 1099 in
842 1073 926 1100 Italia.
951 1074 991 1100 An
1012 1081 1075 1100 vero

290 1119 370 1146 etiam
390 1118 471 1144 fuerit
484 1117 730 1152 Constantinopoli,
748 1118 838 1153 ibique
853 1123 934 1152 caput
947 1119 1011 1146 illud
1030 1127 1074 1146 ac-

290 1163 401 1197 ceperit,
418 1168 446 1189 ut
461 1163 543 1190 refert
562 1163 689 1190 Bailletus
710 1164 743 1190 ad
760 1164 831 1190 hunc
847 1165 919 1191 diem
934 1165 962 1191 in
979 1170 1075 1191 sancto

292 1209 429 1240 Matthceo,
457 1214 485 1236 et
513 1209 622 1244 quidem
654 1214 774 1244 tempore
801 1209 919 1245 Philippi
949 1211 1074 1246 Augusti,

291 1263 363 1282 anno
380 1255 448 1282 1225
471 1255 605 1289 defuncti,
620 1256 746 1290 nuspiam
769 1255 889 1284 invenio.
910 1256 945 1284 At
969 1257 1076 1284 videtur

292 1301 420 1328 Baillctus
454 1301 646 1336 Necrologiuin
682 1301 828 1329 conciliare
862 1302 980 1329 voluisse
1013 1311 1074 1330 cum

292 1347 400 1382 scriptis
418 1356 432 1374 a
447 1348 560 1382 Cangio,
581 1352 608 1374 et
632 1348 671 1375 sic
685 1349 795 1381 dixisse,
815 1348 887 1382 quod
912 1356 992 1375 neruo
1014 1354 1076 1376 ante

291 1394 405 1421 dixerat.
416 1394 495 1421 Certe
510 1394 638 1429 Caugius,
653 1402 733 1428 quetn
746 1395 825 1421 etiatn
838 1394 928 1421 laudat
941 1395 968 1422 iit
985 1395 1075 1422 llisto-

292 1440 348 1467 rico
366 1445 480 1467 ttactatu
496 1441 528 1467 de
546 1442 632 1475 capite
649 1442 734 1468 sancti
750 1441 862 1468 Joannis
878 1441 1011 1475 Baptistae.
1024 1441 1075 1468 alia

291 1486 402 1512 omnino
414 1486 490 1516 dicit,
508 1493 652 1512 recensens
667 1494 726 1520 pag.
743 1486 793 1512 104
809 1486 936 1520 reliquias
947 1494 961 1512 a
975 1485 1075 1512 Latinis

291 1536 353 1565 post
379 1536 537 1566 occupatam
560 1531 822 1565 Constantinopolim
848 1531 874 1557 in
900 1522 1074 1558 Occidentem

291 1578 400 1605 missas.
417 1578 483 1603 Nam
498 1577 531 1604 de
545 1577 632 1612 capite
646 1578 732 1604 sancti
748 1577 864 1604 Matth-.ei
881 1578 921 1604 sic
933 1577 1073 1612 loquitur:

295 1633 303 1649 ι
326 1623 471 1650 Gervasius
499 1622 532 1649 de
557 1621 773 1652 Chatcau-Ncnf,
799 1624 947 1649 canonicos
965 1622 1075 1649 Carno-

291 1669 386 1702 tensis,
410 1673 437 1695 ct
462 1673 553 1703 postea
582 1668 727 1703 episcopus
753 1667 939 1699 Nivernensis,
964 1667 1075 1694 donavit

292 1713 412 1740 ecclesia:
427 1713 587 1740 (Larnoteusi
616 1717 697 1746 caput
713 1713 799 1739 sancti
820 1713 952 1740 Matthmi.
972 1722 981 1738 ι
1004 1713 1075 1739 (Lon—

292 1758 377 1785 senti'.
389 1758 565 1785 Sebastianus
578 1758 725 1790 Itouillard,
741 1758 768 1785 in
783 1758 900 1784 Historia
912 1757 1073 1791 Curuotensi,

292 1813 352 1839 cap.
369 1805 396 1836 8,
416 1812 475 1839 pag.
490 1805 553 1832 207.
576 1805 667 1840 Itaque
690 1805 872 1832 Carootenses
889 1805 1072 1836 crediderunt,

291 1850 430 1885 accepisse
446 1858 475 1877 se
498 1856 578 1885 caput
600 1851 665 1877 illud
682 1850 932 1884 Constantinopoli;
951 1850 997 1878 sed
1013 1858 1075 1885 pro—

290 1896 356 1922 bare
370 1900 520 1930 nequeunt,
535 1901 616 1930 caput
631 1896 717 1922 sancti
734 1896 853 1922 Mattlnci
869 1904 987 1930 unquam
1001 1897 1072 1923 Cott-

291 1941 465 1976 stantinopoli
484 1942 577 1974 fuisse,
604 1946 633 1968 ut
649 1942 825 1969 Carnotensis
839 1949 916 1976 atque
932 1950 964 1969 ac
985 1942 1073 1968 Bello-

291 1987 414 2013 vacensis
438 1988 560 2015 ecclesiae
587 1987 694 2014 traditio
716 1986 861 2014 admodum
888 1987 1009 2014 videatur
1032 1988 1073 2014 in—

290 2023 374 2059 certa.

326 2077 468 2105 402.1am
496 2079 625 2112 vidimus,
655 2081 742 2108 tribus
779 2080 845 2108 locis
872 2084 953 2114 caput
985 2081 1072 2107 saneti

291 2123 410 2150 Maltltmi
426 2124 557 2159 assignari
575 2125 601 2151 in
615 2126 711 2152 Gallia.
727 2126 838 2153 Accedit
860 2131 886 2153 et
908 2131 1021 2160 quartus
1046 2127 1073 2153 in

290 2167 475 2204 Lolharingia,
511 2171 639 2197 nimirum
669 2171 777 2198 abbatia
804 2172 1073 2198 Prmmonstratensis

289 2214 317 2240 in
333 2215 444 2241 dium-esi
462 2213 592 2244 'l‘ullensi.
625 2217 818 2252 Itegnis-vallis
835 2217 917 2249 dicta,
933 2224 988 2244 non
1008 2225 1073 2244 con-

289 2261 426 2289 fundenda
453 2269 514 2288 cum
540 2264 634 2294 altera,
656 2269 715 2296 quae
741 2261 824 2296 Regia
854 2262 930 2289 vallis
961 2262 1071 2295 dicitur,

288 2307 465 2342 ejusdemque
481 2313 520 2333 est
531 2307 645 2339 ordmis,
663 2313 689 2333 ct
701 2307 728 2334 in
742 2308 835 2334 cadent
852 2307 974 2334 dioecesi.
990 2308 1073 2335 Saus-

289 2361 369 2388 sayus
392 2355 419 2380 itt
450 2353 646 2388 Supplemento
671 2354 854 2389 martyrologii
883 2354 1012 2381 Gallicani
1039 2355 1072 2381 ad

288 2399 318 2425 2i
341 2399 510 2433 Septembris
529 2399 675 2426 annuntiat
688 2401 892 2427 venerationem
905 2401 993 2427 sancti
1003 2401 1072 2427 Mat-

291 2446 352 2472 thmi
368 2445 492 2472 hodierni
506 2446 532 2472 in
548 2446 672 2473 CCBIIGIJIO
687 2446 767 2481 Regis
779 2447 864 2478 vallis,
883 2451 912 2473 ut
927 2447 1072 2480 aliquando

288 2492 371 2518 etiant
394 2482 516 2525 vocatur;
535 2496 563 2519 et
585 2492 709 2527 adjuugit
726 2501 734 2520 ι
755 2503 763 2518 ι
781 2492 899 2527 Cujus...
916 2501 978 2528 pars
995 2494 1071 2527 capi-

289 2538 324 2566 tis
347 2537 508 2569 laureati,...
520 2538 594 2565 dicto
612 2539 639 2565 itt
654 2539 820 2566 monasterio
850 2539 1071 2566 bonotiticentis-

288 2585 356 2611 sime
379 2588 545 2617 asservatur,
578 2589 605 2612 et
631 2585 713 2612 hodie
740 2585 852 2612 colenda
871 2585 1072 2620 religiosissime

291 2629 445 2659 exhibetur.
473 2640 482 2656 ι
513 2631 621 2658 Partem
637 2631 737 2666 capitis
753 2631 828 2663 dicit,
854 2631 969 2665 opinor;
1007 2632 1070 2665 quia

289 2677 342 2711 jam
359 2682 440 2711 caput
459 2676 602 2704 Bellovaco
614 2681 641 2704 et
656 2677 775 2705 Carnoto
798 2681 963 2704 asset'ueral.
991 2676 1071 2703 Certe

287 2723 434 2756 Caltnctus,
448 2723 475 2750 in
491 2723 610 2750 Historia
635 2723 821 2758 Lotltaringiw,
845 2728 910 2750 ton).
929 2722 951 2749 Il
977 2723 1071 2757 prima:

288 2770 414 2798 editionis
428 2770 479 2797 col.
497 2770 532 2796 22
544 2773 627 2805 caput
643 2770 729 2797 sancti
744 2769 864 2796 Matthxi
884 2769 1001 2796 abbatis:
1016 2771 1069 2796 lte-

287 2816 416 2851 gis-vallis
441 2815 577 2846 attribuit,
607 2821 633 2842 et
647 2815 699 2842 col.
723 2815 776 2841 265
792 2814 839 2847 ait,
867 2822 898 2841 ex
928 2814 1069 2842 Palaestina

288 2861 395 2887 allatum
413 2860 494 2887 fuisse
509 2868 558 2895 per
578 2860 728 2888 CODCI‘IUIII
752 2860 848 2895 Aspcri
867 2859 965 2888 Montis
982 2861 1067 2888 donti-

1127 254 1192 278 tom.
1208 251 1240 282 II,
1258 253 1309 279 col.
1325 253 1384 283 059,
1405 253 1438 279 de
1459 253 1504 279 illo
1520 254 1608 287 capite
1619 255 1714 281 scribit
1728 257 1870 289 sequentia
1884 258 1911 282 in

1125 296 1231 323 abbatia
1243 296 1436 331 negtiis-vallis
1457 306 1463 325 :
1485 307 1494 323 ι
1510 299 1601 326 Sancti
1616 299 1735 327 Milllhiﬂi
1763 306 1845 335 caput
1868 309 1914 327 ar-

1124 347 1219 376 gentea
1257 342 1390 370 inclusum
1427 351 1520 378 capsa,
1542 345 1704 380 populorum
1737 353 1874 373 concursu
1898 355 1913 373 a

1125 390 1224 416 siccqu
1240 398 1285 416 xtv
1300 390 1408 417 celebre
1426 399 1433 416 :
1455 398 1545 425 neque
1569 391 1642 417 enim
1658 392 1774 419 antehac
1789 393 1815 419 in
1829 397 1914 419 Arcte-

1125 436 1396 474 ribusmonumentis
1421 436 1535 471 legimus
1554 436 1714 470 quidquam,
1740 438 1813 464 unde
1838 438 1913 464 ulte-

1125 484 1179 510 rior
1199 483 1222 509 ei
1235 483 1318 516 possit
1331 482 1480 516 antiquitas
1511 482 1671 516 adiudicari.
1694 491 1705 509 ι
1733 482 1805 510 Satis
1820 483 1912 510 anim-

1125 531 1247 558 advertet
1263 529 1400 556 studiosus
1417 529 1511 560 lector,
1527 536 1582 555 non
1598 537 1678 563 posse
1692 530 1783 557 omnia
1796 530 1841 557 illa
1851 538 1913 557 esse

1125 577 1213 611 capita
1231 578 1318 604 sancti
1335 577 1465 608 Matthxi,
1487 578 1509 604 si
1530 578 1647 610 integra,
1662 582 1710 604 aut
1728 577 1785 605 fere
1805 578 1913 613 integra

1125 622 1188 648 sint.
1205 621 1376 656 Quapropter
1392 622 1441 656 ipsi
1462 623 1619 650 examinare
1637 627 1776 658 poterunt,
1788 630 1822 649 an
1840 623 1913 650 forte

1126 668 1245 695 habeant
1262 669 1394 696 modicam
1408 670 1505 704 capitis
1522 669 1682 703 particulam
1707 669 1812 696 factitio
1827 669 1911 703 capiti

1126 714 1293 751 impositam,
1318 714 1398 748 eique
1414 715 1511 749 capitis
1531 723 1630 741 nomen
1647 715 1728 742 fuerit
1741 715 1911 749 impositum,

1125 759 1163 786 uti
1190 759 1255 786 alias
1283 759 1382 786 factum
1412 768 1472 787 esse
1493 761 1688 795 experimentis
1719 761 1799 795 plane
1826 761 1912 787 certis

1126 806 1227 838 didici;
1253 814 1286 832 an
1316 814 1379 834 vero
1401 806 1518 833 habeant
1548 807 1679 841 reliquias
1697 807 1791 834 Sancti
1822 807 1912 833 alicu-

1124 852 1168 885 jus
1206 853 1312 883 ineerti,
1340 860 1400 886 qua:
1444 860 1491 887 per
1512 860 1632 879 errorem
1668 854 1755 880 sancti
1791 853 1911 880 Matthtei

1126 898 1237 925 fuerunt
1259 898 1381 930 creditae,
1406 898 1634 932 quemadmodum
1660 899 1742 926 etiam
1767 906 1820 926 non
1847 906 1912 925 raro

1126 946 1266 980 contingit.

1162 992 1222 1019 I05.
1240 991 1426 1018 Memorantur
1444 996 1469 1019 et
1487 991 1545 1018 alim
1569 992 1745 1026 reliqmarnm
1768 992 1911 1026 particula

1125 1038 1186 1064 aliis
1197 1038 1272 1064 locis.
1288 1038 1360 1065 Inter
1386 1038 1515 1072 reliquias
1542 1038 1644 1073 plures.
1662 1046 1723 1073 qua:
1750 1046 1824 1065 anno
1857 1038 1912 1065 895

1126 1084 1220 1111 delata:
1249 1088 1313 1110 sunt
1341 1084 1432 1110 Remis
1456 1083 1482 1110 in
1506 1092 1601 1118 pagum
1630 1083 1912 1115 Veromanduensem,

1127 1130 1310 1163 depositaque
1322 1128 1349 1154 in
1366 1128 1424 1156 vico
1441 1128 1573 1156 Memnico
1603 1129 1629 1155 in
1654 1129 1770 1156 ecclesia
1789 1129 1818 1155 S.
1840 1128 1914 1155 Mar-

1127 1176 1184 1201 tino
1201 1175 1300 1207 dicata,
1315 1179 1474 1202 recensctur
1497 1175 1578 1201 etiam
1600 1175 1702 1209 aliquid
1733 1175 1912 1210 reliquiarum

1126 1221 1212 1247 sancti
1229 1220 1359 1252 Matthxi,
1382 1225 1412 1247 ut
1433 1220 1520 1247 videri
1543 1225 1642 1254 potest,
1667 1226 1732 1247 tom.
1749 1222 1758 1247 ι
1773 1221 1911 1253 Januarii,

1126 1275 1185 1302 pag.
1202 1267 1260 1299 [80,
1277 1272 1342 1294 tum.
1368 1266 1406 1295 Ill.
1429 1265 1580 1294 Februarii.
1598 1274 1659 1301 pag.
1676 1267 1719 1293 99.
1737 1266 1764 1293 In
1793 1267 1852 1294 Vita
1881 1267 1912 1294 S.

1126 1314 1285 1348 Angilhcrti,
1301 1313 1407 1341 abbatis
1434 1313 1608 1341 Centulensis
1636 1313 1662 1339 iu
1692 1312 1805 1340 Pontivo
1827 1315 1914 1348 (nunc

1127 1360 1233 1386 abbatia
1267 1359 1296 1386 S.
1313 1360 1435 1387 Richarii
1463 1359 1564 1394 passim
1593 1363 1715 1393 vocatur)
1742 1359 1788 1393 qui
1820 1358 1915 1386 ﬂoruit

1128 1411 1250 1439 tempore
1268 1406 1355 1432 Caroli
1374 1405 1473 1440 Magni,
1491 1406 1611 1432 refertur
1623 1406 1790 1432 constructio
1810 1412 1838 1433 et
1863 1406 1916 1432 de-

1127 1452 1226 1478 dicatio
1249 1452 1341 1485 templi
1365 1451 1536 1478 Centulensis
1550 1451 1580 1477 Β.
1593 1451 1684 1478 Mariae
1700 1459 1760 1478 eutn
1780 1452 1913 1478 tredecim

1127 1497 1258 1523 altaribus
1273 1501 1300 1523 et
1314 1496 1445 1531 reliquiis,
1464 1505 1523 1529 qua:
1540 1497 1568 1523 in
1581 1497 1693 1531 singulis
1712 1501 1776 1523 sunt
1803 1498 1912 1532 positae.

1087 1546 1110 1577 ί]
1127 1543 1166 1568 Ad
1181 1542 1349 1576 pleposiluzn
1361 1547 1450 1568 autem
1468 1546 1591 1570 uestrum
1608 1543 1644 1568 ibi
1659 1544 1717 1569 luce
1744 1543 1874 1578 leguntur
1905 1551 1911 1568 :

1131 1597 1139 1613 ι
1157 1588 1248 1614 Alt-ave
1266 1589 1352 1614 sattcti
1370 1587 1501 1620 Malliuei,
1526 1589 1553 1616 in
1580 1597 1633 1623 quo
1647 1589 1768 1622 reliquia:
1782 1590 1852 1623 ejus,
1885 1596 1914 1617 et

1127 1631 1208 1657 Marci
1236 1637 1262 1656 et
1290 1631 1378 1659 Luem.
1401 1641 1409 1656 ι
1428 1632 1556 1665 Rursum,
1583 1641 1642 1667 pag.
1669 1633 1729 1666 I05,
1757 1634 1801 1660 ubi
1831 1635 1915 1661 datur

1127 1678 1256 1710 seripttnn
1272 1678 1383 1704 nomine
1393 1679 1553 1713 Augilberti,
1571 1680 1756 1707 enumerantis
1770 1681 1913 1714 reliquias,

1126 1731 1193 1757 quas
1208 1732 1258 1758 ope
1273 1724 1361 1751 Caroli
1389 1725 1475 1760 Magni
1492 1731 1518 1752 ct
1533 1726 1648 1753 aliorutn
1667 1735 1697 1753 tx
1717 1728 1798 1754 variis
1822 1728 1912 1762 regio-

1125 1770 1206 1796 nibus
1220 1770 1386 1801 olninuerat,
1405 1780 1465 1798 eum
1497 1773 1621 1807 plurimis
1637 1773 1698 1800 aliis
1729 1780 1913 1801 recensentur

1126 1817 1212 1844 sancti
1227 1816 1344 1843 Mattluei
1364 1818 1491 1852 reliqttiaa.
1503 1818 1561 1846 Non
1579 1820 1687 1846 additur
1704 1825 1804 1854 tamen,
1820 1825 1911 1847 utrutn

1125 1861 1207 1888 fuerit
1221 1862 1322 1896 aliquid
1335 1870 1366 1889 ex
1379 1865 1486 1899 ossibus
1501 1863 1605 1897 Sancti,
1621 1874 1655 1892 an
1671 1866 1757 1893 solum
1776 1867 1810 1893 de
1828 1868 1914 1894 vesti-

1126 1908 1236 1934 mentis.
1261 1909 1289 1935 In
1327 1908 1454 1944 Catalogo
1487 1912 1592 1945 prolixo
1637 1912 1822 1946 reliquiarum,
1851 1920 1914 1947 qua:

1125 1961 1198 1980 anno
1221 1954 1288 1981 I585
1308 1954 1497 1989 Ulyssiponetn
1514 1958 1649 1984 translatae
1663 1964 1737 1989 sunt,
1755 1959 1912 1993 ibidemque

1124 2000 1231 2027 donatae
1244 2000 1334 2027 domui
1351 2001 1479 2035 professae
1493 2001 1634 2030 Societatis
1653 2002 1727 2035 Jesu,
1746 2011 1913 2031 enumeran-

1126 2049 1169 2070 tur
1189 2044 1268 2071 etiam
1287 2046 1406 2079 reliquiae
1433 2047 1519 2073 sancti
1541 2047 1659 2074 Mattltzei
1688 2050 1814 2082 apostoli,
1837 2050 1911 2084 apud

1124 2098 1174 2117 nos
1191 2095 1256 2118 tom.
1276 2091 1297 2118 II
1322 2091 1454 2124 Januard,
1484 2101 1543 2127 pag.
1575 2094 1635 2121 612.
1667 2094 1766 2121 Verum
1794 2095 1909 2124 sufﬁciat

1125 2135 1183 2162 luce
1197 2137 1377 2170 enumeratio,
1393 2145 1453 2164 cum
1464 2144 1602 2173 nequeant
1619 2139 1671 2166 ulla
1687 2141 1805 2167 Itttmana
1828 2142 1910 2168 indu-

1125 2181 1189 2207 stria
1209 2183 1363 2209 enumerari
1380 2191 1474 2210 omnes
1490 2184 1669 2219 reliquiarum
1683 2187 1912 2221 particultc,quas

1090 2233 1110 2260 ι)
1127 2226 1227 2253 habent
1249 2227 1369 2254 ecclesiae
1386 2233 1433 2254 aut
1451 2237 1572 2263 persona:
1600 2231 1722 2264 privatae,
1757 2234 1910 2266 praesertim

1125 2279 1185 2298 cum
1206 2280 1253 2305 per
1276 2272 1437 2300 donationes
1469 2275 1625 2308 frequenter
1650 2277 1683 2303 ab
1711 2285 1765 2304 uno
1792 2279 1850 2306 loco
1876 2281 1910 2306 ad

1125 2319 1240 2344 alterum
1259 2319 1467 2346 transferantur.
1485 2320 1621 2354 Ejusmodi
1642 2323 1802 2356 particulam
1824 2333 1910 2358 penes

1126 2371 1168 2389 tne
1190 2362 1285 2395 habeo,
1299 2363 1362 2389 dum
1383 2364 1439 2390 lucc
1463 2364 1562 2396 scribo,
1580 2371 1720 2400 acceptam
1749 2375 1821 2394 anno
1841 2369 1911 2396 1755

1125 2408 1244 2435 Venetiis
1259 2409 1294 2435 ab
1311 2410 1539 2437 excellentissimo
1554 2411 1664 2438 domino
1692 2412 1826 2440 Flaminio
1841 2415 1911 2441 Cor-

1125 2454 1205 2486 nelio,
1221 2461 1347 2481 senatore
1375 2455 1488 2488 Veneto,
1509 2457 1636 2491 superius
1663 2457 1783 2490 laudato,
1808 2461 1855 2495 qui
1882 2467 1910 2488 ct

1123 2498 1202 2523 altam
1220 2498 1271 2524 sibi
1289 2499 1407 2526 retinuit.

1160 2543 1219 2570 104.
1236 2543 1305 2570 Loca
1315 2551 1408 2573 saneto
1422 2546 1548 2575 Mattth
1561 2557 1648 2581 sacra.
1678 2557 1775 2585 praeter
1801 2561 1908 2581 memo-

1123 2594 1179 2616 rata
1206 2590 1336 2618 hactenus
1353 2592 1378 2618 in
1395 2592 1551 2627 Occidente,
1566 2602 1644 2624 certo
1663 2597 1741 2632 plura
1756 2605 1867 2626 exstant
1879 2607 1908 2628 et

1121 2634 1212 2666 aliqua
1228 2637 1309 2663 etiam
1327 2637 1354 2663 iu
1371 2639 1516 2672 provinciis
1544 2642 1730 2671 orientalibus.
1747 2644 1785 2671 De
1801 2647 1903 2674 celebri

1121 2682 1287 2708 monasterio
1305 2682 1333 2709 S.
1352 2683 1468 2710 lila:tlt:ci
1497 2685 1522 2711 in
1547 2686 1907 2723 Mesopotamia.quzenunc

1121 2725 1279 2753 biarbecltia
1290 2727 1399 2759 dicitur,
1418 2731 1489 2764 apud
1505 2733 1599 2758 urbem
1618 2733 1705 2761 Mosul
1725 2741 1771 2763 aut
1788 2736 1907 2765 biniven

1120 2779 1229 2804 novam,
1251 2772 1409 2807 frequenter
1433 2777 1554 2804 meminit
1570 2779 1744 2812 Asscmanus,
1761 2781 1787 2807 in
1802 2781 1905 2809 Biblio-

1121 2821 1194 2844 llteca
1213 2819 1353 2851 Orientali,
1372 2826 1436 2847 tom.
1450 2821 1483 2849 ll.
1496 2823 1534 2849 Ex
1546 2824 1577 2850 iis
1592 2831 1693 2859 autent,
1707 2835 1765 2858 qua:
1778 2836 1839 2864 pag.
1851 2830 1908 2857 408

1121 2864 1203 2892 refert
1218 2864 1251 2892 de
1265 2864 1312 2892 illo
1338 2868 1513 2901 monasterio,
1531 2869 1603 2897 clare
1620 2869 1716 2905 liquet,
1740 2873 1836 2900 saltem
1853 2882 1906 2902 ex-
