2047 3152
181 163 236 196 825

758 173 810 204 MA
818 175 994 206 RTYRIUM
1014 177 1045 207 S.
1065 178 1235 210 THECLE.

1748 181 1802 212 δίὶῦ

180 222 264 274 sui»;
279 224 338 274 ἢλιυ
351 227 407 274 τοῖς
423 219 505 254 αὐτοῦ
521 228 644 264 mpm;
659 229 756 265 βλέψον
772 232 821 266 ηδη
836 232 965 268 καὶπρὸς

1020 235 1125 263 blandis
1143 237 1272 270 primum.
1289 236 1340 264 hoc
1351 241 1393 264 est
1411 238 1542 265 maternis
1557 238 1656 271 verbis,
1667 238 1751 274 ipsam
1768 239 1802 266 ab

180 268 323 302 ὴμᾶς.καὶ
354 270 432 304 λόγου
460 273 584 306 μετάδος,
609 275 656 301 καὶ
687 277 833 310 μετασχεῖν
863 277 966 312 τροφῆς

181 315 383 351 προθυμήθητι.
401 317 476 344 Ἐπεὶ
495 319 523 345 δὲ
536 318 608 346 οὕτω
629 320 746 354 λέγουσα
773 322 855 356 μηδὲν
873 323 965 358 ῆνυεν,

179 360 245 387 ἀλλὰ
264 361 295 387 τὸ
313 362 361 389 τοῦ
385 363 475 398 λόγου,
487 365 577 401 νεκρῷ
592 367 660 402 πρὸς
674 367 720 399 οὓς
736 367 880 402 διελέγετο.
895 370 911 404 ὴ
937 369 964 396 δὲ

179 406 225 432 καὶ
239 406 447 443 αὑστηροτέρων
461 409 565 445 ἥπτετο
588 413 717 446 ῥημάτων
731 419 738 427 ·
753 414 812 440 Ἰνα
823 414 849 440 τί
863 414 900 445 ὥς
911 423 964 447 τις,

178 450 306 485 λέγουσα,
321 453 370 487 μία
384 454 439 480 τῶν
458 456 583 490 ἁφρὸνων
596 458 642 484 καὶ
657 458 707 489 τὰς
727 459 868 494 αἰσθήσεις
880 461 966 493 αὐτὰς

178 495 468 534 ἁπολωλεκυῐα,ἀνδρὶ
495 501 597 534 ἀγνῶτι
618 502 720 538 καθέξῃ
741 504 845 535 ἀτενῶς
865 505 965 540 προσέ-

178 551 279 576 χουσα;
295 544 437 580 αἰδέσθητε
461 550 619 581 συγγενεῖς·
638 550 777 584 αἰδέσθητι
798 551 965 586 φίλους,ήλιι

178 589 306 622 κιώτιδας
320 599 328 606 ·
342 591 424 626 φύσιν
437 593 522 628 αὐτὴν
534 594 721 631 δυσωπήθητι.
737 597 790 624 Καὶ
801 599 875 629 ὅπως
889 599 965 625 ἐλευ-

178 635 245 672 θέρα
271 637 444 672 τυγχάνουσα
463 639 561 675 δούλην
580 640 652 675 ἔχεις
680 641 769 677 ψυχὴν
781 663 788 675 ,
803 644 851 669 καὶ
880 644 965 670 ταῦτα

178 681 300 717 θυγάτηρ
326 683 375 717 μὲν
400 683 544 716 Θεοκλείας
570 684 657 718 οὖσα,
685 688 791 722 μνηστὴ
817 687 844 714 δὲ
873 688 968 723 Θαμύ-

176 726 268 761 ριδοςς
290 727 382 754 Ταῦτα
398 728 523 763 λέγουσα,
559 731 606 757 καὶ
635 731 681 757 τὸν
710 733 853 767 μνηστῆρα
885 741 964 767 μετε-

176 773 296 806 καλείτο,
317 775 362 801 καὶ
389 775 418 807 ὃς
438 777 539 812 παρῄει
568 778 678 812 πτηνὸς,
695 779 751 805 τῶν
766 779 863 814 γάμων
884 780 966 806 ἕνεκα

174 818 225 853 τὴν
240 819 337 853 κλῆσιν
357 820 489 854 οἰόμενος.
507 822 551 853 'D;
565 823 612 849 οὖν
623 824 707 858 ἤκουε
719 826 785 860 παρ’
797 826 966 860 αῠτῆςόπως

177 865 193 899 ἡ
209 865 311 897 Θέκλα,
326 867 373 892 καὶ
389 867 429 894 ὅτι
444 869 518 901 τρεῖς
530 869 632 904 ἡμέραι
643 871 689 897 καὶ
703 871 799 902 νύκτες
819 873 880 898 [σαι
894 880 964 905 παρ-

1018 280 1061 307 illa
1089 281 1233 315 prohibere
1255 283 1425 310 contendit:
1453 282 1532 315 Filia,
1564 284 1703 319 inquiens,
1741 292 1801 311 mea

1018 325 1130 358 Thecla,
1150 326 1214 361 qttid
1230 326 1277 353 tibi
1309 334 1371 353 cum
1398 331 1529 354 extraneo
1546 328 1592 354 illo
1607 329 1802 363 praestigiatore

1018 372 1066 404 rei,
1083 379 1164 406 quem
1193 372 1229 398 ita
1246 373 1356 399 assidue
1379 373 1525 405 auscultas,
1551 374 1682 408 cujusque
1713 374 1802 401 verbis

1019 425 1106 453 usque
1139 419 1207 445 adeo
1234 423 1311 452 capta
1345 419 1466 446 teneris?
1488 427 1537 446 nos
1555 428 1661 454 quoque
1681 420 1735 453 jam
1757 420 1804 446 ad—

1017 463 1102 498 spice,
1116 468 1142 490 et
1158 463 1283 498 colloquii
1307 464 1345 490 tui
1369 464 1514 498 participes
1529 464 1622 496 redde,
1646 472 1677 491 ac
1691 465 1723 491 de
1739 465 1800 491 Libtl

1017 509 1151 536 sumendo
1176 509 1275 544 cogita.
1291 508 1350 542 Quo
1371 510 1413 536 illa
1438 517 1564 536 sermone
1581 517 1639 540 usa,
1658 518 1718 536 cum
1736 510 1804 537 nihil

1018 554 1172 588 proliceret,
1201 554 1248 581 sed
1274 559 1303 580 ut
1332 554 1385 581 diei
1413 555 1493 587 solet,
1524 561 1631 582 mortuo
1658 555 1685 581 in
1710 563 1804 582 aurem

1017 601 1100 627 verba
1113 600 1225 633 faceret,
1239 601 1371 634 asperiori
1388 601 1515 636 loquendi
1530 608 1631 635 genere
1646 602 1681 627 uti
1695 609 1804 636 aggres-

1017 653 1045 672 sa
1065 653 1071 671 :
1091 645 1125 671 Et
1141 645 1217 680 quid,
1244 645 1341 680 inquit,
1369 645 1455 672 instar
1486 646 1598 677 insanae,
1628 650 1654 672 et
1680 646 1806 673 sensibus

1017 691 1083 726 ipsis
1110 691 1241 725 spoliata,
1269 692 1407 719 continuo
1429 692 1472 719 hic
1503 693 1638 724 assidens,
1662 692 1694 718 ad
1718 691 1805 718 virum

1017 735 1139 771 ignotum
1156 737 1193 764 ita
1224 737 1366 764 attcndis?
1382 745 1507 764 reverere
1523 743 1662 772 cognatos,
1682 746 1807 764 reverere

1018 782 1135 813 amicos.
1165 790 1292 810 reverere
1319 782 1449 817 :equales,
1474 788 1598 810 naturam
1616 783 1702 818 ipsam
1728 791 1807 809 reve-

1018 835 1088 858 rere.
1107 835 1154 854 cur
1168 827 1253 854 lihcra
1284 837 1346 855 cum
1371 829 1420 861 sis,
1437 828 1558 855 animum
1579 829 1706 856 servilem
1723 829 1805 863 geris.

1017 872 1098 907 idque
1122 872 1175 900 filia
1203 872 1365 907 Tbeocletc,
1396 882 1496 908 sponsa
1532 873 1720 909 Thamyridis?
1748 875 1807 906 Quo

178 910 294 944 ἐλθοιεν,
322 913 370 940 καὶ
396 914 465 950 αὑτὴ
493 915 543 949 τῆς
572 915 681 951 θυρίδος
702 917 731 943 τὸ
753 917 883 952 παράπαν
909 918 960 944 οὐκ

1018 918 1100 950 dicto,
1118 918 1206 953 ipsum
1237 926 1369 955 sponsum
1398 920 1525 951 arcessit,
1544 920 1591 954 qui
1621 924 1650 947 ct
1678 920 1806 952 festinus,

175 959 325 994 ἀποσταίη,
343 959 447 995 βρωτοῦ
468 961 518 996 μὲν
535 962 582 988 καὶ
597 961 679 988 ποτοῦ
698 963 766 997 μηδὲ
791 963 879 998 βραχὺ
896 972 963 999 μνη-

176 1005 346 1039 μονεύσασα,
361 1006 416 1032 τῶν
432 1007 540 1034 Παύλου
557 1008 586 1035 δὲ
603 1009 686 1043 μόνου
715 1008 803 1042 λόγων
825 1011 963 1044 ἐκκρεμα-

177 1050 245 1086 μένη
260 1059 266 1065 ·
281 1051 343 1078 ἐπεὶ
362 1052 448 1079 ταῦτα
467 1054 481 1080 ό
494 1054 619 1090 Θάμυρις
649 1056 748 1090 ἤκουεν
767 1056 819 1082 ἀπὸ
835 1056 886 1091 τῆς
912 1065 964 1091 μη-

174 1097 249 1132 τρὸς,
262 1095 322 1125 εἶτα
330 1098 378 1125 καὶ
394 1100 597 1135 προστιθείσης,
606 1101 642 1128 Σὺ
653 1101 692 1133 δὲ,
704 1102 827 1138 μνηστὴρ
848 1103 903 1138 γὰρ
926 1101 962 1134 εἴ,

176 1143 311 1178 πρόοελθε
331 1144 427 1181 ταύτῃ,
438 1146 484 1172 καὶ
499 1147 651 1182 ἀποστῆναι
663 1150 721 1180 τοῖς
736 1150 793 1180 σοῖς
806 1149 897 1182 λόγοις
913 1150 963 1185 τῆς

176 1189 284 1225 θυρίδος
307 1191 393 1226 αὐτὴν
412 1192 641 1226 παρασκεύασον·
666 1194 811 1228 πρόσεισιν
830 1195 931 1226 εὐθέως
950 1196 965 1221 ό

176 1236 311 1272 Θάμυρις,
321 1237 367 1263 καὶ
382 1238 554 1270 παντοδαπὸς
572 1240 679 1273 γίνεται
691 1242 748 1273 τοῖς
764 1241 869 1274 λόγοις,
880 1241 962 1268 τοῦτο

179 1282 227 1317 μὲν
245 1283 414 1314 κολακεύων,
430 1284 510 1312 τοῦτο
536 1285 564 1312 δὲ
585 1287 739 1321 παραινῶν,
755 1288 834 1314 τοῦτο
859 1288 887 1314 δὲ
917 1289 964 1315 καὶ

177 1328 409 1364 πληκτικωτὲροις
424 1331 510 1366 αὐτὴν
526 1332 652 1367 ῥήμασιν
671 1334 848 1369 ἐπιστρέφειν
862 1333 964 1369 πειρώ-

179 1382 270 1408 μενος,
286 1375 350 1401 καὶ·
369 1375 401 1401 Τί
414 1375 452 1411 μὴ
471 1377 540 1412 πρὸς
558 1379 606 1404 τὸν
620 1377 747 1413 Θάμυριν
765 1379 812 1405 τὸν
826 1378 871 1405 σὺν
886 1380 963 1414 ὁρᾷς,

177 1420 319 1454 ἔλεγε,τὺν
331 1422 459 1456 νυμφίον,
474 1423 600 1456 φιλτάτη,
614 1424 659 1451 τὸν
672 1425 734 1460 66y;
748 1425 810 1451 τινα
825 1425 853 1451 δὲ
876 1425 964 1459 φιλεῖς

177 1464 267 1498 ἄλλον,
287 1467 353 1498 τοὺς
379 1467 461 1501 ἐμοὺς
485 1467 591 1502 ἔρωτας
616 1470 795 1504 eripiamus;
821 1471 849 1497 τί
877 1470 964 1503 οὕτως

177 1510 337 1546 ἐξέστηκας,
353 1513 379 1539 τί
389 1511 460 1539 οὕτω
472 1513 588 1549 κάτοχος
602 1512 647 1548 si;
663 1516 699 1550 μή
715 1524 742 1542 τι
759 1525 799 1542 σοι
820 1517 867 1542 καὶ
888 1517 963 1544 ἄκων

177 1559 379 1592 προσέκρουσα,
394 1558 529 1593 φιλτάτη;
561 1560 598 1595 μὴ
620 1562 677 1592 τοῖς
702 1561 773 1588 κατὰ
789 1562 838 1596 σὴν
854 1562 962 1598 θέλησιν

177 1602 339 1637 ἀγνοοῦντες
356 1604 406 1639 οὐχ
421 1605 652 1641 ὑπουργήσαμεν;
680 1607 751 1642 τάχα
771 1608 905 1644 μέλλομεν
923 1610 964 1642 εις

177 1650 238 1682 τοὺς
259 1649 377 1685 γάμους.
413 1651 553 1686 Ὀψίζουσι
574 1654 630 1684 τοῖς
654 1653 762 1688 ᾠδικοτς
788 1655 811 1680 of
829 1655 963 1690 ὒμένιιοι.

178 1696 232 1722 Καὶ
246 1697 271 1722 ει
292 1696 585 1731 βούλει,τελείσ6ωσαν
615 1699 715 1726 πάντα.
746 1700 780 1726 Ἦ
799 1701 846 1727 καὶ
861 1700 901 1727 ἔτι
917 1709 966 1728 πε-

178 1742 362 1777 ριμενοῦμενς
384 1743 429 1769 τοῦ
458 1743 505 1770 σοῦ
532 1745 588 1778 γὰρ
604 1744 767 1779 ὑελήματος,
791 1746 891 1777 Θέκλα,
918 1748 963 1773 καὶ

179 1789 260 1822 μόνου
288 1789 335 1815 τοῦ
370 1788 501 1824 νεύματος
536 1790 617 1821 αὐτὸς
644 1791 778 1826 ἧρτημαι.
810 1792 904 1819 Ταῦτά
938 1801 966 1819 ἰε

177 1835 265 1868 ἔλεγε,
292 1836 342 1862 καὶ
365 1836 488 1871 σχήμασι
515 1836 731 1871 παρακλητεκοῐς
758 1837 798 1863 ἔτι
821 1838 910 1864 ἕλκειν
926 1839 968 1870 εις

177 1881 273 1907 ἑαυτὸν
291 1881 430 1917 ἐπειρᾶτο,
453 1881 543 1916 ἡρέμα
563 1882 591 1908 δὲ
612 1883 659 1909 καὶ
685 1883 779 1918 ὀθόνης
802 1884 967 1918 ἁπτόμενος,

183 1927 340 1962 Ἀνάστηθι,
365 1928 508 1962 φάγωμεν,
538 1929 696 1962 ὑπεφώνει·
721 1930 865 1965 ἀνάστηθι,
900 1931 969 1957 πίω-

179 1980 241 2006 μεν.
263 1973 296 1999 Τί
314 1973 368 2008 γὰρ
383 1974 450 2009 ἡμῖν
461 1974 550 2000 καὶτὸ
568 1974 636 2001 πολὺ
652 1974 733 2001 τοῦτο
761 1975 810 2010 τῆς
824 1975 914 2007 αἰτίας
929 1977 969 2008 εἰς

177 2018 290 2053 δνησινς
306 2018 387 2046 Ἀλλὰ
402 2019 488 2046 ταῦτα
507 2019 556 2054 μὲν
572 2021 675 2052 ἐκεῖνος
691 2028 698 2035 ·
713 2020 783 2054 πλὴν
800 2021 847 2047 καὶ
861 2023 916 2053 τοῖς
936 2023 966 2048 ὲν

177 2064 216 2098 τῷ
232 2064 301 2098 οἴκῳ
317 2065 382 2091 πᾶσι
402 2066 491 2095 κοινὸς
511 2064 544 2101 ἦν
571 2066 586 2092 ὁ
617 2066 714 2101 Opis/0;
735 2074 742 2081 '
765 2067 898 2102 Θαμύριδι
917 2068 966 2103 μὲν

178 2110 307 2142 γυναικὸς
333 2111 491 2145 ἁστοχοῦντι
509 2119 516 2125 ·
536 2111 667 2147 Θιοκλειᾳ
697 2112 736 2144 δὲ,
759 2112 855 2139 τέκνου
878 2122 886 2130 ο
906 2115 967 2145 ταῖς

178 2156 206 2182 δὲ
231 2157 400 2189 παιδίσκαις,
428 2158 525 2192 κυρίας
548 2166 556 2174 ·
579 2157 626 2185 καὶ
643 2158 772 2193 σύγχυσις
785 2157 820 2195 ἧν
836 2160 865 2186 ὲν
880 2159 967 2195 τούτῳ

178 2203 275 2237 πολλὴ,
290 2204 339 2230 καὶ
360 2203 457 2235 πένθος
471 2205 697 2240 ἀπαρηγόρητον.

1017 969 1042 991 et
1062 965 1135 992 velut
1148 965 1234 992 alatus
1255 965 1376 998 advenit,
1400 966 1560 1000 nuptiarum
1577 975 1606 993 se
1629 974 1709 993 causa
1724 966 1808 992 advo-

1018 1010 1073 1036 cari
1088 1010 1262 1038 existimans.
1279 1011 1417 1038 Caeterum
1432 1012 1479 1038 ubi
1502 1020 1535 1039 ex
1556 1020 1598 1042 ea,
1615 1020 1668 1046 quo
1686 1013 1745 1038 loco
1765 1020 1808 1038 res

1018 1054 1126 1082 Thech
1140 1060 1242 1088 essent,
1256 1056 1431 1091 intelligeret,
1455 1058 1581 1092 quodque
1613 1063 1672 1092 post
1697 1063 1807 1084 exactos

1015 1101 1070 1135 jam
1090 1106 1143 1129 tres
1161 1102 1230 1134 dies,
1267 1106 1294 1129 et
1309 1102 1420 1129 totidem
1457 1107 1562 1135 noctes,
1587 1103 1631 1130 illa
1652 1104 1764 1130 omnino
1792 1112 1806 1130 ει

1018 1146 1135 1174 fenestra
1151 1155 1206 1174 non
1234 1148 1406 1179 recessisset,
1422 1147 1473 1174 cibi
1498 1154 1631 1182 potusque
1659 1156 1694 1174 ne
1716 1148 1808 1174 tantil-

1017 1192 1075 1219 lum
1094 1193 1204 1227 quidem
1222 1201 1338 1224 menior,
1355 1197 1458 1219 tantum
1489 1200 1522 1219 ex
1544 1192 1618 1219 Pauli
1641 1193 1732 1219 verbis
1747 1201 1808 1219 sns-

1020 1246 1104 1273 pensa
1132 1248 1139 1265 :
1171 1239 1240 1271 haec,
1260 1239 1382 1273 inquam,
1406 1246 1467 1265 cum
1497 1238 1640 1272 Thamyris
1665 1246 1697 1265 ex
1723 1244 1808 1266 matre

1018 1284 1191 1319 intelligeret,
1210 1285 1319 1319 illaque,
1333 1283 1465 1311 adderet:
1484 1284 1534 1310 Adi
1556 1289 1583 1310 ttt
1602 1283 1675 1310 illam
1696 1284 1809 1318 (quippe

1020 1339 1140 1366 Sponsus
1169 1331 1230 1365 ejus
1252 1334 1294 1364 es)
1311 1334 1338 1357 et
1357 1329 1448 1356 verbis
1469 1337 1483 1355 a
1500 1330 1620 1356 fenestra
1646 1335 1675 1356 ut
1695 1329 1809 1357 absistat

1021 1376 1131 1404 efﬁcere
1165 1375 1312 1408 contende,
1349 1373 1456 1401 accedit
1489 1374 1613 1408 protinus
1654 1373 1807 1408 Thamyris,

1021 1423 1224 1458 omnigenoqne
1240 1428 1379 1453 sermone,
1411 1428 1485 1447 nunc
1505 1420 1614 1454 quidem
1631 1421 1808 1452 assentando,

1019 1478 1095 1497 nunc
1114 1470 1296 1500 admonendo,
1318 1475 1392 1494 nunc
1415 1467 1591 1501 increpando,
1616 1467 1689 1494 illam
1711 1475 1725 1494 a
1744 1475 1808 1501 pro-

1022 1516 1110 1550 posito
1125 1521 1253 1541 revocare
1270 1518 1394 1540 conatur.
1413 1513 1447 1539 Et
1475 1512 1550 1546 quid,
1575 1512 1673 1546 inquit,
1693 1512 1811 1547 Thamy-

1018 1563 1070 1589 rim
1085 1569 1215 1596 sponsum
1233 1565 1308 1587 tuum
1326 1567 1380 1586 non
1407 1558 1517 1594 aspicis,
1536 1559 1603 1586 Inibi
1627 1558 1809 1585 charissima?

1020 1607 1151 1642 numquid
1169 1607 1239 1634 forte
1256 1606 1339 1633 alium
1369 1613 1455 1637 antas,
1482 1605 1507 1631 in
1526 1605 1686 1639 despectum
1708 1605 1810 1630 amoris

1015 1663 1078 1690 erga
1096 1659 1120 1682 te
1140 1654 1211 1680 mei?
1237 1661 1286 1680 cur
1303 1653 1350 1684 ita,
1367 1652 1450 1679 veluti
1478 1651 1605 1683 attonita,
1625 1659 1640 1677 a
1659 1656 1684 1677 te
1701 1651 1810 1677 abiisti?

1017 1708 1084 1727 num
1105 1708 1153 1734 per
1165 1699 1378 1734 imprudentiam
1400 1697 1470 1724 forte
1487 1703 1513 1725 te
1535 1698 1648 1730 offendi,
1666 1697 1811 1725 dilectissi-

1018 1745 1088 1772 ma?
1106 1752 1171 1771 num
1190 1743 1322 1771 voluntati
1341 1748 1394 1770 tua:
1424 1743 1610 1778 obsequioqne
1629 1743 1655 1769 in
1689 1748 1715 1769 te
1750 1751 1811 1769 meo

1019 1791 1124 1826 uspiam
1142 1790 1239 1818 defui?
1268 1790 1350 1816 nimis
1381 1789 1487 1816 fortean
1505 1790 1550 1816 diu
1587 1795 1696 1816 nostras
1716 1790 1810 1816 hacte-

1017 1845 1071 1864 nus
1092 1844 1233 1863 moramur
1253 1836 1381 1870 nuptias:
1400 1835 1483 1862 nimis
1498 1835 1543 1862 diu
1566 1835 1701 1870 hymenaei
1726 1835 1812 1862 nostri

1016 1888 1115 1911 cantus
1132 1882 1246 1909 musicis
1260 1881 1395 1909 differtur.
1419 1881 1510 1913 Quare
1525 1881 1547 1908 si
1568 1881 1654 1911 lubet.
1674 1888 1732 1915 age,
1751 1887 1814 1906 om-

1017 1930 1063 1957 nia
1093 1929 1288 1956 conficiantur.
1310 1929 1352 1955 An
1373 1929 1522 1955 etiamnum
1546 1927 1757 1954 cunctabimur?
1777 1934 1812 1953 ex

1018 1975 1158 2003 voluntate
1183 1974 1256 2001 enim
1276 1979 1330 2006 tua,
1357 1981 1417 2000 mea
1442 1973 1556 2004 Thecla,
1583 1972 1694 2006 soloque
1738 1976 1809 1998 ttutu

1019 2022 1136 2057 pendeo.
1154 2019 1215 2047 “me
1231 2025 1258 2047 et
1272 2020 1390 2052 dicebat,
1416 2024 1443 2046 et
1455 2023 1533 2054 gestu
1550 2018 1668 2053 quodam
1689 2017 1813 2051 corporis

1020 2067 1053 2094 ad
1076 2065 1291 2102 permovendum
1321 2064 1427 2092 efficaci
1443 2065 1529 2091 ‘illullt
1554 2064 1580 2091 in
1606 2070 1681 2090 suam
1703 2067 1814 2105 sentcn-

1022 2114 1085 2140 tiam
1103 2113 1263 2147 pertrahere
1278 2111 1428 2142 nitebatur,
1444 2111 1510 2145 quin
1542 2115 1567 2137 et
1591 2115 1692 2136 vestem
1713 2108 1812 2135 lineam

1022 2160 1108 2194 ipsius
1124 2158 1239 2185 remisse
1262 2162 1385 2192 tangens.
1411 2157 1508 2192 Surge.
1528 2157 1655 2191 subjecit.
1681 2156 1812 2187 edamus;

982 2201 1009 2231 Ι)
1023 2213 1115 2241 surge,
1133 2205 1278 2232 bibamus:
1295 2204 1360 2238 quid
1375 2203 1448 2230 enim
1465 2208 1540 2230 tanta
1554 2203 1642 2229 inedia
1655 2203 1733 2228 nubis
1751 2210 1813 2235 pro-

178 2246 278 2275 fucrit?
316 2249 454 2276 Hactenus
474 2249 529 2277 ille.
559 2248 661 2276 Omnes
690 2250 798 2277 interim
819 2250 985 2279 domesticos
1013 2250 1167 2278 communis
1194 2250 1285 2276 luctus
1312 2249 1422 2280 invasit,
1454 2247 1646 2282 Thainyrideni
1691 2247 1812 2281 quidem,

179 2294 251 2327 quod
287 2302 371 2322 uxore
402 2294 552 2325 excideret,
591 2294 767 2327 Theocleam,
797 2295 869 2329 quod
898 2295 963 2330 ﬁlia,
984 2295 1096 2323 ancillas
1113 2294 1243 2328 denique.
1269 2293 1343 2328 quod
1372 2292 1504 2320 domina:
1534 2292 1660 2326 hincque.
1689 2291 1813 2319 confusio

179 2348 211 2367 ac
226 2349 251 2368 ut
258 2348 327 2369 ποι·
340 2348 451 2367 exortus
463 2341 537 2368 onmi
549 2341 737 2369 consolatione
753 2342 850 2376 major.

217 2387 255 2414 I".
269 2385 351 2412 Ἀλλὰ
364 2387 397 2421 τῇ
416 2386 517 2421 Θέκλᾳ,
530 2387 577 2412 καὶ
595 2387 698 2413 τούτων
722 2387 882 2422 γινομένων.
894 2388 973 2424 ὀλίγη

180 2432 311 2468 φροντίς·
326 2432 381 2458 τῶν
397 2432 487 2458 αὐτῶν
500 2432 527 2458 δὲ
545 2431 646 2467 εἴχετο,
670 2435 717 2460 καὶ
732 2433 781 2467 τῆς
801 2433 910 2468 θυρίδος
923 2434 971 2460 οὐ-

179 2480 274 2515 δαμῶς
292 2479 435 2514 ἀφίστατο,
451 2479 498 2504 καὶ
518 2478 542 2505 οι
556 2478 662 2505 Παύλου
677 2479 752 2513 λόγοι
764 2480 863 2515 μελέτη
880 2479 968 2516 ταύτῃ

180 2526 317 2560 διηνεκὴς.
335 2524 364 2551 '0
379 2525 504 2560 θάμυρις
521 2522 579 2557 οὖν,
594 2524 671 2555 είδὼς
703 2525 740 2556 ὠς
757 2526 898 2561 ἀνονήτοις
911 2527 971 2552 ἐπι-

181 2573 280 2607 χειρεῖ,
289 2571 372 2606 ζήλου
386 2570 498 2605 πικροῦ,
511 2570 599 2604 Θυμοῦ
618 2579 648 2596 σε
667 2571 712 2596 καὶ
736 2571 822 2605 ὀργῆς
847 2572 974 2599 ἐντεῦθεν

182 2618 381 2653 ὑποπλησθεὶς,
402 2617 527 2652 πρόεισιν
553 2617 606 2650 ἔξω
633 2619 704 2644 κατὰ
723 2618 854 2652 ἄμφοδον,
875 2620 924 2646 καὶ
939 2618 972 2656 ἦν

181 2663 254 2690 οὕτω
275 2664 458 2698 παρατηρῶν,
480 2664 523 2695 τις
545 2672 574 2690 τε
602 2663 670 2698 πρὸς
685 2664 730 2690 τὸν
748 2664 852 2691 Παῦλον
873 2667 962 2698 εἰσίοι,

182 2710 230 2736 καὶ
245 2710 287 2742 τίς
300 2710 448 2745 ἐξέρχοιτο.
460 2709 515 2736 Καὶ
528 2708 560 2745 δὴ
570 2709 617 2736 δύο
628 2710 705 2741 τινὰς
724 2710 776 2745 ὁρᾷ
797 2711 971 2745 μαχομένους

182 2757 253 2792 πρὸς
272 2755 406 2792 ἀλλήλους
427 2764 457 2783 τε
480 2757 526 2783 καὶ
547 2756 754 2788 στασιάζοντας.
781 2758 876 2792 Δημᾶς
898 2754 972 2784 οὗτοι

183 2806 230 2830 καὶ
252 2803 420 2838 Ἑρμογένης
435 2801 520 2838 ἦσαν·
540 2803 585 2834 οὓς
599 2804 613 2830 ὁ
625 2804 703 2838 λόγος
716 2803 822 2838 φθάσας
837 2805 970 2839 ἐδήμησε,

182 2852 230 2876 καὶ
246 2850 320 2880 ὅπως
341 2849 438 2884 Παύλῳ
459 2849 508 2884 μὲν
525 2849 644 2882 εἵποντο,
657 2849 756 2884 ἥκιστα
767 2851 796 2876 δὲ
816 2849 853 2884 τῷ
865 2849 969 2876 ἐκείνου

185 2896 235 2930 βίῳ
272 2895 443 2923 συνείποντοι
460 2891 500 2926 οἷς
519 2896 565 2921 καὶ
580 2896 593 2921 ὁ
612 2894 737 2930 Θάμυρις
771 2895 898 2930 ἐντυχὼν,
925 2896 971 2923 καὶ

1058 2387 1103 2414 lll.
1120 2386 1254 2413 Caeterum
1267 2384 1375 2412 Thecla:
1391 2392 1473 2419 parva
1485 2385 1566 2412 etiam
1582 2385 1678 2412 horum
1691 2385 1811 2412 otnnium

1024 2442 1098 2465 cura,
1114 2437 1142 2460 et
1157 2433 1184 2460 in
1201 2432 1244 2463 iis,
1258 2439 1318 2466 quae
1332 2436 1464 2466 cceperat,
1482 2439 1660 2466 perseverans
1671 2451 1677 2462 ,
1693 2431 1810 2457 fenestra

1023 2480 1179 2507 nullatenus
1210 2478 1376 2509 absistebat,
1407 2478 1489 2504 unius
1525 2477 1601 2504 Pauli
1638 2477 1810 2504 sermonibus

1027 2532 1082 2553 tota
1110 2526 1193 2553 anitni
1224 2525 1402 2552 contentione
1420 2524 1564 2558 studioque
1594 2523 1709 2550 intenta.
1733 2524 1810 2555 Quod

1026 2573 1071 2599 ubi
1099 2572 1243 2607 Thamyris
1267 2571 1350 2603 videt,
1377 2577 1461 2603 seque
1489 2570 1525 2596 rei
1551 2577 1720 2604 nequaquam
1749 2577 1812 2595 suc-

1024 2626 1142 2646 cessum:
1167 2626 1277 2652 operam
1308 2617 1384 2647 dare,
1407 2616 1463 2643 acri
1489 2616 1622 2650 zelotypia
1644 2620 1727 2649 atque
1757 2615 1811 2640 ira-

1025 2664 1124 2692 cundia
1146 2664 1298 2697 percnlsns,
1330 2663 1404 2690 foras
1430 2663 1456 2690 in
1486 2662 1601 2697 plateam
1631 2661 1810 2696 progreditur,

1023 2711 1085 2744 quis
1099 2709 1132 2735 ad
1149 2708 1263 2735 Paulum
1278 2709 1404 2738 intraret,
1417 2708 1512 2743 quisve
1531 2708 1593 2734 inde
1608 2707 1704 2737 exiret,
1718 2707 1813 2733 obser-

1024 2764 1092 2782 vans
1108 2764 1114 2782 :
1131 2763 1193 2782 eum
1214 2755 1284 2782 duos
1296 2755 1427 2789 quosdam
1452 2755 1524 2782 inter
1540 2762 1570 2781 se
1585 2754 1773 2789 depugnantes
1785 2757 1812 2780 et

1026 2803 1146 2829 rixantes
1176 2802 1268 2832 videt,
1303 2801 1412 2827 Demam
1436 2809 1536 2835 nempe
1566 2804 1592 2828 et
1617 2800 1812 2834 Hermogenem

1027 2849 1071 2881 (de
1082 2848 1181 2882 quibus
1204 2853 1281 2873 antea
1299 2846 1426 2877 diximus.
1452 2846 1528 2873 Pauli
1551 2847 1662 2880 quidem
1685 2845 1811 2877 asseclas.

1026 2903 1079 2922 non
1101 2894 1163 2922 itcnt
1182 2895 1241 2921 \it;c
1256 2893 1406 2920 imitatores
1423 2892 1528 2927 fuisse),
1541 2893 1567 2919 in
1583 2901 1651 2927 quos
1663 2901 1724 2920 cum
1741 2891 1813 2918 Thr
