2047 3152
177 147 230 178 R33

756 148 988 177 MARTYHIUM
1011 149 1041 180 S.
1060 150 1227 181 TllECl.:E.
1243 178 1246 179 ,

1755 155 1810 187 834

175 208 278 240 δομὴν,
298 205 387 231 καὶτὸ
403 205 494 239 σκςῆμα
524 204 664 239 ἀμείψασα
692 205 834 239 πρόθυμος
865 205 961 240 ἕψομαι

1019 215 1182 243 qlmetmque
1199 210 1274 240 ieris,
1303 212 1463 239 comitabor.
1487 211 1536 239 Cui
1556 212 1600 240 ille
1617 222 1624 240 :
1640 213 1742 249 Turpe,
1759 216 1810 250 ait,

175 259 227 280 οοι,
245 249 310 275 ἔνθα
332 249 364 276 ἂν
381 250 426 275 καὶ
437 249 532 284 ἀπίῃς.
552 249 582 276 '0
597 250 636 282 δὲ,
659 250 689 276 ’0
702 250 804 285 καιῷς,
821 248 907 279 εἶπεν,
926 251 968 277 αἰ-

175 296 270 330 σχρὸς,
285 296 332 321 καὶ
349 295 380 321 σὺ
407 293 478 329 καλὴ
500 295 551 329 τὴν
574 296 696 330 μορφήνδ
720 297 757 330 μή
778 303 844 321 ποτε
872 293 919 321 οὖν
938 303 966 321 σε

173 342 330 377 πειρασμδς
347 341 492 375 ὲκδέξηται
507 342 611 377 ἔτερος,
627 341 675 368 τοῦ
691 342 824 376 προτέρου
845 341 945 376 χείρων
959 349 966 356 ”

174 388 207 413 σὺ
225 387 253 413 δὲ
269 386 357 421 δειλίᾳ
376 386 469 421 εἴξῃς,
493 387 541 413 καὶ
557 388 587 413 οὐ
608 388 708 422 δυνατὴ
729 388 795 423 γένῃ
810 388 966 421 ὑπομεῖναι.

179 433 212 458 Ἦ
229 433 268 466 δὲ,
295 434 349 467 Τῆς
365 435 394 459 ἑν
412 434 523 469 Χριστῷ
537 434 618 469 μόνον
629 434 788 469 σφραγῖδος,
806 434 868 469 ἔφη,
885 434 967 466 ἀξιω-

173 479 263 513 Θείην,
288 479 335 505 καὶ
350 479 437 510 οὐδεὶς
456 480 490 506 ἂν
506 479 660 514 πειρασμὸς
677 479 777 514 ἅψαιτό
799 489 861 515 μου.
895 481 967 516 Πρὸς

173 527 232 560 ἦνὸ
251 526 370 558 Παῦλος,
396 527 451 559 Δεῖ,
471 524 542 557 εἷπε,
561 526 762 561 μακροθυμεῖν,
784 527 860 562 καὶὴ
877 527 966 561 δωρεὰ

173 572 222 598 τοῦ
249 571 318 597 Θεοῦ
337 572 397 606 ἥξει
417 581 468 599 σοι.
486 572 579 603 Οὕτως
596 574 610 598 ὁ
625 571 730 603 Παῦλος
759 573 855 605 εἰπὼν,
889 573 965 608 Ὀνη-

174 618 287 652 σιφὸρον
306 617 355 651 μὲν
368 617 532 651 πανοικεσίᾳ
547 618 586 649 είς
601 617 647 644 τὸν
659 617 742 643 αὐτοῦ
768 615 843 644 οἷκον
859 618 966 652 ἐκπέμ-

173 672 220 689 πει
231 671 239 679 υ
253 663 360 690 Θέκλαν
375 663 403 690 δὲ
420 663 521 695 λαϐὼν,
534 664 618 699 ἀπῄει
633 665 673 695 εἰς
699 664 875 699 Ἀντιόχειαν.

209 710 248 736 Θ¹.
265 710 342 744 Ἀμα
353 709 381 736 δὲ
392 710 431 745 τῷ
441 711 555 737 εἰσιέναι
571 711 671 742 αὐτοὺς
686 711 727 742 εἰς
744 711 793 746 τὴν
810 711 897 742 πόλιν,
916 711 966 737 Σύ-

174 764 222 790 ρος
253 764 296 787 τις
320 755 494 790 Ἀλέξανδρος
522 755 654 791 τοῦνομα,
676 757 825 792 πρωτεύων
858 757 961 783 Ἀντιο-

174 802 258 836 χέων,
271 801 319 828 καὶ
331 801 414 834 πολὺς
428 801 466 828 ὢν
480 803 508 828 ἐν
524 802 574 838 ὃλῃ
590 802 674 828 αὑτοῦ
690 804 722 837 τῇ
740 803 822 838 ἀρχῇ,
838 801 900 828 ἰδὼν
915 802 965 828 Θέ-

174 849 254 880 κλαν,
267 848 381 882 ἐφίλησέ
396 857 426 874 τε
441 848 536 883 αὐτὴν,
571 849 626 885 καἯι
642 848 748 875 Παῦλον
768 849 880 884 θερμῶς
893 849 964 884 ὑπὲρ

173 893 261 927 αὐτῆς
280 893 376 927 ἐδεῖτο,
397 895 483 929 συχνὰ
500 895 631 930 χρήματα
644 895 691 921 καὶ
704 894 777 929 δῶρα
792 894 961 926 κατατιθείς.

181 938 210 965 ’0
222 939 260 966 δέ·
284 940 342 967 Οὐκ
359 937 428 973 οἶδα,
443 941 505 976 ἔφη,
531 942 581 975 τὴν
606 942 727 975 γυναῖκα
759 940 872 977 ταύτην,
902 941 963 967 οὐδὲ

172 986 227 1021 ἐμὴ
243 985 310 1012 οὖσα
330 987 471 1021 τυγχάνει.
491 987 545 1013 Καὶ
569 987 607 1018 ὡς
638 987 780 1023 θαρρήσας
808 987 847 1022 τῷ
876 987 963 1014 πολλὰ

172 1032 248 1066 παρὰ
260 1033 293 1066 τῇ
314 1032 391 1058 πόλει
406 1032 548 1064 δύνασθαι,
563 1033 676 1068 ἀναίδην
690 1041 719 1059 τε
730 1032 815 1068 αὐτὴν
831 1033 963 1067 περιϐάλ-

170 1078 224 1108 λει,
240 1079 288 1104 καὶ
298 1075 332 1112 ἦν
353 1078 439 1107 οὕτως
463 1079 492 1104 ἐν
517 1078 555 1113 τῷ
579 1078 693 1113 ὰμςόδῳ
710 1079 881 1114 καταφιλῶν,
898 1080 914 1114 ὴ
933 1079 962 1106 δὲ

170 1123 308 1149 ἀπωθεῖτό
323 1132 352 1149 τε
376 1125 423 1150 καὶ
445 1124 495 1150 οὐκ
521 1124 657 1158 ἠνείχετο,
686 1125 754 1152 ἀλλὰ
787 1125 890 1151 Παῦλον
916 1125 962 1152 τὸν

170 1170 361 1203 πνευματικὸν
372 1170 464 1203 ἐζήτει
481 1170 615 1204 νυμφίον·
630 1171 677 1196 καὶ
691 1171 740 1206 τὴν
753 1172 845 1207 φωνὴν
860 1172 960 1206 ἄρασα,

171 1216 217 1250 Μὴ
234 1216 317 1250 βιάσῃ
340 1224 373 1250 με
394 1216 445 1252 τὴν
459 1215 506 1242 τοῦ
528 1215 595 1242 Θεοῦ
611 1216 719 1251 δούλην,
732 1217 795 1252 ἔφη,
813 1217 852 1253 μὴ
865 1218 959 1253 βιάσῃ.

179 1261 312 1287 Ἰκονιέων
327 1262 386 1296 εἰμὶ
410 1261 518 1298 πρώτη,
537 1262 709 1297 ὲκὸέόλημαι
727 1262 754 1288 δὲ
777 1263 826 1297 τῆς
857 1264 962 1295 πόλεως

172 1307 239 1341 παρ’
252 1307 318 1333 αὐτὸ
335 1307 416 1334 τοῦτο
442 1308 473 1334 τὸ
495 1308 533 1343 μὴ
549 1308 692 1344 βούλεσθαι
718 1309 853 1344 Θαμύριδι
868 1317 961 1345 γαμη-

171 1354 370 1388 θῆναι.Ταῦτα
391 1354 469 1388 ἔλεγε
487 1355 535 1382 σὺν
552 1354 601 1390 βοῇ
626 1357 659 1390 τῇ
688 1355 806 1391 μεγάλῃ,
836 1356 884 1382 καὶ
912 1357 961 1390 τῆς

170 1401 309 1436 χλαμύδος
325 1401 511 1437 ἐπιλαϐομένη
540 1401 589 1428 τοῦ
610 1401 798 1436 Ἀλεξάνδρου,
830 1403 917 1437 αὐτήν
929 1411 960 1428 τε

169 1448 309 1483 διέρρηξε,
326 1448 375 1474 καὶ
389 1448 435 1473 τὸν
452 1448 586 1482 στέφανον
601 1448 728 1481 ἀφείλετο
742 1448 792 1482 τῆς
816 1449 898 1475 αὑτοῦ
914 1458 960 1475 κε-

171 1494 273 1527 φαλῆς,
290 1495 420 1521 κάκεῖνον
435 1493 571 1529 θρίαμϐον
586 1495 715 1529 ἐποίησεν
728 1495 775 1520 ἐπὶ
791 1495 910 1521 πάντων.
933 1495 961 1522 ’0

1020 253 1070 279 hoc
1088 258 1194 288 tempus
1212 259 1293 282 estet
1311 261 1338 281 tn
1365 257 1450 284 forma
1479 259 1606 292 praeclara
1624 268 1630 287 :
1649 260 1719 294 vide,
1733 268 1767 288 ne
1783 267 1809 289 tc

1019 298 1068 325 alia
1104 301 1220 326 lentatio
1247 301 1335 334 prioie
1360 305 1481 330 deterior
1512 306 1640 339 excipiat,
1670 311 1753 341 tuque
1771 307 1807 334 illi

1019 351 1074 378 prae
1104 345 1249 373 timiditate
1281 349 1455 375 succumbas.
1483 349 1552 376 Tum
1586 351 1632 378 illa
1667 360 1674 379 :
1706 352 1807 380 Christi

1018 390 1100 417 modo
1126 391 1279 424 signaculo,
1305 392 1403 427 inquit,
1431 394 1512 430 digna
1545 396 1658 429 habear,
1677 399 1749 425 nulla
1765 406 1809 426 me

1019 437 1135 463 tentatio
1162 444 1275 472 prorsus
1304 438 1437 474 attigerit.
1478 441 1518 467 Ad
1555 449 1636 476 quam
1669 442 1770 471 Paulus
1799 453 1806 471 :

1017 481 1133 509 Patienti
1147 484 1240 511 animo
1257 484 1294 511 sis
1312 489 1436 519 oportet,
1453 490 1482 512 et
1508 486 1609 513 donum
1628 487 1693 514 illud
1710 489 1757 516 Dei
1773 491 1806 517 ad

1018 533 1044 555 te
1063 529 1215 563 perveniet.
1244 530 1304 562 Quo
1330 531 1404 558 dicto
1429 532 1643 567 (lnesiphorum,
1662 542 1722 561 eum
1751 540 1807 563 tota

1017 582 1066 601 sua
1097 575 1212 608 familia,
1245 576 1356 603 domum
1401 578 1517 604 remittit
1548 587 1554 604 :
1587 578 1670 606 Thcla
1698 585 1806 608 auteem

1016 627 1110 648 secum
1129 626 1281 656 assumpta,
1299 623 1473 649 Antiochiam
1492 623 1568 650 abiit.

1051 710 1095 737 IX.
1114 711 1164 743 lbi,
1181 711 1260 738 situm
1279 717 1362 746 atque
1377 713 1403 739 in
1427 714 1522 741 urbem
1548 715 1749 749 ingrediuntur,
1767 718 1808 745 vir

1016 757 1127 790 quidam
1160 757 1254 791 Syrus,
1286 758 1440 785 Alexander
1464 761 1585 793 nomine,
1605 762 1710 796 primus
1737 763 1808 790 inttr

1016 802 1230 834 Antiochenses,
1261 808 1290 830 et.
1325 812 1374 838 per
1410 809 1494 832 totam
1533 806 1605 833 illam
1638 809 1807 842 provinciam

1016 849 1137 883 polentia
1155 854 1299 884 prastans,
1327 856 1501 889 conspectam
1518 852 1648 880 Theclam
1677 855 1808 889 protinus

1016 895 1162 926 adamavit,
1192 896 1361 931 Paulumque
1385 884 1472 924 calide
1499 906 1582 933 super
1606 900 1663 934 ipsa
1692 902 1806 936 rogavit,

1015 942 1159 976 pecuniam
1193 943 1307 970 multam
1325 947 1353 969 et
1382 943 1453 970 dona
1485 944 1630 978 adjiciens.
1657 946 1706 973 Cui
1732 947 1776 974 ille
1798 956 1805 974 :

1014 987 1072 1014 Non
1086 987 1161 1019 novi,
1177 987 1275 1022 inquit,
1303 988 1446 1015 mulierem
1474 989 1555 1022 hanc,
1593 998 1682 1025 neque
1709 992 1742 1018 ad
1762 1000 1807 1019 me

1014 1033 1144 1067 pertinet.
1180 1033 1229 1060 Ille
1256 1038 1346 1061 autem
1379 1035 1552 1069 auctoritate,
1581 1044 1632 1071 qua
1659 1037 1806 1071 plurimum

1014 1079 1042 1106 in
1069 1079 1113 1105 illa
1142 1081 1210 1106 urbe
1227 1079 1348 1111 valebat,
1376 1081 1506 1113 conﬁsus.
1535 1082 1707 1116 impudenter
1733 1083 1805 1111 illam

1013 1126 1198 1160 amplectitur,
1219 1131 1247 1154 et
1263 1126 1289 1153 in
1320 1127 1364 1154 via
1393 1128 1581 1156 deosculatur.
1600 1129 1646 1156 illa
1666 1129 1805 1157 hominem

1014 1171 1126 1199 minime
1137 1172 1219 1205 i‘erre,
1236 1173 1284 1201 sed
1298 1181 1313 1200 a
1329 1181 1360 1201 se
1378 1175 1523 1209 repellere,
1538 1175 1652 1202 Paulum
1673 1184 1804 1210 sponsum

1013 1226 1092 1245 suum
1119 1218 1288 1252 spiritualem
1306 1219 1446 1254 requirere
1471 1228 1478 1246 :
1495 1224 1520 1246 et
1543 1227 1609 1246 voce
1630 1221 1747 1253 sublata,
1765 1221 1805 1248 Ne

1012 1264 1079 1296 vim,
1096 1264 1194 1299 inquit,
1210 1265 1276 1292 mihi
1306 1265 1415 1293 famulae
1443 1266 1490 1292 Dei
1519 1266 1630 1300 afferas,
1646 1275 1681 1294 ne
1709 1267 1805 1300 violes,

1013 1310 1085 1336 inter
1105 1310 1262 1338 leonienses
1275 1312 1362 1346 prima
1378 1319 1450 1343 sum,
1463 1320 1495 1339 ex
1524 1313 1592 1340 urbe
1607 1321 1678 1341 'mea
1704 1314 1804 1349 ejecta.

1014 1354 1086 1381 hanc
1105 1355 1191 1388 ipsam
1221 1355 1256 1383 ob
1275 1363 1397 1389 causam,
1425 1357 1498 1392 quod
1519 1357 1675 1392 Thamyridi
1703 1359 1806 1387 nubere

1013 1400 1158 1433 noluerim,
1204 1400 1311 1435 hocque
1346 1401 1430 1428 altum
1476 1402 1638 1434 inclamans.
1666 1410 1806 1440 arreptum

1013 1446 1161 1473 Alexandri
1174 1447 1286 1481 pallium
1318 1448 1492 1482 dilaceravit,
1519 1454 1547 1476 et
1564 1457 1694 1477 coronam
1722 1451 1805 1486 cupiti

1012 1492 1072 1527 ejus
1102 1493 1219 1520 detraxit
1249 1493 1404 1528 :huncque
1430 1495 1598 1530 triumphum
1629 1496 1663 1524 de
1693 1497 1749 1529 illo,
1776 1499 1805 1526 in

170 1540 198 1566 δὲ
209 1541 260 1575 τὴν
276 1540 407 1576 αἰσχύνην
424 1541 474 1567 οὐκ
498 1540 630 1574 ἐνεγκὼν,
645 1541 707 1575 ἄγει
721 1541 806 1576 αὐτὴν
830 1541 899 1576 πρὸς
915 1541 961 1568 τὸν

1014 1539 1160 1572 praesentia
1185 1539 1320 1571 omnium,
1339 1540 1500 1575 reportavit.
1527 1541 1614 1574 Quam
1637 1541 1806 1570 iile'contn-

171 1587 308 1622 ἡγεμόνα·
326 1588 387 1613 ἐπεὶ
404 1587 432 1613 δὲ
455 1588 492 1622 μὴ
522 1587 635 1622 ἔξαρνος
650 1586 695 1623 ἦν,
712 1587 769 1614 ἀλλ’
784 1589 918 1622 ὡμολόγει
931 1589 960 1615 τδ

171 1635 356 1669 πεπραχέναι,
371 1633 474 1668 θηρίοις
490 1634 667 1669 κατεκρίνετο
683 1635 835 1670 ἐκδοθῆναι.
849 1635 882 1660 Αἱ
898 1636 961 1670 μέν·

171 1690 212 1707 τοι
233 1682 375 1714 γυναῖκες,
397 1681 459 1706 ὅσαι
479 1682 615 1715 παρῆσαν,
633 1681 666 1715 τῇ
679 1681 745 1715 πρὸς
760 1681 789 1706 τὸ
808 1674 890 1714 γένος
918 1689 960 1707 νι-

171 1726 296 1761 κώμεναι
318 1725 492 1761 συμπαθείᾳ,
508 1728 555 1751 καὶ
576 1726 657 1752 οἱονεὶ
673 1726 703 1751 τὸ
727 1727 843 1761 πρᾶγμα
872 1726 960 1753 κοινὸν

171 1773 334 1808 ἡγούμεναι,
351 1772 398 1798 καὶ
418 1773 573 1806 ἐμέμφοντο
583 1772 631 1807 τὴν
645 1772 793 1806 ἀπόφασιν,
808 1773 865 1804 καὶ,
880 1774 959 1808 Κακὴ

171 1822 274 1854 κρίσις,
289 1819 365 1853 παρὰ
381 1819 410 1844 τὸ
425 1818 499 1852 βῆμα
518 1817 642 1852 φανερῶς
653 1817 858 1852 ἑκραζον,’Δ·λλ“
878 1819 894 1853 ὴ
909 1818 959 1844 Θέ-

171 1865 222 1891 κλα
239 1864 287 1890 καὶ
317 1862 389 1889 οὕτω
419 1862 598 1897 σωφροσύνης
619 1862 833 1898 ὲπιμελουμένη,
860 1863 959 1898 ἐδεήθη

169 1909 216 1936 τοῦ
232 1909 378 1944 ἡγεμόνος,
405 1909 470 1943 ἄχρι
483 1909 530 1934 καὶ
546 1909 604 1938 τοῖς
620 1908 726 1942 θηρίοις
742 1909 958 1944 ἐγχειρισθῆναι,

169 1956 256 1990 ἁγνὴν
266 1954 352 1989 αὐτὴν
371 1954 520 1988 διαμεῖναι.
535 1951 591 1980 ἾΙν
606 1953 653 1980 οὖν
676 1955 746 1988 γυνή
758 1963 800 1985 τις
831 1955 958 1987 πλουσία,

169 2003 291 2038 τοῦνομα
308 2001 464 2036 Τρύφαινα,
476 2000 510 2036 ἧς
526 2001 543 2035 ὴ
557 1999 686 2035 ,θυγάτηρ
708 2000 874 2026 Φαλκόνιλλα
899 2001 960 2026 τεθ-

170 2051 271 2085 νηκυῖα
287 2047 321 2083 ἦν
331 2056 339 2064 ·
353 2048 422 2083 αὕτη
436 2045 582 2082 τοιγαροῦν
608 2046 768 2073 πιστεύεται
783 2047 899 2080 Θὲκλαν,
911 2048 960 2073 καὶ

168 2093 202 2126 ἦν
218 2096 248 2121 τὸ
266 2094 369 2130 μεταξὺ
392 2093 494 2128 ταύτης
508 2093 551 2124 είς
571 2091 754 2128 παραμύθιον.
771 2091 837 2118 Εἶτα
849 2092 917 2127 πρὸς
929 2093 959 2118 τὸ

170 2138 375 2174 θηριομαχῆσαι
384 2137 582 2173 προαχθεῖσαν,
600 2135 747 2169 δεσμοῦσιν
765 2138 851 2172 αὐτὴν
864 2137 959 2173 λεαίνῃ

169 2186 267 2220 πικρᾷ.
288 2184 429 2220 Τρύφαινα
443 2185 473 2211 δὲ
483 2187 533 2212 οὐχ
548 2185 681 2220 ἀφίστατο
695 2186 808 2219 ταύτης,
823 2180 880 2211 ἀλλ’
894 2185 958 2219 ἠκο-

169 2232 271 2264 λούϋει,
280 2231 332 2262 ἕως
345 2232 396 2267 ἤδη
409 2232 495 2258 καὶτὸ
508 2232 621 2268 θέατρον
636 2231 702 2258 αὐτὸ
715 2230 841 2258 εἰσέλθοι.
854 2231 959 2257 Λέαινα

171 2279 274 2312 μέντοι,
293 2278 426 2312 ὲπιὸάιςης
446 2277 532 2313 αὐτῆς
549 2279 599 2313 τῆς
627 2277 742 2309 Θέκλας,
765 2277 852 2308 οὕτως
887 2276 959 2311 εἶχεν

170 2324 293 2355 εὐλαϐῶς
310 2324 359 2350 καὶ
387 2323 616 2358 πεφυλαγμένως,
643 2323 680 2355 ὡς
708 2325 744 2358 μὴ
768 2324 848 2358 μόνον
876 2324 959 2359 μηδὲν

170 2371 318 2396 ἁτίθασσον
334 2369 402 2405 μηδὲ
417 2369 550 2404 Θηριῶδες
564 2370 605 2395 ἐπ’
623 2370 692 2404 αὐτῇ
718 2370 862 2403 ἐπιδεῖξαι,
891 2369 960 2396 ἀλλὰ

170 2418 217 2443 καὶ
228 2416 360 2452 μαλακῶς
379 2417 537 2449 ἔπαφᾶσῠαι
554 2418 586 2451 τῇ
599 2416 719 2451 γλώττῃ,
733 2417 780 2442 καὶ
795 2416 960 2451 περιλείχειν

171 2463 255 2497 αὐτῆς
271 2462 334 2494 τοὺς
351 2462 446 2494 πόδας.
469 2462 501 2488 'il
513 2462 541 2488 δὲ
559 2462 635 2488 αίτία
651 2460 684 2497 ἦν
706 2462 755 2495 τῆς
767 2462 960 2497 ὲπενεχϐείσης

170 2509 240 2544 αὐτῇ
255 2509 379 2544 γραφῆς,
393 2508 542 2544 ἱεροσυλία.
562 2508 702 2541 Ἐξίστατο
713 2508 742 2534 δὲ
757 2509 771 2534 ὀ
783 2508 860 2543 ὄχλος
874 2508 960 2534 ταῦτα

169 2557 259 2589 ὁρῶν·
280 2555 327 2581 καὶ
347 2554 451 2581 τούτων
464 2555 521 2580 ὅσοι
537 2553 710 2589 θερμότεροι,
738 2556 785 2580 καὶ
812 2554 891 2580 τοῦτο
917 2555 961 2581 διὰ

171 2601 268 2636 μίσους
285 2602 316 2627 τὸ
335 2601 455 2636 πρᾶγμα
481 2600 651 2636 ποιούμενοι,
676 2601 902 2636 ἐπεμαρτύροντο
916 2602 961 2626 τὸν

169 2648 250 2681 Θεὸν,
271 2647 383 2674 ἀνοσίαν
395 2645 466 2674 εἶναι
488 2648 538 2682 τὴν
551 2646 641 2682 κρίσιν
657 2646 794 2681 λέγοντες.
811 2645 876 2673 Εἶτα
894 2646 962 2682 λοιμ-

171 2695 249 2721 6άνει
265 2695 347 2721 πάλιν
361 2694 410 2730 τὴν
425 2694 532 2720 Θέκλαν
559 2695 575 2728 ἠ
600 2693 756 2729 Τρύφαινα,
772 2695 809 2725 ὡς
824 2694 870 2720 καὶ
891 2693 962 2728 μετὰ

171 2741 257 2768 ταῦτα
274 2741 426 2776 μέλλουσαν
446 2741 636 2776 Θηριομαχεῖν.
658 2741 691 2767 'H
707 2741 799 2775 μέντοι
817 2739 962 2775 τεθνηκυῖα

153 2820 156 2822 _
170 2788 298 2823 θυγάτηρ
313 2788 408 2823 αὐτῆς,
429 2788 496 2823 map
520 2789 656 2814 ἐπιστᾶσα
670 2786 829 2822 Τρυφαίνῃ·
845 2787 912 2812 Θεοῦ
934 2787 961 2813 δὲ

169 2835 267 2866 ταῦτα,
285 2835 333 2860 καὶ
355 2835 405 2868 τῆς
429 2835 534 2860 ἐκείνου
568 2832 775 2868 φιλανθρωπίας
801 2833 959 2867 οἰκονομία·

171 2882 268 2917 Μῆτερ
280 2882 345 2917 ἐμὴ,
360 2882 424 2917 ἔφη,
438 2883 454 2916 ἡ
466 2881 529 2916 ξένη
540 2880 629 2907 Θέκλα
640 2880 686 2907 τὸν
705 2880 771 2915 ἐμὸν
783 2879 958 2914 ἀναπληρού-

1012 1584 1122 1611 mcliam
1138 1593 1192 1612 non
1206 1585 1302 1612 ferens
1313 1585 1345 1612 ad
1363 1586 1522 1620 priore-ctum
1547 1587 1676 1614 Theclam
1699 1588 1803 1615 trahit:

1011 1631 1184 1665 etquoniam
1216 1631 1261 1658 illa
1290 1631 1391 1659 factum
1419 1641 1473 1660 non
1492 1638 1614 1668 negaret,
1641 1634 1688 1661 sed
1715 1635 1804 1669 palam

1011 1676 1154 1710 fateretur,
1181 1678 1215 1704 ad
1247 1678 1350 1705 bestias
1373 1685 1416 1706 est
1444 1680 1638 1707 condemnata.
1667 1681 1804 1708 Caeterum

1011 1725 1142 1752 mulieres
1159 1732 1219 1760 qua:
1236 1725 1362 1757 aderant,
1389 1727 1632 1754 commiseratione
1646 1734 1710 1761 erga
1731 1735 1808 1754 com-

1010 1778 1103 1805 parcm
1129 1771 1172 1798 sui
1205 1779 1287 1798 sexus
1316 1779 1472 1802 commotae.
1490 1776 1518 1799 et
1538 1780 1594 1799 rem
1625 1778 1707 1800 totam
1738 1780 1808 1806 quo-

1010 1817 1158 1844 dammodo
1185 1818 1369 1844 communiter
1400 1818 1433 1844 ad
1463 1825 1492 1844 se
1522 1826 1629 1852 quoque
1666 1819 1806 1853 pertinere

1010 1862 1207 1896 interpretata),
1217 1863 1380 1889 sententiain
1392 1864 1515 1897 praesidis
1531 1863 1701 1896 incusabant,
1716 1865 1806 1898 palam

1011 1907 1134 1942 iniquutn
1152 1908 1288 1942 judicium
1305 1913 1369 1935 ante
1387 1909 1506 1935 tribunal
1521 1909 1713 1937 vociferantes.
1732 1910 1805 1937 The-

1009 1953 1051 1981 cla
1080 1954 1196 1985 interea,
1228 1954 1268 1982 sic
1292 1962 1401 1989 quoque
1427 1955 1565 1988 pudicitia:
1595 1963 1652 1982 suae
1677 1955 1804 1989 sollicita,

1011 1999 1090 2034 petiit
1114 2007 1129 2026 a
1148 1999 1275 2034 praeside,
1295 2004 1324 2026 ut
1351 2007 1493 2035 quousque
1520 2000 1614 2027 bestiis
1639 2001 1803 2033 traderetur,

1010 2046 1228 2072 ineontaminata
1262 2051 1447 2080 permaneret.
1490 2046 1556 2072 Erat
1589 2046 1671 2080 igitur
1708 2047 1806 2073 mulier

1010 2092 1133 2127 quaedam
1157 2091 1301 2126 opulenta,
1328 2091 1478 2126 Tryphaena
1503 2091 1626 2124 nomine,
1642 2091 1721 2126 cujus
1747 2092 1804 2119 ﬁlia

1013 2138 1162 2166 Falconilla
1180 2137 1305 2165 obierat:
1324 2137 1388 2164 huic
1411 2137 1512 2165 Thecla
1538 2138 1723 2167 concreditur.
1743 2146 1805 2172 qua:

1011 2185 1049 2211 illi
1066 2185 1171 2212 interea
1203 2183 1382 2211 consolationi
1411 2184 1476 2210 l'uit.
1503 2183 1606 2211 Deinde
1632 2185 1804 2218 productam,

1011 2236 1039 2258 et
1063 2239 1125 2257 cum
1152 2231 1250 2258 bestiis
1282 2235 1422 2257 certamen
1452 2230 1592 2261 inituram.
1614 2230 1679 2257 fera:
1712 2231 1804 2257 leaenae

1011 2278 1130 2305 vinctam
1145 2277 1280 2311 objiciunt
1298 2286 1305 2304 :
1339 2276 1491 2311 Tryphaena
1525 2277 1635 2303 interim
1651 2277 1685 2304 ab
1700 2284 1730 2303 ea
1745 2283 1802 2303 non

1011 2323 1168 2354 recedente,
1183 2323 1230 2349 sed
1253 2323 1437 2356 quoadusque
1456 2323 1543 2356 ipsum
1562 2323 1697 2349 theatrum
1714 2322 1804 2358 ingre-

1011 2371 1125 2398 deretur
1140 2377 1194 2396 una
1211 2368 1410 2403 subsequente.
1426 2368 1484 2401 Qua
1505 2368 1639 2402 ingressa,
1656 2369 1691 2396 ita
1706 2377 1735 2396 se
1749 2370 1805 2396 cir-

1011 2418 1160 2449 cunspecte
1193 2417 1326 2448 cauteque
1357 2413 1440 2440 leaena
1459 2413 1554 2448 gessit,
1579 2418 1610 2441 ut
1628 2422 1682 2440 non
1699 2418 1803 2442 tantum

1011 2461 1080 2489 nihil
1094 2461 1218 2488 indomiti
1239 2464 1286 2487 aut
1303 2459 1385 2487 ferini
1406 2461 1538 2487 adtersus
1563 2459 1649 2494 ipsam
1675 2460 1804 2495 designa-

1012 2512 1064 2539 ret,
1081 2507 1130 2534 sed
1147 2507 1237 2541 lingua
1255 2514 1303 2533 sua
1323 2506 1443 2533 molliter
1457 2506 1540 2540 pedes
1553 2506 1614 2541 ejus
1642 2507 1803 2541 contingens

1011 2554 1146 2581 lamberet
1170 2552 1320 2588 (accusatio
1347 2556 1438 2579 autem
1476 2552 1600 2579 criminis
1623 2552 1650 2579 in
1674 2552 1802 2579 Theclam

1012 2600 1139 2626 intentati
1168 2599 1342 2634 sacrilegium
1374 2597 1457 2632 erat),
1488 2606 1548 2632 qme
1567 2598 1612 2625 ubi
1658 2598 1804 2626 multitudo

1013 2646 1094 2678 videt,
1110 2646 1193 2673 etiam
1210 2645 1432 2672 vehementiores
1462 2644 1562 2678 quique
1588 2648 1617 2672 et
1636 2644 1804 2671 ineitations

1016 2693 1198 2726 Obstupuere,
1220 2696 1246 2718 et
1260 2691 1323 2718 odio
1340 2695 1427 2718 totum
1447 2690 1499 2717 hoc
1513 2691 1614 2718 factum
1636 2697 1804 2724 prosequen-

1013 2743 1064 2769 tes,
1095 2738 1218 2772 iniquum
1244 2744 1305 2764 esse
1329 2736 1475 2770 judicium,
1509 2736 1594 2763 Deum
1622 2736 1803 2764 testabantur.

1013 2784 1117 2811 Deinde
1134 2783 1287 2818 Tryphaena
1309 2782 1438 2810 Theclam
1456 2783 1489 2809 ad
1508 2789 1537 2809 se
1551 2782 1648 2816 recipit
1677 2791 1684 2809 :
1706 2781 1753 2809 sed
1773 2787 1804 2809 ut

1014 2838 1073 2866 qua:
1098 2830 1197 2857 iterum
1215 2836 1276 2856 cum
1305 2828 1401 2856 bestiis
1427 2833 1499 2856 esset
1523 2829 1724 2864 depugnatum.
1751 2828 1804 2856 De-

1016 2878 1110 2906 iuncta
1138 2875 1249 2903 interim
1280 2873 1440 2910 Tryphaena:
1464 2875 1519 2902 lilia
1536 2876 1646 2911 (nempe
1673 2875 1719 2902 Dei
1747 2874 1804 2902 hac»:
