2047 3152
236 216 290 248 90'!

853 206 995 238 MENSIS
1014 205 1158 236 SEPTEM
1165 204 1249 235 BER.

1804 197 1858 230 908

236 274 270 302 ab
283 280 315 300 eo
335 270 420 299 fuisse
439 268 538 297 factam
567 267 614 295 Dei
632 280 645 283 να
655 264 797 295 ecclesiam
814 273 822 292 :
847 263 1026 299 quemadmo-

1081 260 1197 296 ἔμπαλιν
1223 257 1420 294 πεπραγμένον
1443 256 1522 284 ιστϊ
1542 255 1575 283 τδ
1594 255 1651 291 γὰρ
1676 254 1731 283 τῶν
1756 254 1866 291 λῃστῶν

236 320 301 348 dum
315 321 420 349 autem,
436 315 568 350 deinceps
583 313 772 342 ostendemus.

275 451 331 481 Vll.
351 448 393 477 Illi
405 450 497 475 autem
510 441 648 475 scelerati,
673 446 736 467 cum
752 441 876 466 sanctum
894 434 1022 469 reliquis-

239 503 304 527 sent
320 497 444 524 vinetum
463 492 490 519 in
519 490 591 518 dicta
618 486 758 523 spelunca,
777 485 832 512 huc
854 487 882 510 et
902 482 976 514 illuc,
993 485 1024 508 ut

221 542 224 546 ’
239 545 282 572 eis
298 549 360 570 mos
373 544 442 572 erat,
458 537 517 564 vias
532 535 645 563 obibant
655 531 789 567 publicas,
814 529 837 557 si
853 528 923 556 forte
935 527 1023 554 viato-

243 589 319 617 ribus
343 585 452 614 solitum
478 581 577 609 atl’crre
600 581 712 614 possent
731 575 855 603 exitium.
871 572 918 600 llle
933 576 1023 600 autem

243 635 366 670 primum
383 630 494 666 quidem
515 626 585 654 fudit
610 631 716 660 preces,
727 626 755 649 et
770 621 826 648 Deo
843 619 898 655 egit
912 617 1024 654 gratias,

241 669 379 707 molestias
403 676 533 703 lubenter
563 669 716 705 suscipiens
738 670 848 702 propter
866 673 936 698 eam,
964 671 1025 698 qua:

240 726 318 753 illinc
345 726 481 757 speratur.
507 714 756 745 remunerationem
784 720 791 739 :
816 709 914 738 deinde
942 708 1025 736 etiam

242 756 392 803 malignum
405 765 568 793 daemonem,
591 759 637 794 qui
653 757 710 785 haec
729 756 859 784 adversus
884 761 947 781 eum
967 756 1026 780 erat

243 800 426 843 machinatus,
441 809 482 837 sic
506 806 657 835 fortissime
680 803 829 838 alloquitur
857 810 864 830 :
886 800 1026 834 Tanquam

241 859 286 894 qui
304 856 403 885 mortis
420 852 572 889 periculum
592 848 780 878 formidarem,
805 846 886 873 hisne
911 852 954 871 me
971 849 1028 870 tra-

243 891 337 932 didisti
357 899 514 937 parricidis,
536 905 552 925 o
567 896 680 923 sceleste
699 901 748 920 :an
764 891 963 927 prohibiturus,
992 896 1028 916 ne

240 952 275 980 ad
297 931 423 978 eﬂectum
445 952 535 974 meum
553 942 643 971 veniat
658 938 845 976 propositum?
868 937 896 964 Si
908 938 1025 972 primum
1041 931 1062 960 Β

242 997 365 1033 quidem,
382 998 413 1021 ut
428 992 474 1028 qui
494 989 541 1017 Dei
555 988 668 1024 gratiam
684 987 783 1013 bonam
804 983 919 1011 habeam
935 986 1026 1009 custo-

241 1029 322 1074 dem,
351 1042 469 1067 mortem
491 1035 602 1064 omnino
626 1031 749 1067 despicio
769 1039 776 1058 :
798 1029 839 1057 siu
864 1033 966 1058 autem,
996 1031 1027 1053 ut

241 1095 286 1115 me
302 1073 448 1122 prohibeas
464 1090 478 1110 a
503 1088 564 1109 meo
584 1088 618 1107 ex
632 1078 740 1106 Christo
754 1075 863 1103 vivendi
876 1073 1023 1106 desiderio,

243 1121 313 1161 nihil
329 1130 441 1158 omnino
453 1127 565 1158 eilities,
581 1125 603 1153 si
627 1125 685 1160 ipse
702 1123 765 1150 velit
781 1130 788 1149 :
804 1121 861 1150 vult
883 1127 948 1148 vero
967 1126 1027 1146 om-

242 1178 321 1209 nino,
338 1176 466 1212 quouiam
480 1172 577 1209 gaudet
592 1172 654 1199 vitae
668 1175 695 1198 et
711 1170 808 1197 animae
819 1168 913 1195 videns
931 1173 1028 1201 purga-

243 1225 358 1256 tionem,
377 1226 460 1257 utque
487 1220 584 1248 habeat
599 1216 781 1248 occasionem,
797 1221 859 1241 cum
880 1213 916 1241 sit
929 1212 1027 1243 bonus,

242 1271 312 1298 bona
323 1266 462 1304 praebendi
488 1266 533 1298 iis,
546 1264 592 1300 qui
612 1266 678 1291 sunt
705 1260 819 1289 studiosi
835 1258 952 1286 virtutis.
975 1256 1028 1284 Sed

240 1323 307 1344 cum
325 1303 385 1342 haec
399 1312 509 1348 quidem
529 1311 568 1339 sic
595 1309 629 1337 ab
652 1315 685 1336 eo
712 1307 879 1338 dicerentur,
894 1305 988 1340 vipera
1001 1303 1029 1330 in

244 1371 294 1392 vas
310 1361 446 1398 quoddam
466 1365 641 1395 proserpens,
661 1356 733 1392 quod
749 1359 807 1382 erat
826 1354 889 1382 vino
907 1353 1027 1388 plenum,

245 1410 356 1446 impleta
373 1413 417 1436 est
430 1413 516 1442 usque
528 1405 561 1433 ad
573 1404 726 1432 satietatem
741 1410 748 1428 :
765 1400 862 1429 deinde
873 1407 928 1427 non
940 1406 1029 1430 secus,

243 1445 326 1493 atque
340 1454 405 1483 mali
423 1453 560 1485 homines,
574 1458 624 1486 pro
638 1448 771 1477 beneﬂcio
785 1447 886 1474 malum
900 1445 1029 1493 reddens,

245 1489 382 1537 et‘potum
404 1504 511 1527 veneno
534 1501 725 1526 remunerans,
752 1491 875 1519 recessit.
900 1489 1031 1518 Latrones

240 1552 334 1577 autem
350 1552 413 1574 cum
428 1544 536 1572 domum
548 1540 701 1572 rediissem,
712 1538 799 1573 utqui
813 1537 855 1564 siti
867 1537 1029 1570 laborarent,

245 1601 351 1623 merum
367 1591 477 1627 quidem
494 1588 586 1617 statim
602 1586 744 1617 hauriunt,
762 1587 790 1612 et
804 1583 884 1611 simul
907 1583 1030 1610 moriun-

244 1645 291 1668 tur
307 1648 315 1666 :
336 1642 363 1666 et
378 1636 419 1664 sic
437 1634 501 1663 mali
522 1641 536 1660 a
552 1632 624 1660 malo
640 1632 802 1667 puniuntur,
817 1633 846 1657 et
865 1634 915 1663 pro
939 1627 1032 1655 multis

246 1683 349 1719 injuria
379 1679 487 1709 allectis
513 1677 604 1706 divina
617 1675 722 1711 justitia
736 1674 770 1702 de
783 1674 818 1701 iis
828 1672 940 1700 meritas
950 1672 1034 1700 sumit

244 1736 352 1766 poenas.
387 1726 492 1754 Dehinc
518 1722 747 1752 exsecrandorum
769 1720 876 1747 illorum
898 1719 1033 1746 latronum

246 1765 447 1804 habitaculum,
461 1771 532 1798 sicut
548 1776 608 1797 sum
633 1767 769 1803 pollicitus
785 1766 895 1797 dicere,
916 1765 946 1792 tit
968 1772 1032 1792 san-

245 1825 322 1849 ctum
334 1817 379 1846 Dei
400 1816 541 1852 templum,
552 1814 622 1849 quod
629 1810 940 1846 nuncvocaturAntiqua
947 1809 1035 1837 eccle-

247 1865 391 1899 sia,etsita
408 1867 539 1898 estprope
551 1859 747 1889 sanctissimam
755 1858 881 1889 Laur-am,
894 1864 953 1892 quae
965 1856 1034 1883 Plia-

247 1921 296 1941 rus
307 1911 416 1943 dicitur,
430 1907 537 1936 condita
557 1906 591 1934 ab
603 1906 655 1933 hoc
671 1912 768 1940 magno
777 1903 923 1931 Charitone
939 1911 946 1930 :
972 1902 1034 1930 vide

247 1964 340 1987 autem
374 1957 433 1985 haec
447 1961 553 1991 quoque
567 1960 648 1988 quam
670 1951 810 1987 pulchram
840 1954 869 1977 et
889 1948 1034 1976 admirabi-

246 2006 300 2034 lem
317 2005 480 2033 invenerunt
502 1999 746 2035 dispensationem.
763 1995 833 2030 Quid
857 1996 932 2024 enim
953 1995 992 2028 tit,
1007 1999 1035 2022 et

247 2059 304 2088 quo
315 2058 360 2079 res
372 2050 432 2086 ejus
445 2045 615 2084 procedunt?

285 2148 358 2176 Ylll.
373 2147 476 2182 Captus
492 2145 681 2181 improborum
702 2144 841 2175 manibus,
853 2146 884 2170 ut
895 2142 950 2178 jam
970 2146 1034 2170 ante

255 2194 439 2225 ostendimus,
453 2199 467 2219 a
481 2192 534 2225 via,
549 2198 609 2226 qua:
622 2190 749 2217 tendebat
761 2189 946 2224 Hierosolyma
961 2188 1036 2216 utili-

250 2245 293 2267 ter
308 2243 418 2266 arcetur
440 2246 448 2265 :
471 2238 557 2264 instar
569 2235 668 2271 captivi
694 2234 802 2262 ducitur
815 2234 843 2261 in
865 2233 1033 2268 speluncam,

250 2287 384 2313 adversus
401 2282 554 2319 parricidas
569 2281 649 2308 struit
661 2280 757 2312 aciem,
781 2287 837 2307 non
856 2286 960 2311 ensem,
980 2286 1034 2305 non

250 2333 385 2367 clypeum,
432 2337 488 2357 non
537 2327 630 2360 telum,
655 2334 708 2353 non
749 2326 839 2361 aliqua
869 2325 921 2352 alia
961 2331 1035 2351 arma

251 2377 384 2408 inferens,
410 2375 510 2411 quibus
536 2381 566 2402 se
588 2378 681 2408 posset
707 2371 800 2399 ulcisci
826 2380 832 2398 :
858 2370 906 2398 sed
936 2370 1036 2398 sanctis

253 2422 391 2457 precibus,
407 2421 476 2448 sicut
498 2420 562 2447 olim
587 2419 718 2446 adversus
741 2417 904 2444 Amalccitas
936 2415 1035 2449 Muses,

252 2467 362 2493 etiarnsi
376 2473 430 2492 non
449 2464 568 2492 extensis
585 2464 710 2491 manibus
736 2463 803 2498 (erat
816 2464 887 2490 enim
903 2463 1034 2496 vinetus),

251 2512 302 2541 sed
316 2519 376 2547 quae
394 2511 502 2538 easdem
517 2510 649 2537 haberent
666 2510 748 2541 vires,
763 2513 791 2537 et
806 2517 838 2536 ex
853 2517 931 2543 miluo
949 2509 1035 2536 audiri

255 2563 378 2593 possent,
395 2557 479 2585 veluti
493 2555 655 2591 quibusdam
674 2555 735 2583 telis
750 2554 896 2582 sceleratos
917 2554 978 2581 I'erit
990 2561 1036 2581 ve-

253 2612 325 2633 neno
338 2603 449 2639 viperae.
469 2601 569 2629 Deinde
580 2601 664 2636 quid?
686 2601 741 2628 Sua
763 2605 860 2635 sponte
875 2599 992 2627 solvitur
1003 2598 1037 2625 ab

254 2654 298 2685 its,
313 2651 411 2687 quibus
432 2650 584 2681 tenebatur,
606 2648 744 2677 vinculis:
762 2647 792 2674 tit
818 2650 907 2673 autem
929 2652 1038 2673 succes-

255 2707 301 2727 sor
321 2697 456 2733 pecunim,
472 2703 533 2731 qua:
560 2694 632 2722 male
649 2694 762 2721 collecta
783 2692 883 2719 fuerat.
909 2691 945 2718 Ea
974 2699 1038 2719 vero

254 2748 328 2772 recte
342 2742 524 2775 distribuitur,
551 2740 635 2775 ﬂtque
663 2740 722 2774 ipse
743 2737 828 2765 divini
843 2736 972 2773 praecepti
989 2737 1036 2763 ad-

253 2790 388 2821 minister,
406 2792 437 2815 ut
451 2788 496 2822 qui
512 2790 616 2822 partem
633 2785 744 2820 quidem
758 2783 932 2818 pauperibus,
948 2787 975 2809 et
995 2782 1037 2814 iis,

252 2835 300 2870 qui
317 2834 359 2867 ,in
383 2833 532 2861 solitudine
552 2832 679 2867 agebant,
707 2829 834 2857 Patribus
857 2828 1036 2856 distribuerit.

255 2880 338 2907 Erant
356 2883 446 2905 autem
467 2882 531 2904 tunc
552 2876 605 2903 rari
635 2880 663 2903 et
692 2882 747 2902 non
763 2874 840 2901 valde
868 2881 964 2909 magno
989 2881 1039 2901 nu-

259 2931 359 2952 mero:
387 2924 433 2958 qui
467 2922 517 2958 ipsi
541 2928 650 2959 quoque
677 2926 800 2957 tempore
827 2920 1035 2956 persecutionis,

1070 306 1148 334 τουτὶ
1159 306 1290 341 σπήλαιον
1305 303 1454 340 ἐκκλησίαν
1468 302 1534 329 Θεοῦ
1548 302 1612 337 παρ’
1624 301 1705 329 αὐτοῦ
1720 302 1866 337 γενόμενον

1070 352 1150 386 Mast-
1176 353 1248 384 ὅπως
1272 351 1302 378 δὲ
1332 351 1379 378 καὶ
1403 350 1465 376 τίνα
1492 348 1539 375 τδν
1558 348 1714 383 τρόπον,τά
1730 349 1794 384 ἑξῆς
1816 347 1864 375 τοῦ

1070 398 1149 433 λόγου
1162 396 1278 433 δηλώσει
1296 397 1401 431 σαφῶς.

1107 443 1143 471 Z’.
1162 443 1277 470 Ἐκεῖνοι
1291 442 1341 477 μὲν
1354 441 1412 474 οὖν,
1422 441 1519 477 ὥσπερ
1533 441 1653 476 ἔφημεν,
1665 440 1690 466 οι
1702 439 1866 474 ἀλάστορες,

1072 488 1184 524 δέσμιον
1200 489 1229 515 ὲν
1242 487 1281 523 τῷ
1299 487 1448 523 δηλωθέντι
1463 487 1513 522 ἤδη
1529 486 1655 522 σπηλαίῳ
1667 486 1866 518 καταλιπόντες

1073 534 1119 561 τὸν
1132 533 1222 568 ἅγιον,
1235 533 1283 560 καὶ
1299 530 1350 560 ὧδε
1366 533 1433 568 περὶ
1445 532 1495 564 τὰς
1508 533 1676 567 λεωφόρους,
1689 532 1726 563 ὡς
1743 531 1802 563 ἔθος
1814 532 1865 559 αὐ-

1073 581 1147 613 τοῖς,
1163 580 1326 615 περιῄεσαν,
1342 579 1370 605 εί
1385 588 1436 606 που
1445 579 1492 606 καὶ
1507 578 1597 610 ἄλλοις
1611 579 1666 605 τῶν
1677 578 1825 613 ὁδοιπόρων
1835 578 1866 605 τὸ

1076 624 1189 659 σύνηθες
1201 623 1279 650 αὐτοὶ
1289 623 1374 650 κακὸν
1389 623 1508 650 ἔσονται.
1529 623 1557 650 '0
1571 623 1599 649 δὲ
1616 622 1713 658 πρῶτα
1742 623 1794 658 μὲν
1819 623 1862 650 εὑ-

1075 669 1126 705 χὰς
1152 668 1279 695 ἀπεδίδου
1315 668 1363 695 καὶ
1388 668 1524 703 ὡμολόγει
1548 668 1608 703 Θεῷ
1632 668 1758 703 χάριτας,
1780 668 1866 703 ἡδέως

1076 714 1220 750 ὑπομένων
1238 714 1271 741 τὰ
1285 713 1405 748 λυπηρὰ,
1418 713 1463 740 διὰ
1483 713 1533 749 τὴν
1554 713 1657 740 ἐκεῖθεν
1683 712 1866 749 ἐλπιζομένην

1075 761 1211 788 ἀντίδοσιν
1224 769 1231 777 ⁸
1249 761 1347 788 ἔπειτα
1360 762 1406 788 καὶ
1419 761 1458 796 τῷ
1475 761 1588 789 τοιαῦτα
1598 761 1794 796 τιχνασαμένῳ
1804 761 1867 788 κατ’

1076 805 1159 832 αὑτοῦ
1173 805 1284 841 πονηρῷ
1299 806 1406 841 δαίμονι
1418 806 1519 832 οὑτωσί
1536 814 1596 836 πως
1614 806 1804 841 ἀνδρικώτατα
1813 806 1868 833 διε-

1078 849 1175 884 λέγετο
1186 858 1193 866 ’
1215 851 1260 882 Ὠς
1287 851 1429 878 δειλιῶντά
1448 860 1482 887 με
1499 851 1548 887 τὴν
1565 850 1612 877 τοῦ
1634 850 1752 878 θανάτου
1769 854 1867 887 πεῖραν

1078 897 1135 927 τοῖς
1165 897 1339 932 ἀνδροφόνοις
1367 897 1471 928 τούτοις
1509 896 1599 932 φέρων
1640 897 1816 932 παρέδωκας,
1845 894 1868 923 ὢ

1079 942 1172 978 μιαρὲ,
1184 943 1201 977 ἢ
1216 942 1252 973 ὡς
1269 942 1317 978 τὴν
1330 942 1399 978 ἐμὴν
1419 942 1550 969 κωλύσων
1564 943 1605 974 είς
1620 942 1700 977 ἔργον
1725 943 1868 978 προελθεῖν

1078 987 1207 1023 πρόθεσιν
1226 997 1234 1021 ;
1249 988 1279 1014 El
1299 988 1349 1023 μὲν
1369 985 1415 1015 οὖν
1431 987 1462 1014 τὸ
1478 988 1587 1023 πρῶτον
1602 988 1672 1015 αὐτά
1687 997 1716 1014 σε
1730 988 1817 1015 πείθει
1833 989 1867 1016 τὰ

1079 1034 1228 1068 πράγματα
1250 1033 1360 1074 ὼςηὲγὼ
1383 1033 1433 1068 τὴν
1462 1034 1508 1060 τοῦ
1537 1033 1605 1060 Θεοῦ
1636 1034 1732 1069 χάριν⁵
1760 1034 1868 1070 ἀγαθὴν

1078 1078 1148 1114 ἔχων
1161 1080 1289 1115 φρουρὸν,
1301 1079 1400 1111 παντὸς
1414 1079 1532 1107 Θανάτου
1548 1080 1713 1115 καταφρονῶ
1724 1088 1731 1095 ο
1749 1082 1774 1107 εξ
1787 1081 1814 1106 δὲ
1836 1081 1869 1107 τὸ

1079 1127 1200 1153 κωλῦσαί
1217 1135 1250 1162 με
1265 1127 1316 1162 τῆς
1331 1127 1481 1162 ἐπιθυμίας
1494 1127 1540 1154 τοῦ
1553 1127 1634 1161 ζῆσαι
1647 1127 1719 1153 κατὰ
1729 1126 1849 1162 Χρισςδν
1858 1146 1866 1158 ,

1079 1172 1190 1204 ἀνύσεις
1207 1173 1237 1199 τδ
1264 1173 1395 1208 παράπαν
1413 1173 1489 1199 οὐδὲν
1504 1172 1587 1199 αὑτοῦ
1605 1171 1769 1207 βουλομένου
1782 1179 1791 1188 ⁸
1805 1171 1869 1207 βού-

1079 1219 1155 1245 λεται
1173 1218 1201 1245 δὲ
1222 1218 1347 1249 πάντως·
1367 1219 1430 1245 ἐπεὶ
1444 1218 1492 1244 καὶ⁸
1520 1218 1622 1253 χαίρει,
1634 1217 1695 1252 βίου
1710 1218 1757 1244 καὶ
1777 1217 1869 1252 ψυχῆς

1080 1264 1151 1301 ὁρῶν
1167 1264 1312 1300 κάθαρσιν,
1326 1265 1359 1291 ἵν’
1375 1264 1431 1300 ἔχοι
1444 1264 1593 1301 πρόφασιν,
1607 1263 1710 1298 ἀγαθὸς
1722 1263 1760 1290 ὣν
1775 1263 1867 1297 ἀγαθά

1081 1310 1214 1346 παρέχειν
1235 1311 1293 1341 τοῖς
1310 1309 1477 1344 φιλαρέτοις.
1511 1309 1593 1335 Ἀλλὰ
1618 1308 1723 1335 τούτων
1737 1306 1787 1335 ὦδε
1803 1307 1870 1343 παρ’

1080 1356 1162 1384 αὑτοῦ
1177 1355 1346 1391 λεγομένων,
1370 1356 1440 1391 ἔχις,
1452 1355 1505 1382 τῶν
1518 1355 1623 1382 σκευῶν
1642 1364 1695 1382 τινι
1714 1353 1870 1390 προσερπύ-

1082 1411 1162 1436 σασα,
1175 1403 1242 1438 ὅπερ
1256 1402 1328 1429 οἴνου
1344 1402 1444 1438 μεστδν
1458 1400 1503 1438 ἦν,
1519 1403 1566 1429 καὶ
1578 1402 1618 1433 sl;
1640 1401 1721 1436 κόρον
1744 1401 1870 1435 ἐμφορη-

1082 1449 1178 1476 θεῖσα’
1207 1446 1268 1475 εἶτα
1294 1449 1365 1474 κατὰ
1384 1448 1446 1480 τοὺς
1466 1448 1601 1482 πονηροὺς
1626 1447 1680 1473 τῶν
1706 1445 1869 1481 ἀνθρώπων,

1082 1493 1160 1530 κακῷ
1174 1493 1222 1529 τὴν
1234 1493 1394 1529 εὐεργεσίαν
1408 1493 1587 1529 ἀμειὸομένη,
1604 1493 1652 1519 καὶ
1669 1492 1707 1518 ἱὸν
1719 1490 1870 1518 ἀντιδοῦσά

1083 1541 1132 1576 τῆς
1146 1540 1263 1572 πόσεως,
1278 1540 1476 1575 ἀπηλλάττετο.
1487 1540 1518 1566 Ol
1532 1538 1629 1574 λῃσταὶ
1650 1537 1678 1564 δὲ
1695 1537 1764 1564 οἴκοι
1784 1545 1871 1564 aut»

1083 1586 1220 1618 λαόόντες,
1229 1586 1277 1613 ita
1288 1586 1359 1621 δίψει
1369 1584 1593 1620 κατειλημμένοι,
1606 1582 1695 1610 σπῶσι
1709 1582 1758 1618 μὲν
1768 1582 1870 1614 εὐθέως

1083 1631 1131 1658 τοῦ
1160 1632 1293 1667 ἀκράτου,
1319 1631 1469 1666 θνήσκουσι
1493 1630 1522 1657 δὲ
1550 1629 1617 1665 ὁμοῦ
1632 1637 1640 1644 θ
1665 1629 1714 1655 καὶ
1741 1628 1828 1659 οὕτως
1845 1628 1870 1654 οἰ

1083 1677 1164 1704 κακοὶ
1181 1677 1221 1713 τῷ
1237 1677 1314 1713 κακῴ
1330 1677 1530 1713 τιμωροῦνται,
1548 1676 1596 1702 καὶ
1611 1674 1718 1702 πολλῶν
1734 1674 1870 1709 ἠδικημέ-

1083 1732 1136 1750 νων
1151 1723 1291 1758 ιικδίκησιν
1307 1724 1324 1758 ἡ
1341 1723 1401 1749 θεία
1416 1722 1477 1756 δίκη
1501 1722 1581 1749 ποιεῖ.
1603 1720 1744 1747 Ἐντεῦθεν
1762 1721 1791 1747 τὸ
1814 1720 1871 1747 τῶν

1085 1769 1191 1805 μιαρῶν
1207 1769 1319 1796 ἐκείνων
1332 1767 1438 1804 λῃστῶν
1456 1766 1641 1802 καταγώγιον,
1653 1767 1723 1803 ὅπερ
1736 1767 1870 1801 ἐπηγγει-

1083 1817 1174 1851 λάμην
1192 1816 1288 1848 εἰπεῖν,
1302 1815 1367 1846 ναὸς
1382 1814 1449 1841 Θεοῦ
1467 1815 1546 1848 ἀγιος
1559 1813 1675 1848 γίνεται,
1686 1814 1716 1845 ὃς
1734 1814 1750 1848 ἠ
1766 1813 1869 1840 παλαιὰ

1084 1864 1131 1891 νῦν
1165 1861 1313 1897 Ἐκκλησία
1331 1861 1555 1896 κατονομάζεται,
1573 1859 1620 1887 καὶ
1651 1860 1718 1894 πρὸς
1727 1861 1760 1894 τῇ
1774 1859 1873 1892 εὐαγε-

1085 1909 1171 1945 στάτῃ
1197 1907 1314 1944 Λαύρᾳ,
1340 1908 1373 1943 τῇ
1400 1906 1535 1942 λεγομένῃ
1561 1906 1661 1942 Φάρος,
1686 1905 1832 1938 διάκειται,
1853 1906 1871 1940 ἢ

1085 1956 1137 1983 ὑπὸ
1153 1955 1201 1982 τοῦ
1222 1954 1343 1990 μεγάλου
1365 1953 1462 1980 τούτου
1492 1952 1651 1988 Χαρίτωνος
1674 1952 1723 1986 τὴν
1740 1951 1871 1978 σύστασιν

1085 2003 1174 2038 ἔσχεν.
1186 2002 1258 2037 Ὅρα
1271 2000 1300 2027 δὲ
1313 2000 1360 2027 καὶ
1374 1999 1473 2032 ταῦτα,
1485 1999 1544 2030 πῶς
1559 1992 1647 2033 καλὴν
1665 1995 1728 2033 εὗρε
1743 1999 1790 2024 καὶ
1803 1997 1872 2024 θαυ-

1086 2048 1192 2083 μαστὴν
1205 2047 1255 2082 τὴν
1269 2045 1480 2081 οῐκονομίαν.Τί
1495 2045 1550 2080 γὰρ
1562 2044 1668 2079 γίνεται
1685 2044 1733 2071 καὶ
1753 2044 1815 2071 ὅποι
1835 2044 1870 2072 τὰ

1085 2093 1146 2121 κατ’
1162 2093 1244 2120 αὑτὸν
1258 2091 1381 2127 πρόεισιν
1391 2100 1399 2124 ς

1121 2139 1161 2167 H'.
1175 2139 1250 2166 Ἦλω
1265 2140 1323 2170 ταῖς
1339 2138 1452 2174 ἀνόμοις
1465 2137 1518 2164 τῶν
1533 2137 1697 2172 κακούργων
1714 2137 1820 2172 χερσὶν,
1833 2136 1871 2168 ὡς

1085 2187 1136 2222 ἥδη
1152 2186 1304 2221 φθάσαντες
1322 2184 1510 2219 ἐδηλώσαμεν,
1522 2183 1571 2218 τῆς
1581 2183 1629 2210 ἐπὶ
1640 2183 1674 2210 τὰ
1693 2182 1871 2218 Ἰεροσόλυμα

1085 2232 1221 2268 φερούσης
1250 2230 1398 2262 λυσιτελῶς
1429 2230 1551 2266 εἴργεται
1584 2228 1756 2264 αίχμαλώτου
1780 2228 1871 2264 δίκην,

1051 2268 1072 2296 D
1086 2279 1132 2305 ἐπὶ
1146 2278 1176 2305 τὸ
1193 2277 1327 2312 σπήλαιον
1341 2277 1448 2311 ἄγεται,
1461 2274 1672 2310 παρατάσσεται
1688 2276 1744 2305 τοῖς
1764 2275 1872 2309 μιαιλεό-

1086 2333 1140 2356 νοις
1151 2332 1157 2338 ·
1170 2323 1220 2350 οὒκ
1233 2323 1345 2357 αἰχμὴν,
1362 2321 1411 2348 οὐκ
1423 2321 1535 2354 ἀσπίδα,
1557 2319 1588 2346 οὐ
1604 2319 1691 2355 βέλος,
1707 2320 1756 2355 οὐχ
1777 2319 1872 2355 ἔτερόν

1085 2380 1111 2398 τι
1135 2370 1189 2397 τῶν
1213 2367 1392 2404 ἀμυντηρίων
1417 2367 1588 2402 ἐπαγόμενος
1608 2366 1718 2393 ὃπλων·
1732 2367 1826 2401 εὐχαῖς
1843 2366 1872 2392 δὲ

1088 2416 1191 2450 ἁγίαις,
1205 2414 1332 2450 καθάπερ
1350 2413 1421 2440 κατά
1448 2412 1503 2438 τῶν
1529 2411 1721 2448 Ἀμαληκιτῶν
1737 2412 1870 2446 Μωῢσῆς,

1088 2463 1112 2489 ει
1127 2461 1175 2488 καὶ
1195 2461 1232 2496 μὴ
1248 2460 1358 2486 ἐκτάσει
1372 2457 1471 2494 χειρῶν
1483 2454 1559 2490 οὗτος
1589 2457 1704 2492 (ἐδέδετο
1720 2456 1798 2492 γὰρ),
1813 2458 1871 2483 ισο-

1086 2507 1215 2543 δυνάμοις
1232 2505 1260 2532 δὲ
1274 2506 1322 2532 καὶ⁹
1335 2505 1366 2530 τὸ
1383 2504 1498 2538 εὐήκοον
1514 2502 1612 2537 ἐπίσης
1627 2502 1754 2538 ἐχούσαις
1776 2502 1872 2537 βάλλει

1087 2554 1149 2584 τοὺς
1165 2551 1354 2587 παλαμναίους
1378 2547 1433 2577 οἷόν
1453 2558 1508 2576 τισι
1526 2549 1615 2585 βέλεσι
1639 2549 1677 2584 τῷ
1691 2549 1742 2584 τῆς
1763 2550 1873 2586 ἐχίδνης

1090 2599 1130 2635 ιῷ.
1142 2597 1209 2626 Εἶτα
1223 2597 1268 2632 ti;
1285 2597 1346 2624 Τῶν
1367 2594 1408 2627 οἷς
1428 2595 1478 2632 μὲν
1493 2596 1634 2632 ἐκρατεῖτο
1653 2595 1770 2631 δεσμῶν,
1793 2595 1873 2622 αὖτο-

1089 2647 1181 2682 μάτως
1195 2644 1289 2672 λύεται
1303 2652 1310 2659 ·
1328 2643 1450 2677 διάδοχος
1472 2641 1500 2668 δὲ
1512 2641 1567 2668 τῶν
1584 2642 1677 2674 κακῶς
1694 2641 1873 2677 συνειλεγμέσι

1088 2699 1141 2717 νων
1154 2690 1303 2726 χρημάτων
1318 2690 1432 2723 γίνεται.
1451 2688 1596 2721 Οἰκονομεϊ
1609 2686 1697 2714 ταῦτα
1719 2687 1810 2720 καλῶς
1823 2689 1872 2715 καὶ

1089 2735 1225 2770 ὑπουργὸς
1239 2734 1314 2765 θείας
1325 2733 1435 2767 ἐντολῆς
1448 2732 1598 2764 δείκνυται,
1609 2731 1668 2757 ἔνια
1685 2731 1734 2766 μὲν
1754 2732 1873 2767 πτωχοίς

1090 2781 1137 2808 καὶ
1157 2782 1212 2812 τοῖς
1235 2780 1278 2806 ἐπ’
1310 2779 1428 2814 ἐρημίας
1454 2778 1542 2812 ἁγίοις
1566 2777 1710 2812 διανείμας
1735 2778 1872 2813 Πατράσι.

1091 2826 1201 2853 Σπάνιοι
1217 2825 1245 2852 δὲ
1259 2822 1332 2852 οὗτοι
1355 2825 1402 2864 και
1421 2823 1530 2859 ἀριθμῷ
1546 2822 1667 2858 βραχεῖς,
1681 2822 1729 2850 καὶ
1753 2822 1830 2850 αὑτοὶ
1844 2824 1873 2851 δὲ

1090 2874 1160 2899 κατὰ
1175 2873 1223 2904 τὰς
1234 2871 1279 2898 τοῦ
1295 2870 1416 2905 διωγμοῦ
1430 2869 1537 2905 ἡμέρας
1557 2869 1606 2904 τὴν
1619 2868 1721 2904 ἔρημον
1733 2868 1784 2904 τῆς
1799 2869 1874 2904 ἐνεγ-

1092 2918 1211 2954 καμένης
1239 2917 1322 2953 φειδοῖ
1350 2915 1404 2944 τῶν
1433 2915 1585 2943 διωκόντων
1615 2913 1748 2948 ἑλόμενοι,
1775 2912 1801 2941 οι
1825 2915 1874 2942 καὶ
