2047 3152
661 168 671 185 Ι

157 213 211 248 933
490 217 499 231 ι
811 208 900 238 VITA
920 207 951 238 S.
972 206 1134 237 CYRIACL
1729 206 1782 239 934

159 272 239 301 αὑτὸν
252 269 445 305 έκτενέστερον
454 265 502 295 τοῦ
517 265 586 294 Θεοῦ
597 264 737 300 δεηθῆναι,
751 263 822 290 ὥστε
831 262 898 293 τοὺς
914 261 943 287 ἑν

996 260 1123 288 cietatem
1140 259 1272 294 coierant,
1297 265 1324 289 et
1343 263 1473 291 adversus
1496 263 1675 293 orthodoxam
1698 265 1780 294 ﬁdem

157 321 191 355 τῇ
205 318 254 354 νέᾳ
269 316 361 352 λαύρα
379 314 450 350 μετά
468 312 569 341 Νόννου
595 311 693 348 [nam
710 309 739 345 2]
753 309 800 355 uti.
817 306 943 334 Λεοντίου

997 305 1099 333 bellum
1121 310 1306 342 sumpserant,
1330 308 1516 342 vincerentur,
1529 315 1557 338 et
1573 310 1686 338 multam
1707 311 1782 339 illam

157 352 206 400 την
222 352 254 390 ἐκ
269 362 325 388 τῶν
343 360 496 396 Ὠριγένους
511 357 655 392 δογμάτων
669 353 829 390 συμμαχίαν
853 359 943 400 παρα-

997 352 1165 386 deponerent
1178 354 1371 389 arrogantiam.

157 397 302 441 λαϐόντας,
315 407 364 434 mi.
381 405 454 433 κατὰ
479 404 530 440 τῆς
545 401 688 440 ὁρθοδόξου
715 397 972 436 στρατευσαμένους
989 397 1119 432 πίστεως,
1143 399 1304 436 ἡττηθῆναι,
1323 401 1372 427 καὶ
1395 401 1445 437 τὴν
1468 403 1570 440 πολλὴν
1590 403 1697 440 tantqu
1713 404 1780 431 ἀλα-

156 455 265 490 ζονείαν
281 453 439 480 ἀποϐαλεῖν.

197 504 227 530 '0
244 502 379 537 Κύριλλος
392 500 441 535 μὲν
452 496 499 526 οὖν
513 499 553 530 είς
576 497 622 525 τὸν
639 496 745 523 Σουκᾶν
765 492 943 529 ἀφικόμενος,

156 551 204 578 καὶ
221 549 340 583 Ζωσίμῳ
353 547 400 573 καὶ
419 545 531 581 Ἰωάννῃ
557 543 678 578 πρώτοις
691 541 796 568 ἐκείνου
816 541 873 570 τοῖς
890 546 944 573 μα-

157 596 252 632 θηταῖς
283 592 415 627 έντυχὼν,
435 591 495 618 εἶτα
515 591 561 618 καὶ
572 590 610 621 ὡς
624 589 670 616 τὸν
686 587 774 622 μέγαν
789 587 836 614 σὺν
852 585 945 616 αὐτοῖς

157 640 298 676 κυριακὸν
315 640 425 667 ἄπεισιν
435 646 442 653 ⁸
465 636 616 672 ἐγχειρίζει
632 643 663 662 τε
677 633 754 669 αὺτῷ
769 633 818 668 τὴν
831 633 944 659 tmaro-

155 688 216 723 λὴν,
233 687 282 713 καὶ
298 686 347 713 ὅσα
359 685 440 711 πάλιν
456 684 510 711 ἀπὸ
526 682 650 717 γλώττης
666 680 740 714 αὺτῷ
756 679 860 715 εἴρητο,
875 677 946 709 διέξδ

156 742 210 760 εισι
231 733 331 760 πάντα.
350 731 380 757 '0
402 731 431 757 δὲ
448 729 550 765 θερμόν
573 737 600 755 τι
632 727 680 754 καὶ
697 725 753 754 οἷον
765 726 818 753 ἀπὸ
832 724 947 760 καρδίας

156 779 354 813 ἐπιδακρύσας,
373 777 450 809 Εἰπὲ,
468 777 546 811 φησὶ,
561 775 600 808 τῷ
617 772 808 801 ἀποστείλαντι
824 780 854 798 σε
870 779 878 787 ·
902 770 948 806 Μὴ

155 826 309 861 ἀνιώμεθα,
335 824 442 860 Πάτερ’
458 822 579 858 ὀψόμεθα
596 822 650 857 γὰρ
667 821 764 848 θᾶττον
776 819 878 846 Νόννον
896 817 947 853 μὲν

155 873 203 900 καὶ
222 873 359 904 Λεόντιον,
370 872 420 906 τὴν
433 869 507 905 ζωὴν
521 869 676 896 ἀθλιώτατα
688 865 943 902 καταστρέψαντας·

1030 489 1147 526 Cyrillus
1174 491 1265 526 itaque
1292 499 1353 519 cum
1380 491 1407 519 in
1435 491 1533 520 Sucam
1562 494 1726 527 devertisset.
1754 496 1781 525 el

996 536 1106 563 Zosimo
1129 544 1161 564 ac
1183 537 1294 569 Joanni,
1316 538 1412 573 primis
1429 539 1502 566 illius
1526 539 1678 574 discipulis,
1697 542 1782 570 collo.

996 586 1076 609 cutus
1091 581 1197 613 fuisset.
1219 583 1317 610 deinde
1334 583 1417 610 etiam
1442 591 1504 611 cum
1523 584 1589 619 ipsis
1604 585 1637 612 ad
1654 594 1780 622 magnum

997 627 1177 662 proﬁciscitur
1189 628 1343 663 Cyriacum,
1361 629 1442 664 eique
1456 630 1597 664 epistolam
1612 631 1639 657 in
1654 633 1782 660 manibus

997 672 1054 705 dat,
1086 677 1114 700 et
1143 681 1253 701 rursum
1283 675 1375 702 omnia
1410 683 1582 711 quaecunque
1609 677 1700 705 verbis
1730 678 1781 714 ipsi

995 720 1123 747 mandata
1146 720 1265 753 fuerant,
1284 721 1419 749 edisserit.
1443 722 1490 750 ille
1512 731 1578 750 vero
1599 724 1737 757 ardenter,
1754 730 1783 753 et

995 766 1069 793 velut
1084 773 1116 793 ex
1134 767 1215 794 corde
1237 767 1409 803 lllacrymans
1425 777 1432 795 :
1450 768 1507 801 Die,
1526 769 1624 804 inquit,
1639 770 1664 797 ei
1687 770 1731 805 qui
1755 776 1782 799 te

994 811 1070 838 misit
1090 819 1099 838 :
1123 811 1162 839 Ne
1188 820 1305 840 maerore
1330 813 1490 848 amigamur,
1511 814 1603 848 Pater,
1636 816 1692 843 cito
1707 817 1782 843 enim

997 856 1150 884 videbimus
1178 857 1305 885 Nonnum
1333 859 1444 894 quidem
1470 865 1497 886 et
1523 859 1669 888 Leontium
1699 862 1782 890 vitam

154 919 218 950 τοὺς
227 919 255 945 δὲ
264 903 499 952 ὲπιχιυριάοαντας
507 916 540 951 τῇ
553 914 642 949 λαύρα
652 913 751 943 λύκους
763 912 801 943 ὡς
815 911 943 945 αίσχιστα

997 903 1151 931 miserrime
1176 911 1237 932 cum
1267 909 1355 932 morte
1374 911 1542 933 commutare
1563 915 1571 939 ;
1589 907 1667 942 lupos
1690 914 1782 937 autem

154 966 263 991 ἐκεῖθεν
288 962 549 997 ἀπελαυνομένους·
565 961 613 988 καὶ
635 960 670 986 τὰ
694 960 792 993 λογικά
817 958 944 993 πρόϐατα

155 1010 239 1037 πάλιν
265 1008 376 1038 ἀλύπως
406 1007 492 1041 αὐτὴν
517 1004 656 1033 πατοῦντα
673 1003 720 1031 καὶ
745 1003 842 1035 ἀδεῶς,
858 1002 945 1028 καὶέν

154 1055 225 1089 αὐτῇ
256 1053 394 1089 νεμόμενά
420 1060 450 1079 τε
465 1052 514 1079 καὶ
538 1051 739 1086 ὲκτρεφόμενα.
763 1049 835 1084 Πρδς
858 1048 944 1075 ταῦτα

153 1101 272 1131 ἐκεῖνος·
288 1099 355 1125 Τίνα
368 1098 396 1125 δέ
410 1098 479 1130 ἐστι,
510 1098 611 1132 Πάτερ,
638 1096 672 1123 τὰ.
689 1096 734 1123 ὑπ’
762 1093 853 1121 αὐτῶν
875 1102 944 1128 πρε-

155 1145 412 1181 σϐευόμενα,ἦρετο
423 1152 431 1159 ”
442 1142 662 1170 διαϐεϐαιοῦνται
677 1142 741 1177 γὰρ,
755 1140 819 1176 ἔφη,
835 1140 871 1167 τὰ
880 1139 945 1174 περὶ

153 1193 360 1228 προῦπάρξεως
367 1193 413 1219 καὶ
422 1189 671 1220 ἀποκαταστάσεως
683 1189 817 1223 δόγματα,
830 1186 901 1222 μέσα
915 1193 944 1212 τι

154 1239 227 1267 εἶναι
241 1239 290 1265 καὶ
298 1238 438 1265 ἀκίνδυνα·
449 1237 541 1263 ἐκεῖνα
555 1236 623 1271 πρὸς
637 1235 717 1262 τοῦτο
734 1234 884 1269 μαρτυρεῖν
894 1232 944 1259 αὺ-

153 1288 211 1318 τοῖς
226 1286 352 1319 λέγοντες
365 1284 436 1319 ἆπερ
450 1283 517 1318 φησί
535 1291 586 1309 που
601 1282 656 1308 τῶν
671 1280 768 1308 ἑαυτοῦ
781 1280 945 1313 ἀπολογητι-

153 1333 212 1360 χῶν
236 1333 251 1358 ό
275 1331 361 1369 μέγας
389 1330 541 1366 Γρηγόριος
556 1335 564 1343 ’
593 1337 602 1354 ι
625 1328 701 1362 Ἐμοὶ
720 1326 742 1353 δ’
760 1324 807 1353 οὖν
825 1325 944 1360 πρᾶγμα

155 1379 286 1413 φαίνεται
301 1376 332 1403 οὗ
348 1375 402 1402 τῶν
431 1375 620 1410 φαυλοτάτων,
647 1373 748 1400 διδόναι
765 1373 835 1399 κατὰ
847 1371 943 1406 καιρδν

152 1424 266 1458 ἑκάστῳ
279 1422 325 1450 τοῦ
343 1422 422 1455 λόγου
437 1422 468 1447 τὸ
487 1420 668 1455 σιτομέτριον,
684 1419 732 1446 καὶ
747 1417 899 1452 οἰκονομεῖν
915 1417 944 1442 έν

153 1471 247 1507 κρίσει
263 1470 312 1506 τὴν
330 1468 461 1504 ἀλήθειαν
476 1467 531 1493 τῶν
551 1466 694 1502 ἡμετέρων
711 1464 868 1499 δογμάτων,
892 1463 943 1490 ὅσα

152 1517 220 1552 περὶ
236 1516 348 1550 κόσμων
363 1515 379 1550 ἢ
407 1514 510 1550 κόσμου
541 1511 768 1546 πεφιλοσόφηται,
783 1509 848 1544 περὶ
866 1508 942 1543 ὕλης,

151 1563 220 1598 1259‘.
232 1562 334 1596 ψυχῆς,
349 1561 413 1596 περὶ
429 1560 486 1593 νοῦ,
501 1559 549 1586 καὶ
562 1558 616 1586 τῶν
632 1557 732 1593 νοερῶν
748 1556 866 1590 φύσεων,
883 1555 943 1590 βελ-

998 949 1025 976 in
1045 949 1132 977 Laura
1153 955 1278 978 versatos
1301 959 1383 986 quam
1412 952 1570 987 turpissime
1597 954 1672 982 illinc
1696 955 1781 991 abigi,

995 1004 1115 1031 ovesque
1139 998 1244 1024 ratione
1269 998 1396 1032 prmditas
1415 999 1500 1034 ipsam
1517 1008 1613 1028 rursus
1637 1001 1697 1028 sine
1721 1009 1782 1029 mo-

995 1043 1073 1070 lestia
1096 1047 1124 1070 et
1148 1043 1207 1070 sine
1222 1047 1295 1071 metu
1319 1044 1435 1077 calcare,
1452 1052 1483 1072 ac
1504 1045 1530 1072 in
1549 1054 1580 1073 ea
1595 1047 1629 1073 aii
1652 1052 1680 1074 et
1695 1048 1781 1082 pasci.

995 1088 1035 1115 Ad
1052 1088 1109 1115 haec
1128 1087 1173 1115 ille
1199 1089 1327 1123 rogavit:
1352 1089 1483 1122 Quaenam
1505 1098 1571 1118 vero
1592 1096 1665 1124 sunt,
1691 1091 1780 1125 Pater,

995 1141 1054 1169 quae
1075 1134 1111 1160 illi
1133 1142 1180 1161 sua
1200 1139 1312 1161 tuentur
1330 1136 1486 1163 sententia?
1503 1144 1619 1172 namque
1634 1137 1781 1171 amrmant,

996 1179 1097 1214 inquit,
1123 1179 1248 1215 dogmata
1274 1181 1307 1208 de
1332 1181 1532 1215 prmexistentia
1558 1188 1585 1210 et
1608 1184 1782 1211 restitutione

996 1227 1023 1253 In
1053 1226 1198 1261 pristinum
1228 1231 1340 1260 statum,
1376 1228 1559 1256 iltdiﬂ'erentia
1589 1237 1661 1263 esSe,
1693 1235 1721 1258 et
1746 1231 1780 1258 ab

995 1273 1073 1299 omni
1102 1274 1227 1307 periculo
1245 1274 1332 1302 aliena
1352 1275 1416 1302 :illo
1435 1276 1467 1302 ad
1492 1276 1543 1303 hoc
1567 1277 1723 1303 testimonio
1738 1276 1781 1304 eis

994 1325 1055 1346 esse
1089 1319 1211 1346 dicentes
1234 1327 1294 1353 quas
1323 1320 1422 1348 alicubi
1457 1321 1486 1348 in
1515 1322 1573 1350 suis
1600 1322 1782 1358 Apologeticil

994 1372 1109 1402 magnus
1129 1365 1276 1401 Gregorius
1293 1367 1331 1394 ait
1349 1377 1355 1394 :
1371 1367 1436 1395 Mihi
1460 1368 1570 1396 videtur
1586 1376 1629 1395 res
1649 1376 1703 1396 non
1720 1369 1755 1395 vil
1768 1376 1781 1396 ε

994 1420 1046 1440 nec
1067 1412 1277 1444 contemnenda,
1300 1414 1365 1440 dare
1381 1413 1407 1439 in
1424 1418 1546 1448 tempore
1563 1414 1712 1448 unicuique
1733 1414 1782 1440 de-

994 1465 1120 1486 mensum
1144 1459 1292 1492 sermonis,
1308 1465 1335 1486 et
1350 1459 1510 1494 dispensare
1524 1459 1550 1486 in
1574 1458 1678 1494 judicio
1708 1459 1780 1486 reri-

995 1509 1077 1531 tatem
1101 1510 1258 1532 nostrorum
1273 1505 1441 1540 dogmatum,
1457 1511 1635 1540 quacunque
1652 1505 1686 1532 de
1701 1512 1781 1532 mun-

994 1551 1038 1578 dis
1061 1555 1107 1578 aut
1121 1551 1155 1578 de
1172 1551 1274 1578 mundo
1289 1551 1477 1586 pbilosotihice
1495 1551 1631 1586 disputata
1652 1555 1726 1583 sunt,
1745 1551 1780 1578 de

151 1609 252 1635 τιόνων
267 1615 297 1634 τε
313 1607 362 1633 καὶ
387 1606 530 1642 χειρόνων,
562 1605 628 1640 περὶ
655 1604 706 1638 τῆς
723 1603 758 1630 τὰ
770 1602 860 1630 πάντα
879 1608 942 1628 συν-

995 1596 1120 1630 materia,
1137 1597 1171 1624 de
1192 1598 1290 1629 anima,
1312 1597 1346 1625 de
1369 1602 1470 1629 mente,
1495 1602 1523 1625 et
1547 1598 1654 1625 naturis
1679 1597 1780 1624 intelli-

150 1653 270 1688 δεούσης
290 1652 434 1688 Προνοίας’
449 1651 499 1678 ὅσα
507 1659 536 1677 τε
548 1651 618 1677 κατά
630 1650 708 1684 λόγον
723 1649 846 1684 ἀπαντᾷν
856 1647 942 1679 δοκεῖ,

154 1701 204 1727 καὶ
221 1700 272 1725 ὅσα
283 1699 361 1734 παρά
374 1699 452 1732 λόγον
467 1699 513 1723 τὸν
531 1697 606 1724 κάτω
620 1697 668 1723 καὶ
686 1696 732 1723 τὸν
745 1695 916 1730 ἀνθρώπινον
932 1700 942 1708 '

150 1746 190 1774 ἔτι
212 1755 240 1772 τε
257 1746 309 1773 ὃσα
336 1745 465 1781 περὶτῆς
485 1744 594 1780 πρώτης
610 1743 691 1778 ἡμῶν
713 1742 880 1774 συστάσεως,
899 1741 943 1767 τύ·-

151 1800 215 1819 πων
227 1800 257 1818 τε
274 1791 322 1818 καὶ
351 1790 484 1825 ἀληθείας
515 1790 563 1816 καὶ
589 1789 738 1824 διαθηκῶν,
756 1789 803 1815 καὶ
820 1785 941 1822 Χριστοῦ

152 1839 310 1875 παρουσίας
325 1837 437 1872 πρώτης
449 1844 478 1862 τι
493 1836 540 1862 καὶ
554 1835 694 1869 δευτέρας.
714 1834 758 1860 Ἐν
768 1832 873 1864 τούτοις
886 1832 941 1867 γάρ

153 1893 219 1920 φασι
235 1884 285 1910 καὶ
299 1882 329 1909 τὸ
349 1882 524 1916 ἐντυγχάνειν
548 1881 599 1907 οὐκ
615 1880 763 1916 ἄχρηστον,
776 1878 825 1906 καὶ
839 1878 871 1905 τὸ
885 1878 942 1904 δια-

155 1931 306 1967 μαρτάνειν
329 1929 482 1957 ἀκίνδυνον.

186 2054 286 2082 Ταῦτα
300 2052 347 2080 τοῦ
365 2051 516 2087 ῦαυμασίου
532 2050 668 2086 Κορίλλου
688 2048 830 2083 ἐρομένου,
845 2049 860 2076 ό
891 2056 942 2083 μα-

153 2101 252 2138 κάριος
267 2099 416 2135 Κυριακδς,
430 2099 467 2125 Οὐ
484 2098 533 2134 μὲν
543 2096 590 2124 οὖν
601 2096 657 2132 [γρ.
670 2095 812 2132 οὖμενουν]
825 2095 856 2121 οὺ
872 2095 943 2130 μέσα

153 2149 188 2176 τά
200 2149 267 2182 περὶ
285 2145 484 2182 προῦπάρξεως
503 2144 625 2178 δόγματα
641 2143 689 2170 καὶ
712 2141 852 2174 ἀκίνδυνα,
876 2141 941 2176 εφη·

154 2193 314 2223 τοὺναντίον
328 2193 357 2219 δὲ
372 2191 481 2227 μᾶλλον,
497 2189 657 2226 ἀκροσφαλῆ
670 2198 699 2216 τε
715 2189 760 2215 καὶ
772 2189 940 2215 ἐπικίνδυνα.

156 2243 254 2273 ὀπως
271 2240 300 2267 δέ
324 2246 365 2266 σοι
389 2239 436 2265 καὶ
457 2238 507 2273 τὴν
530 2237 677 2272 πολυσχιδῆ
693 2235 783 2262 αὐτῶν
799 2236 828 2261 ἑν
845 2234 943 2269 βραχεῖ

157 2289 330 2324 παραστήσω
344 2285 483 2317 ἀσέϐειαν,
502 2284 569 2319 φασὶ
586 2284 623 2318 μὴ
634 2284 681 2310 ἕνα
697 2283 745 2317 τῆς
766 2281 881 2317 Τριάδος
895 2282 940 2307 τὸν

156 2335 276 2371 Χριστὸν
303 2332 386 2360 εἷναι.
410 2331 538 2367 [Λέγουσι
564 2331 598 2356 τὰ
617 2329 646 2361 ὲξ
670 2328 844 2359 ἀναστάσεως
863 2327 943 2362 ἡμῶν

156 2384 273 2418 σώματα
299 2382 340 2412 εἰς
361 2378 500 2406 ἀπώλειαν
515 2376 591 2412 ἥξειν
611 2375 740 2410 παντελῆ,
756 2375 803 2401 καὶ
823 2372 942 2409 Χριστοῦ

155 2429 268 2463 πρώτου
286 2426 315 2462 2]
337 2425 460 2460 λέγουσιν
479 2424 521 2450 ὅτι
552 2423 603 2449 οὐκ
629 2420 647 2457 ἦ
661 2421 716 2458 [εἴη
736 2419 763 2457 2]
778 2420 824 2447 τοῦ
840 2420 943 2454 κόσμου

155 2474 322 2509 δημιουργὸς
349 2473 366 2508 ή
392 2471 492 2507 Τριάς·
516 2471 558 2496 ὅτι
583 2477 612 2496 τε
631 2471 659 2496 ὲν
673 2470 706 2504 τῇ
723 2467 943 2495 ἁποκαταστάσει

156 2522 319 2557 δυνήσονται
337 2519 425 2546 πάντα
450 2518 483 2545 τὰ
507 2517 605 2552 λογικά
622 2516 702 2551 μέχρι
727 2515 774 2542 καὶ
796 2514 942 2549 δαιμόνων,

157 2567 335 2604 δημιουργεῖν
347 2565 460 2596 αίῶναςο
475 2564 523 2590 καὶ
538 2563 579 2590 ὅτι
597 2562 705 2596 αἰθέρια
721 2561 769 2588 καὶ
786 2559 942 2595 σφαιροειδῆ

158 2615 314 2650 ἐγείρονται
327 2610 407 2648 ἡμῶν
420 2611 453 2638 τὰ
468 2611 582 2645 σώματα
596 2609 624 2635 ὲν
640 2610 673 2643 τῇ
688 2607 852 2634 ἀναστάσει·
873 2607 945 2632 οὕτω

158 2661 215 2696 γὰρ
234 2660 281 2688 καὶ
299 2659 330 2686 τὺ
352 2658 400 2685 τοῦ
423 2657 527 2692 Κυρίου
550 2655 632 2691 φασὶν
656 2654 804 2690 ὲγηγέρθαι
818 2662 824 2668 ·
843 2654 890 2680 καὶ
904 2654 944 2680 ὃτι

159 2708 216 2735 ἴσοι
229 2706 304 2736 αὑτῶ
320 2706 348 2733 ὲν
361 2707 394 2741 τὴ
407 2703 632 2732 ἀποκαταστάσει
650 2701 792 2737 γινόμεθα.

196 2796 250 2824 Τοῦ
270 2794 406 2830 Κυρίλλου
422 2793 460 2827 δὲ,
470 2793 502 2819 Τί
516 2792 595 2827 δῆτα,
612 2791 714 2826 Πάτερ,
730 2789 944 2827 ἐπανερομένου,

161 2843 202 2880 μὴ
223 2842 286 2874 τοὺς
299 2840 443 2871 τοσούτους
464 2839 534 2875 ὑπὲρ
545 2837 648 2874 ἀρετῆς
664 2837 815 2874 ἀνέτλησαν
835 2837 944 2869 πόνους,

200 2921 256 2956 (ιθ)
272 2921 334 2950 Vide
344 2919 535 2950 Tertullianum
552 2917 676 2947 adversus
691 2917 896 2946 Valentinianoa.

993 1644 1131 1680 gentibus,
1151 1648 1205 1672 tam
1230 1644 1464 1678 pwstantioribus
1489 1651 1568 1679 quam
1587 1643 1779 1675 deterioribus,

993 1690 1027 1717 de
1056 1689 1231 1717 Providentia
1262 1697 1323 1726 quae
1348 1689 1439 1718 omnia
1460 1690 1600 1718 connectit
1629 1698 1636 1717 :
1665 1695 1779 1724 quaeque

993 1736 1145 1763 secundum
1162 1736 1295 1763 rationem
1311 1736 1422 1763 evenire
1437 1735 1573 1768 videntur,
1598 1739 1625 1762 et
1646 1741 1778 1769 quaecun-

992 1789 1046 1816 quc
1074 1786 1173 1817 praeter
1202 1782 1336 1810 rationem
1363 1781 1518 1809 inferiorem
1547 1786 1575 1808 et
1601 1780 1748 1807 humanam
1771 1788 1777 1806 :

991 1834 1123 1863 praeterea
1138 1836 1198 1863 quae
1215 1829 1249 1856 de
1266 1829 1351 1864 prima
1376 1833 1467 1854 nostra
1486 1826 1693 1858 constitutione,
1713 1826 1780 1861 (igu-

993 1876 1097 1909 risque,
1114 1879 1140 1902 et
1154 1874 1282 1906 veritate,
1296 1882 1328 1901 ac
1345 1874 1514 1901 testamentis
1531 1880 1538 1899 :
1555 1873 1654 1901 Christi
1671 1879 1780 1907 quoque

991 1920 1080 1955 primo
1102 1927 1135 1947 ac
1150 1920 1272 1947 secundo
1293 1920 1421 1946 adventu.
1437 1919 1466 1945 ln
1481 1919 1523 1946 bis
1539 1919 1623 1950 enim,
1640 1919 1778 1953 inquiunt,

992 1970 1020 1992 et
1043 1965 1150 1999 assequi
1176 1972 1231 1991 non
1254 1969 1296 1991 est
1322 1964 1429 1996 inutile,
1457 1968 1553 1991 etnon
1575 1963 1685 1998 assequi
1700 1967 1780 1991 vacat

992 2011 1122 2047 periculo.

1031 2055 1093 2083 Haec
1117 2063 1178 2083 cum
1200 2055 1369 2083 admirabilis
1384 2054 1499 2090 Cyrillus
1521 2054 1635 2083 dixisset
1651 2053 1779 2088 :Nequa-

992 2108 1085 2136 quam,
1108 2101 1196 2136 inquit
1211 2101 1308 2128 beatus
1324 2101 1464 2137 Cyriacus,
1481 2108 1652 2135 nequaquam
1671 2100 1779 2127 indiii'e-

994 2147 1082 2174 rentia
1111 2152 1185 2179 sunt,
1213 2154 1301 2182 neque
1329 2147 1459 2182 periculo.
1481 2151 1577 2173 vacant
1591 2147 1715 2181 dogmata
1744 2145 1779 2173 de

993 2195 1194 2230 praexistentia
1209 2202 1216 2221 :
1232 2193 1287 2220 imo
1309 2198 1374 2220 sunt
1394 2192 1498 2220 lubrica
1519 2193 1609 2227 potius
1631 2196 1658 2219 et
1672 2191 1779 2226 pericu-

995 2242 1060 2269 losa.
1083 2241 1117 2268 Ut
1134 2246 1224 2269 autem
1239 2240 1418 2275 multiplicem
1438 2247 1531 2266 eorum
1547 2239 1713 2273 impietatem
1727 2237 1777 2264 tibi

993 2289 1088 2322 paucis
1105 2293 1254 2321 exponam,
1286 2285 1363 2311 aiunt
1383 2283 1521 2311 Christum
1545 2290 1599 2309 non
1615 2289 1674 2309 esse
1692 2289 1778 2308 unum

993 2340 1026 2360 ex
1043 2332 1188 2359 ’l‘rinitate.
1212 2331 1311 2357 Dicunt
1326 2336 1440 2364 corpora
1454 2337 1514 2363 qua:
1528 2337 1561 2356 ex
1577 2329 1778 2355 resurrectione
1800 2323 1807 2330 “

994 2377 1166 2407 habebimus,
1189 2382 1249 2403 esse
1275 2375 1384 2410 penitus
1406 2374 1439 2401 ad
1457 2373 1595 2400 interitum
1612 2378 1735 2403 ventura,
1751 2377 1780 2400 et

993 2423 1096 2450 Christi
1112 2422 1205 2457 primi.
1221 2421 1319 2448 Dicunt
1334 2419 1496 2447 Trinitatem
1514 2427 1568 2447 non
1583 2419 1668 2446 fuisse
1682 2419 1777 2446 mundi

994 2469 1117 2504 opiﬁcem
1146 2472 1197 2495 :et
1220 2467 1292 2502 quod
1316 2467 1344 2494 in
1363 2467 1535 2493 restitutione
1552 2469 1682 2501 poterunt
1705 2473 1779 2500 quat-

994 2522 1102 2550 cunque
1131 2518 1194 2541 sunt
1212 2513 1316 2540 ratione
1339 2513 1462 2548 praedita.
1486 2513 1568 2540 etiam
1591 2512 1624 2539 ad
1640 2512 1779 2539 daemones

995 2569 1092 2596 usque,
1109 2560 1234 2588 fabricari
1252 2567 1343 2587 mones
1359 2558 1426 2595 (i9),
1449 2559 1475 2586 id
1490 2563 1541 2590 est,
1553 2558 1649 2586 smeula
1668 2557 1778 2592 :quod-

995 2615 1047 2643 que
1063 2607 1089 2634 in
1106 2607 1318 2639 resurrectione,
1334 2605 1452 2632 a-therea
1468 2609 1623 2631 surrectura
1639 2607 1703 2630 sunt
1716 2610 1779 2630 cor-

995 2661 1060 2688 pora
1081 2657 1185 2685 nostra,
1200 2657 1227 2679 et
1242 2652 1410 2687 sphaerarum
1426 2650 1544 2686 speciem
1560 2648 1722 2681 referentia;
1738 2649 1779 2676 sic

995 2699 1069 2727 enim
1094 2702 1122 2726 et
1136 2698 1226 2733 ipsum
1252 2697 1358 2725 Domini
1382 2704 1482 2732 corpus
1505 2695 1583 2723 aiunt
1603 2695 1776 2722 surrexisse:

995 2751 1100 2779 nosque
1116 2743 1222 2771 futuros
1237 2743 1261 2771 ei
1277 2751 1356 2778 pares
1370 2743 1397 2769 in
1416 2741 1601 2769 restitutione.

1032 2789 1132 2826 Cyrillo
1165 2793 1258 2816 autem
1285 2796 1393 2816 rursum
1420 2787 1609 2823 interroganti,
1636 2785 1705 2819 Quid
1729 2784 1778 2818 ita,

996 2837 1088 2871 Pater,
1107 2844 1162 2865 non
1180 2843 1229 2872 pro
1241 2836 1341 2865 virtute
1359 2839 1399 2863 tot
1425 2835 1570 2863 subierunt
1591 2833 1707 2867 labores,
1730 2831 1779 2859 sed
