2067 3150
249 110 300 143 951

867 114 1010 144 ΜΕΝΞΙΞ
1029 115 1268 149 SEPTEMBER.

1823 116 1877 148 92:2

250 167 410 202 praevenire.
424 166 556 200 Quocirca
576 175 626 195 nec
637 167 677 195 eis
691 167 791 195 frustra
805 168 888 196 cessit
907 170 1038 196 studium.

1095 174 1242 201 διενοοῦντο
1256 183 1262 190 -
1274 173 1335 201 ὅθεν
1358 174 1417 200 οὺὸὶ
1433 174 1472 204 εἰς
1490 173 1579 208 μάτην
1594 173 1684 203 αὐτοῖς
1703 173 1843 209 ἐχώρησεν
1859 175 1878 208 ἡ

249 214 317 240 Cum
336 221 383 241 eos
399 213 470 240 enim
493 214 628 249 fugientes
649 214 676 241 in
699 214 788 242 medio
810 215 926 250 quodam
953 221 1037 250 ponte

251 260 470 294 intercepissent,
488 259 515 286 in
533 259 614 286 fluvio
630 260 848 288 submersarum.
865 260 897 288 Et
912 269 972 289 cum
995 269 1037 290 re-

250 304 320 331 versi
337 309 426 331 essent
442 309 640 338 persecutores.
658 304 742 339 ipsius
757 304 832 332 Anac
844 310 871 332 et
888 305 979 332 fratris
995 306 1038 332 in-

250 349 383 377 terﬁcitur
398 350 487 376 omnis
504 351 653 385 generatio,
672 358 733 379 eum
751 359 833 385 agens
853 351 978 386 spiritum
991 359 1038 388 rex

251 396 441 423 Armeniorum
465 395 516 423 hoc
537 401 688 427 extremum
712 397 879 430 mandasset,
903 402 933 424 ut
954 405 1039 432 genus

252 447 346 466 eorum
362 439 408 474 qui
426 440 513 474 ipsum
545 441 739 468 interemerant
762 441 884 468 funditus
907 441 1037 468 interiret.

253 486 286 512 Et
303 486 342 512 sic
358 486 467 520 quidem
482 487 622 520 perierunt
638 495 743 520 omnes,
767 492 866 522 przeter
887 487 955 514 duos
972 487 1040 513 ﬁlios

253 533 329 558 Anac
343 539 445 566 eosque
460 532 538 559 valde
556 532 683 562 infantes.
699 536 725 558 et
744 532 789 566 qui
803 536 880 559 erant
897 531 986 559 adhuc
999 532 1041 558 in-,

253 577 337 604 voluti
365 577 467 610 fasciis,
495 583 521 605 et
542 578 687 605 iactabant.
710 577 783 611 Quos
806 585 867 605 cum
890 577 1040 605 seduxisset

253 623 363 656 quidam
377 631 409 649 ex
425 623 456 649 iis
476 623 522 657 qui
535 624 568 649 ad
580 631 642 650 eum
656 624 816 655 attinebant,
834 631 918 650 unum
931 623 1039 658 quidem

253 670 380 704 deposuit
393 670 419 696 in
432 671 555 706 partibus
571 671 698 702 Persidis,
713 671 826 698 alterum
841 676 932 698 autem
946 671 971 697 in
987 671 1041 698 Ro-

254 722 333 741 mana
348 715 461 742 ditione.
478 715 501 743 ls
516 715 566 742 fuit
578 715 734 750 Gregorius,
751 716 829 750 cujus
845 716 973 750 praeclara
991 723 1041 750 pro

255 760 354 796 pietate
373 761 521 788 certamina
539 768 647 796 agressa
666 765 707 788 est
727 761 761 788 ab
778 761 856 788 initio
872 760 961 788 dicere
981 768 1042 787 ora-

256 806 303 833 tio.
320 805 392 841 Rege
406 810 496 833 autem
506 806 696 834 Armeniorum
709 814 741 834 eo
756 807 837 834 modo
859 814 913 841 quo
925 806 1042 834 diximus

256 850 410 882 interfecto,
432 850 503 878 felici
529 851 567 878 rei
587 858 714 878 successu
731 857 822 878 motus
845 851 1042 880 Persa.movet
1058 845 1077 871 Β

256 895 405 923 exercitum
423 896 554 924 adversus
575 897 750 923 conturbatos
764 896 898 923 Armenos
914 904 921 923 :
942 900 969 922 et
984 903 1043 922 ma-

256 949 309 976 gna
332 947 392 968 acta
412 941 513 976 prada,
538 946 565 968 et
582 942 676 969 multis
692 942 815 968 abductis
831 942 956 976 captivis,
972 948 1043 976 pra:-

256 988 329 1014 clare
354 995 452 1014 rursus
481 987 508 1014 in
535 994 611 1014 suam
637 988 783 1014 revertitur
805 987 954 1022 regionem.
975 986 1043 1013 Cum

256 1037 347 1061 autem
368 1033 520 1060 invenisset
534 1033 604 1059 inter
616 1033 738 1068 captivos
752 1041 836 1059 unum
853 1041 886 1060 ex
901 1032 962 1059 filiis
974 1032 1044 1060 Cur-

257 1086 329 1108 saro.
347 1078 457 1106 nomine
477 1078 642 1110 Teridatem,
659 1085 721 1105 eum
739 1079 848 1113 quidem
870 1086 923 1106 non
938 1079 1045 1105 interﬁ-

258 1125 294 1151 cit
307 1129 417 1159 propter
431 1129 552 1152 teneram
567 1125 655 1152 adhuc
669 1129 776 1152 aetatem
791 1133 797 1152 :
814 1125 898 1152 mittit
910 1130 1001 1152 autem
1017 1125 1043 1152 in

257 1170 382 1200 exsilium
399 1171 426 1197 in
444 1170 628 1198 Romanorum
647 1172 797 1206 regionem.
812 1170 860 1198 llic
876 1176 918 1198 est
932 1171 1045 1199 Terida-

259 1222 310 1249 tes,
333 1217 377 1251 qui
405 1224 518 1252 regnum
539 1217 731 1244 Armeniorum
755 1217 899 1252 posteriori
924 1222 1046 1252 tempore

258 1262 382 1289 [hmano
409 1262 508 1290 auxilio
531 1263 676 1297 acquisivit
691 1267 719 1289 et
732 1263 847 1298 accepit,
869 1266 896 1290 et
920 1271 1046 1298 magnum

259 1309 418 1346 Gregorium
436 1310 577 1337 tormentis
599 1309 714 1344 subjecit
731 1309 974 1337 innumerabilibus
989 1317 995 1335 :
1021 1314 1048 1337 et

258 1356 303 1393 qui
317 1364 370 1382 non
383 1356 469 1382 solum
482 1363 544 1382 eum
559 1355 671 1382 abduxit
681 1363 694 1382 ν
712 1355 822 1390 pietate,
833 1355 879 1382 sed
891 1356 949 1390 ipse
958 1356 1047 1389 potius

259 1402 321 1436 ejus
335 1401 486 1428 admirabili
503 1402 653 1428 constantia
671 1406 699 1428 et
714 1401 790 1436 plaga
808 1401 925 1435 desuper
940 1401 1046 1428 immis-

259 1455 287 1474 sa
302 1455 315 1473 a
330 1447 421 1474 divina
434 1447 618 1479 Providentia,
635 1447 667 1474 ad
681 1447 754 1474 illius
770 1447 849 1474 ﬁdem
867 1447 915 1474 fuit
932 1455 1047 1474 conver-

259 1501 317 1521 sus.
332 1493 384 1521 Sed
402 1494 460 1521 haec
475 1493 584 1529 quidem
608 1493 762 1531 singulatim
781 1493 932 1528 procedens
957 1493 1048 1521 decla-

261 1540 329 1571 rabit
342 1540 440 1568 oratio.

296 1643 366 1671 Vill.
380 1642 513 1671 Artasiras
528 1643 620 1679 igitur,
631 1643 676 1678 qui
687 1648 750 1670 tunc
760 1648 817 1670 erat
833 1651 877 1670 rex
891 1642 1045 1675 Persarum,

261 1693 364 1723 partem
387 1689 428 1716 sui
454 1689 560 1724 imperii
577 1689 662 1723 ipsam
678 1697 784 1724 quoque
800 1689 864 1716 fecit
877 1689 1047 1715 Armeniam.

260 1735 409 1770 Gregorius
428 1741 518 1762 autem
537 1735 607 1762 filius
621 1735 707 1766 Anac,
727 1739 756 1761 ut
771 1735 900 1766 diximus,
913 1735 959 1769 qui
977 1734 1048 1762 Cur-

260 1788 323 1808 saro
336 1780 521 1812 interfecerat,
535 1781 635 1816 degens
658 1781 684 1808 in
706 1780 815 1807 civitate
831 1780 962 1807 Cmsarea:
975 1779 1048 1815 Cap-

261 1826 393 1859 padociae,
417 1830 446 1853 et
469 1826 548 1854 aliam
573 1826 667 1854 didicit
685 1826 848 1857 doctrinam.
869 1826 941 1854 etin
967 1827 1048 1854 rebus

262 1872 426 1901 Christianis
452 1872 598 1907 diligenter
623 1872 675 1899 fuit
699 1872 876 1899 exercitatus.
906 1871 1048 1899 Teridates

262 1918 388 1953 proinde,
405 1918 451 1952 qui
468 1923 528 1945 erat
541 1925 573 1945 ex
589 1917 721 1952 sanguine
738 1917 821 1951 regio,
836 1917 1005 1944 referebatur
1019 1917 1047 1944 in

261 1971 406 1991 numerum
415 1963 600 1991 Romanorum
612 1964 829 1998 magistratuum.
845 1962 904 1989 Non
919 1963 1048 1998 ignorans

260 2013 351 2036 autem
366 2009 513 2045 Gregorius
537 2014 564 2036 et
586 2017 645 2044 qua:
667 2009 732 2036 fecit
748 2009 807 2043 ejus
828 2014 904 2043 pater
920 2009 1005 2041 Anan,
1021 2014 1048 2036 et

260 2063 320 2090 quae
340 2055 374 2082 ab
396 2055 454 2089 ipso
478 2063 574 2090 passus
589 2060 631 2082 est
650 2061 726 2090 pater
746 2055 891 2086 ’l‘eridatis,
908 2062 939 2081 ca
957 2059 1047 2081 tamen

259 2105 364 2128 secreta
378 2100 448 2134 apud
464 2108 492 2127 se
509 2105 615 2133 tenens,
627 2101 732 2128 accedit
747 2101 779 2127 ad
793 2100 960 2131 Teridatem,
971 2108 1000 2126 se
1014 2099 1048 2126 ad

259 2146 443 2173 voluntarium
453 2147 513 2180 ejus
523 2146 632 2172 tradens
643 2146 833 2175 ministerium,
849 2149 876 2172 et
888 2146 954 2172 citra
966 2144 1047 2171 ullam

1089 220 1203 255 σπουδὴ,
1215 219 1283 246 ἀλλὰ
1299 219 1449 253 φεύγοντας
1461 219 1572 249 τούτους
1595 217 1665 245 κατὰ
1678 219 1801 253 γέφυράν
1815 228 1879 246 τινα

1091 266 1176 301 μέσην
1187 265 1379 297 ἀπολαϐόντες,
1393 264 1576 299 ὑποϐρυχίους
1590 264 1629 299 τῷ
1641 264 1757 298 ποταμῷ
1771 264 1877 291 ἔδοσαν.

1089 314 1146 341 Καὶ
1177 313 1232 339 τῶν
1257 313 1409 339 διωκόντων
1439 311 1667 346 ὑποστρεψάντων
1695 310 1799 343 γίνεται
1829 310 1880 344 τῆς

1089 359 1185 393 γενεᾶς
1206 359 1285 393 φόνος
1312 359 1434 392 ἀπάσης,
1449 357 1532 384 αὑτοῦ
1558 365 1588 383 τε
1602 356 1648 383 τοῦ
1661 356 1746 382 Ἀνὰκ
1763 356 1810 382 καὶ
1829 356 1879 382 τοῦ

1090 404 1217 438 ἀδελφοῦ,
1233 404 1389 430 τελευταῖον
1409 403 1488 429 τοῦτο
1512 402 1576 433 ἔπος
1598 400 1646 427 τοῦ
1661 400 1816 435 Ἀρμενίων
1832 400 1882 435 βα-

1091 451 1187 483 σιλέως
1201 451 1230 477 ὲν
1244 451 1372 486 ἐσχάταις
1395 450 1492 479 πνοαῖς
1511 448 1726 483 ἐπισκήψαντος,
1743 447 1792 481 τὴν
1807 456 1880 473 παν-

1089 497 1153 531 τελῆ
1171 497 1217 523 τοῦ
1233 497 1328 530 γένους
1340 496 1394 522 τῶν
1411 496 1559 523 ἀνελόντων
1571 494 1721 520 ἀπώλειαν.
1741 494 1798 520 Καὶ
1807 493 1881 519 οὕτω

1093 544 1142 578 μὲν
1162 543 1302 569 ἀπώλοντο
1325 543 1436 574 πάντες,
1465 541 1534 575 πλὴν
1555 540 1601 567 δύο
1617 540 1699 566 τινῶν
1719 539 1766 566 τοῦ
1792 539 1880 566 Ἀνὰκ

1091 590 1205 619 παίδων,
1217 589 1264 615 καὶ
1279 588 1383 615 τούτων
1403 587 1503 622 κομιδῇ
1524 586 1630 621 νηπίων
1645 585 1693 612 καὶ
1707 586 1736 611 ὲν
1750 586 1880 619 σπαργα-

1091 645 1147 666 νοις
1171 635 1211 661 ἐτι
1229 635 1277 661 καὶ
1291 634 1403 668 γάλαξιν
1420 633 1516 663 ὄντων,
1546 632 1592 664 οὓς
1608 632 1664 658 τῶν
1686 631 1881 666 προσηκόντων

1089 690 1133 712 τις
1146 681 1330 716 ,ὑφελόμενοῇ
1356 681 1402 707 τδν
1422 680 1473 714 μὲν
1490 680 1519 706 ἐν
1542 680 1600 711 τοῖς
1620 679 1669 713 τῆς
1684 678 1814 712 Περσίδος
1833 677 1884 710 μέ-

1093 733 1163 762 ρεσι,
1181 727 1226 753 τὸν
1237 726 1267 753 δὲ
1281 727 1311 752 ὲν
1331 728 1365 762 τῇ
1384 727 1527 760 Ῥωμαῖκῇ
1544 724 1690 757 ὑπεξέθετο
1705 723 1883 758 ἐπικρατείᾳ.

1092 773 1242 807 Γρηγόριος
1257 773 1272 799 6
1284 772 1356 803 θεῖος
1375 769 1454 802 οὗτος
1465 769 1510 806 ἦν,
1528 766 1559 797 οὒ
1574 771 1638 801 τοὺς
1651 770 1795 804 λαμπροὺς
1809 769 1884 803 ὑπὲρ

1092 817 1233 849 εὐσεῦείας
1246 818 1356 849 ἀγῶνας
1367 818 1381 843 6
1402 817 1480 851 λόγος
1496 815 1623 850 ἁπαρχῆς
1637 815 1726 841 εἰπεῖν
1740 814 1883 849 ὥρμηται.

1092 864 1146 891 Τοῦ
1160 864 1190 890 δὲ
1208 863 1360 898 Ἀρμενίων
1380 863 1514 898 βασιλέως
1527 862 1558 888 ὃν
1576 861 1684 896 εἴρηται
1699 861 1800 894 τρόπον
1813 861 1883 894 ἀνῃ-

1094 909 1223 945 ρημένου,
1245 909 1285 944 τῷ
1299 910 1474 944 ιὺτυχήματι
1494 906 1625 942 ἐπαρθείς
1637 908 1652 933 6
1669 907 1788 941 Πέρσης,
1800 913 1882 931 τετα‹

1094 955 1241 991 ραγμένοις
1254 954 1446 990 ἐπιστρατεύει
1461 955 1516 985 τοῖς
1530 952 1697 987 Ἀρμενίοις,
1717 952 1764 978 καὶ
1781 950 1884 984 πολλὴν

1093 1001 1307 1035 περιϐαλόμενος
1330 999 1406 1036 λείαν
1419 1000 1466 1025 καὶ
1479 998 1670 1033 δορυαλώτους
1685 997 1726 1023 ὅτι
1739 996 1886 1028 πλείστους

1093 1045 1195 1077 λαϐὼν,
1216 1046 1258 1077 είς
1282 1045 1333 1080 τὴν
1357 1044 1463 1071 οἰκείαν
1484 1043 1619 1078 λαμπρῶς
1634 1043 1772 1076 ἐπανῆκεν
1793 1039 1885 1072 αὖθις.

1094 1090 1189 1125 Εὑρὼν
1211 1091 1238 1116 δὲ
1259 1091 1288 1116 ὲν
1307 1091 1363 1120 τοῖς
1379 1089 1563 1124 αἰχμαλώτοις
1586 1089 1633 1114 ἕνα
1648 1088 1702 1114 τῶν
1722 1087 1787 1113 ul.th
1811 1086 1886 1112 Keu-

1096 1136 1172 1170 σαρὼ
1191 1135 1344 1171 Τηριδάτην
1359 1135 1455 1169 ὄνομα,
1473 1135 1524 1161 οὐκ
1546 1135 1654 1169 ἀναιρεῖ
1668 1134 1718 1168 μὲν
1740 1133 1820 1159 αὑτὸν
1838 1131 1886 1159 διὰ

1095 1183 1124 1209 τὸ
1147 1183 1289 1217 Ῥωμαίων
1305 1182 1357 1217 ἤθη
1375 1182 1532 1216 φνγαδεύει.
1552 1178 1637 1211 Οὗτός
1659 1181 1717 1207 ἐστι
1730 1179 1887 1214 Τηριδὰτης

1095 1229 1109 1256 6
1120 1229 1167 1255 καὶ
1182 1230 1230 1263 τὴν
1241 1228 1392 1263 Ἀρμενίων
1404 1228 1491 1263 ἀρχὴν
1504 1229 1594 1263 χρόνῳ
1610 1227 1724 1261 ὕστερον
1741 1226 1885 1260 Ῥωμαῖκῇ

1098 1274 1242 1309 συμμαχίᾳ
1252 1275 1299 1300 καὶ
1311 1274 1394 1308 ψήφῳ
1406 1273 1648 1308 κατακτησάμενος
1663 1272 1710 1298 καὶ
1725 1270 1885 1303 ὑπολαδὼν,

1097 1322 1144 1348 καὶ
1161 1321 1206 1347 τὸν
1224 1321 1311 1356 μέγαν
1329 1321 1480 1355 Γρηγόριον
1498 1319 1626 1353 βασάνοις
1646 1318 1798 1353 ἀμυθήτοις
1817 1317 1887 1343 ὑπο-

1096 1367 1199 1399 λαῦὼν,
1215 1367 1262 1393 καὶ
1279 1366 1315 1401 μὴ
1333 1366 1415 1400 μόνον
1438 1365 1476 1400 μὴ
1488 1367 1649 1400 ἀποστήσας
1667 1363 1763 1390 τοῦτον
1776 1362 1823 1396 τῆς
1842 1362 1888 1388 εὑ-

1098 1413 1217 1445 σεὸείας,
1242 1413 1309 1440 ἀλλὰ
1331 1413 1378 1439 καὶ
1402 1412 1482 1443 αὐτὸς
1507 1412 1593 1445 δήπου
1624 1412 1657 1446 τῇ
1680 1418 1710 1436 τε
1723 1408 1771 1435 τοῦ
1789 1408 1887 1443 ἀνδρὸς

1098 1459 1233 1493 ὑπερφυεῖ
1250 1458 1391 1493 καρτερίᾳ,
1405 1457 1453 1484 καὶ
1465 1459 1498 1492 τῇ
1513 1457 1623 1488 ἐκθείας
1637 1455 1766 1490 προνοίας
1781 1454 1886 1481 ἄνωθεν

1099 1504 1224 1538 μάστιγι,
1240 1505 1308 1539 πρὸς
1324 1505 1373 1537 τὴν
1386 1503 1493 1530 ἐκείνου
1508 1503 1598 1529 πίστιν
1616 1501 1787 1536 μεταϐαλών.
1802 1499 1888 1526 Ἀλλὰ

1099 1550 1184 1578 ταῦτα
1201 1550 1250 1585 μὲν
1262 1550 1334 1577 κατὰ
1351 1550 1434 1585 μέρος
1449 1549 1551 1584 προῖὼν
1569 1550 1583 1575 6
1595 1549 1675 1583 λόγος
1687 1547 1814 1582 δηλώσει.

1134 1642 1176 1670 H'.
1197 1641 1378 1676 Ἀρτασείρας
1403 1641 1425 1668 δ’
1441 1640 1489 1668 οὖν
1506 1641 1565 1667 τότε
1578 1642 1592 1667 ὁ
1603 1640 1657 1667 τῶν
1673 1638 1786 1674 Περσῶν
1808 1637 1887 1670 βασι-

1097 1687 1160 1718 λεὺς
1181 1687 1264 1721 μέρος
1287 1687 1337 1721 τῆς
1353 1687 1421 1718 ιδίας
1444 1687 1531 1722 ἀρχῆς
1545 1686 1592 1713 καὶ
1608 1686 1657 1721 τὴν
1678 1685 1826 1719 Ἀρμενίαν
1838 1683 1889 1711 αὑ-

1097 1733 1147 1768 τὴν
1165 1734 1323 1767 ἐποιήσατο.
1348 1733 1377 1760 '0
1396 1734 1425 1760 δὲ
1440 1733 1486 1759 τοῦ
1503 1733 1587 1759 Ἀνάκ
1608 1733 1671 1763 παῖς
1685 1730 1733 1757 τοῦ
1748 1731 1794 1756 τὸν
1815 1730 1887 1756 Κου-

1099 1778 1175 1813 σαρὼ
1191 1778 1332 1809 ἀνελόντος
1348 1779 1406 1813 ἅμα
1429 1778 1468 1813 τῷ
1485 1777 1592 1812 ἀδελφῷ
1607 1776 1750 1812 Γρηγορίῳ
1763 1776 1792 1801 ὲν
1809 1774 1888 1801 πόλει

1100 1825 1269 1859 Καισαρείας
1288 1826 1337 1859 τῆς
1358 1823 1562 1854 Καππαδοκίας
1581 1823 1694 1856 διάγων.
1713 1821 1839 1848 παιδείαν
1854 1829 1886 1847 τε

1098 1873 1148 1906 τὴν
1163 1872 1247 1907 ἄλλην
1266 1871 1412 1904 ἐμάνθανε,
1429 1870 1477 1896 καὶ
1496 1870 1529 1896 τὰ
1542 1867 1714 1903 Χριστιανῶν
1734 1867 1888 1901 φιλοπόνως

1098 1918 1219 1952 ἠσκεῖτο.
1235 1916 1389 1952 Τηριδάτης
1407 1917 1498 1942 τοίνυν
1508 1913 1552 1942 οἷα
1566 1916 1602 1949 δὴ
1614 1913 1754 1950 βασιλικοῦ
1770 1915 1889 1948 αἵματος

1098 1963 1136 1990 ῶν
1161 1965 1216 1995 τοῖς
1250 1964 1279 1989 ὲν
1313 1963 1384 1990 τέλει
1412 1963 1606 1997 συνηριθμεῖτο
1640 1962 1796 1996 Ῥωμαίων.
1827 1960 1887 1986 “in:

1098 2009 1203 2043 ἀγνοῶν
1217 2008 1263 2034 οὖν
1281 2009 1295 2035 6
1310 2008 1461 2043 Γρηγόριο;
1473 2007 1491 2034 ἆ
1505 2016 1534 2034 τε
1554 2008 1568 2034 6
1580 2007 1677 2033 τούτου
1696 2006 1786 2040 πατὴρ
1802 2005 1889 2032 ’Δνὰκ

1098 2055 1114 2082 δ
1125 2055 1263 2091 ιπράεατο
1275 2055 1323 2081 καὶ
1335 2054 1353 2081 ἃ.
1367 2055 1380 2080 6
1395 2054 1547 2089 Τηριδάτου
1564 2053 1629 2087 παρ’
1642 2052 1725 2079 αὑτοῦ
1739 2052 1886 2083 πέπονθεν,

1099 2101 1238 2135 ἁνὲκιρορα
1261 2101 1289 2127 6E
1308 2101 1384 2134 ὅμως
1402 2101 1470 2133 παρ’
1492 2099 1581 2134 ἐαυτῷ
1598 2099 1734 2133 κατέχων,
1761 2099 1888 2133 πρόσεισι

1099 2147 1137 2181 τῷ
1158 2147 1296 2181 Τηριδὰτῃ
1313 2147 1353 2177 εὶς
1367 2146 1490 2172 ἑκούσιον
1512 2146 1608 2172 ἑαυτὸν
1624 2145 1778 2180 ὑπηρεσίαν
1797 2146 1890 2178 ἐγχει-

259 2191 465 2218 οιριιςοιίοιιθηι
489 2191 608 2218 Tcridati
634 2191 661 2218 in
687 2191 816 2218 omnibus
845 2190 951 2218 fidelem
970 2198 1044 2217 suam

1101 2194 1193 2228 ρίζων,
1214 2193 1262 2219 καὶ
1281 2191 1315 2228 ἦν
1338 2193 1542 2227 ἀπροφάσιστον
1560 2193 1588 2218 ἐν
1608 2192 1676 2218 πᾶσι
1697 2191 1734 2224 τῷ
1749 2191 1888 2226 Τηριδάτῃ

259 2237 399 2271 praebebat
412 2244 533 2271 operam.
545 2236 614 2264 Cum
628 2241 717 2263 autem
726 2236 1045 2271 accepissetGregoriuzn

259 2283 444 2311 Christianam
464 2287 559 2309 tenere
578 2282 746 2316 religionem,
762 2290 833 2317 πετο
851 2281 957 2309 ferebat
973 2281 1047 2309 Teri-

261 2329 415 2364 datcs,qui,
430 2329 480 2356 etsi
494 2329 562 2356 nihil
579 2329 738 2364 proliceret,
755 2337 808 2356 non
819 2329 944 2356 cessabat
956 2333 1047 2355 tamen

260 2383 321 2402 cum
336 2375 488 2410 increpare.
501 2376 594 2404 Gotthi
610 2383 674 2402 vero
687 2376 732 2403 illo
744 2380 866 2410 tempore
878 2375 1047 2410 populaban-

262 2425 307 2447 tur
323 2426 351 2448 et
370 2422 511 2448 vastabant
522 2429 602 2456 agros
618 2421 746 2448 Romana:
761 2420 889 2456 regionis.
909 2420 987 2448 Unde
1002 2419 1046 2454 qui

262 2473 328 2495 tunc
338 2467 490 2494 Romanum
516 2467 656 2494 obtinebat
673 2467 817 2501 imperium
842 2465 962 2493 surrexit
990 2465 1048 2500 ipse

261 2520 371 2548 quoque
397 2512 463 2540 tutis
483 2512 608 2540 viribus:
626 2516 654 2539 et
674 2520 734 2548 quae
754 2513 788 2539 ad
811 2512 910 2540 bellum
932 2512 1048 2546 pertine-

261 2562 328 2586 bant
353 2558 476 2594 parabat,
502 2565 603 2593 eosque
627 2558 742 2586 advocat
760 2558 805 2593 qui
836 2558 897 2592 ejus
915 2557 1047 2592 parebant

261 2605 375 2637 ditione,
391 2612 422 2631 ac
445 2612 474 2632 se
499 2604 612 2632 omnino
641 2604 794 2632 instruebat
819 2604 852 2631 ad
877 2603 1048 2630 ulciscendas

261 2651 386 2680 Gotthos.
412 2650 480 2679 Cum
513 2652 604 2686 itaque
626 2651 694 2679 alter
726 2660 760 2679 ex
791 2651 906 2678 adverso
936 2650 1049 2678 alterius

262 2697 445 2726 castrametati
472 2701 576 2730 essent,
604 2702 632 2725 et
657 2697 743 2724 aciem
774 2696 883 2731 utrique
906 2696 1048 2723 instruxis-

263 2750 333 2777 sent,
349 2748 377 2772 et
392 2751 488 2771 manus
504 2752 565 2771 mox
580 2748 672 2772 essent
688 2745 850 2775 conserturi,
865 2742 920 2770 dux
935 2741 1048 2768 Gottlto-

263 2798 322 2816 rum
344 2790 500 2826 provocavit
528 2798 619 2825 regem
643 2790 828 2818 Romanorum
851 2789 884 2816 ad
913 2788 1048 2823 singulare

265 2840 412 2863 Certamen.
434 2835 478 2863 Ille
493 2840 546 2863 {ltili
558 2845 582 2864 in
600 2837 699 2871 (neque
718 2836 789 2864 enim
804 2840 910 2870 poterat
922 2835 978 2861 suis
994 2842 1049 2862 ma-

1099 2239 1147 2266 καὶ
1162 2239 1261 2273 πιστὴν
1283 2239 1425 2270 ἀποδιδοὺς
1447 2238 1611 2273 ὑπηρεσίαν.
1628 2237 1731 2264 Μαθὼν
1747 2237 1776 2263 δὲ
1793 2238 1834 2262 ὅτι
1852 2237 1887 2262 τὰ

1098 2284 1274 2318 Χριστιανῶν
1295 2284 1443 2318 θρησκεύει
1458 2284 1625 2319 Γρηγόριος,
1653 2283 1830 2318 ἐδυσχέραινέ
1856 2290 1886 2308 τε

1098 2328 1175 2362 οὗτος
1197 2331 1211 2356 6
1231 2330 1386 2365 Τηριδάτης
1409 2331 1458 2356 καὶ
1481 2330 1506 2356 ει
1519 2330 1602 2364 μηδὲν
1617 2330 1710 2364 ἠνυεν,
1727 2329 1803 2362 ὅμως
1825 2328 1887 2353 ὲπι-

1098 2377 1186 2411 τιμῶν
1202 2376 1252 2403 οὐκ
1278 2376 1361 2404 ἀνίει.
1381 2375 1476 2402 Γόνθοι
1497 2376 1526 2401 δὲ
1540 2375 1601 2401 κατ’
1621 2376 1709 2401 ἐκεῖνο
1733 2374 1830 2409 καιροῦ
1852 2374 1887 2400 τὰ

1104 2422 1250 2458 Ῥωμαίων
1265 2423 1353 2458 χωρία
1366 2421 1462 2457 ἐδῄουν
1477 2430 1507 2448 τε
1519 2423 1566 2448 καὶ
1580 2421 1816 2457 ἠνδραποδίζοντο.
1830 2421 1887 2448 Καὶ

1098 2470 1113 2495 6
1133 2470 1279 2504 Ῥωμαίοις
1302 2469 1331 2494 δὲ
1356 2469 1417 2496 τότε
1441 2469 1502 2503 τὴν)
1518 2468 1657 2503 βασιλείαν
1675 2468 1786 2499 διέπων,
1810 2470 1886 2495 διαν-

1101 2513 1194 2540 iam-ro
1212 2516 1259 2540 καὶ
1281 2513 1361 2544 αὐτὸς
1380 2515 1463 2540 παντὶ
1483 2513 1583 2545 σθένει,
1604 2514 1652 2540 καὶ
1668 2514 1703 2539 τὰ
1717 2513 1758 2545 cl;
1770 2513 1817 2540 τδν
1837 2515 1886 2541 πό-

1099 2559 1181 2594 λεμον
1204 2559 1274 2593 μετά
1296 2559 1351 2586 τῶν
1373 2559 1424 2585 ὑπὸ
1440 2559 1519 2593 χεῖρα
1533 2557 1722 2592 ηὑτρεπίζετο,
1744 2559 1791 2584 καὶ
1811 2559 1884 2592 ἀμυ-

1103 2605 1205 2632 νεῖσθαι
1216 2605 1331 2637 Γότθους
1344 2604 1669 2636 συνεσκευάζετο.¹Ενθεν
1679 2612 1720 2631 τοι
1731 2604 1792 2631 ἀντὶ
1805 2613 1886 2639 στρα-

1099 2651 1342 2685 τοπεδευσαμένων
1358 2651 1390 2677 ὲκ
1412 2650 1458 2676 τοῦ
1474 2650 1595 2676 ἐναντίου
1612 2649 1752 2684 ἀλλήλοις,
1772 2650 1818 2676 καὶ
1834 2650 1885 2684 τὴν

1101 2698 1231 2732 στρατιὰν
1266 2697 1400 2731 ἑκατέραν
1428 2695 1622 2727 διαταξάντων,
1658 2695 1704 2722 καὶ
1727 2696 1768 2726 εἰς
1789 2696 1885 2730 χεῖρας

1099 2743 1161 2769 ὅσον
1186 2742 1294 2769 οὐδέπω
1326 2742 1430 2773 εόντων,
1451 2741 1466 2767 ὁ
1487 2741 1541 2768 τῶν
1562 2739 1669 2767 Γότθων
1691 2740 1813 2774 ἀρχηγὸς
1844 2739 1885 2770 είς

1101 2789 1271 2823 μονομαχίαν
1290 2787 1469 2823 προεκαλεῖτο
1483 2787 1528 2813 τὸν
1544 2786 1656 2821 βασιλέα
1679 2785 1831 2820 Ῥωμαίων.
1855 2784 1884 2811 '0

1100 2835 1124 2861 δέ
1140 2835 1184 2869 (οὶ
1206 2835 1260 2869 γὰρ
1282 2831 1335 2864 οἶὸ;
1358 2841 1385 2859 τε
1411 2830 1444 2867 ἦν
1469 2831 1563 2867 χερσὶν
1585 2831 1699 2863 οἰκείαις
1720 2830 1882 2858 καταϐαλεῖ-ι
