2067 3150
257 139 325 172 1015

255 197 345 224 socios
362 198 456 235 ingrati
477 203 561 232 animi
577 206 702 243 crimine,
719 212 942 247 neque'nostrum
958 216 1044 245 bene-

255 243 387 274 l'artorem
417 253 445 276 et
481 258 575 279 verum
601 253 685 282 Deum
711 264 772 285 esse
795 265 951 295 negaturos.
977 261 1043 296 Quae

255 295 346 319 autem
365 301 379 319 a
399 298 426 321 te
451 296 638 331 proferuntur,
674 310 690 328 0
719 303 879 339 imperator,
904 307 963 335 sive
987 308 1042 336 sint

251 337 334 371 bona,
350 339 407 368 sive
423 342 551 377 dimcilia,
570 351 596 373 et
612 347 652 374 vel
667 348 751 383 ipsam
777 356 892 380 mortem
920 353 1041 382 inferen-

250 383 298 415 tia,
323 391 386 413 sunt
404 396 480 422 a‘que
501 398 515 416 a
537 392 614 420 nobis
642 401 755 430 propter
781 397 920 426 Christum
951 401 1040 435 despi-

250 429 359 464 cienda,
377 438 404 459 ct
418 441 432 460 a
451 435 531 464 nobis
547 445 600 465 non
614 442 734 469 curanda

285 475 352 504 Vlll.
381 478 428 506 llis
447 481 515 508 adeo
539 489 693 518 opportune
723 492 752 514 et
773 489 893 524 jucunde
922 493 1003 520 dictis
1024 503 1039 522 a

249 524 426 558 martyribus.
441 526 618 558 Maximianus
636 532 744 566 quidem
765 534 814 563 fuit
830 536 867 563 ita
893 543 983 566 motus
1012 545 1039 567 et

247 569 356 596 volebat
371 572 468 599 acerbe
489 576 585 608 punire
596 583 715 606 sanctos.
738 579 843 610 Rursus
857 588 948 611 autem
974 593 1039 613 cun‘

248 615 385 647 ctabatur,
421 622 449 644 ct
472 618 616 648 diﬁcreltat
635 625 754 657 aggredi,
779 627 929 662 respiciens
942 637 1036 658 eorum

246 661 430 696 splendorem.
448 669 544 692 etnon
559 668 652 696 volens
673 670 765 698 talium
794 672 916 702 virorum
948 675 1038 704 facere

245 707 389 742 iacturam.
409 709 560 738 Verebatur
574 713 664 747 enim,
682 723 716 742 ne
735 718 862 751 cruciati,
883 727 944 747 cum
967 722 1038 749 veri-

245 757 329 780 tatem
362 755 389 782 in
408 756 499 783 medio
522 758 672 787 multorum
693 761 780 790 libere
804 770 898 793 essent
923 766 1033 802 elocuti,

245 799 344 828 deinde
363 809 559 836 permanerent
572 808 686 835 omnino
698 808 862 839 immobiles.
874 812 928 840 Eos
946 813 1036 848 itaque

244 847 340 874 statuit
359 850 546 877 transmittere
558 852 592 879 ad
602 853 767 883 Antiochum
786 857 884 885 ducem
903 847 1032 891 Orientis,

244 897 274 919 ut
293 893 338 928 qui
356 895 490 928 omnium,
510 897 556 931 qui
574 905 653 926 erant
673 900 700 927 in
716 901 775 936 ejus
792 908 938 938 potestate,
962 911 1036 934 esset
1050 893 1072 923 Β

243 939 466 975 crudelissimus,
486 947 514 970 et
537 944 577 971 vel
591 945 649 973 solo
667 949 778 975 nomine
789 954 882 983 posset
905 959 952 979 cos
970 960 1034 987 pcr-

242 988 348 1012 terrere
366 991 413 1013 :et
428 988 501 1022 quod
518 994 630 1025 propter
652 992 763 1026 majoris
784 994 896 1023 honoris
922 997 1032 1025 deside-

242 1030 324 1061 rium.
344 1031 389 1059 ille
401 1033 594 1062 Maximianum
611 1037 775 1066 observandi
803 1048 897 1068 curam
924 1051 1033 1078 gerens,

241 1085 257 1104 a
270 1077 351 1105 nullis
368 1079 517 1108 abstinebit
533 1082 677 1115 machinis,
696 1092 750 1119 quo
772 1093 819 1113 eos
834 1077 985 1123 oppugnet,
1006 1095 1034 1118 et

241 1124 273 1151 ad
291 1132 366 1152 suam
389 1128 513 1153 traducat
527 1130 703 1157 sententiam.
724 1131 860 1160 Praeterea
879 1139 908 1162 ut
923 1141 950 1163 et
974 1137 1033 1164 lon-

240 1177 305 1204 gum
324 1171 634 1208 iteretignominiosum
656 1180 710 1204 tam
733 1177 868 1206 intensam
900 1181 1034 1210 relaxaret

239 1217 436 1251 constantiam,
454 1223 482 1246 et
493 1227 541 1247 eos
553 1221 655 1248 sensim
668 1230 682 1249 a
701 1223 801 1258 pietate
816 1225 980 1259 dimoveret,
1005 1233 1033 1256 et

239 1263 358 1290 maxime
369 1265 441 1298 quod
457 1265 515 1300 ipse
526 1274 634 1302 quoque
643 1269 796 1298 Antiochus
812 1277 869 1299 erat
890 1273 930 1300 cis
957 1277 1033 1310 prius

239 1309 473 1344 snlrjcctus.a;wud
489 1321 570 1348 quem
591 1316 803 1350 erantsistendi,
823 1323 850 1345 et
867 1327 881 1346 a
910 1309 964 1356 quo
987 1322 1033 1357 ju-

238 1354 491 1391 dicantli.ld,cuim
518 1360 636 1388 maxime
667 1362 752 1397 tangit
778 1364 899 1392 animum
924 1374 1030 1402 eorum,

238 1402 284 1431 oui
301 1407 366 1430 sunt
381 1403 497 1432 honesto
509 1405 569 1433 loco
584 1408 650 1440 nati,
673 1409 746 1444 quod
773 1411 818 1445 qui
851 1412 927 1446 prius
952 1421 1032 1448 pare-

239 1448 320 1481 bant,
342 1457 381 1477 eis
404 1456 496 1486 postea
512 1453 670 1488 imperent,
700 1461 728 1484 et
745 1458 785 1485 eis
814 1463 937 1492 utantur,
969 1465 1030 1488 tan—

237 1502 319 1529 quam
334 1497 477 1531 subjectis.
492 1506 546 1526 non
559 1501 644 1529 multo
657 1507 720 1530 ante
739 1503 846 1532 fuerant
870 1513 965 1534 corttm
982 1507 1031 1534 do-

237 1541 304 1568 mini
321 1547 349 1569 et
369 1543 570 1573 bencfactorcs.
595 1547 766 1577 Consecutus
792 1559 910 1586 namque
941 1553 1030 1581 fuerat

236 1586 310 1614 hunc
323 1588 439 1616 ducatus
457 1592 645 1625 magistratum
661 1594 814 1624 Antiochus
836 1598 922 1632 ipsius
941 1599 1029 1626 admi-

235 1633 330 1660 rabilis
346 1635 435 1671 Sergii
456 1637 667 1668 intercessione.
688 1641 740 1669 Sed
758 1651 852 1671 revera
867 1645 935 1671 nihil
952 1645 1030 1672 vide-

236 1683 282 1706 tur
305 1685 358 1707 tam
383 1682 462 1710 facile
484 1691 667 1719 marcescere,
695 1692 776 1722 atque
801 1689 967 1718 beneﬁcium
1001 1691 1027 1719 iu

235 1726 329 1754 animo
349 1727 455 1763 ingrato
467 1730 630 1764 plant-alunt.
645 1733 670 1760 1s
684 1734 758 1761 enim
772 1743 826 1762 non
839 1737 927 1764 solum
943 1746 1027 1772 appa-

236 1773 294 1800 ruit
304 1774 413 1802 miuime
425 1784 487 1803 esse
499 1778 658 1806 recordatus
673 1780 810 1811 beneﬁcii,
830 1787 860 1808 ut
877 1785 1028 1815 procedens

237 1821 364 1848 ostendet
394 1823 498 1856 oratio;
528 1824 575 1850 sed
603 1825 716 1859 perinde
737 1834 769 1853 ac
790 1827 825 1854 ab
851 1828 904 1856 illis
920 1837 1026 1857 summa

234 1864 351 1893 aﬂ'ectus
364 1867 474 1902 injuria,
491 1876 539 1896 eos
556 1871 690 1904 tractavit,
706 1876 734 1899 et
754 1872 793 1900 eis
814 1875 905 1908 gravia
927 1875 1023 1903 intulit

233 1912 378 1946 supplicia.
416 1914 506 1949 Atque
533 1917 714 1945 mittebantur
753 1920 862 1954 quidem
895 1922 929 1949 ad
963 1930 1025 1950 cum

233 1961 334 1992 sancti,
352 1960 436 1988 vincti
451 1962 525 1996 gravi
540 1967 646 1991 catena.
662 1965 702 1992 Ad
722 1973 786 1993 eum
811 1971 904 1995 autem
925 1969 1025 2004 scripta

232 2012 291 2034 erat
311 2008 393 2035 etiam
407 2009 523 2044 epistola
540 2011 573 2039 ab
589 2011 763 2046 imperatore,
785 2022 845 2048 quae
874 2023 915 2043 stc
939 2016 1024 2043 hahe-

233 2052 280 2079 bat
299 2063 304 2079 :
320 2052 436 2080 Deorum
452 2055 570 2082 maxima
592 2057 762 2091 providentia
790 2067 886 2087 omnes
913 2062 1024 2095 quidem

233 2097 372 2129 homines,
394 2099 510 2126 maxime
535 2106 626 2128 autem
648 2102 700 2128 mei
722 2103 828 2138 imperii
848 2105 978 2133 satellites
997 2112 1025 2134 et

231 2143 388 2178 stipatores,
406 2144 434 2171 in
450 2145 509 2173 illos
534 2154 594 2174 esse
613 2147 682 2182 pios,
707 2153 734 2176 et
759 2149 791 2177 iis
818 2159 926 2185 rursus,
955 2161 1024 2188 quos

231 2189 376 2224 iltidignos
391 2196 560 2219 censuerunt
573 2192 700 2227 imperio,
716 2195 773 2222 vult
789 2196 914 2231 obedire,
945 2204 971 2226 et
994 2200 1023 2227 in

230 2243 278 2263 eos
296 2243 355 2263 esse
369 2242 446 2272 grato
462 2238 564 2266 animo.
580 2239 726 2274 Propterea
743 2241 816 2270 hunc
840 2243 965 2279 Sergium
993 2252 1021 2274 et
1039 2253 1059 2280 ι)

228 2281 378 2313 Bacchum.
395 2284 439 2318 qui
454 2283 480 2310 in
494 2285 560 2311 deos
587 2286 698 2320 quidem
719 2296 904 2324 apparuerunt
933 2292 1019 2326 impii,

229 2333 256 2355 et
272 2336 301 2356 sc
311 2328 531 2357 Christianorum
557 2331 716 2365 adiunxisse
736 2334 870 2369 religioni,
901 2337 1019 2365 convicti

229 2381 294 2402 sunt
312 2381 402 2403 autem
429 2377 552 2405 criminis
567 2377 663 2413 ingrati
682 2381 708 2407 in
725 2388 767 2408 mc
785 2382 879 2415 animi,
907 2389 935 2410 et
963 2384 1019 2418 jam

228 2426 325 2450 nostro
344 2423 486 2454 tribunali.
507 2429 534 2451 et
553 2430 646 2452 nostra
679 2428 882 2456 examinatione
905 2429 1018 2464 judicati

227 2472 292 2495 sunt
310 2468 424 2503 indigni,
444 2469 495 2496 sub
515 2470 647 2497 tutiSsima
664 2473 787 2500 custodia
808 2479 835 2500 et
858 2475 974 2502 vinculis
985 2477 1018 2504 ad

227 2518 301 2542 tuam
322 2516 522 2543 transmisimus
537 2518 729 2547 constantiam.
753 2519 780 2546 Si
797 2527 862 2556 ergo
878 2522 1016 2556 poeniten-

226 2559 264 2587 tia
294 2560 370 2588 ducti
398 2561 451 2589 diis
476 2563 714 2596 sacrilicarerint,
751 2565 893 2593 solvantur
915 2568 949 2595 ab
977 2568 1017 2595 eis

225 2602 363 2643 impositis
384 2608 512 2637 vinculis.
530 2614 554 2636 et
571 2609 645 2645 digni
661 2617 827 2639 censeantur
855 2613 959 2642 honore
990 2620 1017 2642 et

224 2654 429 2683 benevolentia.
448 2655 658 2684 ltevocabuntur
670 2658 743 2684 cnim
762 2666 856 2686 rursus
874 2667 888 2686 a
922 2665 1017 2688 nostra

223 2702 345 2737 potentia
360 2723 366 2733 ,
385 2702 571 2737 rccipieutque
588 2702 692 2737 priores
715 2703 835 2731 honores
846 2727 853 2738 ,
871 2709 917 2732 aut
933 2706 1016 2733 etiam

223 2749 352 2783 majores,
369 2753 506 2783 eruntque
521 2749 651 2784 deinceps
679 2749 706 2776 in
724 2749 784 2778 loco
804 2757 831 2778 et
851 2751 949 2778 ordine
976 2752 1017 2779 eis

223 2795 412 2823 convenienti.
431 2795 480 2821 Sin
495 2799 587 2821 autem
606 2795 760 2822 immobilitv
772 2797 878 2831 rpriori
896 2797 1018 2824 lnercant

224 2843 381 2873 sententia,
399 2842 487 2876 legum
506 2841 621 2875 subjecti
637 2842 694 2869 sint
706 2843 872 2875 austeritati,
903 2842 1017 2877 ipsaque

225 2886 344 2914 essentia
356 2891 382 2915 ct
399 2887 455 2915 vita
469 2893 534 2915 ense
547 2887 689 2922 priventur
701 2895 762 2916 cum
775 2888 844 2917 aliis.
866 2887 943 2916 Vale.

901 158 1043 192 MENSIS
1065 161 1262 198 OCTOBER/

1820 175 1889 208 1016

1061 221 1081 248 Α
1096 230 1174 257 τερον
1188 223 1338 260 εὐεργέτην
1351 228 1399 253 καὶ
1414 226 1503 262 ἀληθῆ
1513 227 1580 255 Θεὸν
1594 229 1782 265 ἀρνησόμεθα.
1807 231 1847 259 Τὰ
1858 233 1888 260 δι

1095 270 1172 304 παρὰ
1190 271 1236 296 σοῦ
1253 274 1465 308 προτεινόμενα,
1485 274 1610 309 βασιλεῦ,
1624 276 1690 303 εἴτε
1712 277 1804 312 ἀγαθὰ
1819 276 1885 313 εῐενε

1094 316 1149 342 εἴτε
1167 318 1216 343 καὶ
1229 318 1364 354 δυσχερῆ,
1383 320 1430 347 καὶ
1446 321 1527 348 αὑτὸν
1543 323 1681 356 ἐπάγοντα
1692 323 1886 357 θάνατον,ὲπί‹

1094 370 1145 396 σης
1162 364 1230 398 ἡμῖν
1246 365 1357 392 ἅπαντα
1373 367 1517 402 παροπτέα
1531 368 1574 396 διὰ
1597 369 1716 404 Χριστὸν
1738 371 1786 396 καὶ
1804 379 1886 406 φρονο

1091 408 1166 442 τίδος
1183 410 1316 446 οὐδεμιᾶς
1333 412 1408 445 ἄξια.

1127 499 1169 526 Η’.
1184 499 1293 528 Τούτων
1309 503 1448 537 εὐκαίρως
1460 505 1532 532 οὕτω
1547 507 1594 532 καὶ
1607 506 1693 541 ἡδέως
1705 508 1763 539 τοῖς
1781 507 1885 543 μάρτυ-

1092 553 1134 572 σιν
1162 546 1419 583 ὑπαγορευθέντων,
1445 551 1459 577 ὁ
1482 552 1654 587 Μαξιμιανὺς
1687 555 1805 581 ἐκινεῖτο
1833 554 1883 588 μὲν

1090 592 1143 619 ὑπὸ
1164 594 1211 619 τοῦ
1238 594 1337 629 θυμοῦ,
1362 598 1410 624 καὶ
1435 599 1542 633 πικρῶς
1563 600 1684 632 αἰκίζειν
1699 600 1762 632 τοὺς
1788 602 1883 635 ἁγίους

1092 638 1220 671 ἕλεοὺλετο
1236 647 1244 655 '
1263 640 1346 668 ὤκνει
1365 643 1393 669 δὲ
1415 644 1498 671 πάλιν
1514 645 1562 671 καὶ
1584 645 1750 672 ἀνεϐάλλετο
1766 646 1816 681 τὴν
1838 648 1884 680 εγ-

1089 685 1226 720 χείρησιν,
1251 687 1281 713 τὸ
1299 690 1454 723 περιφανὲς
1482 691 1573 718 αὐτῶν
1602 692 1813 727 εὐλαόηύμενος,
1834 693 1882 719 καὶ

1087 733 1137 758 οὐκ
1164 732 1266 760 ἐθέλων
1289 734 1396 770 ἀνδρῶν
1422 736 1553 764 τοιούτων
1588 738 1743 773 ὑποστῆναι
1766 738 1879 773 ζημίαν.

1095 775 1204 804 Ἐδεδίει
1222 779 1275 814 γὰρ
1296 780 1333 815 μὴ
1351 781 1398 807 καὶ
1417 783 1627 818 τιμωρηθέντες
1656 785 1705 818 τὴν
1725 785 1813 820 ἀρχὴν
1831 786 1880 812 καὶ

1088 825 1353 862 παῤῥησιασάμενοι
1367 829 1490 856 εὐσεϐῶν
1505 831 1534 857 ἐν
1550 831 1626 867 μέσῳ
1644 832 1760 864 πολλῶν,
1773 831 1834 859 εἷτα
1850 833 1882 859 τὸ

1087 871 1223 906 παράπαν
1242 873 1409 908 ἀμετάθετοι
1423 875 1612 910 διαμείνωσιν.
1630 878 1742 912 ’Δμὲλει
1761 880 1881 906 καὶᾌν-

1087 915 1170 950 τιόχῳ
1184 916 1223 951 τῷ
1238 917 1287 952 τῆς
1307 919 1452 955 Ἀνατολῆς
1463 921 1540 948 δουκὶ
1559 924 1761 959 παραπέμπειν
1778 925 1880 958 αὐτοὺς

1087 961 1168 996 ἔγνω,
1187 963 1226 994 ὡς
1242 963 1275 990 ἂν
1289 965 1425 1001 ὠμοτάτῳ
1442 967 1551 994 πάντων
1568 969 1622 995 τῶν
1643 969 1692 996 ὑπ’
1705 970 1789 997 αὑτοῦ
1809 971 1880 1002 ὄντι,

1087 1010 1134 1035 καὶ
1147 1010 1201 1036 ἀπὸ
1212 1010 1293 1045 ψιλοῦ
1306 1012 1379 1046 τάχα
1392 1013 1439 1039 καὶ
1460 1013 1507 1040 τοῦ
1520 1015 1673 1049 ὀνὸματος,¹
1689 1017 1880 1052 καταπλήξειν

1085 1056 1186 1087 αὐτοὺς
1201 1056 1345 1092 δυναμένῳ
1360 1067 1366 1073 ·
1386 1060 1434 1086 καὶ
1451 1060 1492 1086 ὅτι
1508 1061 1552 1087 διὰ
1571 1061 1695 1096 μείζονος
1711 1063 1795 1098 τιμῆς
1817 1064 1878 1098 ἔφε-

1086 1109 1129 1127 σιν
1142 1102 1192 1137 τὴν
1207 1103 1382 1137 Μαξιμιανοῦ
1400 1105 1556 1140 Θεραπείαν
1577 1108 1684 1140 ἐκεῖνος
1706 1111 1879 1143 σπουδάζων,

1084 1147 1214 1182 οὐδεμιᾶς
1236 1150 1369 1183 ἀφέξεται
1402 1153 1538 1187 μηχανῆς,
1559 1154 1634 1186 ὅπως
1651 1155 1733 1188 αὐτὸς
1760 1156 1807 1192 ἕλῃ
1831 1158 1878 1184 καὶ

1085 1195 1271 1226 μεταπείσειε.
1285 1196 1357 1230 Πρὸς
1366 1196 1483 1230 τούτοις,
1493 1198 1536 1225 ἵνα
1547 1200 1594 1226 καὶ
1603 1201 1621 1235 ἡ
1636 1202 1729 1236 μακρὰ
1739 1203 1878 1237 ὁῶιπορῖσ

1084 1240 1132 1266 καὶ
1152 1240 1249 1275 ἄτιμος
1275 1241 1325 1276 τῆς
1346 1242 1501 1275 ἐνστάσεως
1527 1245 1619 1277 αὐτοῖς
1648 1246 1809 1282 ὑποχαλάσῃ
1829 1249 1878 1283 τὴν

1084 1283 1219 1316 εὐτονίαν,
1242 1285 1290 1311 καὶ
1310 1286 1402 1321 ἠρέμα
1422 1291 1582 1325 μεταστήσῃ
1599 1291 1649 1325 τῆς
1660 1291 1813 1326 εὐσεϐείας,
1829 1294 1876 1321 καὶ

1085 1329 1204 1364 μάλιστα
1234 1331 1276 1358 ὅτι
1306 1332 1355 1359 καὶ
1374 1333 1426 1360 ὑπὸ
1439 1336 1516 1369 χεῖρα
1548 1337 1682 1372 πρότερον
1700 1339 1792 1371 αὐτοῖς
1815 1337 1875 1375 ἧνε

1090 1376 1226 1412 Ἀντίοχος
1238 1386 1245 1393 ·
1261 1375 1283 1412 ᾧ
1301 1380 1347 1406 καὶ
1364 1382 1539 1416 παραστῆναί
1555 1391 1584 1409 τε
1604 1385 1651 1410 καὶ
1666 1384 1710 1418 ὑφ’
1736 1383 1765 1412 οὗ
1780 1385 1874 1422 κριθή-

1084 1422 1179 1448 σεσθαι
1196 1423 1321 1458 ἔμελλον.
1343 1426 1376 1452 Ὃ
1396 1426 1427 1461 δὴ
1443 1427 1490 1453 καὶ
1510 1427 1590 1455 πλέον
1605 1429 1654 1464 τῆς
1679 1430 1734 1457 τῶν
1750 1429 1779 1458 εὖ
1796 1440 1874 1466 γεγον

1082 1468 1166 1494 νότων
1180 1469 1269 1505 ψυχῆς
1285 1470 1412 1505 ἅπτεται,
1434 1473 1464 1500 τὸ
1479 1474 1544 1506 τοὺς
1558 1477 1692 1511 πρότερον
1704 1478 1874 1512 ἀρχομένους

1082 1514 1178 1550 ἄρχειν
1197 1525 1225 1542 τε
1240 1517 1330 1544 αὐτῶν
1345 1518 1460 1554 ὕστερον
1476 1520 1524 1547 καὶ
1535 1522 1666 1557 ὑπηκόοις
1681 1524 1800 1558 χρῆσθαι
1817 1527 1873 1558 τοῖς

1043 1569 1064 1598 ρ
1082 1561 1111 1587 οὑ
1132 1562 1184 1596 πρὺ
1205 1563 1304 1590 πολλοῦ
1322 1564 1468 1597 δεσπόταις
1487 1567 1576 1593 αὐτῶν
1589 1568 1635 1594 καὶ
1649 1569 1810 1604 εὐεργέταις
1826 1579 1874 1605 γε·

1082 1609 1253 1643 γενημένοις.
1277 1611 1425 1646 Ἐτύγχανε
1443 1615 1497 1648 γὰρ
1512 1615 1560 1650 τὴν
1574 1617 1701 1650 τοιαύτην
1716 1617 1762 1643 τοῦ
1779 1618 1872 1650 δῡυκὶς

1080 1654 1167 1690 ἀρχὴν
1183 1655 1197 1681 ὁ
1219 1655 1356 1692 Ἀντίοχος
1369 1660 1496 1695 μεσιτείᾳ
1508 1661 1640 1696 πρότερον
1653 1662 1700 1688 τσῦ
1714 1662 1872 1698 θαυμαστοῦ

1080 1700 1194 1735 Σεργίου
1223 1703 1412 1737 παρειληφώς.
1447 1705 1519 1731 Ἀλλ’
1547 1706 1636 1733 ἔοικεν
1661 1709 1770 1743 ἀληθῶς
1796 1710 1873 1736 οὐδὲν

1079 1746 1166 1778 οὕτως
1185 1748 1358 1782 εὺμὰραντον
1390 1748 1472 1781 εἶναι,
1499 1752 1536 1783 ὡς
1565 1753 1724 1789 ἀνθρωπίνη
1752 1756 1830 1789 χάρις
1845 1757 1872 1782 ἐν

1079 1793 1218 1828 ἀχαρίστῳ
1232 1795 1305 1830 ψυχῇ
1327 1796 1502 1828 φυτευθεῖσα,
1516 1795 1599 1829 Οὗτος
1617 1802 1671 1834 γὰρ
1685 1800 1761 1826 οὐδὲν
1777 1802 1872 1835 ἀπομ-

1080 1840 1250 1874 νημονεύσας
1272 1841 1352 1875 μόνον
1369 1843 1461 1874 αὐτοῖς
1475 1845 1524 1878 τῆς
1538 1844 1699 1879 εὐεργεσίας
1720 1847 1818 1882 ἐφάνη,
1831 1847 1871 1880 ὡς

1078 1885 1112 1911 τὰ
1130 1885 1177 1912 τοῦ
1195 1886 1275 1921 λόγου
1290 1889 1421 1922 προϊόντα
1446 1890 1571 1924 δηλώσει,
1599 1892 1667 1918 ἀλλὰ
1693 1892 1819 1929 καθάπερ
1836 1895 1872 1920 τὰ

1078 1931 1180 1967 ἔσχατα
1198 1933 1245 1959 ὑπ’
1257 1934 1371 1961 ἐκείνων
1387 1935 1538 1971 ἀδικηθεὶς,
1562 1936 1651 1969 οὕτως
1678 1938 1770 1970 αὐτοῖς
1787 1940 1872 1975 ἐχρή-

1078 1987 1160 2005 σατο·
1178 1980 1225 2006 καὶ
1237 1979 1308 2007 οὕτω
1328 1981 1449 2016 χαλεπὰς
1463 1984 1586 2017 ἐπήγαγε
1599 1985 1747 2019 τιμωρίας.
1770 1986 1872 2020 Ἐπέμ-

1077 2033 1159 2052 ποντο
1177 2026 1227 2060 μὲν
1246 2023 1293 2053 οὗν
1311 2028 1336 2053 οἱ
1352 2028 1426 2062 ἅγιοι
1447 2029 1515 2064 πρὸς
1535 2030 1626 2062 αὑτὸν,
1651 2031 1746 2058 ἁλύσει
1770 2031 1869 2069 βαρείᾳ

1075 2071 1224 2105 δ;δεμ.ἑνοι.
1269 2073 1442 2109 Ἐγέγραπτο
1457 2075 1485 2101 δὲ
1496 2075 1571 2110 αὐτῷ
1584 2076 1631 2103 καί
1647 2077 1776 2112 ἐπιστολὴ
1793 2079 1869 2113 παρὰ

1076 2115 1209 2150 βασιλέως
1240 2117 1338 2152 ἔχουσα
1366 2119 1452 2151 οὕτως
1474 2129 1480 2135 ·
1505 2121 1540 2148 Ἦ
1567 2122 1622 2148 τῶν
1658 2123 1727 2149 θεῶν
1751 2124 1868 2159 μεγίστη

1075 2162 1201 2196 πρόνοια,
1223 2165 1270 2190 καὶ
1299 2164 1405 2196 πάντας
1431 2166 1481 2199 μὲν
1511 2167 1684 2202 ἀνθρώπους,
1705 2170 1824 2204 μάλιστα
1841 2171 1869 2198 δὲ

1075 2207 1138 2238 τοὺς
1152 2209 1201 2242 τῆς
1218 2209 1288 2244 ἐμῆς
1311 2209 1451 2244 βασιλείας
1477 2212 1652 2245 ὑπασπιστάς
1673 2223 1702 2240 τε
1727 2215 1774 2242 καὶ
1788 2216 1867 2251 δορυ-

1075 2255 1185 2287 φορους,
1209 2254 1332 2284 εὐσεϐεῖς
1352 2265 1382 2282 τε
1407 2257 1439 2283 τὰ
1456 2258 1495 2289 εἰς
1523 2259 1646 2291 ἐκείνους
1673 2260 1720 2287 καὶ
1741 2263 1798 2292 τοῖς
1818 2261 1866 2288 ὑπ’

1074 2299 1188 2326 ἐκείνων
1205 2301 1285 2327 πάλιν
1301 2302 1396 2337 ἄρχειν
1413 2303 1588 2339 ἠξιωμένοις,
1613 2307 1678 2340 ἡμῖν
1707 2307 1865 2343 πειθηνίους

1073 2343 1143 2372 εἶναι
1160 2346 1297 2381 βούλεται,
1315 2350 1361 2375 καὶ
1375 2350 1560 2385 εὐγνώμονας.
1578 2353 1628 2379 Διὰ
1652 2353 1740 2380 ταῦτά
1761 2363 1801 2381 τοι
1819 2357 1866 2382 καὶ

1073 2392 1184 2427 Σέργιον
1199 2394 1293 2421 τοῦτον
1309 2397 1355 2421 καὶ
1368 2396 1412 2422 τὸν
1424 2397 1471 2423 σὺν
1483 2398 1558 2432 αὐτῴ
1571 2398 1677 2434 Βάκχον
1691 2401 1800 2432 ἀσεϐεῖς
1815 2402 1866 2434 μὲν

1072 2438 1105 2465 τὰ
1123 2441 1186 2474 περὶ
1202 2441 1267 2471 τοὺς
1294 2441 1371 2473 θεοὺς
1395 2443 1594 2478 ἁναςανέντας,
1618 2447 1664 2472 καὶ
1682 2448 1713 2481 τῇ
1728 2447 1782 2474 τῶν
1797 2447 1865 2483 Χρι-

1073 2486 1191 2512 στιανῶν
1208 2488 1410 2522 προσθεμένους
1431 2490 1576 2526 θρησκείᾳ,
1594 2495 1658 2528 περὶ
1680 2494 1752 2528 ἡμεῖς
1769 2494 1797 2520 δὲ
1815 2496 1865 2528 αγ-

1071 2532 1196 2566 νώμονας
1209 2541 1238 2559 τε
1252 2535 1299 2560 καὶ
1314 2536 1476 2570 ἀχαρίστους
1498 2538 1709 2572 ἐληλεγμένους,
1726 2541 1774 2566 καὶ
1788 2541 1864 2575 παρὰ

1070 2578 1151 2604 τοῦτο
1180 2580 1292 2612 πολλαῖς
1317 2583 1464 2617 τιμωρίαις
1481 2584 1667 2620 ὑποϐληθῆναι
1693 2587 1861 2620 ὀφείλοντας,

1071 2625 1198 2658 ἀναξίους
1214 2626 1264 2661 ἤδη
1285 2627 1332 2653 to?)
1351 2629 1487 2664 ἡμετέρου
1511 2632 1632 2666 βήματος
1654 2633 1701 2659 καὶ
1726 2634 1773 2667 τῆς
1796 2634 1863 2669 παρ’

1071 2672 1151 2706 ἡμῶν
1173 2673 1264 2701 αὐτῶν
1283 2672 1433 2707 ἐξετάσεως
1453 2678 1640 2711 νομωθέντας.
1659 2677 1711 2705 ὑπὸ
1737 2680 1862 2714 ἀσφαλες

1072 2718 1156 2753 enim
1185 2720 1293 2755 φρουρᾷ
1307 2722 1353 2748 καὶ
1366 2721 1474 2756 δεσμοῖς
1491 2725 1522 2758 τῇ
1542 2725 1575 2759 σῇ
1593 2726 1754 2760 στερρότητι
1772 2734 1861 2760 παρε-

1071 2764 1230 2800 πέμψαμεν.
1251 2768 1282 2793 Et
1296 2769 1345 2802 μὲν
1359 2767 1405 2794 οὖν
1423 2770 1660 2805 μεταμεληθέντες
1681 2771 1791 2799 θύσειαν
1804 2775 1861 2804 τοῖς

1071 2811 1151 2842 θεοῖς,
1169 2812 1224 2839 τῶν
1240 2813 1348 2847 δεσμῶν
1366 2823 1396 2841 τε
1408 2815 1462 2841 τῶν
1477 2817 1660 2850 ἐπικειμένων
1673 2817 1762 2848 αὐτοῖς
1779 2818 1864 2852 λυθή-

1069 2865 1172 2889 τωσαν,
1190 2858 1238 2884 καὶ
1258 2859 1342 2894 τιμῆς
1367 2860 1563 2895 ἀξιωθήτωσαν
1581 2861 1682 2896 μᾶλλον
1707 2862 1755 2888 καὶ
1783 2862 1864 2896 εὐμε-

1071 2902 1165 2931 νείας·
1193 2904 1430 2935 Maximianus/:1:
1459 2906 1514 2937 γὰρ
1540 2905 1618 2939 αὖθις
1642 2907 1689 2935 καὶ
1718 2907 1792 2939 παρὰ
1812 2909 1863 2938 τοῦ
