2067 3150
187 153 254 186 1033

664 154 753 183 VlTA
774 153 805 183 S.
826 153 1000 183 DlONYSll
1023 154 1286 186 AREOP'AGITAS.

1729 151 1796 183 10⁸1

187 217 326 247 ἐπιεικεῖς,
341 216 438 250 ἥμεροι
455 217 510 246 τοῖς
522 214 616 247 ξένοις,
628 217 681 245 τοῖς
697 215 806 246 οἰκείοις
819 213 967 249 φιλάνθρω-

1019 213 1153 241 mansueti
1178 212 1369 247 hospitalibus,
1393 211 1504 246 benigni
1530 211 1557 237 in
1583 210 1741 241 familiares,
1767 214 1794 236 et

190 269 244 293 ποι,
263 261 415 296 χρηστότης
432 261 522 291 αὐτοῖς
540 261 589 287 οὐκ
609 259 746 292 ἐπίδειξις,
761 260 971 295 ὑποκαθημένην

188 307 224 337 ὡς
237 307 270 332 τὰ
291 306 375 332 πολλὰ
391 307 442 341 τὴν
459 307 608 342 σκαιότητα
623 306 734 342 ἔχουσα,
750 307 817 332 ὰλλά
838 314 864 332 τι
886 306 970 339 σαφὲς

189 350 311 385 γέννημα
326 351 376 384 τῆς
388 351 486 386 ψυχῆς,
506 352 552 378 καὶ
566 352 616 386 τῆς
630 352 703 378 ἔνδον
727 352 868 387 χαρακτὴρ
883 351 971 378 διαθέ-

190 405 265 427 σεως.
291 397 398 432 Ἐπειδὴ
411 397 438 422 δὲ
460 397 587 433 Ἀθήνῃσι
604 397 708 428 Παῦλος
722 398 843 431 ἐγένετο,
856 398 902 423 καὶ
916 398 971 428 τοῖς

195 442 391 477 Ἐπικουρείοις
405 442 438 469 τὰ
455 443 611 478 Πυθαγόρου
634 443 794 478 κρατύνουσι
810 443 968 478 συμϐαλὼν,

188 488 268 523 ἔργου
280 489 367 523 εἴχετο
379 489 417 523 τῷ
439 489 487 523 τῆς
501 488 625 520 ἀσεδείας
637 489 733 520 αὐτοὺς
745 489 896 523 ἀποστῆσαι
910 489 971 522 δογ-

191 533 295 567 μάτων,
311 534 357 559 καί¹
379 533 532 568 μεταθεῖναι
550 534 616 569 πρὸς
634 534 684 568 τὴν
699 534 848 565 εὐσέϐειαν,
864 534 927 564 τούς
940 531 970 560 τε

187 578 241 605 τῶν
252 578 368 605 εἰδώλων
379 579 609 614 καταστρέφεσθαι
621 579 711 610 ναοὺς.
723 580 770 605 καὶ
784 581 874 605 πεῖσαι
892 579 970 614 Ἀθη-

188 623 280 654 ναίους
295 624 322 649 ὲν
334 625 365 658 τῇ
378 624 480 659 ἐσχάτῃ
487 623 578 658 ἡμέρᾳ
589 624 639 658 τῆς
647 624 762 658 κρίσεως
772 623 970 658 ἀναστήσεσθαι

189 668 304 702 μέλλειν,
314 669 361 694 καὶ
368 669 501 700 ὁίκαςτῶν
511 669 600 700 αὐτοῖς
610 669 795 703 εἰργασμένων
804 668 969 704 εἰσπραχθῆ-

188 714 296 740 σεσθαι·
314 711 386 740 οὗτοι
403 714 441 745 δὲ,
453 714 507 740 τῶν
526 714 613 740 ἄλλων
632 714 678 740 ac;
699 714 970 749 δεισιδαιμονέστερον

187 761 361 794 διακείμενοι,
379 760 426 786 καὶ
440 761 478 791 εἰς
492 759 591 790 πολλὰς
611 759 688 791 δόξας
707 759 753 785 καὶ
770 759 874 790 πίστεις
893 767 969 794 μερι-

187 806 304 840 ζόμενοι,
321 804 495 840 μυκτηρίξειν
509 805 589 831 αὑτὸν
600 804 765 839 ἐπεχείρουν,
778 804 877 830 καινῶν
890 804 969 830 τινῶν

186 852 234 878 καὶ
251 852 333 884 ξένων
347 851 490 886 δαιμονίων
503 850 672 885 καταγγελέα
687 850 841 881 καλοῦντεςι
856 850 930 881 ὅπως
942 850 970 876 δὲ

1021 266 1084 287 vera
1100 258 1209 286 bonitas
1223 263 1282 284 erat
1297 258 1336 284 eis
1356 257 1473 290 bonitas,
1494 264 1549 283 non
1565 255 1721 287 ostentatio,
1738 263 1798 290 qua:

1018 306 1099 333 habet
1129 303 1327 338 improbitatem
1358 309 1454 338 magna
1491 310 1523 329 ex
1554 305 1631 336 parte
1662 301 1798 328 insidian-

1019 358 1091 385 tem;
1122 353 1176 378 imo
1187 350 1297 385 quidam
1323 353 1433 383 apertus
1452 348 1549 375 animae
1563 347 1656 380 fretus,
1683 351 1711 375 et
1733 347 1798 374 cha-

1019 402 1110 425 racter
1135 397 1251 423 interna
1273 393 1433 421 aﬁ‘ectionis.
1457 393 1604 427 Postquam
1633 397 1722 420 autem
1747 392 1798 419 fuit

1019 443 1119 470 Paulus
1141 441 1264 471 Athenis.
1291 444 1317 467 ct
1343 447 1508 474 congressus
1532 446 1594 466 cum
1615 439 1755 473 Epicureis
1771 442 1799 465 et

1019 488 1118 516 Stoicis
1131 508 1137 519 ,
1163 487 1208 522 qui
1226 486 1384 521 Pythagorae
1399 484 1524 519 dogmata
1548 485 1732 516 sectabantur,
1760 484 1798 511 in-

1018 535 1106 562 stabat
1122 533 1206 567 operi,
1238 539 1333 566 nempe
1352 535 1381 558 ut
1406 538 1454 558 cos
1476 529 1621 557 abduceret
1648 537 1663 556 a
1689 529 1799 564 dogma-

1017 580 1089 606 tibus
1116 578 1283 613 impietatis,
1310 580 1336 604 et
1364 576 1517 603 traduceret
1544 575 1576 602 ad
1605 575 1751 609 pietatem,
1771 578 1798 601 et

1017 627 1151 652 everteret
1182 623 1283 657 templa
1313 622 1540 652 simulacrorum,
1569 623 1596 647 et
1623 619 1804 658 persuaderet

1020 668 1242 698 Atheniensibus,
1265 667 1324 694 fore
1344 670 1374 694 ut
1394 669 1569 700 resurgerem
1588 665 1616 691 in
1636 664 1733 691 ultimo
1756 664 1800 691 die

1015 713 1110 749 judicii
1124 733 1131 745 ,
1158 716 1185 740 et
1209 712 1304 739 darent
1322 718 1418 745 pmnas
1444 718 1537 738 eorum
1566 717 1626 744 qua:
1647 709 1797 737 fecissent:

1016 759 1046 791 ii,
1069 763 1097 785 ut
1122 758 1169 792 qui
1196 760 1288 785 essent
1309 757 1369 784 aliis
1400 756 1488 783 allecti
1516 755 1741 790 superstitiosius,
1771 758 1800 782 et

1016 805 1045 832 in
1069 804 1170 831 multas
1185 803 1264 830 divisi
1278 807 1370 830 essent
1394 803 1545 837 opiniones,
1574 802 1800 837 aggrediebantur

1016 857 1077 876 eum
1094 848 1263 876 subsannare
1273 867 1280 875 .
1295 851 1425 874 vocantes
1440 855 1501 874 eum
1518 847 1734 873 annuntiatorem
1747 855 1798 875 no-

188 897 226 932 μὴ
240 884 420 932 μυκτηρισμῷ
434 897 511 931 μόνον
528 896 591 932 παρ’
608 896 696 922 αὑτῶν
714 897 844 931 βάλλοιτο,
862 896 930 923 ἀλλά
942 905 967 923 τι

1016 902 1111 922 vorum
1143 893 1321 928 quorumdam
1348 893 1553 920 daemoniorum.
1583 892 1622 919 Ne
1649 896 1738 919 autem
1763 893 1797 920 ab

184 943 232 969 καὶ
243 943 296 969 τῶν
312 941 429 977 ἀνιαρῶν
448 942 579 977 ὑποσταίη
601 942 676 973 δίκας
692 942 745 968 τῶν
760 942 804 968 ὑπ’
817 942 899 969 αὑτοῦ
915 950 967 976 κη-

186 988 355 1022 ρυττομένων
361 988 457 1019 διδοὺς,
464 988 653 1023 ἐπιλαϐόμενοι
664 988 745 1014 αὑτοῦ
754 989 799 1014 ἐπὶ
808 988 852 1014 τὸν
862 988 894 1013 Ἀ
899 995 970 1024 ρειον

185 1032 273 1066 πάγον
288 1033 404 1067 ἤγαγον·
420 1033 449 1064 ὃς
460 1033 540 1065 τόπος
556 1033 603 1068 μὲν
619 1031 652 1068 ἦν
668 1033 837 1068 συναγωγῆς,
854 1034 900 1059 καὶ
915 1032 970 1059 τῶν

192 1077 311 1113 Ἀθηνῶν
324 1078 362 1104 ἔτι
376 1078 521 1104 καθίστατο
532 1079 712 1114 δικαστήριον.
729 1078 822 1113 Είγὰρ
839 1079 883 1104 καὶ
902 1079 969 1105 Ῥω-

185 1125 261 1158 μαῖοι
284 1124 392 1150 πάντων
412 1124 472 1150 τότε
494 1124 641 1158 ἐκράτουν,
662 1124 718 1150 ἀλλ’
744 1124 899 1159 Ἀθηναίους
922 1124 970 1151 καὶ

184 1169 411 1203 Λακεδαιμονίους
431 1169 593 1203 αὐτονόμους
609 1169 726 1204 ἀφῆκαν.
743 1169 855 1204 Εἴρηται
868 1169 896 1195 δὲ
920 1177 970 1204 μυ-

185 1214 269 1246 θικῶς
286 1214 366 1245 οὕτω,
385 1214 509 1249 καθάπερ
529 1215 625 1240 ἐκεῖνοί
650 1222 741 1248 φασιν,
762 1215 815 1241 ἀπὺ
832 1214 878 1241 τοῦ
891 1215 969 1251 δίκην

184 1260 214 1285 ἐν
229 1260 303 1294 αὑτῷ
317 1259 363 1285 τὸν
380 1259 496 1285 Ποσειδῶ
507 1259 577 1286 κατὰ
594 1259 640 1285 τοῦ
658 1260 761 1295 ’Ἄρεως
776 1260 912 1294 ὑποσχεῖν,
928 1261 968 1287 ὅτι

183 1305 231 1331 τὸν
245 1305 339 1331 τούτου
363 1305 418 1331 υἱὸν
439 1305 595 1331 ἀπέκτεινεν
616 1305 787 1341 Ἀλιῤῥόθιον.
812 1306 969 1340 ’Δγαγὸντες

184 1348 231 1377 οὖν
248 1351 328 1377 αὑτὸν
343 1351 414 1384 (ἐπεὶ
428 1351 522 1385 καὶτῷ
538 1351 591 1376 τῶν
606 1351 707 1386 θρόνων
720 1350 790 1385 ὕψει,
806 1352 852 1377 καὶ
868 1353 902 1387 τῇ
917 1359 968 1377 κα-

183 1396 356 1431 ταργουμένῃ
369 1396 448 1430 σοφίᾳ
466 1396 536 1430 μέγα
552 1396 689 1431 ὲφρῇνουν,
704 1397 750 1423 καὶ
763 1396 820 1431 ἅμα
831 1396 884 1423 τῶν
901 1405 969 1431 1M)-

185 1442 274 1476 μένων
286 1442 416 1477 ἀκροαταὶ
427 1443 474 1468 καὶ
488 1442 578 1477 κριταὶ
598 1442 799 1477 προεκάθηντο¹
820 1440 857 1469 ὧν
868 1441 908 1474 εἷς
922 1444 969 1470 καὶ

184 1487 320 1518 Διονύσιος
341 1485 383 1522 ἦν,
406 1488 457 1513 κάν
472 1489 528 1518 τοῖς
545 1488 632 1520 λόγοις
652 1488 702 1514 κάν
718 1489 773 1518 τοῖς
786 1489 968 1524 δικαστηρίοις

184 1532 216 1558 τὸ
230 1533 320 1558 πλεῖον
329 1533 550 1568 ἀποψερόμενος)·
566 1533 629 1564 «Τίς
647 1535 662 1568 ἠ
682 1534 760 1568 καινὴ
776 1534 843 1569 αὕτη
855 1535 901 1561 xui
917 1535 969 1561 ὑπὸ

185 1576 233 1602 σοῦ
243 1576 402 1611 λαλουμένη,
420 1586 429 1602 ι
443 1577 508 1612 πρὸς
525 1577 569 1603 τὸν
584 1577 687 1603 Παῦλον
703 1578 816 1613 ἔφησαν,
833 1588 841 1604 ι
865 1579 967 1615 διδαχὴ,

183 1622 232 1654 καὶ
242 1622 275 1648 τὰ
293 1622 361 1655 σοφὰ
371 1622 417 1648 καὶ
431 1623 642 1657 περινενοημένα
657 1623 825 1659 σοφίσματα;
840 1625 887 1651 καὶ
902 1625 944 1656 τίς
955 1626 969 1651 6

184 1668 356 1703 θεάνθρωπος
379 1668 497 1703 Ἰησοῦςς
520 1669 566 1694 καὶ
585 1669 598 1694 ὁ
618 1670 663 1695 ἐπὶ
678 1669 754 1701 ξύλου
771 1670 903 1705 ζωοδὸτης
922 1670 969 1697 καὶ

184 1714 280 1748 κριτὴς
297 1713 486 1747 εὐθυνόμενος;
504 1712 640 1745 ξενίζοντα
662 1714 715 1748 γάρ
734 1721 794 1739 τινα
816 1713 907 1747 φέρεις
929 1715 969 1745 εἰς

183 1758 232 1789 τὰς
254 1758 338 1789 ἀκοὰς
353 1758 440 1792 ἡμῶν.
460 1758 613 1792 Βουλόμεθα
627 1756 672 1784 οὗν
684 1758 795 1791 γνῶναι,
815 1758 840 1784 τί
859 1759 890 1785 ἂν
906 1758 968 1792 βού-

183 1804 254 1829 λοιτο
270 1803 365 1834 ταῦτα,
379 1803 425 1830 καὶ
439 1804 505 1838 πρὸς
520 1803 533 1829 ὃ
550 1803 671 1838 φέρουσι.
687 1813 695 1828 ι
708 1804 761 1829 Καὶ
771 1804 808 1835 ὃς,
822 1804 851 1829 τὺ
862 1803 968 1838 πρῶτον

183 1849 304 1883 ἐπαίρων
322 1856 351 1874 τε
364 1849 420 1883 ἃμα
436 1849 469 1874 τὰ
481 1848 591 1873 ἐκείνων
607 1848 652 1873 καὶ
663 1847 694 1873 δι’
707 1848 817 1873 ἐπαίνου
829 1848 968 1883 τιθέμενος

181 1891 238 1920 οἷον
267 1894 350 1926 εἰκὸς,
382 1895 425 1920 ἵνα
437 1894 472 1928 μὴ
483 1895 538 1924 τοῖς
548 1893 642 1928 ἀήθεσι
654 1894 699 1919 καὶ
711 1893 795 1925 ξένοις
810 1893 897 1926 λόγοις
907 1902 967 1928 τρα-

183 1940 304 1974 χύνοιντο
328 1939 421 1974 (θυμὸν
440 1939 493 1974 γὰρ
519 1939 692 1974 ὑποστρέφει,
718 1940 807 1974 φησὶν,
824 1940 968 1975 ἀπόκρισις

183 1984 398 2018 ὑποπίπτουσα)·
420 1994 428 2009 ι
447 1984 568 2019 Ἄνδρες,
586 1981 671 2014 εἶπεν,
695 1983 838 2018 Ἀθηναῖοι,
855 1984 918 2019 περὶ
930 1981 966 2011 ὧν

184 2029 362 2060 πυνθάνεσθε,
379 2029 500 2064 ὕστερον,
520 2030 543 2055 εἰ
566 2029 652 2060 δοκεῖ,
678 2029 850 2065 διηγήσομαι”
871 2030 918 2056 νῦν
939 2031 967 2057 δὲ

183 2074 254 2100 κατὰ
262 2074 349 2100 πάντα
359 2075 394 2104 ὡς
403 2074 693 2109 δεισιδαιμονεστέρους
702 2075 771 2109 ὑμᾶς
780 2075 882 2111 θεωρῶ.
892 2077 968 2111 Διερ-

183 2120 295 2155 χόμενος
302 2119 355 2154 γὰρ
364 2120 409 2146 καὶ
416 2120 449 2145 τὰ
458 2119 613 2153 σεϐάσματα
623 2120 697 2154 ὑμῶν
706 2121 875 2156 ἀναθεωρῶν.
889 2119 966 2157 εὗρον

183 2165 230 2191 καὶ
248 2164 348 2199 βωμὸν,
368 2165 395 2190 ἐν
447 2164 644 2197 ὲτιεγέγραπτο”
670 2164 817 2199 Ἀγνώστῳ
833 2167 901 2198 Θεῷ.
919 2169 966 2194 “Ov

183 2206 230 2234 οὖν
253 2208 409 2241 ἀγνοοῦντες
432 2208 576 2240 εὐσεϐεῖτε,
604 2208 697 2235 τοῦτον
716 2209 770 2243 ἐγὼ
792 2212 966 2245 καταγγέλλω

185 2255 262 2287 ὑμῖν·
280 2253 303 2278 εἰ
318 2253 370 2288 ἄρα
384 2252 556 2288 ψηλαφήσετε
571 2254 660 2287 αὑτὸν,
679 2255 725 2281 καὶ
736 2255 850 2290 εὕροιτε,
868 2258 914 2283 καί
934 2266 965 2292 γε

183 2298 215 2323 οὐ
236 2298 342 2332 μακρὰν
360 2298 405 2331 ἀφ’
423 2298 535 2324 ἑκάστου
555 2299 628 2333 ὑμῶν
650 2300 812 2335 ὑπάρχοντα.
835 2302 876 2328 Ἐν
893 2303 965 2338 αὐτῷ

184 2342 237 2377 γὰρ
251 2342 340 2376 ζῶμεν
352 2342 397 2369 καὶ
410 2342 555 2377 κινούμεθα
570 2345 616 2370 καὶ
624 2345 714 2380 ἐσμέν.
727 2356 735 2370 ι
745 2346 852 2372 Τούτων
868 2348 965 2374 ἐκεῖνοι

185 2387 358 2418 ἀκούσαντες,
370 2387 416 2413 καὶ
425 2387 465 2413 Em
476 2387 581 2423 πλήρης
593 2390 606 2414 6
618 2388 694 2423 λόγος
704 2391 811 2425 κομιᾷἦς
821 2391 964 2426 ἐτύγχανεν

182 2432 310 2464 διανοίας,
333 2429 376 2459 οἷα
396 2433 507 2468 βροντῆς
524 2433 581 2468 ἤχῳ
600 2434 832 2469 καταπλαγέντες,
859 2437 965 2473 ἀφωνία

184 2479 345 2513 συνείχοντο.
368 2479 467 2513 Ὀψὲδὲ
483 2480 530 2505 καὶ
548 2479 622 2513 μόλις
639 2490 647 2505 ι
671 2481 854 2516 Ἀκουσόμεθά
872 2491 917 2509 σου
930 2485 962 2518 τῇ

183 2524 340 2559 ὑστεραίᾳρ
365 2524 602 2559 ὲπιφθεγξάμενοι,
621 2526 667 2552 τοῦ
686 2527 858 2562 δικαστηρίου
870 2528 963 2554 τοῦτον

183 2569 300 2602 ἀφῆκαν.
325 2568 442 2600 Ἐξεισιν
461 2568 507 2595 οὖν
519 2570 532 2595 ό
546 2569 650 2601 Παῦλος
668 2571 698 2596 οὐ
719 2573 810 2603 κεναῖς
832 2573 918 2607 χερσὶ,
933 2573 963 2599 τὸ

181 2613 321 2648 ᾀδόμενον·
334 2614 389 2640 ἀλλ’
404 2614 568 2649 ὲςρεπόμενον
583 2615 627 2642 τὺν
642 2616 770 2652 πρόεδρὸν
782 2625 811 2643 τε
827 2619 873 2644 καὶ
883 2627 963 2654 κορυ-

181 2661 257 2692 φαῖον
271 2660 320 2694 τῆς
336 2660 388 2685 τῶν
409 2661 540 2694 σοφιστῶν
559 2662 712 2697 συμμορίας
729 2663 903 2698 παραλαϐὼν,
916 2664 961 2691 τὸν

183 2704 267 2738 μέγαν
281 2705 373 2732 τοῦτόν
383 2715 452 2741 φημι
466 2706 616 2733 Διονύσιον-
630 2708 676 2734 καὶ
692 2708 784 2744 ὥσπερ
802 2718 843 2741 τις
863 2711 961 2745 Ὀλυμ-

183 2752 304 2785 πιονίκης
321 2750 337 2786 ἢ
357 2752 521 2786 στρατηγὸς,
541 2752 592 2786 τῆς
609 2753 676 2785 ἰδίας
694 2754 815 2790 γλώττης
832 2756 960 2792 τρόπαιον

239 2835 251 2853 Ι
261 2835 339 2862 Prov.
359 2844 401 2861 xv.

346 2887 480 2915 ΡΑΤιιοι.
501 2886 558 2916 Gn.
584 2887 668 2917 CXV.

980 1553 1001 1581 C

1017 939 1058 966 eis
1077 942 1249 973 appeteretur
1271 938 1327 965 sola
1341 937 1564 968 subsannatione,
1583 936 1630 964 sed
1653 936 1796 963 molestum

1016 984 1099 1010 etiam
1130 983 1233 1018 aliquid
1258 982 1418 1013 sustineret,
1444 982 1513 1008 dans
1539 982 1672 1008 rationem
1702 989 1796 1009 eorum

1017 1034 1078 1060 qua:
1103 1027 1137 1053 ab
1161 1026 1222 1060 ipso
1240 1025 1467 1060 praedicabantur,
1483 1026 1714 1060 apprehendentes
1734 1033 1795 1054 eum

1017 1071 1185 1099 duxeruntin
1195 1071 1431 1106 Areopagum,qui
1446 1075 1512 1097 tunc
1526 1071 1634 1105 quidem
1645 1074 1704 1098 erat
1719 1071 1797 1099 locus

1017 1116 1245 1152 congregationis,
1258 1120 1285 1143 et
1300 1116 1467 1144 Athenarum
1480 1119 1537 1143 erat
1549 1116 1638 1143 adhuc
1650 1116 1794 1151 judicium.

1016 1161 1084 1189 Nam
1103 1161 1153 1189 etsi
1169 1165 1235 1187 tunc
1249 1160 1363 1188 Romani
1385 1161 1412 1188 in
1428 1168 1521 1188 omnes
1541 1161 1696 1188 obtinerent
1709 1161 1795 1196 impe—

1016 1206 1097 1236 rium.
1110 1204 1290 1232 Athenienses
1302 1208 1391 1232 tamen
1406 1208 1432 1232 et
1442 1204 1662 1232 Lacedaemonios
1673 1205 1715 1232 sui
1725 1205 1795 1240 juris

1016 1249 1192 1277 demiserant.
1206 1248 1306 1279 Fabula
1320 1252 1420 1280 autem,
1438 1249 1508 1276 sicut
1520 1249 1570 1283 ipsi
1581 1249 1686 1282 dicunt,
1698 1257 1795 1276 nomen

1017 1294 1133 1328 accepit,
1149 1293 1220 1329 quod
1237 1293 1377 1329 Neptunus
1397 1294 1424 1320 in
1439 1301 1472 1321 eo
1492 1298 1588 1321 contra
1604 1294 1716 1322 Martem
1732 1302 1796 1323 cau—

1016 1347 1073 1368 sam
1083 1339 1255 1372 sustinuerit,
1271 1339 1342 1374 quod
1354 1340 1434 1374 hujus
1445 1339 1529 1367 tilium
1544 1339 1738 1368 Halirrothium
1754 1348 1798 1367 or-

1016 1385 1135 1412 cidisset.
1146 1384 1214 1411 Cum
1228 1392 1288 1411 eum
1300 1392 1362 1420 ergo
1377 1385 1555 1413 adduxissent
1571 1386 1598 1413 in
1610 1386 1717 1413 illorum
1731 1394 1796 1414 con-

1016 1434 1155 1465 spectum,
1177 1430 1224 1464 qui
1249 1435 1275 1457 et
1294 1435 1406 1465 propter
1425 1432 1530 1458 sedium
1554 1432 1735 1464 altitudinem,
1758 1437 1795 1464 et,

1016 1483 1076 1511 qum
1094 1479 1251 1507 evacuatur,
1271 1477 1442 1511 sapientiam,
1461 1485 1490 1504 se
1511 1478 1655 1513 magniﬁce
1678 1479 1798 1505 circum-

1017 1522 1167 1558 spiciebant
1183 1530 1189 1547 :
1205 1526 1232 1548 et
1247 1522 1327 1549 simul
1343 1531 1436 1550 eorum
1452 1531 1511 1558 quae
1527 1523 1637 1556 ﬁebant,
1658 1524 1795 1552 auditores

1016 1574 1043 1596 et
1059 1569 1164 1603 judices
1179 1569 1371 1603 praesidebant,
1397 1577 1513 1604 quorum
1535 1578 1606 1597 unus
1633 1571 1714 1597 etiam
1739 1575 1797 1598 erat

1016 1614 1171 1648 Dionysius,
1188 1614 1266 1648 cujus
1284 1618 1311 1641 et
1328 1615 1355 1641 in
1377 1614 1508 1646 dicendo,
1526 1619 1552 1642 et
1566 1615 1714 1649 iudicando
1729 1624 1797 1650 pra!-

1016 1660 1100 1694 cipum
1117 1663 1193 1686 erant
1209 1664 1316 1694 partes:
1338 1670 1346 1685 ι
1359 1660 1486 1692 Qmenam
1501 1665 1543 1687 est
1555 1661 1611 1687 haec
1623 1669 1702 1695 nova,
1714 1670 1795 1697 quam

1016 1710 1042 1732 te
1054 1706 1164 1737 dicitur,
1181 1705 1332 1737 doctrina,»
1345 1706 1429 1733 Paulo
1440 1706 1576 1738 dixerunt,
1595 1707 1797 1742 «sapientiaque

1015 1755 1042 1778 ιιι
1051 1752 1187 1785 ingeniosa
1202 1751 1326 1779 decreta?
1339 1756 1364 1778 et
1376 1752 1438 1787 quis
1448 1756 1488 1779 est
1498 1752 1577 1779 Jesus
1587 1752 1657 1779 Deus
1668 1757 1694 1779 et
1703 1753 1795 1784 homo,

1015 1803 1042 1824 et
1057 1798 1084 1824 in
1101 1798 1172 1832 ligno
1184 1798 1244 1824 vitae
1259 1798 1336 1824 dator
1348 1804 1374 1825 et
1385 1798 1477 1832 judex,
1495 1806 1509 1824 a
1521 1807 1573 1833 quo
1589 1799 1670 1833 injus
1686 1804 1798 1827 vocatur

1016 1843 1129 1877 quilibet
1149 1843 1305 1870 redditurus
1325 1844 1473 1870 rationem?
1489 1844 1617 1876 Quaedam
1639 1845 1712 1872 enim
1727 1853 1796 1872 nova

1015 1894 1041 1916 ct
1061 1890 1147 1916 alicua
1169 1889 1258 1916 defers
1280 1890 1312 1916 ad
1338 1898 1418 1917 aures
1439 1894 1557 1917 nostras.
1580 1890 1712 1917 Volumus
1732 1899 1796 1926 ergo

1016 1934 1101 1965 scire,
1118 1933 1182 1967 quid
1203 1934 1258 1960 lucc
1279 1934 1330 1960 sibi
1346 1934 1454 1964 volunt,
1472 1938 1498 1960 et
1515 1942 1569 1968 quo
1584 1934 1709 1962 tendunt.
1726 1945 1735 1961 ›
1751 1935 1797 1962 lllc

1016 1982 1104 2004 autem
1120 1985 1163 2004 res
1214 1984 1308 2004 eorum
1361 1977 1476 2011 primum
1489 1978 1622 2005 extollens
1630 1982 1656 2005 et
1671 1979 1795 2010 laudans,

1015 2028 1049 2047 ne
1062 2021 1175 2048 insuetis
1190 2025 1215 2048 et
1225 2022 1320 2049 alienis
1330 2022 1417 2049 verbis
1433 2021 1604 2049 irritarentur
1616 2023 1695 2057 (iram
1709 2024 1794 2055 enim,

1015 2067 1052 2093 ait
1067 2067 1122 2097 ille,
1140 2068 1237 2093 avertit
1255 2075 1283 2093 se
1298 2067 1461 2094 submittens
1473 2069 1614 2102 responsio
1629 2068 1658 2103 ιι)
1677 2078 1683 2095 :
1708 2078 1717 2094 ι
1738 2069 1794 2096 Viri

1019 2113 1118 2147 inquit,
1131 2112 1319 2144 Athenienses,
1337 2113 1369 2139 de
1394 2114 1426 2140 iis
1446 2121 1505 2148 quae
1520 2114 1702 2149 interrogatis,
1720 2120 1793 2150 post-

1015 2161 1125 2186 modum
1143 2160 1164 2186 si
1178 2159 1213 2185 ita
1229 2159 1364 2185 videbitur
1380 2159 1514 2186 disseram
1532 2168 1537 2184 :
1551 2168 1624 2187 nunc
1641 2165 1730 2188 autem
1747 2169 1795 2196 per

1014 2204 1105 2230 omnia
1120 2204 1197 2238 quasi
1213 2205 1458 2239 superstitiosiores
1471 2213 1520 2232 vos
1535 2206 1621 2233 video.
1647 2206 1794 2234 Transiens

1014 2250 1097 2281 enim,
1118 2255 1145 2276 ct
1168 2242 1303 2284 aspiciens
1336 2259 1367 2277 ea
1400 2259 1460 2286 quae
1482 2252 1579 2283 colitis,
1604 2252 1694 2279 inverti
1715 2254 1794 2280 etiam

1014 2303 1098 2327 aram,
1118 2296 1144 2322 in
1160 2304 1212 2330 qua
1232 2297 1393 2330 inscriptum
1413 2302 1488 2324 erat:
1507 2296 1600 2330 Ignoto
1623 2297 1687 2324 Deo.
1709 2297 1794 2330 Quem

1015 2349 1078 2376 ergo
1094 2342 1250 2375 ignorantes
1259 2343 1359 2373 colitis,
1375 2351 1435 2370 eum
1449 2343 1582 2369 annuntio
1596 2344 1672 2371 vobis
1682 2352 1689 2376 ;
1699 2344 1722 2371 si
1733 2351 1794 2371 eum

1015 2386 1082 2413 forte
1103 2388 1348 2419 contrectaveritis,
1373 2393 1399 2415 ct
1421 2388 1592 2421 inveneritis,
1611 2389 1661 2416 etsi
1683 2397 1737 2416 non
1760 2389 1796 2415 sit

1014 2432 1094 2466 longe
1116 2432 1150 2458 ab
1172 2439 1335 2466 unoquoque
1353 2437 1485 2460 vestrum.
1509 2432 1538 2460 In
1559 2434 1619 2469 ipso
1640 2435 1712 2460 enim
1726 2435 1796 2461 vivi-

1015 2485 1085 2509 mus,
1101 2480 1127 2503 et
1143 2484 1291 2507 movemur,
1308 2481 1335 2504 et
1349 2486 1453 2506 sumus.
1470 2488 1478 2504 ι
1489 2478 1552 2507 Haec
1563 2486 1624 2506 cum
1639 2479 1677 2506 illi
1692 2480 1795 2507 audiis-

1014 2526 1085 2554 sent,
1100 2523 1227 2558 quoniam
1240 2524 1368 2558 gravibus
1379 2524 1521 2552 sententiis
1532 2524 1611 2559 plena
1621 2529 1681 2551 erat
1695 2526 1792 2558 oratio,

1013 2572 1141 2602 tanquam
1155 2575 1223 2595 sono
1236 2569 1338 2596 tonitru
1354 2574 1446 2597 essent
1461 2570 1652 2604 obstupefacti.
1668 2571 1792 2605 elingues

1012 2616 1039 2640 et
1053 2614 1119 2641 muti
1132 2618 1284 2642 evaserant.
1292 2614 1359 2642 Cum
1370 2619 1459 2642 autem
1470 2615 1514 2642 vix
1525 2616 1634 2642 tandem
1645 2615 1790 2643 dixissent:

1015 2668 1024 2683 ι
1050 2658 1199 2687 Audiamus
1220 2664 1246 2687 te
1264 2661 1407 2695 postridie,
1423 2671 1431 2685 ι
1450 2669 1510 2688 eum
1527 2662 1690 2688 dimiserunt
1712 2669 1727 2688 e
1746 2662 1792 2696 ju-

1013 2703 1095 2731 dicio.
1105 2704 1317 2741 Egrediturergo
1327 2705 1437 2739 Paulus,
1452 2714 1507 2733 non
1521 2707 1657 2738 inanibus,
1672 2711 1701 2733 ut
1711 2708 1792 2741 vulgo

1012 2748 1121 2782 dicitur,
1129 2745 1265 2784 manibus,
1276 2751 1323 2778 sed
1333 2759 1425 2780 secum
1436 2758 1557 2787 accepto.
1568 2752 1612 2786 qui
1621 2760 1683 2780 eum
1695 2760 1792 2787 seque-

1626 2902 1665 2930 33

1830 2625 1846 2643 Ι
