2067 3150
248 150 316 180 103')

872 153 1014 184 MENSIS
1034 152 1212 184 OCTOltEll.

1791 154 1860 187 1036

249 215 338 244 batur,
357 213 480 247 praeside,
491 217 517 240 et
532 214 627 241 classis
641 215 821 248 sophistarum
833 215 1024 250 principc,hoc

1077 218 1157 245 αὑτὸν
1186 218 1365 253 ποιησάμενος
1384 217 1431 245 καὶ
1457 218 1560 254 καρπὸν
1582 217 1698 243 τοιοῦτον
1718 216 1766 243 τοῦ
1791 217 1858 251 πρὸς

247 266 355 294 magno,
368 259 488 293 inquam,
509 258 648 294 Dionysio.
668 259 705 287 De
720 268 786 294 quo,
802 264 931 295 tanquam
950 262 1026 296 quis-

246 303 318 339 piam
340 304 428 332 victor
451 303 624 339 Olympicus,
649 309 695 331 aut
717 306 771 332 dux
793 307 941 339 exercitus,
970 316 1026 336 suae

235 349 342 384 'lingua‘
359 349 446 376 erexit
461 350 620 384 trophzeum,
636 354 664 378 et
686 351 758 377 hunc
779 350 898 379 fructum
915 353 1025 388 collegit

244 402 276 421 ex
292 395 414 422 oratione
441 402 521 430 quam
534 395 626 422 habuit
639 395 672 422 ad
686 395 876 424 Athenienses.
893 396 928 424 lis
941 398 1025 432 enim,

242 446 305 473 qua}
324 439 357 466 de
377 439 441 467 Jesu
457 439 619 467 dicebantur
638 448 652 467 a
670 449 796 476 praecone
810 442 942 474 veritatis.
963 450 1025 470 cum

244 492 258 511 τι
274 493 302 512 se
315 486 390 520 prius
401 486 486 513 visam
496 486 524 512 in
541 489 662 520 tempore
677 487 813 521 passionis
825 487 1024 515 innovationem

244 531 295 558 sibi
307 531 360 565 ipsi
370 531 546 565 explicuisset
556 532 742 565 luminarium,
754 536 781 559 et
795 532 866 559 hanc
879 533 1026 560 humanam

244 577 414 611 despexisset
433 577 604 611 sapientiam,
619 582 741 604 sectatur
753 578 866 605 verbum
882 579 1024 612 veritatis,

244 625 269 648 et
297 623 454 657 adjungitur
477 622 662 657 Apostolo;et
677 624 890 658 regenerationis
919 625 1028 651 lavacro

243 672 457 700 consummatus,
476 667 505 694 fit
521 668 600 695 simul
617 668 784 703 diseipulus,
800 673 827 696 et
845 676 932 704 praeco
947 668 1027 696 Chri-

244 714 290 745 sti,
307 714 352 748 qui
371 717 413 740 est
426 714 529 747 primus
541 713 639 740 doctor
653 714 786 742 veritatis.
801 714 833 741 Et
849 723 910 741 cum
925 715 1027 750 primas

244 759 304 786 fidei
317 759 524 786 exercitationes
537 765 564 786 et
587 759 746 794 disciplinas
761 767 776 787 a
795 761 874 788 beato
889 763 1028 795 percepis-

244 809 284 832 set
295 804 451 837 Ilierotbeo,
467 805 532 832 etin
548 805 643 838 verbo,
655 809 682 832 et
701 805 729 832 in
740 806 795 832 vita
807 806 841 833 ab
853 814 886 833 eo
903 807 1025 839 docetur,

243 855 269 878 ct
284 850 370 878 sancti
386 849 505 885 Spiritus
517 851 737 878 communionem
752 851 786 878 ab
797 858 829 878 e‘o
837 851 1025 886 consequitur.

243 896 345 923 Deinde
358 896 535 924 ascensiones
555 896 582 924 in
599 896 680 924 corde
693 904 742 923 suo
763 897 921 931 disponens,
938 897 1059 936 philo-13

244 942 374 976 sophatur
386 942 541 975 veritatem;
554 943 651 976 quaerit
665 949 727 969 cum
743 943 866 976 veritate,
878 942 911 970 de
924 943 1025 976 anima,

244 988 277 1015 de
299 995 423 1022 corpore,
440 995 472 1015 ac
490 987 523 1015 de
542 988 695 1015 substantia
715 995 805 1015 rerum
821 988 1024 1022 gerendarum:

243 1034 390 1060 mortilitzat
405 1033 496 1060 omnia
510 1033 630 1060 membra
648 1041 706 1065 sua,
725 1041 785 1068 quae
801 1037 864 1060 sunt
877 1041 959 1068 super
971 1038 1026 1061 ter-

243 1086 312 1110 ram,
322 1080 412 1106 carnis
424 1079 522 1106 inultas
535 1079 608 1114 leges
623 1080 792 1106 constituens
802 1079 836 1105 ad
845 1079 1026 1106 obedientium

243 1124 366 1159 spiritui;
382 1125 460 1152 docet
478 1133 558 1152 aures
574 1125 729 1152 auscuitare
743 1133 803 1160 qua:
818 1125 918 1157 divina,
930 1130 956 1152 ct
968 1132 1028 1160 qua:

243 1175 306 1197 sunt
320 1171 353 1198 de
364 1170 418 1198 Deo
432 1171 580 1204 audienda;
595 1171 628 1198 iis
640 1175 729 1198 autent
741 1179 801 1205 qua:
818 1175 880 1198 sunt
898 1175 973 1198 extra
983 1178 1026 1204 ea,

243 1216 364 1243 divinum
384 1221 485 1243 metum
514 1216 708 1243 inexorabilem
733 1216 841 1244 adhibet
859 1216 1024 1251 jauitorem:

242 1265 269 1288 et
285 1265 371 1288 totum
385 1262 494 1289 oculum
505 1261 623 1288 traducit
640 1261 671 1287 ad
688 1262 827 1288 veritatem
841 1262 1027 1296 contemplan-

243 1306 315 1333 dam.
332 1306 408 1339 Quod
426 1311 516 1334 autem
532 1307 564 1334 ad
581 1307 701 1342 linguam
716 1307 842 1341 pertinet,
860 1308 911 1333 etsi
926 1315 980 1333 non
997 1307 1026 1334 in

243 1353 289 1386 iis,
306 1353 333 1379 in
346 1353 445 1387 quibus
461 1353 614 1388 oportebat,
630 1353 694 1380 olim
708 1353 804 1380 edocta
824 1353 922 1384 fuerat,
940 1352 1028 1387 philo-

244 1399 356 1433 sophice
381 1403 470 1425 tamen
492 1403 519 1425 et
534 1398 634 1430 Attice,
650 1398 788 1432 multaque
803 1405 865 1425 cum
886 1397 1027 1432 diligentia

243 1444 351 1472 erudita
362 1447 430 1471 erat.
449 1443 541 1478 Itaque
561 1443 635 1470 brevi
652 1443 798 1479 Dionysius
812 1443 839 1478 (0
853 1442 1026 1478 miraculum)

243 1496 354 1527 superat
365 1498 469 1524 omnes,
484 1490 530 1527 qui
545 1493 740 1524 praecesserant
782 1497 789 1516 :
827 1493 855 1517 et
904 1496 965 1516 cum
979 1495 1029 1523 po-

243 1542 367 1565 testatem
381 1546 434 1564 non
446 1537 525 1564 subfu
531 1543 605 1565 ratus
614 1539 696 1566 esset,
707 1534 753 1562 sed
764 1541 811 1569 per
822 1533 923 1568 gradus
935 1537 1028 1561 trans-

241 1583 318 1611 iisset
336 1582 490 1615 inferiores,
509 1583 621 1618 pulchre
640 1580 717 1618 pasci
731 1579 882 1612 didicisset,
897 1579 931 1606 ad
947 1573 1058 1613 supe-C

241 1628 315 1655 riora
329 1635 391 1654 mox
403 1629 539 1664 pervenit,
556 1632 582 1655 et
598 1628 685 1662 pascit
697 1627 792 1662 postea
809 1632 870 1650 cum
887 1624 1028 1658 experien-

241 1674 295 1706 tia;
318 1677 345 1700 et
370 1681 432 1700 cum
458 1673 581 1700 modeste
608 1681 704 1708 parcre
729 1670 882 1702 didicisset,
912 1669 1028 1702 imperat

244 1718 409 1751 modestius;
421 1722 448 1745 et
460 1725 522 1744 cum
535 1718 673 1745 docuisset
686 1725 748 1744 cum
761 1716 883 1746 veritate,
900 1714 1029 1741 obiisset—

242 1771 295 1799 que
311 1771 405 1791 omnes
418 1763 482 1790 boni
495 1763 599 1790 ordinis
612 1768 715 1798 partes,
732 1763 842 1790 tandem
857 1764 881 1791 ei
897 1759 1026 1791 ηιωιάθιο

242 1808 408 1835 Athenarum
428 1808 600 1843 pontificatu,
632 1809 718 1836 clavis
743 1808 870 1844 praesidet
885 1809 1024 1842 Ecciesiae,

243 1852 418 1888 ostenditque
442 1860 521 1880 suuzn
547 1861 710 1888 generosum
733 1853 865 1884 animum,
881 1856 908 1880 et
925 1859 1027 1888 pugnat

243 1907 293 1935 pro
306 1906 386 1934 grege
402 1907 409 1924 :
427 1899 591 1934 expellitque
605 1899 718 1930 bestias,
729 1902 756 1926 et
764 1898 834 1933 ejus,
847 1898 919 1933 quod
931 1901 1026 1926 morbo

243 1946 359 1977 laborat,
380 1951 474 1972 curam
490 1944 568 1979 gerit.
585 1948 611 1972 et
626 1943 698 1979 quod
723 1943 803 1978 longe
829 1947 871 1970 est
891 1949 1023 1972 remotmn

1082 262 1238 298 Ἀθηναίους
1257 262 1334 297 λόγου
1354 263 1472 298 θερίσας.
1494 264 1555 294 Τοῖς
1572 264 1627 297 γὰρ
1648 263 1722 298 παρὰ
1741 262 1789 288 τοῦ
1808 262 1858 296 τῆς

1075 308 1203 343 ἀληθείας
1224 308 1343 342 κήρυκος
1366 309 1430 343 περὶ
1450 308 1497 334 τοῦ
1522 308 1608 342 Ἰησοῦ
1629 308 1785 341 λεγομένοις
1808 307 1857 342 τὴν

1075 353 1269 389 προοραθεὴαν
1281 353 1355 388 αὑτῷ
1369 352 1438 379 κατὰ
1452 353 1496 379 τὸν
1511 352 1603 387 καιρὸν
1622 352 1668 378 τοῦ
1684 351 1788 382 πάθους
1803 351 1858 377 τῶν

1074 399 1223 434 φωστήρων
1246 398 1418 433 καινοτομίαν
1443 398 1584 432 συμϐαλὼν
1610 398 1721 429 ἐκεῖνος,
1739 397 1786 422 καὶ
1806 397 1857 431 τῆς

1073 443 1245 478 ἀνθρωπίνης
1260 443 1360 478 ταύτης
1377 442 1471 476 σοφίας
1484 442 1626 478 ὑπεριδὼν,
1641 442 1688 468 τοῦ
1710 441 1789 475 λόγου
1805 443 1857 477 τῆς

1073 489 1200 524 ἀληθείας
1215 489 1333 522 γίνεται,
1348 489 1395 514 καὶ
1410 488 1448 523 τῷ
1467 488 1617 522 Ἀποστόλῳ
1634 487 1798 514 συντίθεται·
1816 488 1856 522 τῷ

1072 541 1102 558 τε
1123 532 1227 568 λουτρῷ
1246 533 1293 567 τῆς
1313 532 1518 567 παλιγγενεσίας
1536 532 1702 563 τελειωθεὶς,
1731 532 1856 566 μαθητὴς

1073 577 1138 612 ὁμοῦ
1157 578 1203 604 καὶ
1221 577 1307 612 κῆρυξ
1325 578 1442 612 Χριστοῦ
1464 578 1510 603 τοῦ
1532 577 1639 613 πρώτου
1659 578 1707 612 τῆς
1726 578 1856 613 ἀληθείας

1072 622 1229 649 διδασκάλου
1251 623 1418 649 καθίσταται.
1442 623 1496 649 Καὶ
1510 623 1544 649 τὰ
1563 624 1657 658 apeiria
1679 624 1729 658 τῆς
1746 624 1856 659 ἡλικίας

1072 667 1225 703 διατριϐῶν,
1244 669 1290 695 καὶ
1313 669 1435 700 παιδείας
1458 669 1496 704 τῷ
1525 670 1661 705 μακαρίτῃ
1689 671 1856 705 κοινωνήσας

1079 713 1213 748 ’Ῑεροθέῳ,
1231 714 1286 749 βίον
1297 714 1349 740 ὑπὸ
1367 714 1453 747 τούτῳ
1467 715 1514 741 καὶ
1526 715 1601 748 λόγον
1620 715 1786 741 παιδεύεται·
1807 716 1856 742 καὶ

1071 758 1121 793 τῆς
1132 759 1215 794 αὐτῆς
1231 759 1305 794 αὑτῷ
1314 759 1360 785 τοῦ
1375 760 1451 794 ἁγίου
1461 760 1529 786 Πνεύ
1534 768 1616 795 ματος
1633 760 1774 792 κοινωνίας
1788 769 1856 787 κατ-

1071 803 1203 835 αξιοῦται,
1220 805 1267 830 καὶ
1282 804 1426 835 ἀναϐάσεις
1439 805 1467 830 ὲν
1484 805 1516 839 τῇ
1538 804 1635 839 καρδίᾳ
1652 805 1854 840 ἀνατιθέμενος,

1071 850 1210 883 φιλοσοφεῖ
1231 849 1280 884 τὴν
1303 850 1446 884 ἁλήθειαν’
1469 848 1547 885 ζητεῖ
1569 850 1638 884 μετὰ
1654 850 1702 884 τῆς
1726 850 1856 885 ἀληθείας

1072 895 1134 928 περὶ
1151 894 1247 930 ψυχῆς,
1267 896 1330 930 περὶ
1344 895 1478 930 σώματος,
1496 895 1560 930 περὶ
1578 895 1626 930 τῆς
1640 896 1694 921 τῶν
1709 896 1855 931 πρακτέων

1071 939 1225 974 ὑπάρξεως’
1247 940 1335 967 πάντα
1354 941 1445 976 νεκροί
1461 940 1496 967 τὰ
1521 940 1586 975 μὲλη
1607 940 1642 967 τὰ
1662 941 1707 967 ἐπὶ
1724 942 1773 976 τῆς
1790 942 1854 976 γῆς,

1070 983 1154 1010 πολλὰ
1164 986 1197 1020 τῇ
1210 985 1290 1020 σαρκὶ
1304 985 1496 1021 νομοθετήσας,
1513 985 1552 1016 εἱς
1566 985 1703 1020 ὑποταγὴν
1713 985 1759 1012 τοῦ
1774 986 1856 1012 πνεύ-

1073 1038 1166 1064 ματος·
1182 1031 1349 1065 παιδαγωγεῖ
1360 1031 1407 1066 τὴν
1418 1031 1501 1066 ἀκοὴν
1516 1031 1566 1057 ὃσα
1582 1031 1640 1058 θεῖα
1652 1031 1699 1058 καὶ
1713 1032 1777 1066 περὶ
1786 1030 1855 1058 Θεοῦ

1071 1075 1256 1102 ὲνωτίσασθαι·
1273 1078 1330 1108 τοῖς
1346 1077 1374 1102 δὲ
1395 1077 1498 1103 τούτων
1518 1077 1597 1108 ἐκτὸς
1617 1077 1662 1102 τὸν
1684 1077 1755 1103 θεῖον
1773 1077 1856 1111 φόὸον

1071 1121 1191 1156 θυρωρὸν
1214 1121 1353 1156 ἐφίστησιν
1377 1122 1572 1157 ἀπαραίτητον·
1589 1123 1648 1149 ὅλον
1674 1123 1785 1157 μετάγει
1809 1124 1857 1149 τδν

1070 1165 1206 1201 ὀφθαλμὸν
1224 1167 1269 1192 ἐπὶ
1284 1167 1332 1201 τὴν
1351 1167 1487 1202 ἀλήθειαν.
1501 1167 1540 1194 Τὰ
1555 1167 1608 1202 γὰρ
1623 1167 1673 1202 τῆς
1683 1167 1816 1203 γλώττης,
1831 1169 1856 1194 εἰ

1071 1211 1118 1237 καὶ
1141 1212 1177 1246 μὴ
1203 1212 1230 1236 ἐν
1249 1209 1288 1242 οἷς
1305 1212 1387 1247 ἐχρῆν
1404 1213 1549 1248 πρότερον,
1568 1213 1624 1239 ἀλλ’
1641 1211 1686 1240 οὖν
1705 1213 1857 1247 φιλοσόφοις

1071 1264 1100 1282 τε
1117 1256 1164 1282 καὶ
1186 1257 1313 1288 ’Δττικῶς
1330 1258 1376 1284 καὶ
1392 1258 1459 1293 πρὸς
1479 1258 1620 1293 ἀκρίσειαν
1637 1258 1854 1285 ἑνεπεπαίδευτο.

1071 1305 1136 1336 Καὶ,
1155 1303 1177 1330 ὣ
1191 1304 1236 1330 τοῦ
1253 1303 1403 1338 θαύματοςί
1417 1305 1445 1330 ὲν
1468 1304 1566 1339 βραχεῖ
1580 1304 1683 1335 πάντας
1698 1303 1857 1339 ὑπερϐαίνει

1071 1351 1134 1382 τοὺς
1144 1349 1306 1384 ἔμπροσθεν,
1324 1349 1354 1375 οὐ
1371 1348 1470 1383 κλέψας
1484 1349 1532 1384 τὴν
1550 1349 1675 1382 ἐξουσίαν
1689 1349 1750 1375 οὐδὲ
1766 1350 1856 1385 ἁρπά-

1073 1404 1132 1427 σας,
1146 1395 1212 1422 ἀλλὰ
1226 1395 1287 1426 τοὺς
1299 1395 1374 1422 κάτω
1383 1394 1503 1431 βαθμοὺς
1517 1394 1667 1427 διεξελθών.
1686 1396 1740 1423 Καὶ
1750 1395 1781 1422 τὸ
1797 1403 1857 1421 ποι-

1075 1441 1216 1477 μαίνεσθαι
1231 1441 1318 1472 καλῶς
1328 1440 1464 1476 ἐκμαθὼν,
1474 1441 1528 1466 τῶν
1538 1441 1593 1467 ἄνω
1607 1443 1675 1475 ταχὺ
1686 1441 1800 1475 γίνεται,
1808 1443 1857 1468 καὶ

1073 1487 1209 1522 ποιμαίνει
1219 1486 1286 1521 μετὰ
1295 1486 1343 1521 τῆς
1350 1486 1444 1520 πείρας
1453 1485 1573 1520 ὕστερον⁷
1583 1486 1631 1512 καὶ
1638 1486 1765 1518 ἐπιεικῶς
1772 1486 1856 1521 ἄρχε-

1074 1532 1135 1559 σθαι
1148 1532 1250 1567 μαθὼν,
1265 1533 1343 1567 ἄρχει
1356 1532 1565 1567 ἐπιεικέστερον·
1582 1534 1628 1559 καὶ
1645 1533 1714 1568 μετὰ
1727 1533 1776 1567 τῆς
1789 1534 1857 1567 ἀλη-

1072 1578 1146 1610 θείας
1166 1577 1282 1610 διδάξας,
1303 1577 1346 1603 διὰ
1365 1577 1455 1610 πάσης
1471 1586 1500 1603 τε
1521 1578 1605 1604 ἐλθὼν
1624 1577 1764 1609 εὐταξίας,
1779 1578 1855 1609 τέλος

1072 1623 1121 1658 τὴν
1137 1623 1190 1649 τῶν
1211 1623 1328 1658 Ἀθηνῶν
1345 1622 1498 1654 πιστευθεὶς
1520 1623 1673 1658 προεδρίαν,
1689 1623 1742 1648 τῶν
1757 1623 1857 1648 οἰάκων

1073 1669 1120 1703 τῆς
1141 1669 1300 1702 Ἐκκλησίας
1319 1667 1550 1703 ὑπερκαθέζεταισ
1574 1669 1604 1694 τό
1619 1676 1648 1694 τε
1675 1668 1724 1703 τῆς
1744 1667 1859 1702 γνώμης

1074 1714 1196 1747 γενναῖον
1212 1713 1390 1743 ἐπιδεικνύει,
1408 1713 1455 1739 καὶ
1471 1713 1640 1748 προπολεμεῖ
1654 1713 1702 1748 τῆς
1723 1713 1856 1748 ποίμνης,

1073 1759 1119 1785 καί
1129 1758 1258 1785 ἀποσοϐεῖ
1266 1758 1327 1789 τοὺς
1343 1757 1437 1794 θῆρας,
1449 1759 1495 1784 καὶ
1508 1758 1554 1784 τοῦ
1570 1758 1744 1792 νενοσηκότος
1760 1759 1858 1793 ἐπιμε-

1074 1804 1170 1835 λεῖται,
1193 1804 1282 1830 καὶτὸ
1304 1803 1455 1838 μακρυνθὲν
1476 1803 1622 1838 ἐπανάγει·
1641 1805 1689 1831 κα)⁸
1714 1804 1859 1831 συνελόντα

1073 1850 1165 1883 φάναι,
1181 1850 1246 1875 πᾶσι
1261 1849 1389 1875 τὰπάντα
1403 1848 1473 1875 κατὰ
1489 1849 1533 1874 τὸν
1550 1848 1633 1875 αὑτοῦ
1647 1848 1805 1875 διδάσκαλον
1814 1849 1858 1883 γί-

1074 1903 1158 1921 νεται.
1175 1893 1250 1920 Οὕτω
1261 1902 1291 1920 τε
1306 1892 1413 1925 διδάξας
1422 1893 1494 1924 ,ικαὶ
1507 1893 1557 1928 τὴν
1570 1893 1670 1929 Τριάδα
1684 1893 1857 1929 θεολογήαας,

1076 1940 1167 1973 σαφῶς
1176 1940 1238 1975 περὶ
1250 1939 1303 1966 τῶν
1318 1939 1404 1966 ἄλλων
1416 1939 1590 1974 διαλαμϐάνει
1601 1940 1750 1974 δυνάμεων.

249 1990 371 2018 reducit:
390 1994 426 2023 et,
443 1994 472 2018 ut
493 1991 578 2018 semel
597 1992 696 2023 dicam,
719 1990 791 2018 sicut
809 1989 869 2024 ejus
893 1991 1032 2025 magister,
1052 1990 1180 2017 omnibus
1193 1989 1221 2016 iit
1240 1989 1332 2016 omnia
1349 1989 1370 2014 ί.
1394 1987 1462 2014 Cum
1485 1987 1525 2014 sic
1549 1991 1638 2014 autem
1662 1987 1801 2015 docuisset
1827 1993 1855 2016 et

245 2038 280 2064 de
297 2036 438 2064 Trinitatis
465 2037 609 2064 divinitate
636 2038 824 2069 disseruisset,
837 2036 908 2062 clare
922 2039 1022 2063 tractat
1037 2036 1071 2064 de
1083 2036 1210 2071 supernis
1225 2035 1382 2062 virtutibus.

274 2087 342 2114 Cum
372 2094 438 2114 vero
464 2086 497 2113 ad
522 2089 625 2112 tantam
652 2085 822 2120 pervenisset
841 2086 976 2119 gratiam,
993 2090 1024 2112 ut

239 2133 348 2167 quando
375 2131 511 2167 Dciparm,
539 2131 613 2166 quod
640 2131 724 2158 Deum
754 2131 874 2165 suscepit
900 2131 1024 2166 corporis

241 2177 383 2212 emigravit
407 2176 539 2211 spiritus,
567 2175 648 2202 simul
668 2175 775 2202 adCSset
794 2183 855 2202 cum
875 2176 1023 2210 apostolis,

241 2222 287 2256 qui
306 2230 352 2256 per
368 2221 494 2256 spiritum
511 2224 537 2247 ct
555 2220 653 2246 nubem
671 2219 705 2245 ad
721 2219 792 2246 lianc
807 2226 913 2245 sacram
929 2226 1021 2247 acces~

239 2271 330 2294 serant
350 2266 532 2300 sepulturam,
554 2272 608 2291 non
627 2264 744 2299 amplius
760 2264 925 2291 existimavit
944 2271 1023 2298 opor-

241 2319 299 2341 tere
317 2321 369 2340 uua
390 2313 500 2340 civitate
515 2332 522 2344 ,
541 2320 637 2346 nempe
651 2311 764 2338 Athenis
775 2331 781 2343 ,
798 2311 1023 2338 circumscribere

241 2360 309 2386 tales
327 2367 392 2393 opes
412 2359 525 2394 gratiae;
554 2357 602 2384 sed
627 2357 720 2384 volens
740 2357 920 2391 multiplicare
938 2358 1024 2382 talen—

242 2408 317 2435 tum,
336 2408 363 2431 et
382 2404 459 2438 sequi
475 2404 517 2431 sui
533 2402 655 2438 magistri
673 2402 786 2438 vestigia
798 2423 804 2434 ,
821 2402 922 2428 relictis
939 2401 1023 2428 Athe-

242 2451 301 2479 nis.
318 2454 344 2476 et
365 2454 438 2476 terra
453 2456 478 2476 et
493 2450 560 2476 mari
579 2449 662 2475 multa
679 2455 776 2482 passus
791 2448 881 2482 gravia
894 2466 901 2478 ,
918 2454 967 2473 nec
987 2451 1024 2473 ta—

242 2504 303 2522 men
316 2496 350 2522 ab
361 2495 401 2522 eis
413 2494 566 2521 retardatus
577 2514 583 2524 ,
597 2494 644 2521 sed
656 2500 837 2528 supernarum
852 2499 943 2518 rerum
957 2498 1024 2517 con-

241 2540 418 2575 templatione
434 2539 528 2566 inferis
545 2539 671 2566 omnibus
687 2537 840 2572 superatis,
866 2536 900 2562 ad
922 2536 1023 2570 regiam

243 2584 338 2611 urbem
367 2584 489 2619 pervenit
517 2582 651 2615 Romam;
678 2586 704 2609 et
730 2581 834 2608 accedit
858 2580 967 2615 quidem
990 2580 1022 2606 ad

241 2630 424 2662 Clementem,
447 2630 493 2665 qui
512 2634 576 2656 tttnc
590 2629 680 2656 sedem
698 2628 806 2655 tenebat
828 2626 1021 2661 apostolicam,

241 2676 342 2711 quique
363 2683 377 2702 ιι
396 2683 496 2710 magno
519 2674 599 2702 Petro
622 2674 711 2700 fuerat
730 2673 841 2700 edoctus
858 2691 864 2703 ,
883 2676 909 2697 et
928 2670 972 2697 cui
990 2670 1023 2697 ab

241 2721 286 2747 illo
317 2721 405 2748 fuerat
429 2721 533 2748 credita
558 2720 646 2748 sedes.
674 2718 713 2746 Ad
744 2726 805 2746 eum
832 2725 896 2751 ergo
917 2715 1023 2743 accedit

240 2766 401 2801 Dionysius,
430 2772 456 2794 et
487 2774 548 2793 cutn
572 2766 596 2793 ei
614 2773 692 2793 suum
713 2764 882 2798 exposuisset
903 2762 1021 2796 Evangtr

282 2855 391 2883 ilCor,
408 2863 443 2887 ιι,
461 2855 505 2882 9.2.

1107 2083 1162 2110 Καὶ
1177 2085 1216 2114 εἰς
1231 2083 1309 2110 τοῦτο
1324 2084 1433 2118 χάριτος
1450 2083 1543 2115 ἐλθὼν,
1559 2084 1606 2115 ὡς,
1623 2084 1704 2119 ἡνίκα
1723 2083 1753 2109 τὸ
1778 2083 1857 2109 πνεῦ-

1075 2137 1112 2164 μα
1127 2129 1175 2163 τῆς
1190 2128 1318 2155 Θεοτόκου
1334 2129 1457 2164 σώματος
1476 2129 1610 2164 ὲξεδήμῖι,
1626 2130 1682 2160 τοῖς
1699 2129 1856 2159 ἀποστόλοις

1072 2174 1116 2201 διὰ
1133 2175 1285 2210 πνεύματος
1301 2175 1346 2202 καὶ
1363 2176 1475 2210 νεφέλης
1491 2178 1524 2211 τῇ
1543 2177 1602 2211 ἱερᾷ
1617 2175 1712 2201 τούτου
1729 2175 1856 2201 ἐπιστᾶσι

1072 2223 1144 2257 ταφῇ
1162 2223 1355 2257 συμπαρεῖναι·
1369 2222 1419 2248 οὐκ
1435 2222 1474 2248 ἔτι
1490 2221 1544 2247 δεῖν
1559 2221 1628 2256 ᾤετο
1645 2222 1694 2256 μιᾷ
1711 2221 1786 2247 πόλει
1797 2222 1857 2251 ταῖς

1080 2266 1203 2302 Ἀθήναις
1217 2265 1264 2292 τὸν
1285 2265 1410 2292 τοσοῦτον
1434 2266 1600 2300 περιγράψαι
1618 2265 1732 2291 πλοῦτον
1745 2265 1795 2300 τῆς
1813 2265 1859 2299 χά-

1076 2321 1147 2348 ριτος
1158 2321 1165 2328 ·
1181 2311 1247 2338 ἀλλὰ
1260 2311 1290 2338 τὸ
1304 2311 1432 2338 τάλαντον
1449 2311 1664 2337 πολυπλασιάσαι
1685 2310 1856 2346 βουλόμενος,

1074 2358 1120 2384 καὶ
1133 2357 1191 2384 κατ’
1213 2356 1283 2392 ἴχνος
1296 2356 1408 2383 ἕπεσθαι
1424 2356 1463 2391 τῷ
1486 2356 1646 2391 διδασκάλῳ,
1667 2356 1717 2387 τὰς
1743 2356 1858 2390 Ἀθήνας

1074 2402 1226 2433 ἀπολιπὼν,
1251 2401 1335 2428 πολλὰ
1366 2402 1414 2436 μὲν
1436 2401 1505 2427 κατὰ
1528 2402 1578 2436 γῆν
1595 2400 1704 2432 παθὼν,
1724 2401 1806 2428 πολλὰ
1829 2401 1859 2427 δὲ

1076 2448 1122 2474 καὶ
1147 2447 1215 2474 κατὰ
1232 2447 1365 2474 θάλασσαν
1383 2447 1530 2481 ὑπομείνας
1546 2446 1579 2472 τὰ
1596 2446 1711 2481 δυσχερῆ
1742 2446 1787 2472 καὶ
1805 2455 1857 2481 μη-

1074 2493 1103 2519 δὲ
1123 2493 1176 2519 ὑπὸ
1199 2493 1300 2518 τούτων
1329 2492 1516 2526 κατασχεθεὶς,
1544 2491 1601 2518 ἀλλ’
1627 2492 1696 2527 ὑπὲρ
1720 2491 1754 2518 τὰ
1783 2492 1860 2518 κάτω

1074 2539 1162 2565 πάντα
1180 2540 1213 2573 τῇ
1229 2537 1283 2564 τῶν
1300 2538 1354 2564 ἄνω
1370 2537 1470 2572 θεωρία
1494 2537 1654 2571 γενόμενος,
1672 2537 1720 2572 τὴν
1736 2537 1859 2571 βασιλίδα

1080 2582 1188 2617 Ῥώμην
1210 2582 1426 2616 καταλαμῧάνειε
1445 2581 1491 2607 καὶ
1514 2581 1636 2615 πρόσεισι
1654 2580 1791 2616 Κλήμεντι
1813 2581 1861 2606 τὸν

1075 2627 1248 2654 ἀποστολικὸν
1270 2626 1418 2661 τηνικαῦτα
1445 2625 1536 2660 θρόνον
1560 2626 1676 2652 διέποντι
1695 2634 1701 2640 ”
1719 2626 1748 2657 ὃς
1764 2626 1860 2661 Πέτρῳ

1075 2671 1114 2707 τῷ
1136 2672 1243 2707 μεγάλε]
1261 2671 1354 2705 ἐφοίτα
1366 2691 1373 2702 ,
1392 2671 1437 2697 καὶ
1453 2671 1498 2695 τὸν
1515 2671 1609 2702 θρόνον
1626 2671 1670 2696 ὑπ’
1688 2671 1790 2696 ἐκείνου
1809 2679 1861 2696 πε-

1078 2718 1212 2744 πίστευτο.
1228 2718 1319 2752 Τούτῳ
1335 2715 1380 2743 οὖν
1393 2717 1514 2752 πρόσεισι
1526 2717 1670 2747 Διονύσιος.
1690 2716 1734 2742 καὶ
1752 2716 1780 2742 τὸ
1797 2717 1859 2742 καθ’

1079 2763 1172 2790 ἑαυτὸν
1182 2764 1359 2798 προσαναθεὶς
1379 2762 1541 2796 Εὑαγγέλιον
1562 2762 1592 2787 τό
1609 2770 1638 2788 τε
1654 2761 1703 2796 τῆς
1720 2762 1860 2793 διακονίας
