2067 3150
259 166 346 198 Ἴο39

906 164 1049 196 MENSIS
1068 165 1240 195 OCTOBER
1249 187 1257 194 .

1822 160 1892 192 1040

275 227 398 254 doctrina
416 227 544 262 alligans,
560 231 587 254 et
603 226 636 254 ad
658 233 750 253 veram
767 226 869 254 ducens
898 226 1041 254 sanitatem

1112 229 1155 256 καὶ
1172 229 1238 263 πρὸς
1252 228 1299 263 τὴν
1315 227 1441 263 ἀληθινὴν
1455 227 1528 262 ἄγων
1545 226 1645 262 ὑγείαν.
1656 227 1723 253 Ἀλλ’
1735 226 1809 260 ἴναγε
1827 227 1887 254 καθ’

261 282 263 284 ·
277 273 330 300 Sed
347 277 376 300 ut
391 277 465 300 certa
480 273 558 300 nobis
574 273 616 299 via
631 272 760 307 procedat
773 272 871 302 oratio.
884 271 934 299 hoc
947 280 1055 307 quoque

274 318 334 352 ejus
349 318 507 345 admirabile
518 337 525 350 ,
542 321 571 344 ut
588 326 618 345 ex
635 318 709 344 illius
724 318 846 352 epistolis
868 318 932 345 sciri
950 322 1053 353 potest,

274 364 401 390 narrabo.
435 362 531 390 Plures
563 363 672 397 quidem
700 367 777 390 erant
806 362 935 398 Dionysio
964 364 1055 390 thera-

273 413 374 443 peutze,
392 415 463 435 unus
479 413 569 435 autem
585 415 617 435 ex
632 407 666 435 iis
681 411 738 434 erat
757 407 839 434 etiam
860 407 1051 442 Demophilus.

272 453 319 487 qui
334 452 401 480 civis
417 457 475 480 erat
491 453 638 487 provinciae
656 452 831 480 Atheniensis
841 473 848 486 ,
863 453 1013 487 habituque
1028 459 1053 481 et

272 497 327 523 vita
343 497 509 530 monachus;
525 498 715 524 monaehatum
729 502 818 525 autem
831 498 856 525 ei
868 498 1052 531 imposuerant

271 549 346 575 purae
416 548 443 570 et
522 543 610 570 sacris
632 543 771 570 initiantes
792 550 888 570 manus
912 543 1050 577 Dionysii;

272 587 339 614 ordo
359 587 403 614 bic
427 591 454 614 et
481 588 663 616 ministerium
689 589 746 616 viro
769 589 814 616 isli
830 597 844 615 a
861 588 1004 623 Dionysio,
1021 593 1050 616 ut

259 652 265 663 ._
272 637 399 666 praeesset
412 632 503 666 januis
517 633 620 667 templi.

306 676 355 703 llic
383 685 447 711 ergo
477 677 650 712 Demophilus
675 686 736 704 cum
763 679 909 713 aliquando
938 679 1050 706 vidisset

269 729 348 749 suum
368 723 572 757 presbyterum,
588 723 734 757 quemdam
758 724 870 758 impium
888 727 968 759 atque
987 731 1052 758 pec-

268 772 388 793 catorem
407 767 441 793 ad
461 767 648 801 paenitentiam
669 775 830 795 conversum
844 788 850 800 ,
870 768 963 802 illique
987 775 1051 802 pro-

269 812 402 839 cidentem
423 812 637 840 misericorditer
653 813 806 847 excepisse,
827 813 938 840 minime
957 812 1049 840 leviter

268 858 357 886 ferens
368 878 374 890 ,
391 863 418 885 at
431 859 608 886 exacerbatus
624 862 651 885 et
670 858 743 885 intra
757 858 868 885 sacrarii
882 858 962 893 adyta
976 858 1050 886 exsi-

1109 275 1167 302 ὸδὸν
1182 276 1196 301 ὁ
1211 274 1288 308 λόγος
1304 274 1369 309 ἡμῖν
1385 273 1467 309 προῖῃ
1478 293 1484 305 ,
1503 273 1548 300 καὶ
1569 273 1647 299 τοῦτο
1669 272 1810 307 τεράστιον
1833 273 1890 299 τῶν

1109 321 1190 348 αὑτοῦ
1203 341 1209 353 ,
1227 320 1264 351 ὡς
1281 321 1313 346 ὲκ
1328 318 1381 346 τῶν
1397 319 1500 346 ἐκείνου
1517 318 1556 344 ἔνι
1575 318 1668 353 μαθεῖν
1680 338 1687 350 ,
1704 318 1888 353 διηγήσομαι⁴

1108 366 1235 401 Διονυσίῳ
1251 365 1414 400 θεραπευταὶ
1433 364 1482 399 μὲν
1498 364 1543 390 καὶ
1559 364 1646 399 ἕτεροι
1656 383 1663 395 ,
1681 361 1721 394 εἷς
1736 363 1764 389 δέ
1780 371 1823 394 τις
1837 363 1888 390 αὑ-

1107 412 1161 438 τῶν
1177 412 1223 438 καὶ
1240 410 1400 446 Δημόφιλος.
1419 409 1563 444 Δημοφίλῳ
1587 409 1615 435 δὲ
1640 408 1717 440 πόλις
1734 409 1750 443 ή
1766 407 1820 434 τῶν
1842 408 1887 434 Ἀ-

1107 456 1195 491 θηνῶν
1212 455 1339 490 ἐπαρχία,
1364 454 1456 490 σχῆμά
1471 463 1500 480 τε
1517 454 1563 480 καὶ
1582 453 1638 488 βίος
1655 453 1775 488 μονήρης
1787 461 1794 468 .
1812 452 1842 478 τδ
1857 452 1888 478 δὲ

1107 502 1223 537 μονῆρες
1239 501 1325 535 τούτῳ
1341 501 1369 527 αἱ
1387 500 1504 534 καθαραὶ
1531 498 1576 525 καὶ
1601 497 1810 533 ἱεροτελεστικαὶ
1826 498 1887 523 Διο-

1105 546 1195 572 νυσίου
1213 547 1301 580 χεῖρες
1318 544 1458 571 ἐπέθεσαν.
1477 543 1557 574 Τάξις
1573 543 1641 577 αὕτη
1658 542 1732 576 παρὰ
1749 542 1885 568 Διονυσίου

1105 592 1149 617 καὶ
1164 591 1317 626 λειτουργία
1331 590 1369 625 τῷ
1385 589 1475 624 ἀνδρὶ,
1491 590 1550 620 ταῖς
1565 588 1612 614 τοῦ
1628 587 1692 614 ναοῦ
1709 587 1806 619 πύλαις
1823 589 1886 622 ἑφε-

1105 637 1207 663 στάναι.

1143 680 1172 706 '0
1188 680 1276 706 τοίνυν
1298 678 1449 714 Δημόςιιλος
1473 675 1549 708 οὗτος
1560 698 1567 708 ,
1584 676 1629 702 τὸν
1645 676 1740 702 ἑαυτοῦ
1763 677 1883 711 πρεσϐύ-

1101 732 1179 759 τερον
1204 723 1368 758 Θεασάμενος
1391 723 1592 757 ἐπιστραφέντα
1622 721 1683 747 τινὰ
1707 720 1774 755 πρὸς
1799 720 1890 755 μετά-.

1102 778 1174 796 νοιαν
1200 767 1348 803 συμπαθῶς
1373 767 1603 803 προσδεξάμενον,
1630 766 1725 800 πράως
1741 767 1790 792 οὐκ
1807 767 1884 800 ὲνεγ-

1101 814 1172 845 χὼν,
1196 814 1262 840 ἀλλὰ
1287 814 1460 848 χαλεπήνας,
1484 812 1550 838 εἴσω
1577 819 1608 838 τε
1640 811 1695 837 τῶν
1718 810 1766 836 τοῦ
1789 811 1884 838 θυσια-

1100 860 1210 895 στηρίου
1227 859 1331 885 ἀδύτων
1347 859 1507 892 γενόμενος,
1526 853 1563 883 ὧν
1589 856 1738 883 ἐπιϐαίνειν
1761 857 1810 882 οὐκ
1832 857 1882 883 ἀσ-

264 908 341 931 stens
356 912 416 938 quae
437 904 542 939 ingredi
564 911 734 939 nequaquam
751 907 849 935 tutum,
864 911 952 938 neque
967 903 1045 930 attin-

1100 904 1197 938 φαλὲς,
1215 904 1273 929 οὐδὲ
1291 902 1456 938 προσψαὺειν
1473 902 1544 928 ὅσιον
1556 921 1562 933 ,
1588 900 1806 936 ὲκπομπευθῆναι
1831 901 1881 935 μὲν

267 957 330 983 gere
346 954 469 976 sanciunt
481 970 487 980 ,
506 949 606 977 Sancta
627 955 782 977 sanctorum
804 949 911 984 publice
931 948 1045 977 ludibrio

1097 948 1132 975 τὰ
1157 949 1240 983 ’Ἅγια
1261 948 1316 974 τῶν
1340 947 1426 981 ἁγίων
1446 948 1531 978 ποιεῖ,
1549 945 1595 972 τὸν
1610 946 1638 971 δὲ
1653 945 1753 979 ἀγαθὸν
1776 946 1879 971 ἐκεῖνον

265 995 358 1022 haberi
385 994 468 1028 facit,
493 995 594 1022 bonum
619 999 707 1021 autem
735 994 810 1021 illum
834 994 1000 1021 sacerdotem
1021 997 1045 1020 et

1098 994 1173 1029 ίερέα
1196 993 1242 1020 καὶ
1264 993 1365 1028 ἥμερον
1381 992 1499 1027 πληγαῖς
1514 992 1544 1018 οὐ
1562 992 1691 1027 φορηταῖς
1707 991 1851 1017 ὑποϐάλλει
1868 999 1877 1006 ·

264 1045 435 1067 inausuetum
464 1041 550 1075 plagis
572 1039 790 1067 intolerabilibus
813 1039 942 1073 subjicit.
967 1042 1045 1072 atque

1097 1039 1167 1066 κατά
1183 1047 1213 1064 τε
1228 1038 1279 1073 τῆς
1295 1039 1397 1073 κὸρῤης
1414 1037 1502 1064 παίων
1518 1037 1633 1064 ἀντωθεῖ
1643 1057 1649 1068 ,
1668 1036 1714 1062 καὶ
1732 1036 1799 1071 μετά
1816 1037 1880 1063 ¹ηολ-

264 1086 291 1112 in
311 1085 406 1112 faciem
425 1085 580 1120 percutiens
598 1085 742 1116 obnititur,
763 1088 789 1112 et
809 1092 870 1111 eum
889 1091 985 1118 magna
1006 1091 1045 1111 re—

1095 1083 1144 1118 λῆς
1174 1083 1225 1117 τῆς
1257 1083 1347 1113 αἰδοῦς
1378 1083 1524 1118 προσιόντα
1555 1082 1676 1118 Θρασέως
1692 1081 1876 1114 ἀπολακτίζει,

264 1131 385 1158 verentia
406 1131 596 1162 accedentem,
626 1130 754 1157 audacter
777 1129 899 1156 calcibus
924 1128 1045 1163 repellit,

1095 1129 1180 1163 ἀσεϐῆ
1196 1129 1281 1162 λέγων
1297 1128 1343 1154 καὶ
1360 1128 1512 1164 ἀλιτήριον,
1529 1127 1576 1153 τὸν
1592 1127 1739 1162 ἀγαθότητι
1757 1127 1878 1162 παρορᾷν

264 1175 376 1210 impium
399 1183 431 1202 ac
454 1175 598 1203 scelestum
620 1175 714 1202 dicens
737 1181 799 1201 eum
821 1174 868 1208 qui
890 1180 921 1200 ex
943 1173 1045 1200 miseri-

1095 1174 1243 1210 ἠξιωμένον
1260 1174 1293 1200 τὰ
1310 1174 1356 1200 τοῦ
1373 1173 1436 1200 λαοῦ
1449 1174 1625 1208 ἀγνοήματα,
1640 1173 1686 1199 καὶ
1701 1172 1740 1207 τῷ
1756 1173 1879 1207 ἀρχιερεῖ

256 1220 356 1246 ιεοιιϋο
373 1220 465 1254 populi
480 1220 651 1254 ignorantias
672 1219 813 1254 despicere
842 1218 998 1249 statuisset,
1021 1221 1045 1244 et

1095 1220 1222 1255 Διονυσίῳ
1239 1219 1285 1245 καὶ
1304 1218 1477 1254 ἁρχιτοοιμένι
1488 1238 1494 1249 ,
1510 1218 1547 1249 ὡς
1566 1218 1635 1252 μέγα
1650 1225 1676 1243 τι
1693 1217 1760 1252 πρὸς
1776 1217 1877 1252 ἀρετὴν

263 1264 394 1300 Dionysio
409 1266 553 1300 episcopo,
569 1268 650 1299 atque
666 1269 804 1299 pastorum
822 1264 953 1298 principi,
969 1262 1045 1297 quasi

1095 1265 1280 1300 εἰργασμένος.
1297 1263 1470 1299 διαχαράττει
1486 1263 1516 1288 τὸ
1532 1263 1651 1296 γεγονὸς,
1668 1262 1724 1289 ἄνω
1739 1263 1785 1289 καὶ
1800 1263 1877 1289 κάτω

264 1317 391 1344 magnum
425 1309 490 1344 quid
516 1309 549 1336 ad
577 1310 706 1336 virtutem
735 1308 887 1339 effecisset,
916 1307 1045 1335 describit

1095 1310 1213 1345 θρυλλῶν
1238 1310 1288 1344 τῆς
1303 1308 1432 1344 θρασείας
1457 1309 1565 1342 ἐκείνης
1590 1308 1751 1343 ἐπιστολῆς,
1774 1308 1810 1340 ὡς
1827 1309 1875 1343 οὐχ

263 1356 335 1390 quod
356 1355 509 1387 acciderat,
537 1362 639 1389 susque
659 1354 745 1388 deque
762 1353 870 1388 jactans
885 1353 912 1380 in
932 1353 979 1379 illa
998 1360 1045 1379 au-

1095 1355 1187 1381 ἒαυτδν
1212 1355 1328 1389 μᾶλλον,
1351 1353 1418 1383 ἀλλὰ
1442 1353 1487 1380 καὶ
1509 1353 1555 1379 τὸν
1580 1353 1646 1380 Θεὸν
1662 1354 1824 1388 ὲκδικήσειε.
1843 1353 1876 1379 Τί

261 1400 322 1427 daci
335 1400 464 1435 epistola,
481 1400 553 1434 quod
574 1407 626 1425 non
648 1403 702 1425 tam
723 1398 840 1432 seipsum
861 1405 941 1432 quam
962 1397 1045 1424 Deum

1095 1398 1137 1426 οὖν
1160 1401 1280 1432 ἐκεῖνος
1297 1397 1340 1435 ἆρ’
1366 1399 1382 1435 ἦ
1405 1399 1434 1425 τὸ
1451 1398 1505 1425 τῶν
1521 1399 1624 1425 πολλῶν
1649 1399 1764 1432 ἔπαθεν,
1790 1399 1806 1434 ἢ
1829 1399 1875 1426 καὶ

262 1447 338 1474 ultus
355 1451 438 1473 esset.
454 1446 524 1479 Quid
539 1453 603 1480 ergo
620 1446 663 1472 ille
675 1445 687 1471 ’ἓ
701 1445 770 1472 Num
781 1465 788 1476 ,
803 1448 831 1471 ut
847 1445 945 1478 vulgus
960 1444 1045 1475 solet,

1095 1446 1190 1482 μικρὸν
1214 1446 1281 1477 ὅλως
1305 1446 1355 1480 τῆς
1384 1445 1532 1480 συντρόφου
1559 1444 1719 1479 μεταϐαλεῖν
1744 1445 1874 1479 ἐνομίσθη

262 1492 312 1518 fuit
332 1491 423 1518 animo
442 1490 638 1525 perturbatus?
653 1493 699 1516 aut
720 1493 861 1524 repulalus
876 1492 918 1515 est
936 1488 979 1514 vel
998 1495 1045 1522 pa-

1095 1492 1289 1527 χρηστότητος;
1323 1490 1469 1525 οΰμενουν,
1501 1491 1550 1517 οὐκ
1581 1490 1653 1517 ἔστιν
1684 1491 1786 1516 εἰπεῖν·
1820 1490 1874 1517 οὐδ’

263 1544 322 1563 rum
338 1536 403 1570 quid
420 1536 532 1562 omnino
556 1535 704 1562 mutavisse
729 1535 762 1561 de
783 1542 814 1561 ea
840 1533 960 1560 bonitate
984 1540 1045 1567 qua

1095 1537 1162 1572 ἔργῳ
1184 1537 1229 1563 τὸν
1252 1537 1428 1572 ἡμαρτηκότα
1460 1536 1596 1571 ἠμύνατο,
1625 1535 1692 1562 ἀλλὰ
1716 1535 1786 1570 λόγῳ
1809 1534 1874 1568 Θείῳ

261 1582 286 1608 ei
301 1581 460 1608 coaluerat?
474 1580 531 1607 Hoc
545 1580 658 1607 minime
672 1580 724 1606 dici
745 1583 846 1614 potest.
868 1579 960 1612 Neque
973 1578 1045 1605 enim

1095 1582 1139 1608 καὶ
1168 1581 1331 1617 σωτηριώδει
1344 1582 1506 1608 πεπαίδευκε
1519 1590 1525 1596 ·
1543 1582 1592 1616 τὴν
1606 1581 1673 1616 πρὸς
1689 1581 1787 1616 ἀρετὴν
1802 1580 1870 1616 ὀμοῦ

262 1626 334 1652 facto
349 1627 422 1652 ultus
439 1629 480 1653 est
494 1631 571 1656 eum,
593 1626 638 1659 qui
659 1627 839 1658 peccaverat;
859 1624 906 1650 sed
929 1622 1000 1649 facto
1020 1627 1045 1649 et

1095 1627 1135 1653 καὶ
1153 1629 1241 1654 πᾶσαν
1258 1627 1404 1662 εὐκοσμίαν
1420 1627 1557 1653 τυποῡσάν
1572 1635 1601 1653 τε
1619 1628 1665 1653 καὶ
1689 1627 1870 1662 ρυϐμίζουσαν

261 1678 386 1698 sermone
400 1671 512 1697 salutari
528 1670 642 1701 erudiit,
658 1678 717 1703 qua:
735 1669 816 1696 simul
832 1668 864 1694 ad
880 1668 1006 1694 virtutem
1019 1671 1045 1694 et

1095 1672 1196 1707 εκείνην
1220 1673 1326 1707 γράψας
1344 1671 1485 1706 ἐπιστολὴν
1498 1692 1504 1703 ,
1523 1673 1568 1698 καὶ
1587 1673 1739 1707 πραότητος
1764 1671 1871 1699 ὑπόδει-

260 1723 367 1742 omnem
382 1716 595 1742 moderationem
613 1715 743 1742 informat
758 1719 784 1741 et
800 1714 956 1748 componit.
974 1713 1045 1739 illaut

1095 1726 1145 1752 γμα
1160 1717 1205 1743 τὸν
1228 1717 1347 1753 Ἀαρὼν,
1365 1718 1411 1744 τὸν
1426 1717 1507 1743 Δαυὶδ
1518 1737 1524 1747 ,
1545 1717 1590 1743 καὶ
1607 1718 1714 1753 ἐτέρους
1732 1726 1871 1753 παραστη-

260 1760 385 1787 scribens
405 1761 549 1794 epistolam
562 1779 569 1791 ,
591 1763 616 1787 et
637 1760 788 1794 exetnplum
808 1757 1024 1785 mansuetudinis
1037 1778 1044 1790 ,

1095 1763 1220 1797 τάμενος·
1245 1761 1277 1798 ἧς
1299 1764 1341 1789 ἵνα
1357 1763 1406 1798 τὴν
1423 1764 1504 1797 ἀλλην
1522 1763 1589 1798 πρὸς
1611 1764 1641 1790 τὸ
1664 1763 1764 1796 ἀγαθὸν
1788 1772 1872 1790 κατα-

260 1806 367 1838 Aaron,
388 1805 489 1836 David,
509 1808 537 1832 et
557 1805 626 1832 alios
647 1805 795 1832 adducens.
816 1804 902 1838 Cujus
921 1807 950 1829 ut
970 1802 1045 1829 omit-

1095 1807 1158 1833 ιίπω
1179 1807 1367 1843 παράκλησιν,
1386 1808 1452 1835 ἀλλά
1468 1809 1518 1844 τῆς
1540 1810 1679 1844 ὁράσεως,
1705 1806 1739 1843 ἧς
1761 1808 1870 1840 διέξεισι

260 1855 315 1877 tam
341 1851 421 1877 aliam
449 1851 482 1878 ad
507 1851 607 1877 bonum
634 1850 871 1881 exhortationem,
896 1849 1045 1876 meminero

1095 1852 1155 1887 πρὸς
1178 1853 1256 1879 αὑτὸν
1273 1853 1309 1885 ὡς
1327 1853 1378 1880 ὑπὸ
1394 1854 1441 1880 τοῦ
1458 1854 1512 1880 τῶν
1528 1855 1612 1888 ἁγίων
1629 1853 1782 1889 θεαθείσης,
1801 1862 1869 1888 μνη-

259 1900 333 1924 certe
360 1896 492 1928 visionis,
518 1903 600 1931 quam
627 1896 651 1923 ei
679 1899 789 1926 narrat,
817 1899 845 1922 ut
869 1902 929 1930 quae
951 1898 1045 1921 saneto

1095 1898 1237 1933 ῖῦήσομαι.
1256 1897 1318 1934 Εἶχε
1334 1900 1361 1925 δὲ
1378 1899 1447 1925 κατὰ
1464 1900 1535 1932 λέξιν
1552 1899 1649 1930 οὕτως·

257 1943 346 1976 Carpo
366 1942 534 1976 apparuerit.
556 1942 602 1968 Sic
621 1945 711 1968 autem
728 1949 757 1968 se
771 1941 852 1968 habet
869 1941 901 1967 ad
919 1939 1031 1966 verbum
1039 1948 1047 1964 ι

290 1987 360 2012 Cum
378 1985 525 2020 aliquando
543 1986 569 2012 in
585 1985 692 2012 Cretam
709 1986 844 2012 venissem
856 2004 863 2016 ,
881 1992 922 2011 me
938 1984 1043 2018 Carpus

259 2029 377 2062 hospitio
397 2029 520 2063 excepit,
547 2029 599 2059 vir.
621 2029 645 2055 si
665 2029 726 2063 quis
745 2028 831 2059 alius,
853 2032 963 2062 propter
988 2035 1044 2053 ma-

258 2081 339 2108 gnam
354 2074 454 2101 utentis
470 2074 616 2108 puritatem
633 2073 666 2100 ad
681 2073 846 2100 cernendum
862 2072 944 2099 Deum
960 2072 1044 2106 aptisr

1095 2075 1186 2110 τολλὴν
1203 2077 1374 2112 καθαρότητα
1391 2078 1436 2104 νοῦ
1453 2079 1521 2114 προς
1537 2079 1664 2105 θεοπτίαν
1687 2079 1870 2114 ἐπιτηδειότα-

259 2119 356 2146 siuzus.
378 2118 470 2153 Neque
489 2119 561 2144 enim
582 2126 676 2146 sacros
695 2119 888 2153 mysteriorum
909 2121 978 2144 ritus
998 2125 1044 2152 ag-

1095 2127 1131 2150 τος
1149 2127 1155 2133 “
1175 2119 1220 2145 καὶ
1236 2120 1301 2154 γοῦν
1317 2121 1376 2148 οὐδὲ
1392 2123 1452 2153 ταῖς
1469 2123 1559 2156 ἁγίαις
1576 2122 1630 2148 τῶν
1648 2123 1806 2158 μυστηρίων
1827 2132 1871 2149 τε-

259 2165 451 2200 grediebatur,
476 2165 528 2191 nisi
552 2164 627 2199 prius
649 2164 699 2198 ipsi
723 2165 749 2190 in
767 2164 801 2190 iis
821 2163 965 2197 precibus,
985 2171 1044 2198 qua:

1095 2167 1175 2197 tsmic
1208 2166 1337 2201 ἐνεχείρει
1353 2187 1359 2199 ,
1388 2167 1424 2202 μὴ
1456 2168 1588 2204 πρότερον
1621 2169 1694 2203 αὐτῷ
1726 2169 1794 2195 κατά
1820 2169 1870 2200 τὰς

259 2215 336 2238 antea
354 2211 446 2245 perlici
463 2211 568 2241 solent,
587 2217 665 2236 saera
683 2213 710 2236 et
731 2209 791 2235 lzeta
813 2209 983 2243 apparuisset
1002 2209 1042 2234 vi-

1095 2210 1257 2245 τροτελείους
1288 2212 1389 2246 εὐχὰς,
1415 2213 1490 2248 ἱερᾶς
1521 2213 1568 2240 καὶ
1592 2213 1724 2248 εὐμενοῦς
1748 2214 1870 2249 ὁράσεως

1123 1986 1268 2021 Γενόμενόν
1295 1988 1328 2023 μέ
1352 1997 1415 2014 ποτε
1442 1989 1510 2015 κατὰ
1537 1989 1585 2024 τὴν
1608 1989 1737 2024 Κρήτην,
1762 1990 1777 2016 ὁ
1798 1989 1870 2025 ἱερὸς

1087 2030 1274 2067 ὲξεναγώγησε
1292 2034 1402 2068 Κάρπος
1412 2054 1418 2065 ,
1437 2035 1504 2070 ἀνὴρ
1514 2055 1521 2065 ,
1536 2035 1581 2060 καὶ
1598 2035 1626 2060 εἴ
1640 2043 1681 2066 τις
1703 2034 1781 2066 ἄλλος
1793 2055 1800 2067 ,
1826 2035 1870 2061 διὰ

260 2256 312 2282 sio.
338 2254 363 2282 Is
385 2256 494 2290 quidem
515 2255 665 2285 narrabat,
689 2261 751 2280 cum
773 2260 788 2279 a
803 2253 935 2287 quodam,
956 2253 1002 2287 qui
1028 2259 1043 2279 a

259 2302 310 2328 lide
328 2302 512 2336 religioneque
531 2306 624 2328 nostra
643 2299 815 2330 abhorreret,
837 2298 907 2326 forte
923 2298 1044 2325 oﬂ‘ensus

258 2351 331 2374 esset
349 2347 489 2382 (tristitia:
504 2351 593 2374 autem
608 2353 691 2373 causa
707 2349 781 2376 erat,
797 2344 868 2379 quod
885 2345 929 2371 ille
943 2345 978 2372 ab
994 2344 1044 2371 Ec—

259 2393 341 2418 clesia
367 2393 512 2426 quemdam
538 2393 571 2419 ad
598 2393 711 2427 impium
737 2393 841 2419 cultum
867 2387 1046 2420 traduxerat).

259 2442 315 2463 tum
335 2444 397 2463 cum
416 2437 510 2468 etiam,
532 2437 565 2463 ab
586 2437 645 2471 ipso
666 2437 835 2471 (Christiano
853 2439 962 2470 propter
992 2434 1042 2461 ba-

255 2481 396 2518 ptismum)
414 2481 510 2508 hilaria
536 2486 697 2516 agerentur,
729 2489 791 2508 eum
820 2481 964 2515 benignam
992 2487 1041 2514 pro

258 2531 374 2562 utroque
399 2527 432 2553 ad
461 2526 545 2553 Deum
574 2527 757 2561 precationem
785 2526 897 2553 fundere
928 2532 1040 2553 necesse

255 2577 346 2605 esset.
366 2573 475 2608 Deoque
495 2578 634 2600 servatore
653 2573 779 2607 adjutore
797 2572 942 2607 adjuncto,
964 2571 1038 2598 illum

255 2620 364 2654 quidem
392 2625 566 2650 convertere,
587 2619 660 2645 hunc
680 2623 770 2645 autem
789 2619 898 2645 vincere
917 2617 1041 2652 benigni-

255 2671 326 2698 tate,
342 2673 392 2693 nec
413 2666 547 2693 desistere
567 2665 714 2692 admonere
736 2673 781 2700 per
800 2671 879 2691 omne
894 2663 955 2690 vita:
971 2667 1039 2690 tem-

254 2720 306 2747 pus
322 2720 408 2747 usque
424 2712 458 2739 ad
473 2712 545 2739 hunc
562 2712 651 2746 ipsum
665 2711 735 2738 diem
748 2731 755 2743 ,
772 2714 853 2745 atque
874 2711 911 2737 ita
931 2710 1038 2737 demum

254 2765 300 2784 eos
316 2758 349 2784 ad
365 2758 411 2784 Dei
427 2758 551 2784 notitiam
568 2757 718 2788 deducere,
782 2756 858 2789 quasi
918 2755 973 2788 jam
989 2761 1019 2781 ea
1031 2773 1037 2785 ,

255 2801 289 2828 de
306 2802 406 2836 quibus
427 2806 504 2829 antea
523 2802 698 2831 dubitarent,
719 2800 868 2834 diiudicata
887 2802 992 2831 essent,
1011 2801 1038 2825 et

257 2847 289 2873 ab
308 2847 340 2873 iis
356 2855 416 2880 quae
430 2847 631 2874 inconsiderate
647 2846 708 2872 ausi
723 2849 832 2877 essent,
850 2844 967 2879 legitime
982 2850 1038 2879 por

1088 2255 1306 2291 ἐπιφαινομένης.
1327 2257 1438 2290 Ἔλεγεν
1460 2256 1522 2289 οὖν,
1547 2258 1604 2289 ὅτι,
1628 2258 1809 2293 λελυπηκὰτος
1825 2257 1874 2284 αὖ·

1086 2299 1131 2325 τόν
1149 2307 1213 2325 ποτε
1233 2300 1288 2326 τῶν
1303 2302 1424 2328 ἀπίστων
1440 2303 1512 2334 τινος
1524 2322 1531 2334 ,
1608 2302 1680 2337 λύπη
1705 2303 1733 2329 δὲ
1754 2301 1806 2338 ἦν,
1830 2303 1871 2329 ὅτι

1085 2345 1135 2380 τῆς
1157 2346 1318 2382 Ἐκκλησίας
1343 2350 1444 2380 ἐκεῖνος
1474 2348 1535 2374 τινὰ
1551 2349 1619 2384 πρὸς
1645 2349 1675 2375 τὸ
1700 2348 1777 2375 ἄθεον
1801 2350 1870 2375 ἀπε-

1087 2390 1242 2425 πλάνησεν·)
1268 2391 1307 2417 ἔτι
1332 2393 1386 2419 τῶν
1409 2393 1528 2428 Ἱλαρίων
1551 2393 1660 2428 ἡμερῶν
1686 2393 1759 2428 αὐτῷ
1783 2393 1872 2419 τελου-

1089 2435 1195 2470 μένων,
1219 2436 1277 2463 δέον
1308 2438 1471 2473 ἀμφοτέρων
1498 2439 1696 2474 ἀγαθοπρεπῶς
1721 2438 1871 2474 ὑπερεὺξα-

1087 2480 1167 2512 σθαι,
1187 2481 1231 2507 καὶ
1254 2482 1319 2509 Θεὸν
1343 2484 1453 2518 σωτῆρα
1478 2484 1649 2520 συλλήπτορα
1666 2485 1778 2511 λαϐόντα
1791 2504 1798 2515 ,
1824 2485 1870 2510 τὸν

1088 2526 1138 2561 μὲν
1154 2527 1314 2562 ἐπιστρέψαι
1331 2548 1338 2559 ,
1355 2528 1402 2555 τὸν
1417 2528 1445 2554 δὲ
1461 2529 1608 2564 ἀγαθότητι
1625 2529 1749 2564 νικῆσαι,
1768 2529 1814 2555 καὶ
1834 2529 1871 2564 μὴ

1086 2572 1217 2598 διαλιπεῖν
1236 2573 1411 2600 νουθετοῦντα
1426 2574 1469 2600 διὰ
1488 2575 1544 2609 βίου
1562 2575 1662 2606 παντὸς
1674 2595 1680 2606 ,
1698 2574 1776 2610 ἄχρις
1792 2571 1823 2602 οὗ
1840 2573 1871 2600 τδ

1088 2618 1224 2653 σήμερον,
1242 2619 1288 2645 καὶ
1304 2619 1390 2651 οὕτως
1407 2620 1452 2646 ἐπὶ
1469 2620 1517 2655 τὴν
1535 2620 1608 2647 θείαν
1633 2620 1730 2651 αὐτοὺς
1756 2621 1870 2654 ἀγαγεῖν

1087 2663 1185 2697 γνῶσιν
1197 2684 1205 2695 ,
1221 2664 1258 2696 ὠς
1270 2664 1302 2691 ἂν
1317 2665 1366 2700 ἤδη
1384 2665 1429 2691 καὶ
1445 2665 1499 2691 τῶν
1515 2665 1761 2700 ἀμψισὸητησῑμων
1778 2665 1869 2696 αὐτοῖς

1087 2710 1251 2745 κρινομένων
1263 2730 1270 2742 ,
1288 2711 1332 2736 καὶ
1348 2711 1402 2736 τῶν
1418 2710 1521 2744 ἀλόγως
1537 2711 1743 2746 θρασυνομένων
1764 2710 1870 2746 ἐννόμῳ
1903 2719 1912 2736 ξ

1086 2753 1148 2790 δίκῃ
1172 2757 1318 2790 σωφρονεῖν
1334 2756 1574 2791 ἀναγκαζομένων·
1599 2756 1655 2782 ἀλλ’
1673 2757 1701 2782 ἐν
1725 2755 1814 2790 ἑαυτῷ
1832 2755 1870 2791 μὴ

1088 2800 1220 2836 πρότερον
1235 2801 1313 2827 τοῦτο
1329 2801 1422 2828 παθὼν
1437 2821 1445 2832 ,
1465 2802 1514 2828 οὐκ
1530 2800 1578 2828 οἷδ’
1594 2802 1668 2833 ὅπως
1684 2801 1746 2827 τότε
1768 2801 1870 2836 πολλήν

1088 2853 1149 2873 τινα
1163 2846 1211 2879 τὴν
1226 2846 1386 2881 δυσμένειαν
1403 2847 1449 2873 καὶ
1465 2847 1514 2884 τὴν
1532 2847 1641 2875 πικρίαν
1659 2845 1773 2881 ὲντήξας
1799 2847 1872 2872 ὲκοι-
