2067 3150
150 197 214 229 10H

643 201 732 234 VITA
751 203 782 233 S.
802 201 939 233 DIONYS
958 203 971 234 Ι
988 201 1252 235 ΑΗΕΟΡΑΘΙΤίΕ.

1718 198 1786 231 ιοιε
1818 186 1829 194 "

165 250 238 285 μήθη
249 256 256 263 ⁶
282 250 432 286 κατεδάρηη
451 251 500 285 μὲν
512 268 523 283 ,›
537 251 606 278 οὕτω
623 251 713 284 κακῶς
728 253 797 287 ἔχων
815 262 822 269 ”
839 254 941 290 ἑσπέρα

995 261 1042 281 nas
1061 252 1150 279 dando
1168 253 1330 286 resipiscere
1349 257 1530 287 cogerentur;
1552 257 1607 279 tum
1627 257 1717 279 tamen
1746 252 1772 278 id

162 296 216 330 γὰρ
242 293 291 330 ἦν·
320 297 382 331 περὶ
403 297 431 323 δὲ
455 298 539 332 μέσας
563 298 660 329 νύκτας
686 298 792 333 (είώθει
826 298 879 333 γὰρ
903 301 941 331 εἰς

162 342 236 368 τόνδε
252 342 298 368 τὸν
315 342 408 377 καιρὸν
424 342 503 374 αὐτὸς
519 343 560 376 ἐφ’
578 344 674 369 ἑαυτοῦ
692 343 759 378 πρὸς
774 344 837 375 τοὺς
854 343 940 376 θείους

163 387 264 423 ὕμνους
286 388 463 424 ἐγρηγορέναι
480 389 510 423 ·)
534 388 701 415 διανίσταται
728 389 786 424 μὲν,
805 389 863 415 οὐδὲ
887 389 941 416 τῶν

163 434 254 460 ὕπνων
270 433 360 460 αὐτῶν
372 453 379 465 ,
397 433 501 460 πολλῶν
517 442 548 467 γε
565 433 665 464 ὄντων,
683 435 729 460 καὶ
753 434 795 461 ἀεὶ
813 436 942 468 ἑγκοπτο-

165 479 253 514 μένων
271 499 277 511 ,
304 478 356 510 ἔξω
384 479 507 514 ταραχῆς
536 479 749 514 παραπολαύσας
773 489 780 494 ·
807 480 891 511 ἑστὼς
914 479 942 507 δὲ

117 523 130 556 ⁷,
163 524 237 558 ὅμως
254 524 294 554 εἰς
313 523 362 557 τὴν
379 523 452 549 θείαν
467 523 573 559 ὁμιλίαν
590 524 638 550 οὐκ
660 523 762 556 εὐαγῶς
785 523 877 556 ἠνιᾶτο
898 521 943 548 καὶ

164 568 353 603 ἐδυσχέραινεν
364 588 370 600 ,
388 568 437 594 οὐκ
453 566 520 594 εἶναι
536 568 637 594 δίκαιον
650 567 745 601 λέγων,
763 569 786 594 εί
811 567 878 602 ζῷεν
898 566 945 593 ἆν-

164 614 227 649 δρες
243 613 316 640 ἄθεοι
337 613 383 639 καὶ
399 614 606 649 διαστρέφοντες
621 613 671 645 τὰς
686 613 761 644 ὁδοὺς
779 613 878 647 Κυρίου
895 611 945 643 τὰς

165 659 270 691 εὐθείας
288 668 294 674 ·
313 659 359 686 καὶ
377 659 464 685 ταῦτα
486 660 572 693 λέγων
586 679 592 691 ,
617 659 701 685 ἐδεῖτο
726 658 772 684 τοῦ
794 657 860 683 Θεοῦ
879 666 945 692 πρη-

166 705 245 740 στῆρί
270 714 323 731 τινι
344 704 393 736 τὰς
418 704 577 740 ἀμφοτέρων
600 704 713 736 εἰσάπαξ
737 702 856 738 ἀνηλεῶς
879 703 945 729 ἀπο-

166 749 269 775 παῦσαι
291 748 372 781 ζωὰς.
397 748 490 775 Ταῦτα
513 749 539 775 δὲ
564 749 667 780 εἰπὼν,
692 749 767 783 ἔλεγε
789 749 860 779 δόξαι
883 748 945 773 ἰδεῖν

166 794 242 827 ἄφνω
256 793 302 820 τὸν
315 792 388 820 οἷκον
404 795 432 820 ἐν
444 791 520 829 ᾧπερ
535 795 656 829 εἱστήκει
679 793 867 828 διαόονηθέντα
884 792 946 827 πρό-

165 848 253 876 τερον,
271 840 316 866 καὶ
332 841 364 866 ἐκ
379 840 426 875 τῆς
442 840 544 876 ὀροφῆς
558 842 596 872 εἰς
608 840 653 866 δύο
670 840 750 875 μέσον
763 839 945 875 διαιρεθέντα,

168 886 214 912 καί
235 894 296 912 τινα
320 885 409 921 πυρὰν
431 885 586 919 πολύφωτρν
608 886 770 921 ἐπίπροσθεν
785 884 884 917 αὑτοῦ,
900 884 946 911 καὶ

991 298 1063 335 quod
1075 305 1214 333 nunquam
1226 298 1278 325 sibi
1290 298 1471 330 usuvenisset,
1484 299 1555 326 haud
1567 299 1624 326 scio
1635 297 1775 333 quomodo.

993 353 1090 380 magno
1105 343 1222 379 quodam
1237 347 1264 371 et
1280 343 1377 370 acerbo
1393 343 1475 370 animi
1488 344 1584 371 dolore
1599 344 1752 370 confectum
1763 363 1771 374 ,

992 391 1076 427 quieti
1092 398 1122 418 se
1130 390 1248 421 dedisse,
1261 397 1291 416 ac
1303 389 1412 424 quidem
1425 389 1568 416 dormiisse
1583 389 1618 416 ita
1631 389 1699 417 male
1708 388 1773 416 atre-

993 440 1066 462 ctum
1093 435 1169 471 (erat
1191 435 1261 462 enim
1278 435 1431 470 vespera);
1453 435 1541 461 media
1558 438 1648 461 autem
1664 434 1775 462 circiter

994 484 1072 508 nocte
1084 480 1191 516 (solitus
1205 481 1277 507 enim
1288 486 1346 507 erat
1360 480 1409 507 hoc
1423 485 1543 514 tempore
1556 487 1603 514 per
1618 487 1646 506 se
1660 479 1692 505 ad
1704 479 1775 506 divi-

995 535 1044 555 nos
1055 527 1170 562 hymnos
1188 526 1320 562 vigilare)
1338 526 1490 553 surrexisse
1507 525 1632 560 quidem,
1649 532 1710 551 cum
1726 532 1775 551 nec

994 580 1118 600 somnum
1135 573 1223 607 ipsum
1239 572 1286 606 qui
1302 572 1373 598 altus
1389 570 1504 602 fuisset,
1525 574 1551 597 et
1570 577 1676 604 semper
1694 569 1777 596 inter-

997 624 1111 653 ruptus,
1133 618 1192 644 sine
1212 617 1419 644 conturbatioue
1438 616 1575 650 cepisset;
1596 618 1710 642 stantem
1737 617 1777 640 ta—

995 672 1056 691 men
1085 664 1118 690 ad
1148 663 1238 690 divina
1272 662 1406 696 colloquia
1421 681 1427 693 ,
1449 661 1599 696 irreligiose
1616 659 1736 687 doluisse
1753 663 1779 686 et

995 709 1091 736 acerbe
1104 709 1213 740 tulisse,
1230 708 1362 735 dicentem
1378 715 1431 734 non
1449 714 1509 734 esse
1523 714 1629 741 acquum
1646 706 1718 732 viros
1731 705 1780 731 im-

995 755 1054 789 pios
1073 755 1182 785 vivere,
1202 757 1229 781 et
1248 754 1295 788 qui
1318 753 1378 781 vias
1405 752 1511 779 Domini
1531 756 1620 779 rectas
1642 754 1779 786 perverte—

995 804 1074 833 rent;
1093 800 1149 826 haec
1163 799 1308 830 dicentem,
1325 801 1464 833 precatum
1481 805 1543 825 esse
1566 805 1580 824 a
1598 796 1662 828 Deo,
1680 800 1709 822 ut
1724 803 1780 822 am-

996 845 1090 872 borum
1108 845 1188 871 vitam
1205 844 1263 872 sine
1273 843 1458 870 misericordia
1471 842 1578 870 turbine
1596 842 1685 876 aliquo
1702 842 1780 875 igneo

996 890 1176 924 abrumperet.
1202 889 1267 922 Qua:
1299 896 1360 916 cum
1393 888 1524 920 dixisset,
1553 886 1782 914 commemorabat

166 930 267 966 ταύτην
289 930 392 966 (ἐδόκει
406 929 460 965 γὰρ
484 930 576 957 λοιπὸν
598 930 728 966 ὕπαιθρος
752 932 766 957 ὁ
783 930 891 964 τόπος),
915 931 946 956 ἐκ

996 943 1025 964 se
1040 936 1128 972 visum
1145 943 1205 962 esse
1221 934 1313 962 videre
1327 938 1439 969 repente
1457 934 1568 960 domum
1585 932 1612 960 in
1628 940 1680 967 qua
1696 937 1781 959 staret

165 975 212 1001 τοῦ
237 974 360 1010 οὐρανίου
382 974 469 1011 χώρου
487 975 581 1011 μέχρις
595 975 676 1001 αὺτοῦ
699 975 922 1011 καταφερομένην
937 982 944 989 ”

165 1020 210 1047 τὸν
233 1021 261 1047 δὲ
283 1021 395 1055 οὐρανὸν
419 1021 499 1047 αὐτὸν
520 1021 753 1056 ἀναπεπταμένον,
769 1020 814 1046 καὶ
836 1020 882 1046 ἐπὶ
907 1019 946 1055 τῷ

166 1065 242 1101 νώτῳ
256 1066 303 1092 τοῦ
324 1066 437 1101 οὐρανοῦ
458 1065 503 1092 τὸν
525 1066 643 1101 Ἰησοῦν,
666 1066 786 1101 ἀπείρων
805 1065 947 1100 ἀνθρωττο-

166 1112 243 1138 ειόὧν
263 1112 336 1147 αὐτῷ
355 1113 564 1148 παρεστηκότων
586 1112 716 1146 ἀγγέλων.
729 1112 784 1138 Καὶ
796 1111 880 1138 ταῦτα
899 1111 947 1146 μὲν

166 1157 268 1184 ἄνωθεν
294 1157 424 1192 ὁρᾶσθαι,
455 1158 501 1184 καὶ
528 1157 607 1183 αὑτὸν
629 1155 795 1191 θαυμάζειν·
819 1156 893 1182 κάτω
918 1156 947 1182 δὲ

167 1201 253 1236 κύψας
268 1203 282 1228 ὁ
296 1202 407 1238 Κάρπος
419 1223 425 1233 ,
450 1202 512 1229 ἰδεῖν
526 1202 576 1238 ἔφη
593 1202 639 1228 καὶ
652 1201 782 1235 τοῦδαφος
796 1201 859 1227 αὐτὸ
881 1201 948 1236 πρὸς

166 1248 263 1283 ἀχανές
285 1257 312 1274 τι
335 1248 426 1283 χάσμα
447 1247 493 1274 καὶ
515 1247 652 1273 σκοτεινὸν
675 1247 884 1282 διερῤηγμένον·
903 1246 948 1272 καὶ

165 1295 228 1326 τοὺς
245 1295 293 1329 μὲν
309 1294 406 1330 ἄνδρας
421 1295 540 1326 ἐκείνους
551 1315 558 1326 ,
574 1293 614 1326 οἷς
634 1295 754 1329 ἐπηρᾶτο
764 1314 770 1326 ,
794 1293 845 1328 πρ),
867 1291 947 1319 αὐτοῦ

167 1340 234 1366 κατὰ
252 1339 281 1365 τὸ
298 1340 404 1374 στόμιον
419 1340 561 1374 έστηκέναι
580 1339 627 1365 τοῦ
653 1339 790 1374 χάσματος
801 1358 807 1368 ,
833 1336 948 1372 ὑποτρό-

168 1393 250 1418 μους,
273 1384 422 1416 ἐλεεινοὺς,
447 1385 507 1410 ὅσον
531 1384 607 1410 οὔπω
631 1384 870 1419 καταφερομένους
896 1381 947 1409 ὑπὸ

165 1429 215 1464 τῆς
229 1429 284 1455 τῶν
298 1430 405 1456 οίκείων
422 1428 509 1456 ποδῶν
523 1429 655 1460 ἀστασίας
675 1438 682 1444 ο
706 1428 827 1456 κάτωθεν
850 1427 877 1454 δὲ
894 1427 948 1454 ἀπὺ

166 1474 212 1501 τοῦ
232 1475 368 1509 χάσματος
393 1474 467 1509 ὕφεις
487 1474 623 1510 ἀνέρπειν,
644 1474 766 1509 καὶπερὶ
789 1474 852 1505 τοὺς
867 1474 948 1505 πόδας

167 1519 253 1545 αὐτῶν
276 1520 500 1555 ὑποκινουμένους
511 1539 518 1551 ,
534 1519 598 1545 ποτὲ
614 1520 661 1554 μὲν
683 1519 846 1554 ἀποσύρειν,
865 1520 948 1545 ἐπαν-

167 1565 338 1600 ειλουμένους
362 1565 419 1600 ἃμα
448 1565 494 1591 καὶ
523 1565 738 1600 ἐπιδαροῦντας,
764 1565 810 1592 καὶ
833 1565 947 1592 ἐπανέλ-

995 973 1092 1016 agitari
1108 981 1244 1016 primum,
1261 980 1360 1008 deinde
1384 987 1398 1006 a
1421 980 1522 1007 vertice
1547 979 1574 1005 in
1600 979 1667 1006 duas
1691 981 1780 1012 partes

995 1026 1123 1053 dimidias
1137 1026 1234 1058 dividi,
1251 1029 1277 1052 et
1294 1030 1356 1052 ante
1377 1033 1406 1053 se
1422 1033 1517 1060 rogum
1533 1024 1675 1059 quemdam
1692 1024 1781 1058 magni

996 1071 1125 1103 luminis,
1141 1079 1257 1105 eumque
1272 1071 1281 1106 (
1295 1071 1346 1098 sub
1366 1071 1410 1097 dio
1425 1071 1496 1097 enim
1512 1070 1589 1096 locus
1604 1069 1649 1095 ille
1664 1075 1725 1095 esse
1741 1068 1779 1094 ri-

995 1115 1130 1150 debatur)
1147 1123 1161 1142 e
1175 1116 1245 1142 caalo
1260 1123 1346 1149 usque
1361 1115 1394 1142 ad
1410 1115 1530 1149 scipsum
1546 1113 1646 1141 deferri
1660 1123 1666 1140 :
1681 1113 1779 1139 ccelmn

995 1167 1060 1186 vero
1081 1163 1204 1193 apertum
1217 1179 1224 1188 .
1246 1162 1272 1185 et
1296 1160 1322 1185 in
1346 1166 1466 1185 cenvexa
1487 1159 1548 1185 cum
1573 1157 1717 1192 superﬁcie
1737 1155 1781 1183 Je-

995 1212 1073 1235 sum,
1094 1204 1286 1230 assistentibus
1316 1203 1559 1230 innumerabilibus
1583 1201 1687 1237 angelis
1702 1223 1709 1234 ,
1732 1202 1781 1228 ho-

995 1250 1097 1275 minum
1115 1249 1198 1284 ﬁgura
1212 1253 1238 1276 et
1255 1250 1354 1283 specie.
1379 1249 1468 1283 Atque
1484 1249 1539 1275 haec
1554 1247 1664 1282 quidem
1680 1254 1694 1273 a
1710 1248 1780 1274 cwlu

994 1294 1080 1321 videri
1100 1303 1205 1322 summa
1230 1302 1292 1322 cum
1316 1303 1365 1322 sua
1389 1295 1577 1322 admiratione.
1601 1294 1669 1321 Cum
1691 1298 1780 1320 autent

996 1338 1054 1374 ipse
1068 1339 1195 1366 deorsum
1211 1339 1305 1366 oculos
1321 1339 1520 1369 convertisset,
1536 1344 1649 1364 cernere
1663 1344 1693 1364 3e
1707 1336 1780 1363 diee-

995 1383 1041 1411 bat
1055 1383 1135 1410 etiam
1151 1386 1253 1410 terram
1270 1383 1356 1417 ipsam
1377 1382 1414 1408 ita
1433 1381 1596 1408 discessisse
1607 1399 1614 1411 ,
1634 1383 1662 1406 ut
1681 1379 1781 1406 obscu-

995 1435 1043 1455 rus
1058 1428 1168 1462 quidam
1187 1432 1215 1455 et
1234 1427 1424 1454 tcnebricosus
1445 1426 1535 1453 hiatus
1555 1425 1687 1452 exsistere
1707 1424 1781 1450 vide-

994 1477 1089 1501 retur:
1116 1477 1198 1508 atque
1225 1473 1350 1499 homines
1378 1471 1487 1506 quidem
1512 1471 1572 1498 illos
1593 1470 1691 1505 quibus
1713 1469 1784 1496 male

995 1522 1123 1553 precatus
1146 1523 1234 1551 esset,
1259 1521 1322 1545 ante
1345 1525 1374 1545 se
1397 1517 1430 1544 ad
1454 1524 1485 1544 os
1508 1517 1601 1543 hiatus
1626 1522 1698 1543 stare
1727 1519 1782 1543 tre-

996 1567 1102 1590 mentes
1116 1567 1143 1591 et
1159 1563 1273 1590 miseros
1283 1583 1290 1595 ,
1305 1567 1333 1590 et
1349 1564 1394 1597 qui
1415 1562 1470 1589 fere
1486 1570 1540 1597 pra:
1555 1562 1653 1597 pedum
1670 1569 1793 1589 suorum

167 1619 262 1642 κοντας
277 1619 283 1625 ³
299 1611 364 1636 ποτὶ
378 1610 406 1636 δὲ
418 1611 473 1642 τοῖς
487 1609 591 1636 ὀδοῦσιν
601 1630 608 1642 ,
624 1610 640 1644 ἢ
656 1611 714 1641 τοῖς
739 1610 862 1645 οὐραίοις
880 1610 946 1636 ὑπο-

997 1606 1176 1635 instabilitate
1203 1607 1446 1643 demergerentur:
1477 1608 1511 1634 ab
1536 1607 1666 1634 inferiore
1689 1611 1780 1634 autem

164 1655 311 1690 τύφοντας,
327 1655 343 1691 ἢ
360 1655 624 1690 ὑπογαργαλίζοντας
635 1675 641 1687 ,
659 1655 704 1682 καὶ
723 1655 767 1682 διὰ
788 1655 887 1688 παντὸς
909 1657 948 1688 είς

163 1701 193 1726 τὸ
222 1700 321 1735 ἀχανὲς
349 1699 477 1735 ἐμϐαλεῖν
506 1700 716 1735 μηχανωμένους
732 1709 738 1715 ·
753 1697 822 1727 εἶναι
847 1700 875 1727 δὲ
903 1700 948 1727 καὶ

165 1744 263 1780 ἄνδρας
278 1744 355 1775 τινὰς
369 1746 397 1770 ὲν
413 1744 487 1779 μέσῳ
497 1764 504 1775 ,
519 1745 575 1775 τοῖς
589 1743 666 1778 ὄφεσι
687 1743 757 1770 κατὰ
773 1744 827 1770 τῶν
844 1744 948 1780 ἀνδρῶν

165 1789 630 1825 συνεπιτιθεμένους·διαδονοῦντας
655 1790 712 1825 ἅμα
737 1790 783 1816 καὶ
809 1789 948 1816 ὐπωθοῦν-

163 1844 211 1866 τας
242 1835 288 1862 καὶ
314 1835 522 1866 καταπαίοντας.
547 1835 668 1860 Ἐδόκουν
695 1834 722 1860 δὲ
743 1833 810 1861 εἶναι
835 1835 902 1870 πρδς
918 1834 948 1861 τὺ

166 1879 257 1905 πεσεῖν
280 1880 376 1905 ἐκεῖνοι
408 1879 441 1905 τὰ
475 1879 523 1914 μὲν
552 1879 683 1910 ἄκοντες,
709 1878 742 1905 τὰ
768 1879 795 1905 δὲ
823 1880 947 1911 ἑκόντες,

167 1923 217 1949 ὑπὺ
231 1923 278 1950 τοῦ
294 1924 377 1950 κακοῦ
399 1924 459 1951 κατ’
480 1924 566 1958 ὀλίγον
582 1923 735 1959 βιαζόμενοι
752 1924 810 1958 ἅμα
829 1924 875 1950 καὶ
891 1933 947 1951 πει-

167 1967 195 1994 θό
199 1976 281 2003 μενοι.

998 1652 1057 1680 loco
1075 1660 1108 1680 ex
1126 1653 1202 1679 hiatu
1228 1661 1332 1688 angues
1358 1660 1467 1680 sursum
1493 1659 1619 1688 serpere,
1641 1655 1722 1686 atque
1747 1652 1781 1678 ad

996 1705 1091 1726 eorum
1110 1699 1192 1734 pedes
1204 1719 1211 1730 ,
1234 1706 1297 1725 cum
1319 1699 1420 1726 sensim
1443 1702 1627 1729 moverentur,
1644 1698 1784 1725 interdum

996 1744 1106 1780 quidem
1121 1745 1229 1772 trahere
1249 1745 1427 1780 eomplicatos
1442 1744 1523 1772 simul
1537 1747 1565 1771 et
1579 1743 1780 1778 deprimentes,

998 1793 1080 1824 atque
1093 1790 1288 1823 detrahentes;
1305 1789 1441 1817 interdum
1464 1788 1592 1816 dentibus
1617 1792 1663 1814 aut
1685 1787 1782 1815 caudis

997 1835 1190 1867 incendentes,
1219 1836 1260 1862 vel
1288 1836 1492 1862 demulcentes.
1517 1834 1645 1868 omnique
1673 1833 1800 1860 ratione~

997 1885 1128 1915 agentes,
1158 1886 1187 1908 ut
1213 1889 1261 1908 eos
1288 1881 1316 1908 in
1341 1881 1414 1907 illam
1438 1880 1598 1907 immensam
1624 1879 1779 1913 voraginem

997 1926 1150 1960 pnecipiles
1179 1926 1297 1959 darent;
1327 1925 1412 1953 fuisse
1439 1925 1522 1952 etiam
1551 1925 1625 1951 viros
1647 1924 1780 1958 quosdam

998 1971 1024 1997 in
1051 1971 1156 2003 medio,
1182 1971 1226 2006 qui
1255 1978 1307 1998 una
1332 1978 1393 1997 cum
1412 1970 1583 2004 serpentibus
1609 1970 1635 1996 in
1657 1970 1780 1996 homines

164 2018 224 2046 illos
249 2019 424 2053 invaderent,
448 2020 645 2055 exagitatione,
668 2020 764 2055 pulsu.
801 2025 827 2048 et
846 2021 1040 2056 percussione;
1070 2021 1142 2048 visos
1170 2026 1258 2047 autem
1289 2029 1348 2048 csse
1369 2021 1441 2049 Viros
1461 2022 1521 2050 illos
1557 2022 1697 2054 decidere,
1717 2030 1778 2058 par-

165 2063 212 2094 tim
232 2063 350 2096 invitos,
370 2066 467 2100 partim
484 2070 595 2101 Sponte,
619 2067 690 2101 quod
713 2074 727 2093 a
749 2068 819 2094 malo
834 2069 935 2095 scns'm

995 2071 1091 2099 μινινυίῖῗ
1098 2075 1118 2093 Γ.

202 2119 298 2152 Ἔλεγε
322 2119 349 2145 δέ
373 2120 388 2145 ὁ
411 2120 523 2154 Κάρπος
548 2118 643 2145 ἑαυτὸν
664 2119 773 2154 ἥδεσθαι
796 2119 869 2146 κάτω
893 2117 951 2154 βλέ-

168 2173 266 2191 ποντα-
295 2163 349 2190 τῶν
372 2163 428 2190 ἀνω
442 2163 469 2190 δὲ
489 2163 598 2198 ἀμελεῖν
621 2172 627 2178 “
649 2163 834 2198 δυσχεραίνειν
855 2163 882 2189 δὲ
905 2163 950 2190 καὶ

167 2210 322 2246 ὀλιγωρεῖν,
337 2210 378 2236 ὅτι
405 2209 441 2245 μὴ
467 2209 642 2235 πεπτώκασιν
661 2209 711 2244 ἤδη
725 2229 732 2241 ,
755 2209 800 2236 καὶ
821 2209 860 2244 τῷ
881 2209 949 2245 πρά-

166 2264 249 2291 γματι
269 2255 395 2286 πολλάκις
415 2254 574 2289 ἐπιθέμενον
597 2255 642 2280 καὶ
660 2254 862 2289 ἀδυνατήσαντα
875 2274 882 2286 ,
904 2251 1118 2284 καὶΒηοῃᾱιιω

169 2299 331 2334 ἀχθεσθῆναι
362 2299 408 2326 καὶ⁴
445 2299 633 2334 ἐπαράσασθαι
650 2308 656 2314 ·
688 2299 733 2326 καὶ
766 2299 950 2326 ἀνανεύσαντα

170 2346 243 2380 μόλις
253 2366 260 2377 ,
279 2346 342 2372 ἰδεῖν
358 2346 405 2380 μὲν
421 2343 496 2376 αὖθις
511 2345 555 2372 τὸν
569 2345 682 2381 οὐρανὸν
694 2365 700 2376 ,
716 2345 809 2381 ὥσπερ
825 2345 870 2372 καὶ
886 2345 950 2380 πρό-

167 2400 243 2427 τερον
257 2392 384 2426 ἑωράκει·
401 2391 446 2417 τὸν
460 2390 487 2417 δὲ
509 2391 621 2426 Ἰησοῦν,
638 2391 787 2426 ἐλεήσαντα
808 2390 837 2416 τὸ
860 2390 951 2424 γιγνό-

169 2446 257 2472 μενον,
274 2437 452 2471 ἐξαναστῆναι
474 2435 520 2462 τοῦ
544 2437 739 2471 ὑπερουρανίου
765 2436 877 2472 θρόνου,
903 2434 949 2462 καὶ

167 2482 218 2514 ἕως
232 2483 321 2510 αὐτῶν
345 2482 516 2514 καταϐάντα¹
534 2483 580 2509 καὶ
599 2483 678 2517 χεῖρα
699 2482 802 2517 ἀγαθὴν
823 2481 929 2516 ὀρέγειν
941 2501 947 2512 ,

167 2529 212 2554 καὶ
227 2529 289 2560 τοὺς
304 2529 434 2562 ἀγγέλους
449 2528 523 2563 αὐτῷ
539 2527 862 2562 συνεπιλαμϐανομέναις,
872 2526 948 2553 ἄλλον

167 2574 274 2600 ἄλλοθεν
304 2574 463 2609 ἀντέχεσθαι
489 2575 546 2601 τοῖν
576 2573 682 2609 ἀνδροῖν
698 2581 704 2587 ·
722 2572 768 2599 καὶ
798 2573 884 2599 εἰπεῖν
910 2572 950 2607 τῷ

166 2620 271 2655 Κάρπῳ
283 2619 328 2646 τὸν
349 2619 468 2654 Ἰησοῦν,
484 2619 534 2654 τῆς
549 2619 639 2654 χειρὸς
653 2619 703 2654 ἠδη
719 2618 924 2654 προτεταμένης
940 2626 947 2632 ·

168 2674 177 2691 α
196 2666 263 2692 Παῖε
279 2666 337 2692 κατ’
353 2666 419 2701 ἐμοῦ
435 2666 536 2692 λοιπόν·
552 2665 659 2700 ἕτοιμος
673 2665 727 2700 γάρ
740 2665 795 2699 είμι
819 2664 864 2691 καὶ
879 2664 948 2699 ὑπὲρ

165 2711 314 2746 ἀνθρώπων
341 2710 554 2746 ἀνασωζομένων
584 2710 698 2742 παθεῖν,
728 2710 773 2736 καὶ
799 2708 947 2745 προσφιλές

166 2764 209 2791 μοι
221 2755 310 2788 τοῦτο,
321 2756 357 2792 μὴ
372 2756 458 2783 ἄλλων
471 2756 681 2791 ἁμαρτανόντων
696 2755 743 2782 ἀνθ
749 2755 855 2791 ρώπων.
872 2754 945 2790 Πλὴν

163 2802 230 2836 ὅρα,
257 2802 280 2828 εί
304 2801 394 2833 καλῶς
419 2801 475 2837 ἔχει
497 2810 558 2833 σοι,
575 2801 625 2837 τὴν
646 2803 674 2828 ὲν
697 2801 736 2836 τῷ
757 2801 876 2836 χάσματι
900 2800 945 2827 καὶ

166 2847 234 2882 μετά
259 2847 314 2873 τῶν
338 2847 425 2882 ὕφεων
452 2847 535 2882 μονὴν
561 2846 775 2879 ἀνταλλάξασθαι
800 2847 849 2882 τῆς
879 2846 946 2882 μετὰ

163 2893 231 2920 θεοῦ
254 2893 299 2920 καὶ
311 2893 364 2921 τῶν
378 2893 486 2927 ἀγαθῶν
507 2894 552 2920 καὶ
567 2893 763 2929 φιλανθρώπων
786 2893 916 2928 ἀγγέλων.
934 2902 944 2919 ι

1034 2119 1166 2148 Narrabat
1195 2129 1277 2156 porro
1305 2121 1411 2155 Carpus
1439 2129 1470 2149 se
1491 2123 1656 2156 voluptatem
1683 2129 1780 2156 capere

998 2165 1127 2197 solitum,
1147 2173 1208 2193 cum
1232 2165 1362 2193 inferiora
1385 2166 1538 2200 aspiceret,
1560 2165 1701 2200 superiora
1717 2172 1780 2192 vero

998 2212 1154 2248 negligere:
1172 2213 1289 2246 graviter
1306 2215 1396 2239 autem
1414 2212 1483 2238 ferre
1496 2217 1521 2238 et
1538 2211 1690 2245 indignari,
1707 2210 1779 2245 quod

1185 2255 1376 2285 decidissent;
1458 2261 1539 2290 atque
1574 2256 1600 2282 in
1631 2256 1700 2282 hanc
1723 2263 1779 2282 rem

997 2310 1060 2330 cum
1083 2310 1154 2337 sape
1178 2302 1364 2334 incubuisset,
1382 2310 1431 2328 nec
1446 2301 1623 2336 profecisset,
1641 2305 1667 2328 et
1687 2301 1783 2328 acerbe

996 2349 1108 2377 tulisse,
1130 2351 1156 2374 et
1176 2348 1246 2374 male
1266 2351 1405 2381 precatum
1426 2355 1506 2381 esse;
1527 2355 1587 2374 cum
1610 2348 1652 2374 vix
1673 2348 1781 2374 tandem

996 2393 1095 2420 malum
1113 2392 1279 2427 aspexisset,
1296 2392 1398 2419 vidisse
1423 2393 1532 2426 quidem
1557 2392 1623 2419 illud
1649 2399 1755 2420 rursum
1773 2412 1780 2424 ,

996 2437 1223 2472 quemadmodum
1240 2438 1321 2464 etiam
1340 2440 1418 2463 antea
1435 2436 1556 2468 viderat;
1573 2436 1664 2464 Jesum
1680 2442 1779 2467 autem.

997 2491 1077 2517 quem
1094 2483 1127 2510 ad
1139 2482 1356 2509 misericordiam
1372 2481 1398 2508 id
1413 2482 1484 2516 quod
1501 2483 1644 2516 gerebatur
1661 2490 1781 2509 comnm—

997 2528 1098 2559 visset,
1123 2535 1233 2554 manum
1254 2527 1398 2562 benignam
1420 2528 1593 2562 porrexisse,
1617 2531 1644 2554 et
1670 2528 1780 2561 angelos

996 2574 1041 2609 qui
1056 2581 1108 2600 una
1125 2574 1254 2600 auxilium
1271 2573 1387 2605 ferrent,
1404 2573 1477 2600 viros
1493 2573 1575 2600 alium
1591 2573 1642 2599 alia
1657 2579 1689 2599 ex
1704 2575 1780 2607 parte

996 2619 1157 2651 retinuisse,
1172 2618 1327 2654 dixisseqne
1339 2619 1428 2654 Carpo
1443 2618 1536 2646 Iesum
1553 2623 1677 2653 porrecta
1691 2618 1779 2645 adhuc

996 2672 1077 2691 manu
1096 2673 1103 2691 :
1122 2674 1131 2690 ι
1147 2663 1206 2692 Feri
1223 2673 1265 2692 me
1276 2665 1350 2699 jam;
1371 2669 1482 2700 paratus
1495 2672 1555 2692 sum
1568 2664 1639 2691 enim
1656 2671 1776 2694 rursum,

995 2710 1092 2738 salutis
1112 2710 1252 2737 hominum
1274 2717 1367 2742 causa,
1384 2714 1498 2737 mortem
1515 2709 1636 2744 perpeti:
1658 2709 1778 2744 mihique

996 2755 1047 2782 hoc
1062 2758 1218 2790 pergratum
1233 2759 1274 2782 est
1284 2775 1291 2786 ,
1307 2755 1372 2782 dum
1384 2755 1430 2782 alii
1442 2755 1567 2782 homines
1581 2762 1636 2781 non
1651 2759 1774 2789 peccent.

996 2799 1048 2827 Sed
1064 2800 1142 2831 vide,
1161 2808 1226 2827 num
1241 2800 1290 2827 tibi
1307 2800 1372 2828 utile
1387 2800 1422 2828 sit
1435 2800 1508 2827 hanc
1523 2801 1550 2827 in
1567 2800 1642 2827 hiatu
1661 2805 1688 2828 et
1714 2808 1775 2827 cum

995 2845 1168 2880 serpentibus
1188 2845 1355 2873 mansionem
1366 2865 1373 2877 ,
1388 2846 1524 2874 mausiOni
1539 2853 1601 2873 cum
1619 2845 1673 2874 Deo
1687 2849 1714 2873 et
1729 2846 1790 2874 bc»

996 2889 1084 2924 uignis
1093 2890 1287 2926 hominumque
1296 2891 1450 2919 amantibus
1458 2892 1561 2927 angelis
1576 2895 1748 2927 anteponere.
1766 2904 1773 2919 ι
