2067 3150
175 190 246 224 1οί5-

667 193 757 224 VITA
775 192 806 223 S.
826 193 1000 224 DlUNYSlI
1022 193 1291 227 AREOPAGITIE.

1738 195 1823 227 ιασ-

189 249 351 283 ὑποκειμένη
370 249 529 283 σεὸἑτμασι,
545 250 589 276 τὸν
599 252 695 277 οἰκεῖον
711 251 819 286 αὐχένα,
836 252 894 282 ταῖς
909 253 962 278 Διο-

1018 248 1149 276 servierat
1161 253 1188 275 et
1215 247 1294 274 factis
1308 267 1314 278 ,
1330 248 1477 281 quinetiam
1493 247 1616 282 subjecta
1632 251 1690 273 erat
1707 249 1791 275 cultui

190 294 278 320 νυσίου
293 294 420 328 διδαχαῖς,
436 295 538 321 ἐκεῖθεν
552 296 724 329 ὑπεξελοῠσα,
736 296 774 331 τῷ
787 296 834 322 τοῦ
850 297 967 332 Χριστοῦ

189 340 261 375 ζυγῷ
282 340 448 374 ὑπηγάγετο.
476 341 518 372 Ὠς
534 339 579 367 οὖν
601 343 640 373 εἰς
654 342 753 376 γνῶσιν
768 342 874 374 αὐτοῖς,
897 342 967 369 οὕτω

188 386 272 413 ταῦτα
286 386 333 412 καὶ
352 386 436 412 πολλὰ
455 386 534 422 ἕτερα
560 387 698 421 γεγονέναι
718 388 840 421 ἀφίκετο,
862 389 911 423 τήν
937 397 966 414 τε

188 431 234 458 τοῦ
248 431 365 466 Χριστοῦ
382 432 498 466 ποίμνην
507 432 699 468 αὐξανομένην,
715 434 761 459 καὶ
780 434 842 465 τοὺς
865 435 969 461 ἑαυτῶν

189 478 265 508 θεοὺς
275 478 504 513 παρεωραμένους
518 478 620 513 ἑώρων,
635 478 683 509 τάς
696 487 725 504 τε
740 478 848 510 τελετὰς
876 488 968 515 περιυ-

188 522 345 558 ϐρισμένας,
361 524 407 557 καὶ
417 524 457 554 εἰς
470 523 534 557 γόνυ
556 523 683 550 κλίνασαν
696 524 745 558 τὴν
768 524 907 555 ἀσέϐειαν,
922 525 968 551 ἐπὶ

189 569 287 603 μᾶλλον
308 569 461 595 ἑκκαίονται
471 589 478 601 ,
503 569 549 595 καὶ
565 569 609 595 τὸν
623 569 723 596 τούτων
744 570 828 596 αἴτιον
842 571 908 596 ὅπου
922 571 968 598 καὶ

187 613 329 648 διατρίϐων
344 614 396 649 εἴη,
407 615 595 641 πυνθάνονται·
608 615 654 641 καὶ
667 615 712 641 τὸν
722 615 966 651 μακάριον,ἁθρόον

188 660 403 691 ἐπεισπεσόντες,
428 661 475 686 σὺν
497 661 554 695 ἅμα
579 661 705 695 δεσμοῦσι
725 663 780 692 τοῖς
802 663 859 696 μετ’
875 661 967 694 αὑτοῦ,

187 706 236 741 τὴν
251 705 325 732 θείαν
347 706 398 732 ἀνὰ
413 707 497 741 στόμα
512 707 620 742 διδαχὴν
636 707 674 732 ἔτι
690 707 814 742 φέροντα,
835 708 881 733 καὶ
902 716 967 743 προ-

187 750 319 785 κάθηνται
334 750 468 782 λυσσῶδές
485 760 511 777 τι
527 752 573 778 καὶ
595 752 706 786 μανικὸν
719 752 766 778 ἐπὶ
776 753 824 788 τὴν
847 753 967 785 ἐξέτασιν

187 795 322 826 πνέοντες.
335 796 454 822 Εῖσεισιν
468 794 513 822 οὖν
526 797 540 822 ὁ
550 797 678 829 γεννάδας
689 797 747 832 ἅμα
767 797 913 832 Ῥουστικῷ
923 798 967 824 καὶ

194 840 362 876 Ἐλευθερίῳ,
382 841 494 876 ὰτρόμῳ
515 841 619 876 διανοίᾳ
640 842 686 868 καὶ
708 842 968 878 πεπαρρησιασμένῃ

187 885 271 921 ψυχῇ,
287 885 381 921 ὥσπερ
394 887 434 917 είς
450 887 557 922 ἑορτὴν,
572 887 621 913 οὐκ
634 887 673 918 εἰς
687 887 778 921 ἀγῶνα
795 888 968 923 καλούμενος.

1018 294 1237 324 simulacrorum,
1251 292 1350 319 collum
1362 301 1440 318 suum
1451 301 1483 320 ex
1498 294 1538 320 his
1548 294 1729 326 subtractum,
1745 294 1796 320 do-

1017 340 1105 366 ctrina
1123 338 1257 373 Dionysii,
1273 338 1413 371 suljunxit
1433 338 1498 373 jugo
1511 338 1620 366 Christi.
1637 340 1704 366 Cum
1729 347 1795 374 ergo

1018 385 1084 416 hate,
1102 388 1129 411 et
1145 385 1228 411 multa
1240 384 1292 411 alia
1314 383 1385 410 facta
1401 392 1470 414 esse,
1499 385 1531 411 ad
1559 393 1652 412 corum
1677 385 1794 412 venisset

1016 431 1213 466 cognitionem,
1233 434 1260 457 et
1287 429 1387 457 Christi
1406 437 1512 464 gregem
1540 431 1651 465 augeri,
1676 437 1701 458 et
1729 439 1811 458 suosi

1016 476 1080 503 deos
1093 476 1223 504 vidissent
1243 475 1351 503 habitos
1371 475 1510 510 despectui
1525 495 1532 505 .
1560 479 1587 502 et
1602 483 1650 503 sua
1667 477 1794 510 mysteria

1015 522 1164 552 contemni,
1177 525 1203 549 et
1218 521 1375 548 inclinatam
1390 529 1451 548 esse
1464 522 1640 556 impietatem,
1654 522 1739 557 magis
1750 530 1796 549 ac-

1015 567 1179 599 cenduntur,
1195 569 1221 593 et
1234 570 1330 601 rogant
1346 567 1456 593 ubinam
1467 566 1613 598 habitaret,
1631 566 1676 601 qui
1702 574 1795 594 eorum

1015 617 1073 640 erat
1088 616 1199 639 auctor:
1213 616 1239 639 et
1257 616 1368 646 repente
1383 613 1409 638 in
1425 613 1533 639 beatum
1551 612 1686 639 irruentes
1697 611 1796 646 Diony-

1016 658 1167 689 sium.eum
1183 657 1264 684 simul
1281 658 1365 692 ligant
1380 665 1440 685 cum
1455 658 1489 685 iis
1501 659 1618 693 quicum
1635 658 1692 693 ipso
1706 662 1794 690 erant,

1016 704 1043 730 in
1058 711 1104 730 ore
1120 703 1238 730 divinant
1252 703 1341 730 adhuc
1359 703 1500 730 habentem
1513 704 1680 737 doctrinam;
1702 705 1797 738 praasi-

1014 748 1087 780 dent,
1100 749 1204 776 rabiem
1225 752 1252 776 et
1268 748 1386 776 furorem
1398 749 1534 784 spirantes
1563 748 1597 775 ad
1618 750 1797 776 examinatio-

1014 801 1086 820 nem.
1103 793 1254 828 Ingreditur
1286 802 1350 829 ergo
1362 794 1402 821 vir
1413 801 1501 829 gener.
1514 801 1561 821 sus
1572 794 1653 822 simul
1664 802 1726 821 cum
1740 794 1797 821 Rn—

1016 839 1083 866 stico
1097 844 1123 866 et
1138 839 1303 870 Eleutherio,
1323 845 1412 867 mente
1425 840 1500 866 ﬁrma
1520 847 1550 866 ac
1567 841 1656 867 stabili
1668 845 1694 867 et
1709 841 1810 868 libero~

1016 885 1116 916 animo,
1132 885 1243 919 perinde
1256 893 1287 912 ac
1304 885 1326 912 si
1344 889 1487 912 vocaretur
1502 885 1534 912 ad
1560 885 1669 917 festum,
1695 894 1749 912 non
1762 886 1794 912 ad

187 932 243 958 Καὶ
252 931 284 966 δὴ
304 931 425 966 θρασέως
441 931 511 957 οὕτω
533 932 579 958 καὶ
599 932 757 967 αὐστηρῶς,
777 933 810 959 ἵν’
832 933 863 959 ὲκ
878 940 963 968 προοι-

1014 933 1162 957 certamen.
1187 931 1352 966 Arroganler
1377 931 1458 966 igitur
1481 935 1508 958 et
1536 939 1652 966 aspere,
1678 935 1708 958 ut
1734 939 1794 958 eum

188 977 250 1012 μίου
262 976 342 1008 εὐθὺς
357 976 557 1011 καταπλήξωσι,
574 978 639 1011 φασὶ
651 978 717 1012 πρὸς
737 978 833 1004 αὐτόν·
852 987 860 1003 ι
874 979 908 1004 Σὺ
932 976 967 1010 εί,

185 1020 209 1048 ὦ
222 1022 363 1057 καταράτη
378 1022 490 1057 κεφαλὴ,
507 1024 520 1048 ὁ
530 1023 591 1054 τοὺς
605 1024 753 1058 ἡμετέρους
769 1023 844 1054 θεοὺς
866 1024 894 1049 ἐν
916 1033 968 1058 μη-

184 1068 241 1094 δενὶ
254 1068 403 1102 τιθέμενος,
426 1070 471 1095 καὶ
486 1068 534 1103 τὴν
549 1069 624 1103 ἡμῶν
637 1070 668 1095 ἐκ
685 1069 766 1104 μέσου
783 1070 893 1104 ποιῆσαι
908 1069 970 1104 θρη-

185 1113 279 1138 σκείαν
300 1113 473 1147 φιλονεικῶν;
498 1114 651 1148 Ἀπὼιριναι
672 1113 735 1145 οὖν,
764 1115 794 1141 τὸ
809 1115 896 1148 γένος,
921 1115 970 1150 τὴν

184 1159 381 1194 ὲνεγκαμένην,
397 1159 425 1185 τὺ
440 1160 615 1195 ἐπιτήδευμα.
629 1170 638 1185 ι
654 1160 682 1187 '0
697 1160 734 1193 δὲ,
751 1160 969 1196 θαρραλεώτερος

186 1204 285 1239 μᾶλλον
309 1205 347 1240 τῷ
370 1205 436 1240 πρὸς
457 1205 572 1241 Χριστὸν
591 1207 735 1242 γενόμενος
757 1207 850 1243 ἔρωτι·
870 1217 878 1233 ι
900 1207 969 1242 Ἐγὼ

184 1249 245 1284 μὲν,
260 1245 282 1274 ὦ
296 1247 381 1280 οὗτος,
400 1250 490 1284 φησὶν,
515 1250 558 1277 ἵνα
580 1250 613 1277 τὰ
632 1250 679 1277 τοῦ
703 1251 797 1285 γένους
821 1252 850 1278 τό
870 1261 901 1285 γε
922 1252 968 1279 νῦν

183 1292 245 1327 ἔχον
260 1293 305 1318 καὶ
323 1293 371 1328 τὴν
390 1294 505 1328 πατρίδα
522 1294 616 1328 παρῶ,
646 1295 763 1330 Χριστοῦ
790 1295 881 1326 δοῦλος
900 1293 968 1323 εἶναι

182 1338 318 1372 ὁμολογῶ.
335 1339 380 1364 καὶ
396 1339 468 1374 μόνῳ
480 1339 565 1374 τούτῳ
579 1339 618 1374 τῷ
636 1348 664 1366 τε
684 1341 793 1375 ἀνάρχῳ
814 1341 901 1376 Πατρὶ
922 1342 968 1368 καὶ

182 1383 223 1418 τῷ
250 1383 374 1418 συναῖδίῳ
402 1385 484 1410 αὐτοῦ
520 1385 641 1420 λατρεύω
675 1386 825 1420 Πνεύματι·
844 1384 968 1420 πέφευγα

181 1428 211 1454 δὲ
226 1429 273 1454 καὶ
286 1429 334 1463 τῆς
349 1429 423 1463 ὑμῶν
439 1429 540 1464 πλάνης
551 1438 557 1445 ·
579 1430 618 1465 τῷ
631 1430 685 1466 γὰρ
702 1431 761 1466 ἐμῷ
784 1431 892 1466 Χριστῷ
917 1432 967 1458 πέ-

182 1473 275 1504 ποιθα,
291 1472 454 1508 καθαιρέτης
472 1475 662 1510 στερρότατος,
688 1475 816 1510 ἀλείπτης
838 1477 968 1511 Χριστια-

181 1519 238 1548 vei;
263 1518 332 1552 πρὸς
359 1518 458 1554 ἀρετὴν
484 1520 664 1554 ἑτοιμότατος.
690 1521 761 1556 Πρὸς
782 1521 867 1547 ταῦτα
890 1522 915 1548 εί
940 1531 966 1548 τι

1014 975 1256 1010 perterrefacerent
1286 977 1378 1003 statim
1402 977 1429 1003 in
1457 977 1609 1011 principio,
1633 977 1657 1004 ei
1677 977 1792 1004 dicunt:

1016 1029 1026 1046 ι
1056 1019 1095 1046 ’l‘u
1131 1028 1176 1054 es,
1205 1028 1221 1047 ο
1250 1022 1446 1048 exsecrandum
1477 1026 1579 1056 caput,
1607 1023 1653 1056 qui
1685 1026 1795 1050 nostros

1013 1064 1078 1092 deos
1095 1065 1171 1092 nihili
1184 1065 1261 1097 facis,
1279 1070 1305 1093 et
1322 1066 1464 1093 contendis
1530 1063 1564 1092 de
1634 1066 1723 1093 medio
1747 1074 1794 1093 no-

1013 1113 1097 1137 stram
1111 1111 1207 1138 tollere
1221 1111 1394 1146 religionem?
1406 1111 1550 1146 Responde
1563 1119 1628 1146 ergo
1637 1131 1643 1142 ,
1667 1111 1738 1146 quod
1759 1112 1795 1139 sit

1013 1158 1088 1181 tuum
1104 1163 1200 1190 genus,
1215 1163 1275 1190 qua:
1290 1160 1316 1182 te
1333 1155 1426 1182 tulerit
1453 1155 1549 1190 patria,
1577 1159 1604 1182 rt
1625 1156 1696 1190 quod
1717 1160 1794 1183 tuum

1012 1201 1143 1228 studium.
1159 1211 1168 1227 ι
1191 1200 1237 1228 Ille
1253 1206 1353 1232 autem,
1380 1208 1472 1228 arnore
1489 1201 1516 1227 in
1534 1201 1672 1229 Christum
1695 1202 1720 1228 ei
1746 1202 1795 1228 ad-

1012 1246 1092 1274 dente
1110 1247 1229 1273 animum
1242 1266 1248 1278 ,
1267 1251 1293 1273 et
1316 1246 1433 1273 faciente
1463 1254 1525 1274 eum
1551 1247 1791 1274 conﬁdentiorcm:

1016 1301 1024 1317 ι
1037 1290 1093 1326 Ego
1108 1291 1227 1326 quidem,
1242 1292 1342 1326 inquit,
1355 1299 1371 1318 ο
1385 1299 1445 1323 vos,
1461 1295 1523 1318 utet
1538 1300 1623 1326 genus
1636 1296 1662 1319 et
1678 1292 1792 1326 patriam

1013 1337 1134 1364 omittam
1152 1338 1178 1363 in
1193 1337 1350 1371 praesentia,
1362 1344 1404 1364 me
1415 1337 1517 1364 Christi
1531 1345 1638 1364 servum
1654 1345 1715 1365 esse
1727 1346 1793 1365 coll-

1013 1382 1099 1414 ﬁteor,
1116 1387 1141 1409 et
1150 1390 1212 1409 eum
1232 1383 1331 1414 solum,
1344 1386 1371 1410 et
1387 1381 1511 1416 Patrem,
1527 1383 1573 1418 qui
1593 1388 1667 1410 caret
1688 1384 1791 1417 princi-

1012 1429 1066 1463 pio,
1082 1433 1108 1455 et
1125 1434 1286 1455 eowternum
1298 1429 1357 1462 ejus
1370 1429 1429 1456 colo
1439 1427 1581 1464 Spiritum.
1591 1429 1688 1464 Aufugi
1703 1433 1791 1456 autem

1011 1482 1026 1501 ιι
1037 1478 1128 1502 vestro
1142 1483 1244 1507 errore.
1261 1474 1447 1502 validissimus
1463 1475 1502 1509 (in
1517 1482 1575 1502 meo
1591 1475 1662 1502 enim
1684 1475 1762 1502 Chris
1776 1484 1791 1502 ο

1012 1520 1097 1547 habeo
1107 1520 1242 1555 ﬁduciam)
1252 1525 1405 1548 vestrorum
1415 1521 1526 1548 deorum
1543 1520 1711 1552 delurbator,
1723 1521 1765 1547 r-ln
1773 1521 1792 1547 i-

182 1564 417 1598 προστεταγμένον
431 1565 504 1600 ὑμῖν,
515 1566 657 1600 πράσσετε.
673 1576 680 1590 ι
698 1567 750 1591 Καὶ
766 1566 813 1602 τὴν
828 1567 872 1593 τοῦ
889 1568 963 1602 ἁγίου

1011 1567 1216 1600 stianorumque
1241 1565 1274 1592 ad
1300 1566 1428 1592 virtutem
1444 1565 1603 1593 exhortator
1618 1567 1791 1600 promptissi-

182 1608 290 1642 γνόντες
304 1610 328 1634 οἱ
352 1609 492 1644 δυσμενεῖς
514 1610 581 1644 μετὰ
604 1611 735 1642 συνέσεως
750 1611 873 1639 ἔνστασιν
886 1632 893 1644 ,
920 1613 968 1640 τὸν

181 1653 268 1688 θυμὸν
279 1655 318 1685 εἰς
332 1653 449 1680 θωπείαν
459 1655 611 1689 ἀμείϐουσι,
627 1657 684 1687 καὶ,
703 1666 711 1681 ι
725 1657 768 1692 Μὴ
777 1657 825 1692 τὴν
836 1657 884 1692 σὴν
900 1657 966 1684 ἔντιμα

183 1707 232 1733 μον
247 1699 342 1725 πολιὰν
357 1700 505 1736 ἀτιμώσῃς,
517 1701 592 1734 φασὶ,
602 1701 731 1732 Διονύσιε,
749 1703 814 1737 μηδὲ
829 1703 898 1730 τέλει
914 1704 964 1739 τὴν

182 1743 263 1778 φίλην
278 1745 399 1779 ἑταιρίαν
414 1745 505 1780 πικρῷ
520 1746 646 1781 παραδῷς
656 1755 662 1762 ·
680 1747 846 1782 πείσθητιτὰ
861 1749 966 1784 χρηστὰ

181 1789 403 1823 συμϐουλεύουσι,
419 1791 465 1816 καὶ
479 1791 508 1816 τὸ
519 1791 564 1816 τοῦ
582 1791 713 1826 βασιλέως
726 1792 826 1827 κράτος
846 1794 878 1820 δι’
888 1794 965 1828 ἡμῶν

181 1834 300 1861 ικετεῦὀν
317 1843 345 1861 σε
366 1835 552 1871 δυσωπήθητι·
566 1836 699 1872 πείσθητι,
716 1838 775 1870 φίλε
789 1839 890 1873 χρηστὲ
904 1841 965 1865 Διο-

179 1880 274 1911 νύσιε,
295 1882 351 1912 τοῖς
372 1882 516 1916 ἡμετέροις
544 1882 623 1908 θῦσαι
651 1882 731 1914 θεοῖς,
760 1883 900 1918 πείσθητι·
918 1885 965 1912 καὶ

179 1926 288 1961 πρῶτος
302 1926 354 1952 τῶν
373 1927 425 1953 ὑπὸ
446 1928 494 1962 τὴν
510 1927 645 1961 βασιλείαν
660 1927 708 1963 ἔσῃ
726 1928 793 1962 μετὰ
807 1928 860 1954 τῶν
876 1929 937 1956 σῶν.
952 1932 995 1957 »ἵ

185 1971 259 2000 Ὀδὲ,
272 1980 281 1996 ι
294 1971 479 2007 Πεπλάνησθε,
491 1973 566 2008 φησὶ,
574 1972 622 2007 τῆς
634 1973 767 2008 προτέρας
777 1973 878 2008 πλάνην
893 1975 922 2000 οὺ
931 1975 963 2009 (‘)

180 2016 301 2051 χείρονα,
321 2018 344 2042 εἰ
358 2018 406 2051 ἐμὲ
416 2017 540 2052 συλήσειν
555 2018 571 2052 ἡ
587 2026 645 2044 τινα
663 2017 716 2044 τῶν
736 2018 809 2053 ἐμῶν
830 2019 897 2050 ὅλως
910 2019 964 2055 ᾠή-

181 2061 246 2096 om:
258 2070 264 2076 ·
280 2063 353 2096 ἡμᾶς
366 2062 430 2098 γὰρ,
445 2060 474 2088 εὖ
492 2062 561 2095 ἴστε,
577 2063 607 2089 οὐ
621 2063 708 2098 τιμαὶ,
728 2063 776 2088 οὐκ
792 2063 914 2098 ἀτιμίαι,
932 2065 962 2090 οὐ

181 2107 306 2137 θωπεῖαι,
322 2108 351 2133 οὐ
368 2108 487 2142 βάσανοι,
498 2109 548 2135 οὐκ
562 2108 624 2135 ἄλλο
639 2117 665 2135 τι
680 2108 732 2135 τῶν
748 2108 873 2136 ἁπάντων
888 2109 963 2137 οὐδὲν

180 2153 291 2186 χωρίσει
303 2152 428 2186 Χριστοῦ.
443 2162 452 2178 ι

1011 1618 1082 1638 mus.
1097 1611 1139 1637 Ad
1155 1611 1212 1638 haec
1225 1610 1315 1642 facile,
1333 1611 1356 1637 si
1372 1610 1437 1645 quid
1454 1614 1495 1638 est
1509 1611 1585 1638 vobis
1599 1611 1788 1645 imperatum.)

1013 1654 1139 1684 Videntes
1155 1660 1244 1684 autem
1269 1656 1405 1688 malevoli,
1428 1656 1515 1683 sancti
1531 1656 1713 1683 constantiam
1728 1663 1790 1682 cum

1010 1701 1152 1736 prudentia
1162 1702 1349 1736 conjunctam,
1362 1701 1431 1728 iram
1441 1705 1546 1727 mutant
1557 1701 1584 1728 in
1597 1701 1790 1731 adulationem,

1009 1750 1046 1779 et,
1063 1756 1072 1772 ι
1086 1747 1122 1774 Ne
1136 1752 1219 1780 tuam,
1236 1755 1252 1774 ο
1267 1746 1388 1782 Dionysi,
1405 1746 1509 1780 dicunt,
1529 1747 1656 1774 canitiem
1670 1747 1803 1774 aﬂ‘eceris:

1009 1794 1183 1825 contumelia,
1195 1801 1283 1828 neque
1293 1793 1392 1821 charos
1406 1793 1513 1820 sodales
1525 1793 1604 1820 morti
1617 1793 1721 1820 acerbae
1735 1788 1792 1819 tr:-

1009 1838 1124 1871 dideris;
1137 1845 1201 1872 pare
1220 1842 1293 1865 recte
1308 1838 1513 1865 consulentibus
1527 1857 1534 1869 ,
1564 1841 1590 1864 et
1618 1837 1791 1872 imperatoris

1008 1884 1168 1918 potentiam,
1189 1890 1236 1917 per
1254 1891 1305 1910 nos
1321 1887 1346 1910 te
1364 1888 1513 1918 rogantem,
1543 1883 1660 1909 revereri
1679 1890 1791 1916 persua-

1009 1928 1109 1959 dearis,
1127 1936 1143 1954 o
1159 1928 1239 1954 chare
1253 1932 1280 1954 et
1297 1928 1366 1955 bone
1382 1928 1503 1963 Dionysi:
1519 1928 1571 1955 diis
1583 1929 1685 1956 nostris
1705 1930 1791 1956 sacri-

1009 1973 1090 2000 ﬁcare
1105 1973 1295 2008 persuadearis
1306 1976 1332 2000 et
1350 1973 1405 2000 eris
1425 1981 1486 2000 cum
1508 1973 1562 2000 tuis
1576 1974 1680 2008 primus
1695 1981 1789 2000 eorum

1008 2020 1055 2055 qui
1071 2020 1194 2047 suntsub
1208 2019 1332 2053 imperio.
1347 2029 1355 2044 ι
1370 2019 1415 2046 Ille
1426 2023 1531 2046 autem:
1550 2028 1558 2044 ι
1569 2019 1676 2051 Vester,
1690 2019 1788 2054 inquit,

1009 2065 1053 2091 hic
1073 2072 1151 2091 error
1172 2068 1213 2092 est
1230 2065 1304 2099 pejor
1316 2065 1417 2099 priore,
1433 2065 1456 2092 si
1483 2065 1582 2099 putetis
1605 2064 1673 2096 fore,
1688 2068 1718 2091 ut
1735 2072 1787 2096 me,

1009 2115 1055 2138 aut
1071 2119 1190 2137 meorum
1200 2111 1316 2145 aliquem
1335 2110 1482 2138 seduiiatis.
1508 2110 1564 2137 Hoc
1589 2110 1661 2137 enim
1681 2110 1786 2140 sciatis,

1008 2156 1079 2192 quod
1094 2164 1143 2182 nos
1159 2165 1211 2183 non
1223 2156 1356 2189 honores,
1374 2163 1427 2183 non
1443 2156 1626 2190 contumeliae,
1643 2163 1696 2184 non
1709 2156 1786 2183 blan—

170 2200 254 2230 ditias,
275 2207 328 2227 non
346 2204 496 2232 tormenta,
519 2208 607 2235 neque
626 2201 728 2236 aliquid
747 2203 818 2230 aliud
842 2205 954 2232 omnino
970 2205 1106 2239 separabit
1126 2215 1140 2234 ιι
1152 2209 1292 2239 Christo..

219 2263 356 2289 Ἐντεῦθεν
366 2284 373 2296 ,
389 2265 448 2290 ἐπεὶ
470 2264 506 2300 μὴ
532 2262 581 2291 οἷοὶ
595 2273 623 2292 τε
643 2266 743 2292 πείθειν
756 2267 912 2302 ἐτύγχανον,
927 2269 957 2295 τὸ

1039 2265 1169 2299 Deinceps
1181 2273 1245 2299 ergo
1258 2273 1319 2293 cum
1339 2271 1514 2300 nonpossent
1535 2267 1713 2301 persuadere,
1735 2267 1783 2294 dw-

175 2311 342 2343 προσωπεῖον
358 2310 404 2335 καὶ
425 2309 473 2344 τὴν
498 2311 641 2345 ὑπόκρισιν
662 2312 841 2346 ἀποθέμενοι,
861 2314 899 2348 τῷ
925 2323 956 2340 τε

174 2353 252 2388 θυμῷ
267 2354 346 2380 πλέον
362 2354 497 2386 ζέσαντες.
514 2356 560 2382 καὶ
580 2357 628 2390 τῆς
649 2356 781 2392 καθέδρας
805 2358 915 2392 μανικόν
928 2367 954 2386 τι

174 2400 220 2425 καὶ
235 2401 485 2435 παρακεκινημένον
501 2400 701 2433 ἐξαναστάντες·
721 2411 731 2427 ι
749 2403 816 2438 Παρ⁵
831 2403 916 2438 ὑμῶν,
931 2399 955 2431 ὧ

172 2445 289 2480 ἀνόητοι,
306 2446 434 2481 Διονυσίῳ
448 2447 514 2481 φασὶ
536 2447 582 2472 καὶ
603 2448 658 2477 τοῖς
681 2446 750 2481 μετὰ
762 2447 843 2474 αὑτοῦ
854 2467 861 2480 ,
876 2448 911 2475 τά
924 2457 954 2475 τε

172 2490 225 2516 τῶν
241 2490 308 2516 θεῶν
322 2491 474 2525 ἁτιμοῦται,
484 2491 528 2518 καὶ
542 2491 628 2517 τὰ.τοῦ
637 2492 833 2528 αὐτοκράτορος
848 2501 952 2529 μυκτη-

174 2535 286 2569 ρίζεται,
303 2537 348 2561 καὶ
360 2538 487 2570 μαγικαῖς
500 2538 630 2567 ἐπινοίαις
645 2537 723 2572 δῆθεν
734 2538 771 2569 ὡς
782 2538 953 2575 θαυματουρ-

173 2580 246 2614 γίαις
257 2581 334 2615 ὑμεῖς
344 2582 405 2612 τοὺς
420 2581 470 2607 ὑπὸ
483 2582 529 2616 τὴν
540 2582 639 2608 τούτων
649 2583 734 2618 ἀρχὴν
744 2584 893 2610 ὑποσυλᾶτε
905 2586 951 2612 καὶ

173 2625 376 2661 σφετερίζεσθε;
390 2636 398 2651 ι
410 2627 440 2652 Oi
454 2627 480 2652 δὲ
489 2627 569 2660 ἅγιοι,
582 2637 590 2652 ι
610 2628 715 2662 Ὅμοιοι
729 2629 819 2660 αὐτοῖς
834 2629 951 2663 γένοιντο

171 2672 196 2697 οἱ
218 2672 370 2707 τιμῶντεςὶ
391 2682 400 2698 ›
415 2673 463 2707 μιᾷ
485 2672 551 2708 πρὸς
566 2673 662 2704 αὐτοὺς
682 2673 784 2708 ἔφησαν
798 2676 830 2709 τῇ
858 2676 947 2710 ιγεωνῇ⁸

173 2725 183 2742 ‹
199 2718 275 2752 ἡμεῖς
289 2718 317 2744 δὲ
339 2718 369 2744 οὐ
393 2719 522 2753 μαγικαῖς
545 2719 689 2750 ἐπινοίαις,
719 2719 756 2751 ὡς
773 2719 848 2745 αὐτοί
871 2728 948 2754 φατε,

171 2761 236 2788 ἀλλὰ
250 2764 282 2797 τῇ
297 2763 343 2788 τοῦ
365 2762 431 2788 Θεοῦ
453 2762 529 2797 ἡμῶν
551 2764 596 2789 καὶ
615 2765 647 2798 τῇ
663 2763 707 2790 τοῦ
723 2763 853 2795 ζωοποιοῦ
867 2765 947 2791 αὑτοῦ

170 2807 324 2843 Πνεύματος
338 2808 478 2843 ἐπικλήσει
493 2808 539 2834 καὶ
565 2809 688 2844 ἐνεργείᾳ
710 2809 818 2843 τυφλοῖς
839 2809 868 2836 τὸ
890 2809 947 2844 βλέ-

170 2861 240 2884 πειν,
257 2855 357 2886 κωφοῖς
372 2853 402 2878 τὸ
416 2853 514 2885 λαλεῖν,
526 2853 602 2887 βάσιν
617 2863 645 2880 τε
660 2856 764 2889 χωλοῖς,
787 2855 833 2881 καὶ
855 2855 944 2890 δαιμο-

209 2910 241 2942 (‘)
260 2910 313 2938 Aut
326 2911 469 2946 legendum
487 2913 593 2946 χείρονα
611 2919 667 2940 sine
685 2916 724 2943 es.
742 2923 802 2942 eam
821 2915 976 2945 interprete.

1003 2311 1091 2345 posita
1110 2318 1224 2344 persona
1235 2314 1261 2336 et
1276 2311 1459 2342 simulatione,
1472 2319 1534 2338 cum
1548 2312 1587 2338 ira
1603 2312 1688 2346 magis
1709 2313 1784 2339 elici--

1004 2356 1137 2386 buissent,
1156 2359 1182 2382 et
1200 2363 1215 2382 e
1234 2355 1363 2382 cathedra
1379 2355 1492 2387 furiose,
1508 2360 1535 2383 et
1551 2362 1639 2384 mente
1653 2358 1783 2392 quodam-

1003 2401 1084 2427 modo
1098 2405 1185 2427 emota
1216 2401 1414 2428 surrexissent:
1435 2410 1443 2426 ι
1456 2401 1476 2427 A
1493 2402 1581 2434 vobis,
1605 2409 1622 2429 ο
1649 2406 1781 2433 amentes.

1003 2444 1131 2480 Dionysio
1151 2445 1253 2477 dicunt,
1274 2450 1301 2472 et
1312 2446 1345 2473 iis
1356 2447 1402 2480 qui
1415 2454 1476 2473 eum
1493 2447 1552 2481 ipso
1564 2452 1653 2478 erant,
1663 2447 1702 2475 dii
1716 2456 1781 2476 con-

1003 2494 1170 2520 temmn..ur,
1186 2495 1212 2517 et
1226 2491 1373 2524 imperator
1392 2492 1536 2519 irridetur:
1553 2496 1581 2520 et
1598 2494 1704 2520 artibus
1725 2501 1779 2520 ma-

1002 2534 1080 2571 gicis,
1097 2536 1208 2570 perinde
1237 2543 1268 2562 ac
1285 2536 1435 2568 miraculis,
1456 2545 1514 2568 eos,
1531 2538 1577 2572 qui
1603 2539 1665 2572 ejus
1687 2544 1781 2573 parent

1002 2581 1126 2616 imperio,
1143 2582 1176 2608 ab
1189 2589 1221 2608 eo
1236 2582 1385 2613 abducitis,
1400 2587 1426 2609 et
1441 2582 1473 2608 ad
1490 2587 1595 2610 vestras
1611 2589 1700 2618 partes
1723 2589 1779 2611 tra-

1001 2626 1118 2654 ducitis?
1130 2637 1138 2652 ι
1155 2626 1247 2654 Sancti
1258 2633 1357 2659 autem,
1372 2637 1381 2653 ι
1393 2627 1500 2656 Similes
1516 2629 1554 2655 eis
1566 2628 1640 2659 ﬁant,
1650 2629 1695 2662 qui
1706 2629 1780 2663 ipsos

1000 2673 1103 2704 colunt,
1116 2682 1125 2698 ι
1135 2673 1174 2699 eis
1182 2681 1234 2700 una
1247 2681 1311 2700 voce
1321 2674 1465 2706 dixerunt;
1478 2684 1486 2699 ι
1499 2681 1548 2701 nos
1557 2678 1708 2701 autemnon
1723 2682 1764 2700 ma
1775 2690 1780 2694 -

1001 2719 1068 2753 gicis
1084 2719 1198 2750 artibus,
1212 2724 1240 2747 ut
1251 2720 1352 2750 dicitis.
1375 2719 1423 2747 sed
1446 2719 1490 2747 Dei
1517 2721 1603 2747 nostri
1625 2724 1651 2748 et
1680 2721 1778 2747 viviﬁci

1001 2765 1061 2798 ejus
1076 2764 1192 2799 Spiritus
1209 2766 1379 2793 invocatione
1400 2769 1427 2792 ct
1451 2766 1619 2800 operatione,
1636 2767 1714 2793 caecis
1739 2769 1780 2794 vi-

1001 2816 1072 2841 sum,
1090 2812 1171 2838 nmtis
1188 2819 1349 2845 sermonem,
1365 2812 1470 2839 claudis
1486 2812 1639 2846 ingressum
1651 2833 1658 2844 ,
1678 2817 1704 2840 et
1723 2813 1778 2839 die-

1001 2857 1134 2884 moniacis
1156 2858 1305 2891 prrebeums
1325 2858 1501 2884 curationem.
1525 2858 1644 2890 Quorum
1675 2867 1707 2886 ne
1725 2858 1778 2886 sibi

999 2921 1043 2943 aut
1061 2916 1234 2943 scribendum
1252 2915 1281 2941 οὗ
1296 2916 1446 2951 κρείττονα.
1463 2914 1539 2943 le'r.
1554 2915 1638 2945 Pura.
