  <div class='ocr_page' id='page_1' title='image "/cluster/home/n/w/nwhite01/storage/ocr_20150623/115/njp.32101077772976/571.png"; bbox 0 0 2067 3150; ppageno 0'>
   <div class='ocr_carea' id='block_1_1' title="bbox 217 218 284 251">
    <p class='ocr_par' dir='ltr' id='par_1_1' title="bbox 217 218 284 251">
     <span class='ocr_line' id='line_1_1' title="bbox 217 218 284 251; baseline 0.015 -1"><span class='ocrx_word' id='word_1_1' title='bbox 217 218 284 251; x_wconf 55' lang='grc'><strong>1047</strong></span> 
     </span>
    </p>
   </div>
   <div class='ocr_carea' id='block_1_2' title="bbox 874 216 1215 249">
    <p class='ocr_par' dir='ltr' id='par_1_2' title="bbox 874 216 1215 249">
     <span class='ocr_line' id='line_1_2' title="bbox 874 216 1215 249; baseline 0 -2"><span class='ocrx_word' id='word_1_2' title='bbox 874 216 1016 248; x_wconf 82' lang='lat' dir='ltr'><strong>MENSIS</strong></span> <span class='ocrx_word' id='word_1_3' title='bbox 1030 217 1215 249; x_wconf 78' lang='lat' dir='ltr'><strong>OCTOBER.</strong></span> 
     </span>
    </p>
   </div>
   <div class='ocr_carea' id='block_1_3' title="bbox 1503 215 1624 229">
    <p class='ocr_par' dir='ltr' id='par_1_3' title="bbox 1503 215 1624 229">
     <span class='ocr_line' id='line_1_3' title="bbox 1503 215 1624 229; baseline 0 0"><span class='ocrx_word' id='word_1_4' title='bbox 1503 215 1624 229; x_wconf 68' lang='lat'><strong>“--»~.....</strong></span> 
     </span>
    </p>
   </div>
   <div class='ocr_carea' id='block_1_4' title="bbox 1781 218 1848 253">
    <p class='ocr_par' dir='ltr' id='par_1_4' title="bbox 1781 218 1848 253">
     <span class='ocr_line' id='line_1_4' title="bbox 1781 218 1848 253; baseline 0.03 -2"><span class='ocrx_word' id='word_1_5' title='bbox 1781 218 1848 253; x_wconf 69' lang='grc'><strong>1648</strong></span> 
     </span>
    </p>
   </div>
   <div class='ocr_carea' id='block_1_5' title="bbox 229 261 1021 305">
    <p class='ocr_par' dir='ltr' id='par_1_5' title="bbox 229 261 1006 305">
     <span class='ocr_line' id='line_1_5' title="bbox 229 261 1006 305; baseline 0 -8"><span class='ocrx_word' id='word_1_6' title='bbox 229 271 338 305; x_wconf 82' lang='lat' dir='ltr'><strong>quidem</strong></span> <span class='ocrx_word' id='word_1_7' title='bbox 354 261 468 305; x_wconf 72' lang='lat' dir='ltr'><strong>possunt</strong></span> <span class='ocrx_word' id='word_1_8' title='bbox 480 269 561 297; x_wconf 88' lang='lat' dir='ltr'><strong>vestri</strong></span> <span class='ocrx_word' id='word_1_9' title='bbox 572 269 608 296; x_wconf 90' lang='lat' dir='ltr'><strong>dii</strong></span> <span class='ocrx_word' id='word_1_10' title='bbox 621 268 766 304; x_wconf 84' lang='lat' dir='ltr'><strong>quidquam</strong></span> <span class='ocrx_word' id='word_1_11' title='bbox 778 268 907 303; x_wconf 58' lang='lat' dir='ltr'><strong>prabere,</strong></span> <span class='ocrx_word' id='word_1_12' title='bbox 921 274 949 296; x_wconf 92' lang='lat' dir='ltr'><strong>ut</strong></span> <span class='ocrx_word' id='word_1_13' title='bbox 961 273 1006 304; x_wconf 92' lang='lat' dir='ltr'><strong>qui</strong></span> 
     </span>
    </p>
   </div>
   <div class='ocr_carea' id='block_1_6' title="bbox 1066 261 1834 305">
    <p class='ocr_par' dir='ltr' id='par_1_6' title="bbox 1066 261 1834 305">
     <span class='ocr_line' id='line_1_6' title="bbox 1066 261 1834 305; baseline 0.003 -8"><span class='ocrx_word' id='word_1_14' title='bbox 1066 271 1120 297; x_wconf 82' lang='grc' dir='ltr'><strong>Ιὦσι</strong></span> <span class='ocrx_word' id='word_1_15' title='bbox 1135 269 1302 305; x_wconf 72' lang='grc' dir='ltr'><strong>προσέχομεν</strong></span> <span class='ocrx_word' id='word_1_16' title='bbox 1318 270 1404 296; x_wconf 71' lang='grc' dir='ltr'>ἴασιν·</span> <span class='ocrx_word' id='word_1_17' title='bbox 1426 268 1463 297; x_wconf 82' lang='grc' dir='ltr'>ὢν</span> <span class='ocrx_word' id='word_1_18' title='bbox 1490 261 1550 298; x_wconf 64' lang='grc' dir='ltr'>ουδὲ</span> <span class='ocrx_word' id='word_1_19' title='bbox 1578 273 1683 303; x_wconf 77' lang='grc' dir='ltr'><strong>ἑαυτοῖς</strong></span> <span class='ocrx_word' id='word_1_20' title='bbox 1711 273 1785 299; x_wconf 75' lang='grc' dir='ltr'>οὐδὲν</span> <span class='ocrx_word' id='word_1_21' title='bbox 1808 274 1834 298; x_wconf 73' lang='grc' dir='ltr'>οὶ</span> 
     </span>
    </p>
   </div>
   <div class='ocr_carea' id='block_1_7' title="bbox 230 314 1008 351">
    <p class='ocr_par' dir='ltr' id='par_1_7' title="bbox 230 314 1008 351">
     <span class='ocr_line' id='line_1_7' title="bbox 230 314 1008 351; baseline -0.003 -8"><span class='ocrx_word' id='word_1_22' title='bbox 230 316 288 344; x_wconf 88' lang='lat' dir='ltr'><strong>sint</strong></span> <span class='ocrx_word' id='word_1_23' title='bbox 304 316 374 351; x_wconf 72' lang='lat' dir='ltr'><strong>ligna</strong></span> <span class='ocrx_word' id='word_1_24' title='bbox 391 319 417 342; x_wconf 88' lang='lat' dir='ltr'><strong>et</strong></span> <span class='ocrx_word' id='word_1_25' title='bbox 432 315 545 349; x_wconf 77' lang='lat' dir='ltr'><strong>lapides.</strong></span> <span class='ocrx_word' id='word_1_26' title='bbox 562 314 597 342; x_wconf 74' lang='lat' dir='ltr'><strong>Os</strong></span> <span class='ocrx_word' id='word_1_27' title='bbox 606 315 674 341; x_wconf 78' lang='lat' dir='ltr'><strong>enim</strong></span> <span class='ocrx_word' id='word_1_28' title='bbox 685 314 790 345; x_wconf 65' lang='lat' dir='ltr'><strong>habent,</strong></span> <span class='ocrx_word' id='word_1_29' title='bbox 802 319 886 341; x_wconf 84' lang='lat' dir='ltr'><strong>etnon</strong></span> <span class='ocrx_word' id='word_1_30' title='bbox 901 315 1008 346; x_wconf 76' lang='lat' dir='ltr'><strong>loquun-</strong></span> 
     </span>
    </p>
   </div>
   <div class='ocr_carea' id='block_1_8' title="bbox 232 358 1008 391">
    <p class='ocr_par' dir='ltr' id='par_1_8' title="bbox 232 358 1008 391">
     <span class='ocr_line' id='line_1_8' title="bbox 232 358 1008 391; baseline -0.004 -4"><span class='ocrx_word' id='word_1_31' title='bbox 232 365 291 387; x_wconf 84' lang='lat' dir='ltr'><strong>tur:</strong></span> <span class='ocrx_word' id='word_1_32' title='bbox 310 360 410 391; x_wconf 75' lang='lat' dir='ltr'><strong>oculos,</strong></span> <span class='ocrx_word' id='word_1_33' title='bbox 423 363 447 385; x_wconf 82' lang='lat' dir='ltr'><strong>et</strong></span> <span class='ocrx_word' id='word_1_34' title='bbox 464 367 514 385; x_wconf 87' lang='lat' dir='ltr'><strong>nun</strong></span> <span class='ocrx_word' id='word_1_35' title='bbox 526 358 628 385; x_wconf 78' lang='lat' dir='ltr'><strong>vident:</strong></span> <span class='ocrx_word' id='word_1_36' title='bbox 645 366 733 388; x_wconf 77' lang='lat' dir='ltr'><strong>aures,</strong></span> <span class='ocrx_word' id='word_1_37' title='bbox 749 363 772 384; x_wconf 80' lang='lat' dir='ltr'><strong>et</strong></span> <span class='ocrx_word' id='word_1_38' title='bbox 793 366 845 385; x_wconf 85' lang='lat' dir='ltr'><strong>non</strong></span> <span class='ocrx_word' id='word_1_39' title='bbox 860 358 971 384; x_wconf 76' lang='lat' dir='ltr'><strong>audiunt</strong></span> <span class='ocrx_word' id='word_1_40' title='bbox 983 359 1008 387; x_wconf 66' lang='grc' dir='ltr'>ι,</span> 
     </span>
    </p>
   </div>
   <div class='ocr_carea' id='block_1_9' title="bbox 231 404 1007 439">
    <p class='ocr_par' dir='ltr' id='par_1_9' title="bbox 231 404 1007 439">
     <span class='ocr_line' id='line_1_9' title="bbox 231 404 1007 439; baseline -0.001 -7"><span class='ocrx_word' id='word_1_41' title='bbox 231 404 321 433; x_wconf 87' lang='lat' dir='ltr'><strong>Unum</strong></span> <span class='ocrx_word' id='word_1_42' title='bbox 337 405 388 432; x_wconf 87' lang='lat' dir='ltr'><strong>hoc</strong></span> <span class='ocrx_word' id='word_1_43' title='bbox 402 405 489 432; x_wconf 86' lang='lat' dir='ltr'><strong>solum</strong></span> <span class='ocrx_word' id='word_1_44' title='bbox 503 404 579 431; x_wconf 84' lang='lat' dir='ltr'><strong>vobis</strong></span> <span class='ocrx_word' id='word_1_45' title='bbox 593 404 725 431; x_wconf 82' lang='lat' dir='ltr'><strong>etliciunt:</strong></span> <span class='ocrx_word' id='word_1_46' title='bbox 743 404 893 431; x_wconf 88' lang='lat' dir='ltr'><strong>accendunt</strong></span> <span class='ocrx_word' id='word_1_47' title='bbox 909 405 1007 439; x_wconf 83' lang='lat' dir='ltr'><strong>ignem,</strong></span> 
     </span>
    </p>
   </div>
   <div class='ocr_carea' id='block_1_10' title="bbox 231 449 1008 486">
    <p class='ocr_par' dir='ltr' id='par_1_10' title="bbox 231 449 1008 486">
     <span class='ocr_line' id='line_1_10' title="bbox 231 449 1008 486; baseline -0.001 -8"><span class='ocrx_word' id='word_1_48' title='bbox 231 452 277 486; x_wconf 91' lang='lat' dir='ltr'><strong>qui</strong></span> <span class='ocrx_word' id='word_1_49' title='bbox 289 458 427 485; x_wconf 83' lang='lat' dir='ltr'><strong>nunquam</strong></span> <span class='ocrx_word' id='word_1_50' title='bbox 441 450 555 477; x_wconf 88' lang='lat' dir='ltr'><strong>desinet.</strong></span> <span class='ocrx_word' id='word_1_51' title='bbox 569 459 578 475; x_wconf 77' lang='grc' dir='ltr'><strong>ι</strong></span> <span class='ocrx_word' id='word_1_52' title='bbox 591 449 725 477; x_wconf 82' lang='lat' dir='ltr'><strong>Adversus</strong></span> <span class='ocrx_word' id='word_1_53' title='bbox 736 449 792 475; x_wconf 75' lang='lat' dir='ltr'><strong>haec</strong></span> <span class='ocrx_word' id='word_1_54' title='bbox 806 457 867 476; x_wconf 87' lang='lat' dir='ltr'><strong>cum</strong></span> <span class='ocrx_word' id='word_1_55' title='bbox 879 458 931 476; x_wconf 92' lang='lat' dir='ltr'><strong>non</strong></span> <span class='ocrx_word' id='word_1_56' title='bbox 943 458 1008 484; x_wconf 82' lang='lat' dir='ltr'><strong>pos-</strong></span> 
     </span>
    </p>
   </div>
   <div class='ocr_carea' id='block_1_11' title="bbox 233 495 1008 531">
    <p class='ocr_par' dir='ltr' id='par_1_11' title="bbox 233 495 1008 531">
     <span class='ocr_line' id='line_1_11' title="bbox 233 495 1008 531; baseline -0.004 -6"><span class='ocrx_word' id='word_1_57' title='bbox 233 501 295 525; x_wconf 89' lang='lat' dir='ltr'><strong>sent</strong></span> <span class='ocrx_word' id='word_1_58' title='bbox 311 497 418 531; x_wconf 84' lang='lat' dir='ltr'><strong>tyranni</strong></span> <span class='ocrx_word' id='word_1_59' title='bbox 435 495 632 527; x_wconf 74' lang='lat' dir='ltr'><strong>contradicere,</strong></span> <span class='ocrx_word' id='word_1_60' title='bbox 649 499 724 522; x_wconf 87' lang='lat' dir='ltr'><strong>torve</strong></span> <span class='ocrx_word' id='word_1_61' title='bbox 736 499 762 522; x_wconf 88' lang='lat' dir='ltr'><strong>et</strong></span> <span class='ocrx_word' id='word_1_62' title='bbox 772 495 867 522; x_wconf 77' lang='lat' dir='ltr'><strong>insane</strong></span> <span class='ocrx_word' id='word_1_63' title='bbox 877 503 924 522; x_wconf 90' lang='lat' dir='ltr'><strong>eos</strong></span> <span class='ocrx_word' id='word_1_64' title='bbox 936 496 1008 530; x_wconf 85' lang='lat' dir='ltr'><strong>aspi-</strong></span> 
     </span>
    </p>
   </div>
   <div class='ocr_carea' id='block_1_12' title="bbox 232 539 1007 576">
    <p class='ocr_par' dir='ltr' id='par_1_12' title="bbox 232 539 1007 576">
     <span class='ocr_line' id='line_1_12' title="bbox 232 539 1007 576; baseline -0.006 -5"><span class='ocrx_word' id='word_1_65' title='bbox 232 545 346 576; x_wconf 84' lang='lat' dir='ltr'><strong>cientes,</strong></span> <span class='ocrx_word' id='word_1_66' title='bbox 360 543 464 570; x_wconf 84' lang='lat' dir='ltr'><strong>strictis</strong></span> <span class='ocrx_word' id='word_1_67' title='bbox 477 541 574 576; x_wconf 80' lang='lat' dir='ltr'><strong>gladiis</strong></span> <span class='ocrx_word' id='word_1_68' title='bbox 590 548 618 568; x_wconf 91' lang='lat' dir='ltr'><strong>se</strong></span> <span class='ocrx_word' id='word_1_69' title='bbox 636 543 732 574; x_wconf 83' lang='lat' dir='ltr'><strong>parant</strong></span> <span class='ocrx_word' id='word_1_70' title='bbox 798 539 831 566; x_wconf 90' lang='lat' dir='ltr'><strong>ad</strong></span> <span class='ocrx_word' id='word_1_71' title='bbox 892 541 1007 572; x_wconf 62' lang='lat' dir='ltr'><strong>caedem;</strong></span> 
     </span>
    </p>
   </div>
   <div class='ocr_carea' id='block_1_13' title="bbox 232 585 1010 622">
    <p class='ocr_par' dir='ltr' id='par_1_13' title="bbox 232 585 1010 622">
     <span class='ocr_line' id='line_1_13' title="bbox 232 585 1010 622; baseline -0.006 -6"><span class='ocrx_word' id='word_1_72' title='bbox 232 593 343 620; x_wconf 88' lang='lat' dir='ltr'><strong>etcum,</strong></span> <span class='ocrx_word' id='word_1_73' title='bbox 364 592 492 622; x_wconf 78' lang='lat' dir='ltr'><strong>tanquam</strong></span> <span class='ocrx_word' id='word_1_74' title='bbox 509 587 585 621; x_wconf 74' lang='lat' dir='ltr'><strong>signo</strong></span> <span class='ocrx_word' id='word_1_75' title='bbox 602 586 674 617; x_wconf 84' lang='lat' dir='ltr'><strong>dato,</strong></span> <span class='ocrx_word' id='word_1_76' title='bbox 691 593 738 612; x_wconf 84' lang='lat' dir='ltr'><strong>eos</strong></span> <span class='ocrx_word' id='word_1_77' title='bbox 758 585 915 612; x_wconf 80' lang='lat' dir='ltr'><strong>eduxissent</strong></span> <span class='ocrx_word' id='word_1_78' title='bbox 935 589 1010 612; x_wconf 81' lang='lat' dir='ltr'><strong>extra</strong></span> 
     </span>
    </p>
   </div>
   <div class='ocr_carea' id='block_1_14' title="bbox 233 631 1009 666">
    <p class='ocr_par' dir='ltr' id='par_1_14' title="bbox 233 631 1009 666">
     <span class='ocr_line' id='line_1_14' title="bbox 233 631 1009 666; baseline -0.006 -4"><span class='ocrx_word' id='word_1_79' title='bbox 233 636 386 666; x_wconf 83' lang='lat' dir='ltr'><strong>civitatem,</strong></span> <span class='ocrx_word' id='word_1_80' title='bbox 406 634 510 660; x_wconf 87' lang='lat' dir='ltr'><strong>vinctos</strong></span> <span class='ocrx_word' id='word_1_81' title='bbox 527 632 630 658; x_wconf 89' lang='lat' dir='ltr'><strong>ducunt</strong></span> <span class='ocrx_word' id='word_1_82' title='bbox 654 631 686 658; x_wconf 86' lang='lat' dir='ltr'><strong>ad</strong></span> <span class='ocrx_word' id='word_1_83' title='bbox 707 631 842 665; x_wconf 81' lang='lat' dir='ltr'><strong>quoddam</strong></span> <span class='ocrx_word' id='word_1_84' title='bbox 867 638 1009 663; x_wconf 89' lang='lat' dir='ltr'><strong>cacumen,</strong></span> 
     </span>
    </p>
   </div>
   <div class='ocr_carea' id='block_1_15' title="bbox 234 675 1011 709">
    <p class='ocr_par' dir='ltr' id='par_1_15' title="bbox 234 675 1011 709">
     <span class='ocr_line' id='line_1_15' title="bbox 234 675 1011 709; baseline -0.005 -2"><span class='ocrx_word' id='word_1_85' title='bbox 234 685 260 708; x_wconf 93' lang='lat' dir='ltr'><strong>et</strong></span> <span class='ocrx_word' id='word_1_86' title='bbox 276 680 387 706; x_wconf 90' lang='lat' dir='ltr'><strong>tradunt</strong></span> <span class='ocrx_word' id='word_1_87' title='bbox 406 678 560 709; x_wconf 82' lang='lat' dir='ltr'><strong>lictoribus,</strong></span> <span class='ocrx_word' id='word_1_88' title='bbox 583 681 611 703; x_wconf 91' lang='lat' dir='ltr'><strong>ut</strong></span> <span class='ocrx_word' id='word_1_89' title='bbox 635 684 682 703; x_wconf 92' lang='lat' dir='ltr'><strong>eos</strong></span> <span class='ocrx_word' id='word_1_90' title='bbox 710 676 882 702; x_wconf 78' lang='lat' dir='ltr'><strong>interﬁciant.</strong></span> <span class='ocrx_word' id='word_1_91' title='bbox 908 675 1011 703; x_wconf 86' lang='lat' dir='ltr'><strong>Interea</strong></span> 
     </span>
    </p>
   </div>
   <div class='ocr_carea' id='block_1_16' title="bbox 235 721 1012 758">
    <p class='ocr_par' dir='ltr' id='par_1_16' title="bbox 235 721 1012 758">
     <span class='ocr_line' id='line_1_16' title="bbox 235 721 1012 758; baseline -0.006 -6"><span class='ocrx_word' id='word_1_92' title='bbox 235 728 324 752; x_wconf 86' lang='lat' dir='ltr'><strong>autem</strong></span> <span class='ocrx_word' id='word_1_93' title='bbox 338 727 433 758; x_wconf 88' lang='lat' dir='ltr'><strong>petunt</strong></span> <span class='ocrx_word' id='word_1_94' title='bbox 450 723 537 750; x_wconf 81' lang='lat' dir='ltr'><strong>sancti</strong></span> <span class='ocrx_word' id='word_1_95' title='bbox 558 727 663 756; x_wconf 85' lang='lat' dir='ltr'><strong>tempus</strong></span> <span class='ocrx_word' id='word_1_96' title='bbox 677 722 822 755; x_wconf 87' lang='lat' dir='ltr'><strong>precandi,</strong></span> <span class='ocrx_word' id='word_1_97' title='bbox 839 721 949 748; x_wconf 83' lang='lat' dir='ltr'><strong>ﬂectunt</strong></span> <span class='ocrx_word' id='word_1_98' title='bbox 966 729 1012 756; x_wconf 72' lang='lat' dir='ltr'><strong>ge-</strong></span> 
     </span>
    </p>
   </div>
   <div class='ocr_carea' id='block_1_17' title="bbox 234 767 1010 801">
    <p class='ocr_par' dir='ltr' id='par_1_17' title="bbox 234 767 1010 801">
     <span class='ocr_line' id='line_1_17' title="bbox 234 767 1010 801; baseline -0.005 -3"><span class='ocrx_word' id='word_1_99' title='bbox 234 779 298 798; x_wconf 87' lang='lat' dir='ltr'><strong>nua.</strong></span> <span class='ocrx_word' id='word_1_100' title='bbox 318 769 386 796; x_wconf 88' lang='lat' dir='ltr'><strong>Tum</strong></span> <span class='ocrx_word' id='word_1_101' title='bbox 409 773 600 796; x_wconf 82' lang='lat' dir='ltr'><strong>sacrosanctus</strong></span> <span class='ocrx_word' id='word_1_102' title='bbox 616 768 717 794; x_wconf 85' lang='lat' dir='ltr'><strong>Christi</strong></span> <span class='ocrx_word' id='word_1_103' title='bbox 738 772 840 801; x_wconf 77' lang='lat' dir='ltr'><strong>martyr</strong></span> <span class='ocrx_word' id='word_1_104' title='bbox 857 767 1010 801; x_wconf 85' lang='lat' dir='ltr'><strong>Dionysius,</strong></span> 
     </span>
    </p>
   </div>
   <div class='ocr_carea' id='block_1_18' title="bbox 235 812 1013 846">
    <p class='ocr_par' dir='ltr' id='par_1_18' title="bbox 235 812 1013 846">
     <span class='ocr_line' id='line_1_18' title="bbox 235 812 1013 846; baseline -0.005 -3"><span class='ocrx_word' id='word_1_105' title='bbox 235 816 348 843; x_wconf 78' lang='lat' dir='ltr'><strong>sublatis</strong></span> <span class='ocrx_word' id='word_1_106' title='bbox 362 816 389 841; x_wconf 91' lang='lat' dir='ltr'><strong>in</strong></span> <span class='ocrx_word' id='word_1_107' title='bbox 405 814 503 841; x_wconf 59' lang='lat' dir='ltr'><strong>calum</strong></span> <span class='ocrx_word' id='word_1_108' title='bbox 518 813 621 841; x_wconf 86' lang='lat' dir='ltr'><strong>oculis:</strong></span> <span class='ocrx_word' id='word_1_109' title='bbox 643 823 651 838; x_wconf 85' lang='grc'><strong><em>‹</em></strong></span> <span class='ocrx_word' id='word_1_110' title='bbox 665 812 777 839; x_wconf 84' lang='lat' dir='ltr'><strong>Domine</strong></span> <span class='ocrx_word' id='word_1_111' title='bbox 801 812 872 839; x_wconf 86' lang='lat' dir='ltr'><strong>Deus</strong></span> <span class='ocrx_word' id='word_1_112' title='bbox 890 813 1013 846; x_wconf 87' lang='lat' dir='ltr'><strong>omnipo-</strong></span> 
     </span>
    </p>
   </div>
   <div class='ocr_carea' id='block_1_19' title="bbox 235 856 1011 893">
    <p class='ocr_par' dir='ltr' id='par_1_19' title="bbox 235 856 1011 893">
     <span class='ocr_line' id='line_1_19' title="bbox 235 856 1011 893; baseline -0.006 -5"><span class='ocrx_word' id='word_1_113' title='bbox 235 864 307 892; x_wconf 84' lang='lat' dir='ltr'><strong>tens,</strong></span> <span class='ocrx_word' id='word_1_114' title='bbox 336 860 397 890; x_wconf 85' lang='lat' dir='ltr'><strong>Fili,</strong></span> <span class='ocrx_word' id='word_1_115' title='bbox 426 859 524 893; x_wconf 84' lang='lat' dir='ltr'><strong>inquit,</strong></span> <span class='ocrx_word' id='word_1_116' title='bbox 552 858 700 892; x_wconf 78' lang='lat' dir='ltr'><strong>unigenite,</strong></span> <span class='ocrx_word' id='word_1_117' title='bbox 721 862 747 885; x_wconf 91' lang='lat' dir='ltr'><strong>et</strong></span> <span class='ocrx_word' id='word_1_118' title='bbox 767 861 860 884; x_wconf 80' lang='lat' dir='ltr'><strong>sancte</strong></span> <span class='ocrx_word' id='word_1_119' title='bbox 883 856 1011 891; x_wconf 87' lang='lat' dir='ltr'><strong>Spiritus,</strong></span> 
     </span>
    </p>
   </div>
   <div class='ocr_carea' id='block_1_20' title="bbox 1056 315 1833 352">
    <p class='ocr_par' dir='ltr' id='par_1_20' title="bbox 1056 315 1833 352">
     <span class='ocr_line' id='line_1_20' title="bbox 1056 315 1833 352; baseline 0 -9"><span class='ocrx_word' id='word_1_120' title='bbox 1056 315 1181 351; x_wconf 73' lang='grc' dir='ltr'>ὑμέτεροι</span> <span class='ocrx_word' id='word_1_121' title='bbox 1197 315 1261 348; x_wconf 79' lang='grc' dir='ltr'>θεοὶ,</span> <span class='ocrx_word' id='word_1_122' title='bbox 1277 316 1324 342; x_wconf 77' lang='grc' dir='ltr'>ἅτε</span> <span class='ocrx_word' id='word_1_123' title='bbox 1339 315 1402 347; x_wconf 81' lang='grc' dir='ltr'>ξύλα</span> <span class='ocrx_word' id='word_1_124' title='bbox 1415 317 1461 343; x_wconf 73' lang='grc' dir='ltr'><strong>καὶ</strong></span> <span class='ocrx_word' id='word_1_125' title='bbox 1474 317 1551 348; x_wconf 83' lang='grc' dir='ltr'><strong>λίθοι,</strong></span> <span class='ocrx_word' id='word_1_126' title='bbox 1566 317 1656 344; x_wconf 82' lang='grc' dir='ltr'>δοῦναι</span> <span class='ocrx_word' id='word_1_127' title='bbox 1671 318 1833 352; x_wconf 80' lang='grc' dir='ltr'><strong>δεδύνηνται·</strong></span> 
     </span>
    </p>
   </div>
   <div class='ocr_carea' id='block_1_21' title="bbox 1056 361 1836 396">
    <p class='ocr_par' dir='ltr' id='par_1_21' title="bbox 1056 361 1836 396">
     <span class='ocr_line' id='line_1_21' title="bbox 1056 361 1836 396; baseline 0.003 -9"><span class='ocrx_word' id='word_1_128' title='bbox 1056 362 1152 395; x_wconf 80' lang='grc' dir='ltr'>Στόμα</span> <span class='ocrx_word' id='word_1_129' title='bbox 1168 361 1222 394; x_wconf 69' lang='grc' dir='ltr'>γὰρ</span> <span class='ocrx_word' id='word_1_130' title='bbox 1238 361 1353 394; x_wconf 80' lang='grc' dir='ltr'>ἔχουσι,</span> <span class='ocrx_word' id='word_1_131' title='bbox 1371 362 1418 388; x_wconf 80' lang='grc' dir='ltr'>καὶ</span> <span class='ocrx_word' id='word_1_132' title='bbox 1431 363 1468 388; x_wconf 86' lang='grc' dir='ltr'>οὐ</span> <span class='ocrx_word' id='word_1_133' title='bbox 1483 362 1642 389; x_wconf 76' lang='grc' dir='ltr'>λαλοῦσιν·</span> <span class='ocrx_word' id='word_1_134' title='bbox 1654 362 1836 396; x_wconf 54' lang='grc' dir='ltr'>ὀφθαλμοὺς,</span> 
     </span>
    </p>
   </div>
   <div class='ocr_carea' id='block_1_22' title="bbox 1056 405 1838 438">
    <p class='ocr_par' dir='ltr' id='par_1_22' title="bbox 1056 405 1838 438">
     <span class='ocr_line' id='line_1_22' title="bbox 1056 405 1838 438; baseline 0.004 -7"><span class='ocrx_word' id='word_1_135' title='bbox 1056 406 1104 432; x_wconf 75' lang='grc' dir='ltr'>καὶ</span> <span class='ocrx_word' id='word_1_136' title='bbox 1120 407 1156 432; x_wconf 86' lang='grc' dir='ltr'><strong>οὺ</strong></span> <span class='ocrx_word' id='word_1_137' title='bbox 1169 405 1356 438; x_wconf 77' lang='grc' dir='ltr'>βλέπουσιν·</span> <span class='ocrx_word' id='word_1_138' title='bbox 1372 406 1440 438; x_wconf 83' lang='grc' dir='ltr'>ὦτα,</span> <span class='ocrx_word' id='word_1_139' title='bbox 1456 407 1503 433; x_wconf 76' lang='grc' dir='ltr'>καὶ</span> <span class='ocrx_word' id='word_1_140' title='bbox 1518 409 1573 433; x_wconf 79' lang='grc' dir='ltr'><strong>οὐκ</strong></span> <span class='ocrx_word' id='word_1_141' title='bbox 1595 408 1768 434; x_wconf 71' lang='grc' dir='ltr'>ἁκούουσιν.</span> <span class='ocrx_word' id='word_1_142' title='bbox 1789 408 1838 434; x_wconf 80' lang='grc' dir='ltr'>Ἐν</span> 
     </span>
    </p>
   </div>
   <div class='ocr_carea' id='block_1_23' title="bbox 1056 451 1837 488">
    <p class='ocr_par' dir='ltr' id='par_1_23' title="bbox 1056 451 1837 488">
     <span class='ocr_line' id='line_1_23' title="bbox 1056 451 1837 488; baseline 0.003 -11"><span class='ocrx_word' id='word_1_143' title='bbox 1056 452 1133 477; x_wconf 75' lang='grc' dir='ltr'>τοῦτο</span> <span class='ocrx_word' id='word_1_144' title='bbox 1149 451 1225 486; x_wconf 82' lang='grc' dir='ltr'>μόνον</span> <span class='ocrx_word' id='word_1_145' title='bbox 1236 452 1299 486; x_wconf 81' lang='grc' dir='ltr'>ὑμῖν</span> <span class='ocrx_word' id='word_1_146' title='bbox 1313 452 1463 487; x_wconf 76' lang='grc' dir='ltr'><strong>ἐνεργοῦσι,</strong></span> <span class='ocrx_word' id='word_1_147' title='bbox 1478 453 1508 479; x_wconf 76' lang='grc' dir='ltr'>τὸ</span> <span class='ocrx_word' id='word_1_148' title='bbox 1522 453 1696 488; x_wconf 78' lang='grc' dir='ltr'><strong>ἀτελεύτητον</strong></span> <span class='ocrx_word' id='word_1_149' title='bbox 1711 453 1766 488; x_wconf 81' lang='grc' dir='ltr'>πῦρ</span> <span class='ocrx_word' id='word_1_150' title='bbox 1773 453 1837 480; x_wconf 85' lang='grc' dir='ltr'>ἀνα-</span> 
     </span>
    </p>
   </div>
   <div class='ocr_carea' id='block_1_24' title="bbox 1058 496 1837 533">
    <p class='ocr_par' dir='ltr' id='par_1_24' title="bbox 1058 496 1837 533">
     <span class='ocr_line' id='line_1_24' title="bbox 1058 496 1837 533; baseline 0.004 -12"><span class='ocrx_word' id='word_1_151' title='bbox 1058 496 1210 529; x_wconf 76' lang='grc' dir='ltr'>φλέγουσιν.</span> <span class='ocrx_word' id='word_1_152' title='bbox 1224 506 1233 522; x_wconf 73' lang='grc' dir='ltr'>ι</span> <span class='ocrx_word' id='word_1_153' title='bbox 1248 497 1356 528; x_wconf 76' lang='grc' dir='ltr'><strong>Τούτοις</strong></span> <span class='ocrx_word' id='word_1_154' title='bbox 1370 498 1504 524; x_wconf 76' lang='grc' dir='ltr'><strong>ἀντειπεῖν</strong></span> <span class='ocrx_word' id='word_1_155' title='bbox 1524 499 1554 524; x_wconf 82' lang='grc' dir='ltr'><strong>οὐ</strong></span> <span class='ocrx_word' id='word_1_156' title='bbox 1569 498 1728 533; x_wconf 75' lang='grc' dir='ltr'><strong>δυνηθέντες</strong></span> <span class='ocrx_word' id='word_1_157' title='bbox 1747 499 1772 524; x_wconf 82' lang='lat' dir='ltr'><strong>al.</strong></span> <span class='ocrx_word' id='word_1_158' title='bbox 1791 498 1837 524; x_wconf 77' lang='grc' dir='ltr'><strong>τύ-</strong></span> 
     </span>
    </p>
   </div>
   <div class='ocr_carea' id='block_1_25' title="bbox 1057 542 1836 578">
    <p class='ocr_par' dir='ltr' id='par_1_25' title="bbox 1057 542 1836 578">
     <span class='ocr_line' id='line_1_25' title="bbox 1057 542 1836 578; baseline 0.004 -12"><span class='ocrx_word' id='word_1_159' title='bbox 1057 542 1246 576; x_wconf 79' lang='grc' dir='ltr'>ραννοι,δριμύ</span> <span class='ocrx_word' id='word_1_160' title='bbox 1260 551 1284 568; x_wconf 87' lang='grc' dir='ltr'>τι</span> <span class='ocrx_word' id='word_1_161' title='bbox 1293 543 1339 568; x_wconf 63' lang='grc' dir='ltr'><strong>καὶ</strong></span> <span class='ocrx_word' id='word_1_162' title='bbox 1354 542 1512 578; x_wconf 65' lang='grc' dir='ltr'>παράφορον</span> <span class='ocrx_word' id='word_1_163' title='bbox 1525 543 1565 574; x_wconf 88' lang='grc' dir='ltr'><strong>είς</strong></span> <span class='ocrx_word' id='word_1_164' title='bbox 1576 544 1672 574; x_wconf 68' lang='grc' dir='ltr'>αὐτοὺς</span> <span class='ocrx_word' id='word_1_165' title='bbox 1688 543 1836 574; x_wconf 78' lang='grc' dir='ltr'>ὑπιδόντες.</span> 
     </span>
    </p>
   </div>
   <div class='ocr_carea' id='block_1_26' title="bbox 1057 586 1835 622">
    <p class='ocr_par' dir='ltr' id='par_1_26' title="bbox 1057 586 1835 622">
     <span class='ocr_line' id='line_1_26' title="bbox 1057 586 1835 622; baseline 0.003 -10"><span class='ocrx_word' id='word_1_166' title='bbox 1057 586 1103 612; x_wconf 68' lang='grc' dir='ltr'>καὶ.</span> <span class='ocrx_word' id='word_1_167' title='bbox 1117 587 1151 613; x_wconf 72' lang='grc' dir='ltr'>τὰ</span> <span class='ocrx_word' id='word_1_168' title='bbox 1165 587 1226 622; x_wconf 75' lang='grc' dir='ltr'>ξίφη</span> <span class='ocrx_word' id='word_1_169' title='bbox 1239 588 1415 622; x_wconf 78' lang='grc' dir='ltr'><strong>σπασάμενοι,</strong></span> <span class='ocrx_word' id='word_1_170' title='bbox 1431 588 1498 622; x_wconf 85' lang='grc' dir='ltr'>πρὸς</span> <span class='ocrx_word' id='word_1_171' title='bbox 1512 589 1556 614; x_wconf 84' lang='grc' dir='ltr'><strong>τὸν</strong></span> <span class='ocrx_word' id='word_1_172' title='bbox 1572 588 1649 622; x_wconf 77' lang='grc' dir='ltr'>φόνον</span> <span class='ocrx_word' id='word_1_173' title='bbox 1664 587 1819 619; x_wconf 74' lang='grc' dir='ltr'>ὁπλίζονται</span> <span class='ocrx_word' id='word_1_174' title='bbox 1829 597 1835 602; x_wconf 92' lang='grc'><strong>·</strong></span> 
     </span>
    </p>
   </div>
   <div class='ocr_carea' id='block_1_27' title="bbox 1057 632 1839 668">
    <p class='ocr_par' dir='ltr' id='par_1_27' title="bbox 1057 632 1839 668">
     <span class='ocr_line' id='line_1_27' title="bbox 1057 632 1839 668; baseline 0 -10"><span class='ocrx_word' id='word_1_175' title='bbox 1057 632 1104 658; x_wconf 78' lang='grc' dir='ltr'>καὶ</span> <span class='ocrx_word' id='word_1_176' title='bbox 1119 632 1151 666; x_wconf 85' lang='grc' dir='ltr'>δὴ</span> <span class='ocrx_word' id='word_1_177' title='bbox 1173 632 1210 663; x_wconf 81' lang='grc' dir='ltr'>ὡς</span> <span class='ocrx_word' id='word_1_178' title='bbox 1235 633 1287 658; x_wconf 80' lang='grc' dir='ltr'><strong>ἀπὸ</strong></span> <span class='ocrx_word' id='word_1_179' title='bbox 1314 633 1424 668; x_wconf 81' lang='grc' dir='ltr'><strong>σημείου</strong></span> <span class='ocrx_word' id='word_1_180' title='bbox 1449 633 1560 664; x_wconf 79' lang='grc' dir='ltr'>τούτους</span> <span class='ocrx_word' id='word_1_181' title='bbox 1589 633 1767 667; x_wconf 69' lang='grc' dir='ltr'><strong>ἐξαγαγόντες</strong></span> <span class='ocrx_word' id='word_1_182' title='bbox 1790 632 1839 667; x_wconf 85' lang='grc' dir='ltr'><strong>τῆς</strong></span> 
     </span>
    </p>
   </div>
   <div class='ocr_carea' id='block_1_28' title="bbox 1058 677 1839 713">
    <p class='ocr_par' dir='ltr' id='par_1_28' title="bbox 1058 677 1839 713">
     <span class='ocr_line' id='line_1_28' title="bbox 1058 677 1839 713; baseline 0.003 -11"><span class='ocrx_word' id='word_1_183' title='bbox 1058 677 1172 709; x_wconf 74' lang='grc' dir='ltr'>πόλεως,</span> <span class='ocrx_word' id='word_1_184' title='bbox 1190 678 1235 703; x_wconf 80' lang='grc' dir='ltr'>ὲπί</span> <span class='ocrx_word' id='word_1_185' title='bbox 1257 686 1318 704; x_wconf 81' lang='grc' dir='ltr'>τινα</span> <span class='ocrx_word' id='word_1_186' title='bbox 1335 679 1456 713; x_wconf 81' lang='grc' dir='ltr'>κορυφὴν</span> <span class='ocrx_word' id='word_1_187' title='bbox 1472 678 1612 713; x_wconf 80' lang='grc' dir='ltr'><strong>δεσμώτας</strong></span> <span class='ocrx_word' id='word_1_188' title='bbox 1636 679 1775 711; x_wconf 81' lang='grc' dir='ltr'>ἀνάγουσι,</span> <span class='ocrx_word' id='word_1_189' title='bbox 1793 678 1839 704; x_wconf 74' lang='grc' dir='ltr'>καὶ</span> 
     </span>
    </p>
   </div>
   <div class='ocr_carea' id='block_1_29' title="bbox 1057 723 1840 758">
    <p class='ocr_par' dir='ltr' id='par_1_29' title="bbox 1057 723 1840 758">
     <span class='ocr_line' id='line_1_29' title="bbox 1057 723 1840 758; baseline 0.001 -10"><span class='ocrx_word' id='word_1_190' title='bbox 1057 723 1113 753; x_wconf 85' lang='grc' dir='ltr'>τοῖς</span> <span class='ocrx_word' id='word_1_191' title='bbox 1129 723 1233 757; x_wconf 81' lang='grc' dir='ltr'><strong>δημίοις</strong></span> <span class='ocrx_word' id='word_1_192' title='bbox 1250 723 1283 749; x_wconf 81' lang='grc' dir='ltr'>τὰ</span> <span class='ocrx_word' id='word_1_193' title='bbox 1300 723 1367 758; x_wconf 76' lang='grc' dir='ltr'>πρὸς</span> <span class='ocrx_word' id='word_1_194' title='bbox 1393 723 1498 758; x_wconf 79' lang='grc' dir='ltr'>σφαγὴν</span> <span class='ocrx_word' id='word_1_195' title='bbox 1515 724 1704 758; x_wconf 71' lang='grc' dir='ltr'>ἐγχειρίζουσι.</span> <span class='ocrx_word' id='word_1_196' title='bbox 1731 723 1840 754; x_wconf 71' lang='grc' dir='ltr'>Μεταξὺ</span> 
     </span>
    </p>
   </div>
   <div class='ocr_carea' id='block_1_30' title="bbox 1058 767 1840 804">
    <p class='ocr_par' dir='ltr' id='par_1_30' title="bbox 1058 767 1840 804">
     <span class='ocr_line' id='line_1_30' title="bbox 1058 767 1840 804; baseline 0.001 -11"><span class='ocrx_word' id='word_1_197' title='bbox 1058 767 1086 793; x_wconf 85' lang='grc' dir='ltr'>δὲ</span> <span class='ocrx_word' id='word_1_198' title='bbox 1104 767 1196 802; x_wconf 81' lang='grc' dir='ltr'>καιρὸν</span> <span class='ocrx_word' id='word_1_199' title='bbox 1228 768 1251 793; x_wconf 79' lang='grc' dir='ltr'>οἱ</span> <span class='ocrx_word' id='word_1_200' title='bbox 1278 768 1349 801; x_wconf 70' lang='grc' dir='ltr'>ἅγιοι</span> <span class='ocrx_word' id='word_1_201' title='bbox 1374 768 1479 794; x_wconf 82' lang='grc' dir='ltr'>αἰτοῦσι</span> <span class='ocrx_word' id='word_1_202' title='bbox 1502 769 1672 804; x_wconf 81' lang='grc' dir='ltr'>προσευχῆς,</span> <span class='ocrx_word' id='word_1_203' title='bbox 1700 769 1746 795; x_wconf 79' lang='grc' dir='ltr'>καὶ</span> <span class='ocrx_word' id='word_1_204' title='bbox 1776 769 1840 802; x_wconf 80' lang='grc' dir='ltr'>γόνυ</span> 
     </span>
    </p>
   </div>
   <div class='ocr_carea' id='block_1_31' title="bbox 1059 813 1842 849">
    <p class='ocr_par' dir='ltr' id='par_1_31' title="bbox 1059 813 1842 849">
     <span class='ocr_line' id='line_1_31' title="bbox 1059 813 1842 849; baseline 0.003 -11"><span class='ocrx_word' id='word_1_205' title='bbox 1059 813 1201 839; x_wconf 84' lang='grc' dir='ltr'>κλίνουσιν.</span> <span class='ocrx_word' id='word_1_206' title='bbox 1232 813 1275 838; x_wconf 86' lang='grc' dir='ltr'>Ἑν</span> <span class='ocrx_word' id='word_1_207' title='bbox 1298 813 1417 848; x_wconf 83' lang='grc' dir='ltr'>τοσούτῳ</span> <span class='ocrx_word' id='word_1_208' title='bbox 1439 814 1467 839; x_wconf 84' lang='grc' dir='ltr'><strong>δέ</strong></span> <span class='ocrx_word' id='word_1_209' title='bbox 1489 815 1503 839; x_wconf 83' lang='grc' dir='ltr'>ὁ</span> <span class='ocrx_word' id='word_1_210' title='bbox 1528 814 1691 849; x_wconf 81' lang='grc' dir='ltr'>ἱερομάρτυς</span> <span class='ocrx_word' id='word_1_211' title='bbox 1713 813 1760 840; x_wconf 81' lang='grc' dir='ltr'><strong>τοῦ</strong></span> <span class='ocrx_word' id='word_1_212' title='bbox 1775 815 1842 848; x_wconf 82' lang='grc' dir='ltr'>Χρι-</span> 
     </span>
    </p>
   </div>
   <div class='ocr_carea' id='block_1_32' title="bbox 1060 857 1840 893">
    <p class='ocr_par' dir='ltr' id='par_1_32' title="bbox 1060 857 1840 893">
     <span class='ocr_line' id='line_1_32' title="bbox 1060 857 1840 893; baseline 0.001 -10"><span class='ocrx_word' id='word_1_213' title='bbox 1060 857 1123 884; x_wconf 84' lang='grc' dir='ltr'>στοῦ</span> <span class='ocrx_word' id='word_1_214' title='bbox 1148 857 1299 889; x_wconf 75' lang='grc' dir='ltr'>Διονύσιος,</span> <span class='ocrx_word' id='word_1_215' title='bbox 1326 857 1356 883; x_wconf 82' lang='grc' dir='ltr'><strong>τὸ</strong></span> <span class='ocrx_word' id='word_1_216' title='bbox 1387 857 1462 892; x_wconf 75' lang='grc' dir='ltr'>ὄμμα</span> <span class='ocrx_word' id='word_1_217' title='bbox 1480 859 1520 888; x_wconf 83' lang='grc' dir='ltr'><strong>εἰς</strong></span> <span class='ocrx_word' id='word_1_218' title='bbox 1543 859 1673 893; x_wconf 71' lang='grc' dir='ltr'>οὐρανοὺς</span> <span class='ocrx_word' id='word_1_219' title='bbox 1691 858 1840 889; x_wconf 76' lang='grc' dir='ltr'>ἀνατείνας·</span> 
     </span>
    </p>
   </div>
   <div class='ocr_carea' id='block_1_33' title="bbox 236 902 1021 938">
    <p class='ocr_par' dir='ltr' id='par_1_33' title="bbox 236 903 1012 938">
     <span class='ocr_line' id='line_1_33' title="bbox 236 903 1012 938; baseline -0.005 -6"><span class='ocrx_word' id='word_1_220' title='bbox 236 909 330 933; x_wconf 87' lang='lat' dir='ltr'><strong>sancta</strong></span> <span class='ocrx_word' id='word_1_221' title='bbox 346 904 467 931; x_wconf 81' lang='lat' dir='ltr'><strong>Trinitas</strong></span> <span class='ocrx_word' id='word_1_222' title='bbox 481 903 615 938; x_wconf 89' lang='lat' dir='ltr'><strong>principio</strong></span> <span class='ocrx_word' id='word_1_223' title='bbox 631 911 743 934; x_wconf 82' lang='lat' dir='ltr'><strong>carens,</strong></span> <span class='ocrx_word' id='word_1_224' title='bbox 760 906 787 929; x_wconf 81' lang='lat' dir='ltr'><strong>ct</strong></span> <span class='ocrx_word' id='word_1_225' title='bbox 809 904 834 929; x_wconf 92' lang='lat' dir='ltr'><strong>in</strong></span> <span class='ocrx_word' id='word_1_226' title='bbox 857 910 936 937; x_wconf 87' lang='lat' dir='ltr'><strong>quam</strong></span> <span class='ocrx_word' id='word_1_227' title='bbox 960 910 1012 929; x_wconf 95' lang='lat' dir='ltr'><strong>non</strong></span> 
     </span>
    </p>
   </div>
   <div class='ocr_carea' id='block_1_34' title="bbox 1066 902 1841 938">
    <p class='ocr_par' dir='ltr' id='par_1_34' title="bbox 1066 902 1841 938">
     <span class='ocr_line' id='line_1_34' title="bbox 1066 902 1841 938; baseline 0.001 -10"><span class='ocrx_word' id='word_1_228' title='bbox 1066 911 1072 927; x_wconf 88' lang='lat' dir='ltr'><strong>r</strong></span> <span class='ocrx_word' id='word_1_229' title='bbox 1087 902 1207 928; x_wconf 77' lang='grc' dir='ltr'>Δέσποτα</span> <span class='ocrx_word' id='word_1_230' title='bbox 1223 902 1273 928; x_wconf 86' lang='grc' dir='ltr'>Θεέ</span> <span class='ocrx_word' id='word_1_231' title='bbox 1290 903 1488 938; x_wconf 83' lang='grc' dir='ltr'>παντόκρατορ,</span> <span class='ocrx_word' id='word_1_232' title='bbox 1508 903 1564 934; x_wconf 83' lang='grc' dir='ltr'><strong>Υἱὲ,</strong></span> <span class='ocrx_word' id='word_1_233' title='bbox 1589 904 1670 938; x_wconf 79' lang='grc' dir='ltr'>φησὶ,</span> <span class='ocrx_word' id='word_1_234' title='bbox 1690 904 1841 938; x_wconf 82' lang='grc' dir='ltr'>μονογενὲς,</span> 
     </span>
    </p>
   </div>
   <div class='ocr_carea' id='block_1_35' title="bbox 236 943 1021 1000">
    <p class='ocr_par' dir='ltr' id='par_1_35' title="bbox 236 947 1013 982">
     <span class='ocr_line' id='line_1_35' title="bbox 236 947 1013 982; baseline -0.003 -7"><span class='ocrx_word' id='word_1_235' title='bbox 236 949 308 975; x_wconf 89' lang='lat' dir='ltr'><strong>cadit</strong></span> <span class='ocrx_word' id='word_1_236' title='bbox 319 948 429 980; x_wconf 87' lang='lat' dir='ltr'><strong>divisio,</strong></span> <span class='ocrx_word' id='word_1_237' title='bbox 446 949 554 982; x_wconf 86' lang='lat' dir='ltr'><strong>suscipe</strong></span> <span class='ocrx_word' id='word_1_238' title='bbox 565 955 704 974; x_wconf 77' lang='lat' dir='ltr'><strong>servorum</strong></span> <span class='ocrx_word' id='word_1_239' title='bbox 719 952 829 973; x_wconf 89' lang='lat' dir='ltr'><strong>tuorum</strong></span> <span class='ocrx_word' id='word_1_240' title='bbox 845 947 870 972; x_wconf 93' lang='lat' dir='ltr'><strong>in</strong></span> <span class='ocrx_word' id='word_1_241' title='bbox 881 955 946 981; x_wconf 83' lang='lat' dir='ltr'><strong>pace</strong></span> <span class='ocrx_word' id='word_1_242' title='bbox 954 947 1013 973; x_wconf 88' lang='lat' dir='ltr'><strong>ani-</strong></span> 
     </span>
    </p>
   </div>
   <div class='ocr_carea' id='block_1_36' title="bbox 1066 943 1841 1000">
    <p class='ocr_par' dir='ltr' id='par_1_36' title="bbox 1066 948 1841 1000">
     <span class='ocr_line' id='line_1_36' title="bbox 1066 948 1841 1000; baseline -0.001 -25"><span class='ocrx_word' id='word_1_243' title='bbox 1066 948 1106 975; x_wconf 76' lang='grc' dir='ltr'>ιιαὶ</span> <span class='ocrx_word' id='word_1_244' title='bbox 1123 949 1198 1000; x_wconf 51' lang='lat' dir='ltr'><strong>Eiytpv</strong></span> <span class='ocrx_word' id='word_1_245' title='bbox 1208 948 1329 983; x_wconf 81' lang='grc' dir='ltr'>Πνεῦμα,</span> <span class='ocrx_word' id='word_1_246' title='bbox 1341 948 1426 984; x_wconf 81' lang='grc' dir='ltr'>Τριὰς</span> <span class='ocrx_word' id='word_1_247' title='bbox 1438 948 1503 982; x_wconf 81' lang='grc' dir='ltr'>ἁγία</span> <span class='ocrx_word' id='word_1_248' title='bbox 1519 948 1620 984; x_wconf 74' lang='grc' dir='ltr'>ἆναρχε</span> <span class='ocrx_word' id='word_1_249' title='bbox 1637 949 1682 976; x_wconf 84' lang='grc' dir='ltr'><strong>καὶ</strong></span> <span class='ocrx_word' id='word_1_250' title='bbox 1699 949 1841 985; x_wconf 78' lang='grc' dir='ltr'>ἀμέριστε,</span> 
     </span>
    </p>
   </div>
   <div class='ocr_carea' id='block_1_37' title="bbox 235 991 1021 1030">
    <p class='ocr_par' dir='ltr' id='par_1_37' title="bbox 235 993 1013 1029">
     <span class='ocr_line' id='line_1_37' title="bbox 235 993 1013 1029; baseline -0.004 -7"><span class='ocrx_word' id='word_1_251' title='bbox 235 1002 304 1026; x_wconf 87' lang='lat' dir='ltr'><strong>mas,</strong></span> <span class='ocrx_word' id='word_1_252' title='bbox 316 994 444 1029; x_wconf 87' lang='lat' dir='ltr'><strong>quoniam</strong></span> <span class='ocrx_word' id='word_1_253' title='bbox 459 997 567 1029; x_wconf 87' lang='lat' dir='ltr'><strong>propter</strong></span> <span class='ocrx_word' id='word_1_254' title='bbox 584 997 608 1020; x_wconf 83' lang='lat' dir='ltr'><strong>te</strong></span> <span class='ocrx_word' id='word_1_255' title='bbox 620 997 706 1020; x_wconf 88' lang='lat' dir='ltr'><strong>morte</strong></span> <span class='ocrx_word' id='word_1_256' title='bbox 722 993 862 1021; x_wconf 83' lang='lat' dir='ltr'><strong>aﬂiciinur.</strong></span> <span class='ocrx_word' id='word_1_257' title='bbox 877 1003 886 1019; x_wconf 71' lang='grc' dir='ltr'>ι</span> <span class='ocrx_word' id='word_1_258' title='bbox 911 993 941 1019; x_wconf 82' lang='lat' dir='ltr'><strong>Et</strong></span> <span class='ocrx_word' id='word_1_259' title='bbox 953 1001 1013 1019; x_wconf 88' lang='lat' dir='ltr'><strong>cum</strong></span> 
     </span>
    </p>
   </div>
   <div class='ocr_carea' id='block_1_38' title="bbox 1066 991 1841 1030">
    <p class='ocr_par' dir='ltr' id='par_1_38' title="bbox 1066 991 1841 1030">
     <span class='ocr_line' id='line_1_38' title="bbox 1066 991 1841 1030; baseline 0.003 -12"><span class='ocrx_word' id='word_1_260' title='bbox 1066 991 1205 1029; x_wconf 77' lang='grc' dir='ltr'>πρόσδεξαι</span> <span class='ocrx_word' id='word_1_261' title='bbox 1226 993 1275 1024; x_wconf 78' lang='grc' dir='ltr'>τὰς</span> <span class='ocrx_word' id='word_1_262' title='bbox 1299 993 1352 1019; x_wconf 83' lang='grc' dir='ltr'><strong>τῶν</strong></span> <span class='ocrx_word' id='word_1_263' title='bbox 1380 993 1434 1019; x_wconf 81' lang='grc' dir='ltr'>σῶν</span> <span class='ocrx_word' id='word_1_264' title='bbox 1465 994 1564 1020; x_wconf 82' lang='grc' dir='ltr'>δούλων</span> <span class='ocrx_word' id='word_1_265' title='bbox 1588 995 1616 1020; x_wconf 89' lang='grc' dir='ltr'><strong>ἐν</strong></span> <span class='ocrx_word' id='word_1_266' title='bbox 1632 995 1727 1030; x_wconf 85' lang='grc' dir='ltr'>είρήνῃ</span> <span class='ocrx_word' id='word_1_267' title='bbox 1743 994 1841 1028; x_wconf 64' lang='grc' dir='ltr'>ψυχὰς,</span> 
     </span>
    </p>
   </div>
   <div class='ocr_carea' id='block_1_39' title="bbox 235 1037 1015 1070">
    <p class='ocr_par' dir='ltr' id='par_1_39' title="bbox 235 1037 1015 1070">
     <span class='ocr_line' id='line_1_39' title="bbox 235 1037 1015 1070; baseline -0.005 -4"><span class='ocrx_word' id='word_1_268' title='bbox 235 1039 334 1070; x_wconf 79' lang='lat' dir='ltr'><strong>sancti,</strong></span> <span class='ocrx_word' id='word_1_269' title='bbox 355 1048 364 1064; x_wconf 84' lang='grc' dir='ltr'><strong>ι</strong></span> <span class='ocrx_word' id='word_1_270' title='bbox 378 1039 473 1069; x_wconf 78' lang='lat' dir='ltr'><strong>Amen,</strong></span> <span class='ocrx_word' id='word_1_271' title='bbox 490 1048 498 1063; x_wconf 74' lang='grc' dir='ltr'><strong>ι</strong></span> <span class='ocrx_word' id='word_1_272' title='bbox 510 1038 718 1068; x_wconf 81' lang='lat' dir='ltr'><strong>acclamassent,</strong></span> <span class='ocrx_word' id='word_1_273' title='bbox 732 1045 880 1064; x_wconf 81' lang='lat' dir='ltr'><strong>conversus</strong></span> <span class='ocrx_word' id='word_1_274' title='bbox 892 1037 924 1063; x_wconf 90' lang='lat' dir='ltr'><strong>ad</strong></span> <span class='ocrx_word' id='word_1_275' title='bbox 937 1037 1015 1063; x_wconf 88' lang='lat' dir='ltr'><strong>licto-</strong></span> 
     </span>
    </p>
   </div>
   <div class='ocr_carea' id='block_1_40' title="bbox 236 1082 1012 1118">
    <p class='ocr_par' dir='ltr' id='par_1_40' title="bbox 236 1082 1012 1118">
     <span class='ocr_line' id='line_1_40' title="bbox 236 1082 1012 1118; baseline -0.005 -7"><span class='ocrx_word' id='word_1_276' title='bbox 236 1093 295 1112; x_wconf 90' lang='lat' dir='ltr'><strong>res:</strong></span> <span class='ocrx_word' id='word_1_277' title='bbox 316 1095 324 1110; x_wconf 78' lang='grc' dir='ltr'><strong>ι</strong></span> <span class='ocrx_word' id='word_1_278' title='bbox 337 1084 439 1115; x_wconf 83' lang='lat' dir='ltr'><strong>Facite,</strong></span> <span class='ocrx_word' id='word_1_279' title='bbox 452 1084 550 1118; x_wconf 84' lang='lat' dir='ltr'><strong>inquit,</strong></span> <span class='ocrx_word' id='word_1_280' title='bbox 566 1082 638 1117; x_wconf 90' lang='lat' dir='ltr'><strong>quod</strong></span> <span class='ocrx_word' id='word_1_281' title='bbox 655 1083 704 1109; x_wconf 72' lang='lat' dir='ltr'><strong>fuit</strong></span> <span class='ocrx_word' id='word_1_282' title='bbox 718 1083 795 1109; x_wconf 88' lang='lat' dir='ltr'><strong>vobis</strong></span> <span class='ocrx_word' id='word_1_283' title='bbox 813 1082 982 1116; x_wconf 84' lang='lat' dir='ltr'><strong>imperatum.</strong></span> <span class='ocrx_word' id='word_1_284' title='bbox 1004 1091 1012 1106; x_wconf 78' lang='grc' dir='ltr'><strong>ι</strong></span> 
     </span>
    </p>
   </div>
   <div class='ocr_carea' id='block_1_41' title="bbox 237 1125 1016 1162">
    <p class='ocr_par' dir='ltr' id='par_1_41' title="bbox 237 1125 1016 1162">
     <span class='ocr_line' id='line_1_41' title="bbox 237 1125 1016 1162; baseline -0.006 -6"><span class='ocrx_word' id='word_1_285' title='bbox 237 1129 276 1156; x_wconf 94' lang='lat' dir='ltr'><strong>Illi</strong></span> <span class='ocrx_word' id='word_1_286' title='bbox 290 1134 379 1156; x_wconf 90' lang='lat' dir='ltr'><strong>aulem</strong></span> <span class='ocrx_word' id='word_1_287' title='bbox 395 1128 512 1162; x_wconf 85' lang='lat' dir='ltr'><strong>primum</strong></span> <span class='ocrx_word' id='word_1_288' title='bbox 537 1127 646 1162; x_wconf 84' lang='lat' dir='ltr'><strong>quidem</strong></span> <span class='ocrx_word' id='word_1_289' title='bbox 667 1127 738 1154; x_wconf 88' lang='lat' dir='ltr'><strong>beati</strong></span> <span class='ocrx_word' id='word_1_290' title='bbox 764 1126 895 1160; x_wconf 77' lang='lat' dir='ltr'><strong>Dionysii.</strong></span> <span class='ocrx_word' id='word_1_291' title='bbox 919 1125 1016 1152; x_wconf 86' lang='lat' dir='ltr'><strong>deinde</strong></span> 
     </span>
    </p>
   </div>
   <div class='ocr_carea' id='block_1_42' title="bbox 236 1170 1016 1205">
    <p class='ocr_par' dir='ltr' id='par_1_42' title="bbox 236 1170 1016 1205">
     <span class='ocr_line' id='line_1_42' title="bbox 236 1170 1016 1205; baseline -0.008 -3"><span class='ocrx_word' id='word_1_292' title='bbox 236 1173 341 1202; x_wconf 71' lang='lat' dir='ltr'><strong>Rustici</strong></span> <span class='ocrx_word' id='word_1_293' title='bbox 357 1177 383 1200; x_wconf 86' lang='lat' dir='ltr'><strong>et</strong></span> <span class='ocrx_word' id='word_1_294' title='bbox 394 1171 543 1199; x_wconf 85' lang='lat' dir='ltr'><strong>Eleutherii</strong></span> <span class='ocrx_word' id='word_1_295' title='bbox 563 1175 644 1205; x_wconf 72' lang='lat' dir='ltr'><strong>capyt</strong></span> <span class='ocrx_word' id='word_1_296' title='bbox 673 1174 822 1205; x_wconf 76' lang='lat' dir='ltr'><strong>amputant.</strong></span> <span class='ocrx_word' id='word_1_297' title='bbox 849 1170 900 1197; x_wconf 85' lang='lat' dir='ltr'><strong>Sed</strong></span> <span class='ocrx_word' id='word_1_298' title='bbox 916 1178 964 1196; x_wconf 88' lang='lat' dir='ltr'><strong>nec</strong></span> <span class='ocrx_word' id='word_1_299' title='bbox 990 1170 1016 1196; x_wconf 88' lang='lat' dir='ltr'><strong>in</strong></span> 
     </span>
    </p>
   </div>
   <div class='ocr_carea' id='block_1_43' title="bbox 237 1215 1017 1252">
    <p class='ocr_par' dir='ltr' id='par_1_43' title="bbox 237 1215 1017 1252">
     <span class='ocr_line' id='line_1_43' title="bbox 237 1215 1017 1252; baseline -0.008 -6"><span class='ocrx_word' id='word_1_300' title='bbox 237 1219 289 1246; x_wconf 81' lang='lat' dir='ltr'><strong>hoc</strong></span> <span class='ocrx_word' id='word_1_301' title='bbox 305 1217 415 1252; x_wconf 84' lang='lat' dir='ltr'><strong>quidem</strong></span> <span class='ocrx_word' id='word_1_302' title='bbox 430 1216 463 1251; x_wconf 90' lang='lat'><strong>(0</strong></span> <span class='ocrx_word' id='word_1_303' title='bbox 475 1216 604 1251; x_wconf 70' lang='lat' dir='ltr'><strong>Dionysi)</strong></span> <span class='ocrx_word' id='word_1_304' title='bbox 621 1217 654 1246; x_wconf 90' lang='lat' dir='ltr'><strong>is,</strong></span> <span class='ocrx_word' id='word_1_305' title='bbox 680 1215 726 1249; x_wconf 87' lang='lat' dir='ltr'><strong>qui</strong></span> <span class='ocrx_word' id='word_1_306' title='bbox 744 1218 854 1249; x_wconf 79' lang='lat' dir='ltr'><strong>propter</strong></span> <span class='ocrx_word' id='word_1_307' title='bbox 870 1218 895 1241; x_wconf 90' lang='lat' dir='ltr'><strong>te</strong></span> <span class='ocrx_word' id='word_1_308' title='bbox 920 1221 1017 1247; x_wconf 79' lang='lat' dir='ltr'><strong>passus</strong></span> 
     </span>
    </p>
   </div>
   <div class='ocr_carea' id='block_1_44' title="bbox 236 1259 1017 1296">
    <p class='ocr_par' dir='ltr' id='par_1_44' title="bbox 236 1259 1017 1296">
     <span class='ocr_line' id='line_1_44' title="bbox 236 1259 1017 1296; baseline -0.009 -5"><span class='ocrx_word' id='word_1_309' title='bbox 236 1267 289 1295; x_wconf 85' lang='lat' dir='ltr'><strong>est,</strong></span> <span class='ocrx_word' id='word_1_310' title='bbox 307 1263 356 1290; x_wconf 73' lang='lat' dir='ltr'><strong>fuit</strong></span> <span class='ocrx_word' id='word_1_311' title='bbox 379 1262 479 1289; x_wconf 87' lang='lat' dir='ltr'><strong>oblitus</strong></span> <span class='ocrx_word' id='word_1_312' title='bbox 499 1261 558 1296; x_wconf 78' lang='lat' dir='ltr'><strong>ejus</strong></span> <span class='ocrx_word' id='word_1_313' title='bbox 580 1261 626 1295; x_wconf 82' lang='lat' dir='ltr'><strong>qui</strong></span> <span class='ocrx_word' id='word_1_314' title='bbox 641 1264 752 1295; x_wconf 80' lang='lat' dir='ltr'><strong>propter</strong></span> <span class='ocrx_word' id='word_1_315' title='bbox 774 1260 861 1294; x_wconf 88' lang='lat' dir='ltr'><strong>ipsum</strong></span> <span class='ocrx_word' id='word_1_316' title='bbox 888 1259 1017 1291; x_wconf 89' lang='lat' dir='ltr'><strong>moritur;</strong></span> 
     </span>
    </p>
   </div>
   <div class='ocr_carea' id='block_1_45' title="bbox 237 1303 1019 1339">
    <p class='ocr_par' dir='ltr' id='par_1_45' title="bbox 237 1303 1019 1339">
     <span class='ocr_line' id='line_1_45' title="bbox 237 1303 1019 1339; baseline -0.009 -3"><span class='ocrx_word' id='word_1_317' title='bbox 237 1309 285 1338; x_wconf 86' lang='lat' dir='ltr'><strong>sed</strong></span> <span class='ocrx_word' id='word_1_318' title='bbox 300 1308 462 1335; x_wconf 85' lang='lat' dir='ltr'><strong>miraculum</strong></span> <span class='ocrx_word' id='word_1_319' title='bbox 476 1308 557 1334; x_wconf 86' lang='lat' dir='ltr'><strong>etiam</strong></span> <span class='ocrx_word' id='word_1_320' title='bbox 573 1306 693 1334; x_wconf 87' lang='lat' dir='ltr'><strong>ostendit</strong></span> <span class='ocrx_word' id='word_1_321' title='bbox 706 1306 733 1332; x_wconf 89' lang='lat' dir='ltr'><strong>in</strong></span> <span class='ocrx_word' id='word_1_322' title='bbox 749 1305 943 1339; x_wconf 87' lang='lat' dir='ltr'><strong>amputatione.</strong></span> <span class='ocrx_word' id='word_1_323' title='bbox 957 1303 1019 1330; x_wconf 65' lang='lat' dir='ltr'><strong>lite--</strong></span> 
     </span>
    </p>
   </div>
   <div class='ocr_carea' id='block_1_46' title="bbox 238 1349 1018 1387">
    <p class='ocr_par' dir='ltr' id='par_1_46' title="bbox 238 1349 1018 1387">
     <span class='ocr_line' id='line_1_46' title="bbox 238 1349 1018 1387; baseline -0.01 -5"><span class='ocrx_word' id='word_1_324' title='bbox 238 1356 294 1382; x_wconf 87' lang='lat' dir='ltr'><strong>nim</strong></span> <span class='ocrx_word' id='word_1_325' title='bbox 309 1362 371 1382; x_wconf 89' lang='lat' dir='ltr'><strong>cum</strong></span> <span class='ocrx_word' id='word_1_326' title='bbox 391 1361 470 1380; x_wconf 91' lang='lat' dir='ltr'><strong>suum</strong></span> <span class='ocrx_word' id='word_1_327' title='bbox 488 1356 569 1387; x_wconf 90' lang='lat' dir='ltr'><strong>caput</strong></span> <span class='ocrx_word' id='word_1_328' title='bbox 597 1356 727 1386; x_wconf 87' lang='lat' dir='ltr'><strong>tanquam</strong></span> <span class='ocrx_word' id='word_1_329' title='bbox 753 1350 862 1385; x_wconf 83' lang='lat' dir='ltr'><strong>aliquod</strong></span> <span class='ocrx_word' id='word_1_330' title='bbox 878 1349 1018 1384; x_wconf 60' lang='lat' dir='ltr'><strong>praemium</strong></span> 
     </span>
    </p>
   </div>
   <div class='ocr_carea' id='block_1_47' title="bbox 238 1395 1019 1434">
    <p class='ocr_par' dir='ltr' id='par_1_47' title="bbox 238 1395 1019 1434">
     <span class='ocr_line' id='line_1_47' title="bbox 238 1395 1019 1434; baseline -0.01 -7"><span class='ocrx_word' id='word_1_331' title='bbox 238 1404 341 1434; x_wconf 82' lang='lat' dir='ltr'><strong>martyr</strong></span> <span class='ocrx_word' id='word_1_332' title='bbox 360 1399 417 1427; x_wconf 91' lang='lat' dir='ltr'><strong>suis</strong></span> <span class='ocrx_word' id='word_1_333' title='bbox 429 1398 579 1433; x_wconf 86' lang='lat' dir='ltr'><strong>accepisset</strong></span> <span class='ocrx_word' id='word_1_334' title='bbox 595 1397 731 1428; x_wconf 87' lang='lat' dir='ltr'><strong>manibus,</strong></span> <span class='ocrx_word' id='word_1_335' title='bbox 759 1396 858 1422; x_wconf 85' lang='lat' dir='ltr'><strong>transit</strong></span> <span class='ocrx_word' id='word_1_336' title='bbox 881 1395 913 1421; x_wconf 86' lang='lat' dir='ltr'><strong>ad</strong></span> <span class='ocrx_word' id='word_1_337' title='bbox 929 1401 1019 1420; x_wconf 92' lang='lat' dir='ltr'><strong>remo-</strong></span> 
     </span>
    </p>
   </div>
   <div class='ocr_carea' id='block_1_48' title="bbox 240 1439 1019 1477">
    <p class='ocr_par' dir='ltr' id='par_1_48' title="bbox 240 1439 1019 1477">
     <span class='ocr_line' id='line_1_48' title="bbox 240 1439 1019 1477; baseline -0.012 -4"><span class='ocrx_word' id='word_1_338' title='bbox 240 1446 336 1473; x_wconf 85' lang='lat' dir='ltr'><strong>tiorem</strong></span> <span class='ocrx_word' id='word_1_339' title='bbox 351 1446 451 1472; x_wconf 87' lang='lat' dir='ltr'><strong>locum.</strong></span> <span class='ocrx_word' id='word_1_340' title='bbox 466 1443 579 1472; x_wconf 86' lang='lat' dir='ltr'><strong>Ferebat</strong></span> <span class='ocrx_word' id='word_1_341' title='bbox 591 1449 654 1477; x_wconf 80' lang='lat' dir='ltr'><strong>ergo</strong></span> <span class='ocrx_word' id='word_1_342' title='bbox 670 1442 728 1476; x_wconf 90' lang='lat' dir='ltr'><strong>ipse</strong></span> <span class='ocrx_word' id='word_1_343' title='bbox 748 1445 829 1475; x_wconf 88' lang='lat' dir='ltr'><strong>caput</strong></span> <span class='ocrx_word' id='word_1_344' title='bbox 841 1441 868 1467; x_wconf 86' lang='lat' dir='ltr'><strong>in</strong></span> <span class='ocrx_word' id='word_1_345' title='bbox 884 1439 1019 1470; x_wconf 79' lang='lat' dir='ltr'><strong>manibus,</strong></span> 
     </span>
    </p>
   </div>
   <div class='ocr_carea' id='block_1_49' title="bbox 240 1485 1021 1525">
    <p class='ocr_par' dir='ltr' id='par_1_49' title="bbox 240 1485 1021 1525">
     <span class='ocr_line' id='line_1_49' title="bbox 240 1485 1021 1525; baseline -0.013 -7"><span class='ocrx_word' id='word_1_346' title='bbox 240 1495 368 1525; x_wconf 75' lang='lat' dir='ltr'><strong>tanquam</strong></span> <span class='ocrx_word' id='word_1_347' title='bbox 384 1489 493 1524; x_wconf 85' lang='lat' dir='ltr'><strong>aliquod</strong></span> <span class='ocrx_word' id='word_1_348' title='bbox 509 1488 670 1522; x_wconf 73' lang='lat' dir='ltr'><strong>troplueum,</strong></span> <span class='ocrx_word' id='word_1_349' title='bbox 689 1494 703 1512; x_wconf 89' lang='lat' dir='ltr'><strong>a</strong></span> <span class='ocrx_word' id='word_1_350' title='bbox 718 1486 809 1512; x_wconf 88' lang='lat' dir='ltr'><strong>divina</strong></span> <span class='ocrx_word' id='word_1_351' title='bbox 831 1485 941 1512; x_wconf 90' lang='lat' dir='ltr'><strong>omnino</strong></span> <span class='ocrx_word' id='word_1_352' title='bbox 957 1490 1021 1516; x_wconf 85' lang='lat' dir='ltr'><strong>por-</strong></span> 
     </span>
    </p>
   </div>
   <div class='ocr_carea' id='block_1_50' title="bbox 241 1526 1021 1570">
    <p class='ocr_par' dir='ltr' id='par_1_50' title="bbox 241 1526 1021 1570">
     <span class='ocr_line' id='line_1_50' title="bbox 241 1526 1021 1570; baseline -0.014 -7"><span class='ocrx_word' id='word_1_353' title='bbox 241 1540 313 1563; x_wconf 85' lang='lat' dir='ltr'><strong>tatus</strong></span> <span class='ocrx_word' id='word_1_354' title='bbox 327 1535 424 1570; x_wconf 81' lang='lat' dir='ltr'><strong>gratia,</strong></span> <span class='ocrx_word' id='word_1_355' title='bbox 441 1541 529 1568; x_wconf 88' lang='lat' dir='ltr'><strong>neque</strong></span> <span class='ocrx_word' id='word_1_356' title='bbox 544 1533 620 1567; x_wconf 87' lang='lat' dir='ltr'><strong>prius</strong></span> <span class='ocrx_word' id='word_1_357' title='bbox 633 1531 746 1562; x_wconf 86' lang='lat' dir='ltr'><strong>dimisit,</strong></span> <span class='ocrx_word' id='word_1_358' title='bbox 761 1537 842 1564; x_wconf 90' lang='lat' dir='ltr'><strong>quam</strong></span> <span class='ocrx_word' id='word_1_359' title='bbox 859 1528 966 1554; x_wconf 82' lang='lat' dir='ltr'><strong>mulieri</strong></span> <span class='ocrx_word' id='word_1_360' title='bbox 980 1526 1021 1553; x_wconf 81' lang='lat' dir='ltr'><strong>di-</strong></span> 
     </span>
    </p>
   </div>
   <div class='ocr_carea' id='block_1_51' title="bbox 242 1572 1022 1613">
    <p class='ocr_par' dir='ltr' id='par_1_51' title="bbox 242 1572 1022 1613">
     <span class='ocr_line' id='line_1_51' title="bbox 242 1572 1022 1613; baseline -0.012 -8"><span class='ocrx_word' id='word_1_361' title='bbox 242 1579 304 1605; x_wconf 87' lang='lat' dir='ltr'><strong>vina</strong></span> <span class='ocrx_word' id='word_1_362' title='bbox 319 1579 436 1613; x_wconf 88' lang='lat' dir='ltr'><strong>quadam</strong></span> <span class='ocrx_word' id='word_1_363' title='bbox 461 1577 573 1603; x_wconf 86' lang='lat' dir='ltr'><strong>omnino</strong></span> <span class='ocrx_word' id='word_1_364' title='bbox 598 1582 747 1601; x_wconf 87' lang='lat' dir='ltr'><strong>occurrens</strong></span> <span class='ocrx_word' id='word_1_365' title='bbox 773 1572 942 1608; x_wconf 70' lang='lat' dir='ltr'><strong>providentia</strong></span> <span class='ocrx_word' id='word_1_366' title='bbox 958 1591 966 1603; x_wconf 88' lang='grc'><strong>,</strong></span> <span class='ocrx_word' id='word_1_367' title='bbox 995 1572 1022 1597; x_wconf 78' lang='lat' dir='ltr'><strong>ia</strong></span> 
     </span>
    </p>
   </div>
   <div class='ocr_carea' id='block_1_52' title="bbox 1061 1038 1844 1073">
    <p class='ocr_par' dir='ltr' id='par_1_52' title="bbox 1061 1038 1844 1073">
     <span class='ocr_line' id='line_1_52' title="bbox 1061 1038 1844 1073; baseline 0.001 -9"><span class='ocrx_word' id='word_1_368' title='bbox 1061 1039 1101 1064; x_wconf 79' lang='grc' dir='ltr'><strong>ὅτι</strong></span> <span class='ocrx_word' id='word_1_369' title='bbox 1118 1038 1200 1064; x_wconf 74' lang='grc' dir='ltr'>ἕνεκά</span> <span class='ocrx_word' id='word_1_370' title='bbox 1229 1047 1275 1064; x_wconf 85' lang='grc' dir='ltr'><strong>σου</strong></span> <span class='ocrx_word' id='word_1_371' title='bbox 1299 1038 1494 1073; x_wconf 86' lang='grc' dir='ltr'>θανατούμεθα.</span> <span class='ocrx_word' id='word_1_372' title='bbox 1511 1049 1520 1064; x_wconf 75' lang='grc' dir='ltr'><strong>ι</strong></span> <span class='ocrx_word' id='word_1_373' title='bbox 1555 1039 1608 1064; x_wconf 77' lang='grc' dir='ltr'><strong>Καὶ</strong></span> <span class='ocrx_word' id='word_1_374' title='bbox 1630 1039 1684 1065; x_wconf 81' lang='grc' dir='ltr'>τῶν</span> <span class='ocrx_word' id='word_1_375' title='bbox 1706 1039 1790 1072; x_wconf 85' lang='grc' dir='ltr'>ἁγίων</span> <span class='ocrx_word' id='word_1_376' title='bbox 1812 1038 1844 1065; x_wconf 82' lang='grc' dir='ltr'><strong>τὸ</strong></span> 
     </span>
    </p>
   </div>
   <div class='ocr_carea' id='block_1_53' title="bbox 1065 1085 1844 1120">
    <p class='ocr_par' dir='ltr' id='par_1_53' title="bbox 1065 1085 1844 1120">
     <span class='ocr_line' id='line_1_53' title="bbox 1065 1085 1844 1120; baseline 0 -10"><span class='ocrx_word' id='word_1_377' title='bbox 1065 1094 1073 1109; x_wconf 79' lang='grc' dir='ltr'><strong>ι</strong></span> <span class='ocrx_word' id='word_1_378' title='bbox 1087 1085 1112 1110; x_wconf 77' lang='grc' dir='ltr'>’Δ</span> <span class='ocrx_word' id='word_1_379' title='bbox 1118 1085 1170 1120; x_wconf 82' lang='grc' dir='ltr'><strong>μὴν</strong></span> <span class='ocrx_word' id='word_1_380' title='bbox 1181 1095 1189 1109; x_wconf 68' lang='grc' dir='ltr'><strong>ι</strong></span> <span class='ocrx_word' id='word_1_381' title='bbox 1202 1085 1441 1119; x_wconf 78' lang='grc' dir='ltr'>ἐπιφωνησάντων,</span> <span class='ocrx_word' id='word_1_382' title='bbox 1453 1085 1586 1120; x_wconf 61' lang='grc' dir='ltr'>πρὴςτοὺς</span> <span class='ocrx_word' id='word_1_383' title='bbox 1593 1085 1705 1120; x_wconf 78' lang='grc' dir='ltr'>δημίους</span> <span class='ocrx_word' id='word_1_384' title='bbox 1715 1086 1844 1119; x_wconf 78' lang='grc' dir='ltr'>ἐπιστρα-</span> 
     </span>
    </p>
   </div>
   <div class='ocr_carea' id='block_1_54' title="bbox 1063 1129 1843 1164">
    <p class='ocr_par' dir='ltr' id='par_1_54' title="bbox 1063 1129 1843 1164">
     <span class='ocr_line' id='line_1_54' title="bbox 1063 1129 1843 1164; baseline 0 -9"><span class='ocrx_word' id='word_1_385' title='bbox 1063 1129 1139 1164; x_wconf 76' lang='grc' dir='ltr'>φεὶς,</span> <span class='ocrx_word' id='word_1_386' title='bbox 1159 1139 1168 1154; x_wconf 84' lang='grc'><strong>‹</strong></span> <span class='ocrx_word' id='word_1_387' title='bbox 1181 1129 1215 1155; x_wconf 84' lang='grc' dir='ltr'>Τὸ</span> <span class='ocrx_word' id='word_1_388' title='bbox 1233 1130 1375 1156; x_wconf 82' lang='grc' dir='ltr'>κελευσθὲν</span> <span class='ocrx_word' id='word_1_389' title='bbox 1391 1130 1455 1164; x_wconf 86' lang='grc' dir='ltr'>ὑμῖν</span> <span class='ocrx_word' id='word_1_390' title='bbox 1472 1130 1615 1160; x_wconf 80' lang='grc' dir='ltr'>ὲκτελείτε,</span> <span class='ocrx_word' id='word_1_391' title='bbox 1633 1139 1641 1155; x_wconf 80' lang='grc' dir='ltr'><strong>ι</strong></span> <span class='ocrx_word' id='word_1_392' title='bbox 1663 1130 1754 1164; x_wconf 85' lang='grc' dir='ltr'>φησίν.</span> <span class='ocrx_word' id='word_1_393' title='bbox 1772 1131 1803 1156; x_wconf 80' lang='lat' dir='ltr'><strong>Ol</strong></span> <span class='ocrx_word' id='word_1_394' title='bbox 1815 1130 1843 1155; x_wconf 80' lang='grc' dir='ltr'><strong>δὲ</strong></span> 
     </span>
    </p>
   </div>
   <div class='ocr_carea' id='block_1_55' title="bbox 1063 1171 1844 1210">
    <p class='ocr_par' dir='ltr' id='par_1_55' title="bbox 1063 1171 1844 1210">
     <span class='ocr_line' id='line_1_55' title="bbox 1063 1171 1844 1210; baseline -0.003 -10"><span class='ocrx_word' id='word_1_395' title='bbox 1063 1174 1159 1210; x_wconf 78' lang='grc' dir='ltr'>πρῶτα</span> <span class='ocrx_word' id='word_1_396' title='bbox 1178 1174 1225 1208; x_wconf 79' lang='grc' dir='ltr'><strong>μὲν</strong></span> <span class='ocrx_word' id='word_1_397' title='bbox 1241 1173 1290 1208; x_wconf 81' lang='grc' dir='ltr'>τὴν</span> <span class='ocrx_word' id='word_1_398' title='bbox 1306 1173 1353 1199; x_wconf 80' lang='grc' dir='ltr'>τοῦ</span> <span class='ocrx_word' id='word_1_399' title='bbox 1373 1173 1505 1209; x_wconf 78' lang='grc' dir='ltr'>μακαρίου</span> <span class='ocrx_word' id='word_1_400' title='bbox 1522 1173 1669 1204; x_wconf 81' lang='grc' dir='ltr'>Διονυσίου,</span> <span class='ocrx_word' id='word_1_401' title='bbox 1687 1171 1746 1199; x_wconf 86' lang='grc' dir='ltr'>εἶτα</span> <span class='ocrx_word' id='word_1_402' title='bbox 1768 1173 1844 1198; x_wconf 87' lang='grc' dir='ltr'>Ῥου-</span> 
     </span>
    </p>
   </div>
   <div class='ocr_carea' id='block_1_56' title="bbox 1064 1217 1844 1254">
    <p class='ocr_par' dir='ltr' id='par_1_56' title="bbox 1064 1217 1844 1254">
     <span class='ocr_line' id='line_1_56' title="bbox 1064 1217 1844 1254; baseline -0.003 -9"><span class='ocrx_word' id='word_1_403' title='bbox 1064 1219 1156 1245; x_wconf 78' lang='grc' dir='ltr'>στικοῦ</span> <span class='ocrx_word' id='word_1_404' title='bbox 1173 1219 1219 1245; x_wconf 78' lang='grc' dir='ltr'><strong>καὶ</strong></span> <span class='ocrx_word' id='word_1_405' title='bbox 1242 1218 1407 1254; x_wconf 82' lang='grc' dir='ltr'>Ἐλευθερίου</span> <span class='ocrx_word' id='word_1_406' title='bbox 1439 1219 1598 1252; x_wconf 82' lang='grc' dir='ltr'>ἐκτέμνουσι</span> <span class='ocrx_word' id='word_1_407' title='bbox 1623 1217 1750 1252; x_wconf 77' lang='grc' dir='ltr'>κεφαλήν.</span> <span class='ocrx_word' id='word_1_408' title='bbox 1777 1217 1844 1243; x_wconf 83' lang='grc' dir='ltr'>Ἀλλ’</span> 
     </span>
    </p>
   </div>
   <div class='ocr_carea' id='block_1_57' title="bbox 1062 1262 1844 1298">
    <p class='ocr_par' dir='ltr' id='par_1_57' title="bbox 1062 1262 1844 1298">
     <span class='ocr_line' id='line_1_57' title="bbox 1062 1262 1844 1298; baseline -0.003 -8"><span class='ocrx_word' id='word_1_409' title='bbox 1062 1264 1121 1290; x_wconf 72' lang='grc' dir='ltr'>οὐδὲ</span> <span class='ocrx_word' id='word_1_410' title='bbox 1136 1263 1223 1298; x_wconf 76' lang='grc' dir='ltr'>τούτῳ</span> <span class='ocrx_word' id='word_1_411' title='bbox 1251 1263 1307 1295; x_wconf 72' lang='grc' dir='ltr'>σοῦ,</span> <span class='ocrx_word' id='word_1_412' title='bbox 1326 1263 1457 1295; x_wconf 73' lang='grc' dir='ltr'>Διονύσιε,</span> <span class='ocrx_word' id='word_1_413' title='bbox 1482 1265 1497 1289; x_wconf 82' lang='grc' dir='ltr'><strong><em>ὁ</em></strong></span> <span class='ocrx_word' id='word_1_414' title='bbox 1512 1263 1555 1289; x_wconf 78' lang='grc' dir='ltr'>διὰ</span> <span class='ocrx_word' id='word_1_415' title='bbox 1572 1263 1602 1289; x_wconf 60' lang='lat' dir='ltr'><strong>at</strong></span> <span class='ocrx_word' id='word_1_416' title='bbox 1619 1262 1712 1289; x_wconf 83' lang='grc' dir='ltr'>παθὼν</span> <span class='ocrx_word' id='word_1_417' title='bbox 1736 1262 1783 1288; x_wconf 79' lang='grc' dir='ltr'><strong>τοῦ</strong></span> <span class='ocrx_word' id='word_1_418' title='bbox 1811 1262 1844 1288; x_wconf 85' lang='grc' dir='ltr'><strong>δι’</strong></span> 
     </span>
    </p>
   </div>
   <div class='ocr_carea' id='block_1_58' title="bbox 1063 1307 1846 1344">
    <p class='ocr_par' dir='ltr' id='par_1_58' title="bbox 1063 1307 1846 1344">
     <span class='ocr_line' id='line_1_58' title="bbox 1063 1307 1846 1344; baseline -0.003 -9"><span class='ocrx_word' id='word_1_419' title='bbox 1063 1310 1143 1336; x_wconf 77' lang='grc' dir='ltr'>αὑτὸν</span> <span class='ocrx_word' id='word_1_420' title='bbox 1160 1310 1321 1344; x_wconf 77' lang='grc' dir='ltr'>θνήσκοντος</span> <span class='ocrx_word' id='word_1_421' title='bbox 1338 1309 1520 1344; x_wconf 78' lang='grc' dir='ltr'>ἐπιλέλησται·</span> <span class='ocrx_word' id='word_1_422' title='bbox 1534 1308 1600 1335; x_wconf 83' lang='grc' dir='ltr'><strong>ἀλλά</strong></span> <span class='ocrx_word' id='word_1_423' title='bbox 1610 1311 1636 1334; x_wconf 76' lang='grc' dir='ltr'><strong>τί</strong></span> <span class='ocrx_word' id='word_1_424' title='bbox 1654 1309 1700 1334; x_wconf 84' lang='grc' dir='ltr'><strong>καὶ</strong></span> <span class='ocrx_word' id='word_1_425' title='bbox 1718 1308 1780 1343; x_wconf 75' lang='grc' dir='ltr'>περὶ</span> <span class='ocrx_word' id='word_1_426' title='bbox 1796 1307 1846 1342; x_wconf 86' lang='grc' dir='ltr'><strong>τὴν</strong></span> 
     </span>
    </p>
   </div>
   <div class='ocr_carea' id='block_1_59' title="bbox 1064 1354 1847 1391">
    <p class='ocr_par' dir='ltr' id='par_1_59' title="bbox 1064 1354 1847 1391">
     <span class='ocr_line' id='line_1_59' title="bbox 1064 1354 1847 1391; baseline -0.004 -9"><span class='ocrx_word' id='word_1_427' title='bbox 1064 1355 1181 1391; x_wconf 82' lang='grc' dir='ltr'>ἐκτομὴν</span> <span class='ocrx_word' id='word_1_428' title='bbox 1198 1356 1341 1391; x_wconf 78' lang='grc' dir='ltr'>τεράστιον</span> <span class='ocrx_word' id='word_1_429' title='bbox 1365 1355 1558 1383; x_wconf 76' lang='grc' dir='ltr'>ἐπιδείκνυται.</span> <span class='ocrx_word' id='word_1_430' title='bbox 1581 1355 1635 1380; x_wconf 78' lang='grc' dir='ltr'><strong>Καὶ</strong></span> <span class='ocrx_word' id='word_1_431' title='bbox 1652 1354 1705 1389; x_wconf 81' lang='grc' dir='ltr'>γὰρ</span> <span class='ocrx_word' id='word_1_432' title='bbox 1720 1354 1768 1388; x_wconf 84' lang='grc' dir='ltr'><strong>τὴν</strong></span> <span class='ocrx_word' id='word_1_433' title='bbox 1784 1354 1847 1379; x_wconf 79' lang='grc' dir='ltr'>ἐαυ-</span> 
     </span>
    </p>
   </div>
   <div class='ocr_carea' id='block_1_60' title="bbox 1063 1399 1847 1436">
    <p class='ocr_par' dir='ltr' id='par_1_60' title="bbox 1063 1399 1847 1436">
     <span class='ocr_line' id='line_1_60' title="bbox 1063 1399 1847 1436; baseline -0.005 -8"><span class='ocrx_word' id='word_1_434' title='bbox 1063 1401 1110 1428; x_wconf 79' lang='grc' dir='ltr'>τοῦ</span> <span class='ocrx_word' id='word_1_435' title='bbox 1138 1401 1266 1436; x_wconf 79' lang='grc' dir='ltr'>κεφαλὴν,</span> <span class='ocrx_word' id='word_1_436' title='bbox 1284 1400 1377 1435; x_wconf 85' lang='grc' dir='ltr'>ὥσπερ</span> <span class='ocrx_word' id='word_1_437' title='bbox 1399 1409 1425 1426; x_wconf 88' lang='grc' dir='ltr'><strong>τι</strong></span> <span class='ocrx_word' id='word_1_438' title='bbox 1443 1400 1578 1435; x_wconf 79' lang='grc' dir='ltr'>βραϐεῖον,</span> <span class='ocrx_word' id='word_1_439' title='bbox 1596 1401 1625 1426; x_wconf 80' lang='grc' dir='ltr'><strong>ἐν</strong></span> <span class='ocrx_word' id='word_1_440' title='bbox 1641 1400 1701 1425; x_wconf 82' lang='grc' dir='ltr'>ταῖν</span> <span class='ocrx_word' id='word_1_441' title='bbox 1728 1399 1816 1434; x_wconf 79' lang='grc' dir='ltr'>χεροῖν</span> <span class='ocrx_word' id='word_1_442' title='bbox 1832 1400 1847 1424; x_wconf 82' lang='grc' dir='ltr'>ὁ</span> 
     </span>
    </p>
   </div>
   <div class='ocr_carea' id='block_1_61' title="bbox 1067 1443 1845 1482">
    <p class='ocr_par' dir='ltr' id='par_1_61' title="bbox 1067 1443 1845 1482">
     <span class='ocr_line' id='line_1_61' title="bbox 1067 1443 1845 1482; baseline -0.005 -9"><span class='ocrx_word' id='word_1_443' title='bbox 1067 1447 1170 1482; x_wconf 83' lang='grc' dir='ltr'>μάρτυς</span> <span class='ocrx_word' id='word_1_444' title='bbox 1186 1445 1341 1480; x_wconf 75' lang='grc' dir='ltr'>δεξάμενος,</span> <span class='ocrx_word' id='word_1_445' title='bbox 1368 1445 1409 1479; x_wconf 71' lang='grc' dir='ltr'><strong>ἐφ’</strong></span> <span class='ocrx_word' id='word_1_446' title='bbox 1427 1444 1517 1471; x_wconf 75' lang='grc' dir='ltr'>ἰκανὸν</span> <span class='ocrx_word' id='word_1_447' title='bbox 1533 1445 1614 1471; x_wconf 84' lang='grc' dir='ltr'>τόπον</span> <span class='ocrx_word' id='word_1_448' title='bbox 1639 1444 1742 1470; x_wconf 83' lang='grc' dir='ltr'>δίεισιν.</span> <span class='ocrx_word' id='word_1_449' title='bbox 1763 1443 1845 1476; x_wconf 66' lang='grc' dir='ltr'><strong>Ἐφε-</strong></span> 
     </span>
    </p>
   </div>
   <div class='ocr_carea' id='block_1_62' title="bbox 1066 1487 1848 1527">
    <p class='ocr_par' dir='ltr' id='par_1_62' title="bbox 1066 1487 1848 1527">
     <span class='ocr_line' id='line_1_62' title="bbox 1066 1487 1848 1527; baseline -0.006 -9"><span class='ocrx_word' id='word_1_450' title='bbox 1066 1501 1112 1527; x_wconf 90' lang='grc' dir='ltr'><strong>ρεν</strong></span> <span class='ocrx_word' id='word_1_451' title='bbox 1127 1490 1173 1518; x_wconf 76' lang='grc' dir='ltr'><strong>οὖν</strong></span> <span class='ocrx_word' id='word_1_452' title='bbox 1188 1491 1237 1526; x_wconf 85' lang='grc' dir='ltr'><strong>τὴν</strong></span> <span class='ocrx_word' id='word_1_453' title='bbox 1254 1490 1382 1525; x_wconf 75' lang='grc' dir='ltr'>κεφαλὴν,</span> <span class='ocrx_word' id='word_1_454' title='bbox 1400 1490 1523 1524; x_wconf 81' lang='grc' dir='ltr'>καθάπερ</span> <span class='ocrx_word' id='word_1_455' title='bbox 1538 1498 1565 1516; x_wconf 80' lang='grc' dir='ltr'><strong>τι</strong></span> <span class='ocrx_word' id='word_1_456' title='bbox 1580 1489 1720 1524; x_wconf 82' lang='grc' dir='ltr'>τρόπαιον,</span> <span class='ocrx_word' id='word_1_457' title='bbox 1732 1488 1777 1513; x_wconf 75' lang='grc' dir='ltr'><strong>ἐπὶ</strong></span> <span class='ocrx_word' id='word_1_458' title='bbox 1792 1487 1848 1514; x_wconf 79' lang='grc' dir='ltr'><strong>τῶν</strong></span> 
     </span>
    </p>
   </div>
   <div class='ocr_carea' id='block_1_63' title="bbox 1066 1534 1848 1574">
    <p class='ocr_par' dir='ltr' id='par_1_63' title="bbox 1066 1534 1848 1574">
     <span class='ocr_line' id='line_1_63' title="bbox 1066 1534 1848 1574; baseline -0.005 -11"><span class='ocrx_word' id='word_1_459' title='bbox 1066 1537 1162 1574; x_wconf 81' lang='grc' dir='ltr'>χειρῶν</span> <span class='ocrx_word' id='word_1_460' title='bbox 1180 1537 1269 1568; x_wconf 74' lang='grc' dir='ltr'>αὐτὸς,</span> <span class='ocrx_word' id='word_1_461' title='bbox 1282 1537 1334 1562; x_wconf 82' lang='grc' dir='ltr'>ὑπὸ</span> <span class='ocrx_word' id='word_1_462' title='bbox 1350 1537 1424 1567; x_wconf 75' lang='grc' dir='ltr'>θείας</span> <span class='ocrx_word' id='word_1_463' title='bbox 1441 1536 1547 1566; x_wconf 75' lang='grc' dir='ltr'>πάντως</span> <span class='ocrx_word' id='word_1_464' title='bbox 1565 1535 1710 1571; x_wconf 68' lang='grc' dir='ltr'>φερόμενος</span> <span class='ocrx_word' id='word_1_465' title='bbox 1727 1534 1848 1569; x_wconf 83' lang='grc' dir='ltr'>χάριτος,</span> 
     </span>
    </p>
   </div>
   <div class='ocr_carea' id='block_1_64' title="bbox 1066 1579 1849 1618">
    <p class='ocr_par' dir='ltr' id='par_1_64' title="bbox 1066 1579 1849 1618">
     <span class='ocr_line' id='line_1_64' title="bbox 1066 1579 1849 1618; baseline -0.005 -9"><span class='ocrx_word' id='word_1_466' title='bbox 1066 1583 1112 1609; x_wconf 77' lang='grc' dir='ltr'><strong>καὶ</strong></span> <span class='ocrx_word' id='word_1_467' title='bbox 1129 1583 1159 1609; x_wconf 79' lang='grc' dir='ltr'><strong>οὑ</strong></span> <span class='ocrx_word' id='word_1_468' title='bbox 1178 1582 1308 1618; x_wconf 88' lang='grc' dir='ltr'>πρότερον</span> <span class='ocrx_word' id='word_1_469' title='bbox 1334 1582 1428 1616; x_wconf 81' lang='grc' dir='ltr'>ἀνῆκε,</span> <span class='ocrx_word' id='word_1_470' title='bbox 1455 1581 1520 1616; x_wconf 74' lang='grc' dir='ltr'>πρὶν</span> <span class='ocrx_word' id='word_1_471' title='bbox 1538 1582 1582 1607; x_wconf 77' lang='grc' dir='ltr'>ὅτε</span> <span class='ocrx_word' id='word_1_472' title='bbox 1598 1580 1630 1615; x_wconf 80' lang='grc' dir='ltr'><strong>δὴ</strong></span> <span class='ocrx_word' id='word_1_473' title='bbox 1654 1579 1762 1613; x_wconf 81' lang='grc' dir='ltr'>γυναικὶ</span> <span class='ocrx_word' id='word_1_474' title='bbox 1778 1579 1849 1606; x_wconf 82' lang='grc' dir='ltr'>κατὰ</span> 
     </span>
    </p>
   </div>
   <div class='ocr_carea' id='block_1_65' title="bbox 242 1616 1021 1661">
    <p class='ocr_par' dir='ltr' id='par_1_65' title="bbox 242 1617 1021 1655">
     <span class='ocr_line' id='line_1_65' title="bbox 242 1617 1021 1655; baseline -0.012 -4"><span class='ocrx_word' id='word_1_475' title='bbox 242 1624 316 1651; x_wconf 87' lang='lat' dir='ltr'><strong>illius</strong></span> <span class='ocrx_word' id='word_1_476' title='bbox 338 1622 464 1649; x_wconf 87' lang='lat' dir='ltr'><strong>manibus</strong></span> <span class='ocrx_word' id='word_1_477' title='bbox 483 1620 625 1655; x_wconf 88' lang='lat' dir='ltr'><strong>deposuit,</strong></span> <span class='ocrx_word' id='word_1_478' title='bbox 640 1619 724 1646; x_wconf 91' lang='lat' dir='ltr'><strong>veluti</strong></span> <span class='ocrx_word' id='word_1_479' title='bbox 746 1618 891 1652; x_wconf 87' lang='lat' dir='ltr'><strong>quemdam</strong></span> <span class='ocrx_word' id='word_1_480' title='bbox 912 1617 1021 1643; x_wconf 74' lang='lat' dir='ltr'><strong>thesau—</strong></span> 
     </span>
    </p>
   </div>
   <div class='ocr_carea' id='block_1_66' title="bbox 1066 1616 1850 1661">
    <p class='ocr_par' dir='ltr' id='par_1_66' title="bbox 1067 1616 1850 1661">
     <span class='ocr_line' id='line_1_66' title="bbox 1067 1616 1850 1661; baseline -0.005 -8"><span class='ocrx_word' id='word_1_481' title='bbox 1067 1627 1141 1654; x_wconf 79' lang='grc' dir='ltr'>θείαν</span> <span class='ocrx_word' id='word_1_482' title='bbox 1157 1616 1268 1658; x_wconf 80' lang='grc' dir='ltr'>πάντως</span> <span class='ocrx_word' id='word_1_483' title='bbox 1281 1626 1448 1661; x_wconf 77' lang='grc' dir='ltr'>συνενεχθεὶς</span> <span class='ocrx_word' id='word_1_484' title='bbox 1471 1626 1598 1660; x_wconf 78' lang='grc' dir='ltr'>πρόνοιαν</span> <span class='ocrx_word' id='word_1_485' title='bbox 1630 1624 1736 1657; x_wconf 83' lang='grc' dir='ltr'>ἐκείνης</span> <span class='ocrx_word' id='word_1_486' title='bbox 1762 1622 1850 1650; x_wconf 83' lang='grc' dir='ltr'>παλά-</span> 
     </span>
    </p>
   </div>
   <div class='ocr_carea' id='block_1_67' title="bbox 241 1664 1023 1698">
    <p class='ocr_par' dir='ltr' id='par_1_67' title="bbox 241 1664 1023 1698">
     <span class='ocr_line' id='line_1_67' title="bbox 241 1664 1023 1698; baseline -0.013 -3"><span class='ocrx_word' id='word_1_487' title='bbox 241 1676 310 1695; x_wconf 88' lang='lat' dir='ltr'><strong>rum.</strong></span> <span class='ocrx_word' id='word_1_488' title='bbox 321 1667 452 1694; x_wconf 72' lang='lat' dir='ltr'><strong>Iacebant</strong></span> <span class='ocrx_word' id='word_1_489' title='bbox 467 1671 557 1692; x_wconf 89' lang='lat' dir='ltr'><strong>autem</strong></span> <span class='ocrx_word' id='word_1_490' title='bbox 571 1664 694 1698; x_wconf 78' lang='lat' dir='ltr'><strong>neglecta</strong></span> <span class='ocrx_word' id='word_1_491' title='bbox 705 1666 862 1690; x_wconf 85' lang='lat' dir='ltr'><strong>sanctorum</strong></span> <span class='ocrx_word' id='word_1_492' title='bbox 875 1664 1023 1694; x_wconf 81' lang='lat' dir='ltr'><strong>martyrum</strong></span> 
     </span>
    </p>
   </div>
   <div class='ocr_carea' id='block_1_68' title="bbox 241 1705 1023 1745">
    <p class='ocr_par' dir='ltr' id='par_1_68' title="bbox 241 1705 1023 1745">
     <span class='ocr_line' id='line_1_68' title="bbox 241 1705 1023 1745; baseline -0.013 -5"><span class='ocrx_word' id='word_1_493' title='bbox 241 1713 394 1740; x_wconf 84' lang='lat' dir='ltr'><strong>veneranda</strong></span> <span class='ocrx_word' id='word_1_494' title='bbox 408 1718 534 1745; x_wconf 86' lang='lat' dir='ltr'><strong>corpora,</strong></span> <span class='ocrx_word' id='word_1_495' title='bbox 550 1710 615 1737; x_wconf 79' lang='lat' dir='ltr'><strong>feris</strong></span> <span class='ocrx_word' id='word_1_496' title='bbox 628 1712 655 1735; x_wconf 89' lang='lat' dir='ltr'><strong>et</strong></span> <span class='ocrx_word' id='word_1_497' title='bbox 669 1708 765 1734; x_wconf 86' lang='lat' dir='ltr'><strong>avibus</strong></span> <span class='ocrx_word' id='word_1_498' title='bbox 781 1706 815 1733; x_wconf 89' lang='lat' dir='ltr'><strong>ad</strong></span> <span class='ocrx_word' id='word_1_499' title='bbox 828 1705 962 1733; x_wconf 86' lang='lat' dir='ltr'><strong>edendum</strong></span> <span class='ocrx_word' id='word_1_500' title='bbox 977 1712 1023 1730; x_wconf 77' lang='lat' dir='ltr'><strong>ex-</strong></span> 
     </span>
    </p>
   </div>
   <div class='ocr_carea' id='block_1_69' title="bbox 245 1752 1022 1794">
    <p class='ocr_par' dir='ltr' id='par_1_69' title="bbox 245 1752 1022 1794">
     <span class='ocr_line' id='line_1_69' title="bbox 245 1752 1022 1794; baseline -0.014 -8"><span class='ocrx_word' id='word_1_501' title='bbox 245 1759 345 1794; x_wconf 87' lang='lat' dir='ltr'><strong>posita,</strong></span> <span class='ocrx_word' id='word_1_502' title='bbox 359 1761 386 1785; x_wconf 86' lang='lat' dir='ltr'><strong>et</strong></span> <span class='ocrx_word' id='word_1_503' title='bbox 400 1765 450 1784; x_wconf 86' lang='lat' dir='ltr'><strong>nec</strong></span> <span class='ocrx_word' id='word_1_504' title='bbox 461 1756 535 1791; x_wconf 76' lang='lat' dir='ltr'><strong>justa</strong></span> <span class='ocrx_word' id='word_1_505' title='bbox 560 1754 671 1790; x_wconf 89' lang='lat' dir='ltr'><strong>quidem</strong></span> <span class='ocrx_word' id='word_1_506' title='bbox 696 1752 842 1787; x_wconf 80' lang='lat' dir='ltr'><strong>sepultura:</strong></span> <span class='ocrx_word' id='word_1_507' title='bbox 866 1754 1022 1777; x_wconf 85' lang='lat' dir='ltr'><strong>consecuta.</strong></span> 
     </span>
    </p>
   </div>
   <div class='ocr_carea' id='block_1_70' title="bbox 279 1835 1020 1873">
    <p class='ocr_par' dir='ltr' id='par_1_70' title="bbox 279 1835 1020 1873">
     <span class='ocr_line' id='line_1_70' title="bbox 279 1835 1020 1873; baseline -0.016 0"><span class='ocrx_word' id='word_1_508' title='bbox 279 1845 400 1873; x_wconf 73' lang='lat' dir='ltr'><strong>Lictcres</strong></span> <span class='ocrx_word' id='word_1_509' title='bbox 416 1846 505 1870; x_wconf 87' lang='lat' dir='ltr'><strong>autem</strong></span> <span class='ocrx_word' id='word_1_510' title='bbox 521 1849 555 1868; x_wconf 82' lang='lat' dir='ltr'><strong>ne</strong></span> <span class='ocrx_word' id='word_1_511' title='bbox 569 1841 702 1867; x_wconf 82' lang='lat' dir='ltr'><strong>hactenus</strong></span> <span class='ocrx_word' id='word_1_512' title='bbox 714 1837 824 1873; x_wconf 86' lang='lat' dir='ltr'><strong>quidem</strong></span> <span class='ocrx_word' id='word_1_513' title='bbox 841 1837 921 1863; x_wconf 88' lang='lat' dir='ltr'><strong>irasci</strong></span> <span class='ocrx_word' id='word_1_514' title='bbox 936 1835 1020 1862; x_wconf 87' lang='lat' dir='ltr'><strong>desie-</strong></span> 
     </span>
    </p>
   </div>
   <div class='ocr_carea' id='block_1_71' title="bbox 244 1882 1024 1921">
    <p class='ocr_par' dir='ltr' id='par_1_71' title="bbox 244 1882 1024 1921">
     <span class='ocr_line' id='line_1_71' title="bbox 244 1882 1024 1921; baseline -0.017 -2"><span class='ocrx_word' id='word_1_515' title='bbox 244 1894 326 1920; x_wconf 84' lang='lat' dir='ltr'><strong>runt.</strong></span> <span class='ocrx_word' id='word_1_516' title='bbox 343 1889 391 1918; x_wconf 84' lang='lat' dir='ltr'><strong>sed</strong></span> <span class='ocrx_word' id='word_1_517' title='bbox 404 1889 487 1916; x_wconf 85' lang='lat' dir='ltr'><strong>etiam</strong></span> <span class='ocrx_word' id='word_1_518' title='bbox 506 1888 534 1915; x_wconf 93' lang='lat' dir='ltr'><strong>in</strong></span> <span class='ocrx_word' id='word_1_519' title='bbox 549 1887 624 1921; x_wconf 87' lang='lat' dir='ltr'><strong>ipsas</strong></span> <span class='ocrx_word' id='word_1_520' title='bbox 639 1885 733 1912; x_wconf 77' lang='lat' dir='ltr'><strong>[urunt</strong></span> <span class='ocrx_word' id='word_1_521' title='bbox 743 1882 884 1917; x_wconf 86' lang='lat' dir='ltr'><strong>reliquias,</strong></span> <span class='ocrx_word' id='word_1_522' title='bbox 901 1885 1024 1908; x_wconf 68' lang='lat' dir='ltr'><strong>statuen&lt;</strong></span> 
     </span>
    </p>
   </div>
   <div class='ocr_carea' id='block_1_72' title="bbox 245 1925 1026 1968">
    <p class='ocr_par' dir='ltr' id='par_1_72' title="bbox 245 1925 1026 1968">
     <span class='ocr_line' id='line_1_72' title="bbox 245 1925 1026 1968; baseline -0.018 -3"><span class='ocrx_word' id='word_1_523' title='bbox 245 1943 287 1965; x_wconf 85' lang='lat' dir='ltr'><strong>tes</strong></span> <span class='ocrx_word' id='word_1_524' title='bbox 300 1943 347 1963; x_wconf 89' lang='lat' dir='ltr'><strong>eas</strong></span> <span class='ocrx_word' id='word_1_525' title='bbox 358 1936 386 1962; x_wconf 92' lang='lat' dir='ltr'><strong>in</strong></span> <span class='ocrx_word' id='word_1_526' title='bbox 396 1933 481 1961; x_wconf 89' lang='lat' dir='ltr'><strong>maris</strong></span> <span class='ocrx_word' id='word_1_527' title='bbox 492 1931 656 1968; x_wconf 81' lang='lat' dir='ltr'><strong>profundum</strong></span> <span class='ocrx_word' id='word_1_528' title='bbox 666 1929 809 1965; x_wconf 86' lang='lat' dir='ltr'><strong>projicere,</strong></span> <span class='ocrx_word' id='word_1_529' title='bbox 824 1935 857 1954; x_wconf 88' lang='lat' dir='ltr'><strong>ne</strong></span> <span class='ocrx_word' id='word_1_530' title='bbox 873 1926 913 1954; x_wconf 85' lang='lat' dir='ltr'><strong>vel</strong></span> <span class='ocrx_word' id='word_1_531' title='bbox 936 1925 1026 1952; x_wconf 87' lang='lat' dir='ltr'><strong>inani-</strong></span> 
     </span>
    </p>
   </div>
   <div class='ocr_carea' id='block_1_73' title="bbox 245 1969 1027 2010">
    <p class='ocr_par' dir='ltr' id='par_1_73' title="bbox 245 1969 1027 2010">
     <span class='ocr_line' id='line_1_73' title="bbox 245 1969 1027 2010; baseline -0.019 0"><span class='ocrx_word' id='word_1_532' title='bbox 245 1986 324 2010; x_wconf 77' lang='lat' dir='ltr'><strong>matae</strong></span> <span class='ocrx_word' id='word_1_533' title='bbox 334 1980 471 2008; x_wconf 62' lang='lat' dir='ltr'><strong>edicerent</strong></span> <span class='ocrx_word' id='word_1_534' title='bbox 483 1977 628 2009; x_wconf 87' lang='lat' dir='ltr'><strong>miracula,</strong></span> <span class='ocrx_word' id='word_1_535' title='bbox 641 1980 668 2002; x_wconf 90' lang='lat' dir='ltr'><strong>et</strong></span> <span class='ocrx_word' id='word_1_536' title='bbox 687 1974 750 2002; x_wconf 90' lang='lat' dir='ltr'><strong>ideo</strong></span> <span class='ocrx_word' id='word_1_537' title='bbox 773 1971 941 2000; x_wconf 81' lang='lat' dir='ltr'><strong>attraherent</strong></span> <span class='ocrx_word' id='word_1_538' title='bbox 959 1969 1027 1996; x_wconf 87' lang='lat' dir='ltr'><strong>mul-</strong></span> 
     </span>
    </p>
   </div>
   <div class='ocr_carea' id='block_1_74' title="bbox 245 2018 1026 2060">
    <p class='ocr_par' dir='ltr' id='par_1_74' title="bbox 245 2018 1026 2060">
     <span class='ocr_line' id='line_1_74' title="bbox 245 2018 1026 2060; baseline -0.018 -6"><span class='ocrx_word' id='word_1_539' title='bbox 245 2031 287 2054; x_wconf 89' lang='lat' dir='ltr'><strong>tos</strong></span> <span class='ocrx_word' id='word_1_540' title='bbox 302 2026 336 2053; x_wconf 81' lang='lat' dir='ltr'><strong>ad</strong></span> <span class='ocrx_word' id='word_1_541' title='bbox 358 2024 535 2060; x_wconf 69' lang='lat' dir='ltr'><strong>agnitionem.</strong></span> <span class='ocrx_word' id='word_1_542' title='bbox 553 2021 629 2055; x_wconf 85' lang='lat' dir='ltr'><strong>Quod</strong></span> <span class='ocrx_word' id='word_1_543' title='bbox 646 2021 736 2051; x_wconf 83' lang='lat' dir='ltr'><strong>etiam,</strong></span> <span class='ocrx_word' id='word_1_544' title='bbox 752 2022 781 2045; x_wconf 92' lang='lat' dir='ltr'><strong>ut</strong></span> <span class='ocrx_word' id='word_1_545' title='bbox 793 2018 832 2045; x_wconf 90' lang='lat' dir='ltr'><strong>eis</strong></span> <span class='ocrx_word' id='word_1_546' title='bbox 848 2018 936 2044; x_wconf 90' lang='lat' dir='ltr'><strong>visum</strong></span> <span class='ocrx_word' id='word_1_547' title='bbox 956 2019 1026 2047; x_wconf 89' lang='lat' dir='ltr'><strong>erat,</strong></span> 
     </span>
    </p>
   </div>
   <div class='ocr_carea' id='block_1_75' title="bbox 245 2061 1027 2101">
    <p class='ocr_par' dir='ltr' id='par_1_75' title="bbox 245 2061 1027 2101">
     <span class='ocr_line' id='line_1_75' title="bbox 245 2061 1027 2101; baseline -0.018 -1"><span class='ocrx_word' id='word_1_548' title='bbox 245 2072 346 2100; x_wconf 78' lang='lat' dir='ltr'><strong>factum</strong></span> <span class='ocrx_word' id='word_1_549' title='bbox 361 2073 445 2101; x_wconf 81' lang='lat' dir='ltr'><strong>esset,</strong></span> <span class='ocrx_word' id='word_1_550' title='bbox 457 2069 511 2096; x_wconf 89' lang='lat' dir='ltr'><strong>nisi</strong></span> <span class='ocrx_word' id='word_1_551' title='bbox 524 2069 575 2095; x_wconf 90' lang='lat' dir='ltr'><strong>hoc</strong></span> <span class='ocrx_word' id='word_1_552' title='bbox 590 2067 691 2094; x_wconf 90' lang='lat' dir='ltr'><strong>malum</strong></span> <span class='ocrx_word' id='word_1_553' title='bbox 699 2064 844 2092; x_wconf 90' lang='lat' dir='ltr'><strong>consilium</strong></span> <span class='ocrx_word' id='word_1_554' title='bbox 858 2062 891 2089; x_wconf 87' lang='lat' dir='ltr'><strong>ad</strong></span> <span class='ocrx_word' id='word_1_555' title='bbox 903 2061 1027 2089; x_wconf 78' lang='lat' dir='ltr'><strong>elIcctum</strong></span> 
     </span>
    </p>
   </div>
   <div class='ocr_carea' id='block_1_76' title="bbox 246 2108 1028 2149">
    <p class='ocr_par' dir='ltr' id='par_1_76' title="bbox 246 2108 1028 2149">
     <span class='ocr_line' id='line_1_76' title="bbox 246 2108 1028 2149; baseline -0.018 -5"><span class='ocrx_word' id='word_1_556' title='bbox 246 2116 343 2146; x_wconf 87' lang='lat' dir='ltr'><strong>deduci</strong></span> <span class='ocrx_word' id='word_1_557' title='bbox 351 2116 422 2143; x_wconf 88' lang='lat' dir='ltr'><strong>Deus</strong></span> <span class='ocrx_word' id='word_1_558' title='bbox 435 2111 708 2149; x_wconf 35' lang='lat' dir='ltr'><strong>prohibuisset..Nam</strong></span> <span class='ocrx_word' id='word_1_559' title='bbox 720 2117 781 2136; x_wconf 90' lang='lat' dir='ltr'><strong>cum</strong></span> <span class='ocrx_word' id='word_1_560' title='bbox 793 2108 923 2135; x_wconf 87' lang='lat' dir='ltr'><strong>sensisset</strong></span> <span class='ocrx_word' id='word_1_561' title='bbox 934 2112 1028 2132; x_wconf 89' lang='lat' dir='ltr'><strong>eorum</strong></span> 
     </span>
    </p>
   </div>
   <div class='ocr_carea' id='block_1_77' title="bbox 247 2154 1028 2194">
    <p class='ocr_par' dir='ltr' id='par_1_77' title="bbox 247 2154 1028 2194">
     <span class='ocr_line' id='line_1_77' title="bbox 247 2154 1028 2194; baseline -0.018 -4"><span class='ocrx_word' id='word_1_562' title='bbox 247 2162 371 2192; x_wconf 79' lang='lat' dir='ltr'><strong>consilia.</strong></span> <span class='ocrx_word' id='word_1_563' title='bbox 388 2167 419 2188; x_wconf 87' lang='lat' dir='ltr'><strong>ea</strong></span> <span class='ocrx_word' id='word_1_564' title='bbox 435 2166 495 2194; x_wconf 69' lang='lat' dir='ltr'><strong>qum</strong></span> <span class='ocrx_word' id='word_1_565' title='bbox 508 2157 657 2192; x_wconf 88' lang='lat' dir='ltr'><strong>pretiosum</strong></span> <span class='ocrx_word' id='word_1_566' title='bbox 672 2154 799 2189; x_wconf 79' lang='lat' dir='ltr'><strong>martyris</strong></span> <span class='ocrx_word' id='word_1_567' title='bbox 814 2155 896 2187; x_wconf 86' lang='lat' dir='ltr'><strong>caput</strong></span> <span class='ocrx_word' id='word_1_568' title='bbox 916 2157 1028 2184; x_wconf 72' lang='lat' dir='ltr'><strong>accepe—</strong></span> 
     </span>
    </p>
   </div>
   <div class='ocr_carea' id='block_1_78' title="bbox 247 2201 1030 2243">
    <p class='ocr_par' dir='ltr' id='par_1_78' title="bbox 247 2201 1030 2243">
     <span class='ocr_line' id='line_1_78' title="bbox 247 2201 1030 2243; baseline -0.018 -8"><span class='ocrx_word' id='word_1_569' title='bbox 247 2211 289 2234; x_wconf 91' lang='lat' dir='ltr'><strong>rat</strong></span> <span class='ocrx_word' id='word_1_570' title='bbox 298 2206 417 2243; x_wconf 88' lang='lat' dir='ltr'><strong>(mulieri</strong></span> <span class='ocrx_word' id='word_1_571' title='bbox 429 2211 528 2231; x_wconf 85' lang='lat' dir='ltr'><strong>nomen</strong></span> <span class='ocrx_word' id='word_1_572' title='bbox 539 2206 597 2230; x_wconf 87' lang='lat' dir='ltr'><strong>erat</strong></span> <span class='ocrx_word' id='word_1_573' title='bbox 608 2201 727 2235; x_wconf 85' lang='lat' dir='ltr'><strong>Catula),</strong></span> <span class='ocrx_word' id='word_1_574' title='bbox 738 2203 855 2226; x_wconf 81' lang='lat' dir='ltr'><strong>mentem</strong></span> <span class='ocrx_word' id='word_1_575' title='bbox 869 2204 944 2224; x_wconf 88' lang='lat' dir='ltr'><strong>suam</strong></span> <span class='ocrx_word' id='word_1_576' title='bbox 954 2203 1030 2222; x_wconf 82' lang='lat' dir='ltr'><strong>coni-</strong></span> 
     </span>
    </p>
   </div>
   <div class='ocr_carea' id='block_1_79' title="bbox 248 2241 1066 2279">
    <p class='ocr_par' dir='ltr' id='par_1_79' title="bbox 248 2241 1066 2279">
     <span class='ocr_line' id='line_1_79' title="bbox 248 2241 1066 2279; baseline -0.017 1"><span class='ocrx_word' id='word_1_577' title='bbox 248 2241 405 2279; x_wconf 86' lang='lat' dir='ltr'><strong>municabat</strong></span> <span class='ocrx_word' id='word_1_578' title='bbox 416 2248 551 2279; x_wconf 79' lang='lat' dir='ltr'><strong>ﬁdelibus,</strong></span> <span class='ocrx_word' id='word_1_579' title='bbox 568 2250 599 2274; x_wconf 88' lang='lat' dir='ltr'><strong>ut</strong></span> <span class='ocrx_word' id='word_1_580' title='bbox 623 2245 678 2272; x_wconf 84' lang='lat' dir='ltr'><strong>Deo</strong></span> <span class='ocrx_word' id='word_1_581' title='bbox 700 2248 805 2279; x_wconf 76' lang='lat' dir='ltr'><strong>gratam</strong></span> <span class='ocrx_word' id='word_1_582' title='bbox 829 2245 855 2269; x_wconf 90' lang='lat' dir='ltr'><strong>et</strong></span> <span class='ocrx_word' id='word_1_583' title='bbox 879 2241 1066 2274; x_wconf 86' lang='lat' dir='ltr'><strong>acceptam.D</strong></span> 
     </span>
    </p>
   </div>
   <div class='ocr_carea' id='block_1_80' title="bbox 249 2291 1028 2330">
    <p class='ocr_par' dir='ltr' id='par_1_80' title="bbox 249 2291 1028 2330">
     <span class='ocr_line' id='line_1_80' title="bbox 249 2291 1028 2330; baseline -0.018 -6"><span class='ocrx_word' id='word_1_584' title='bbox 249 2297 281 2324; x_wconf 83' lang='lat' dir='ltr'><strong>Et</strong></span> <span class='ocrx_word' id='word_1_585' title='bbox 297 2304 358 2324; x_wconf 87' lang='lat' dir='ltr'><strong>eum</strong></span> <span class='ocrx_word' id='word_1_586' title='bbox 374 2293 543 2330; x_wconf 82' lang='lat' dir='ltr'><strong>splendidam</strong></span> <span class='ocrx_word' id='word_1_587' title='bbox 558 2295 586 2319; x_wconf 89' lang='lat' dir='ltr'><strong>et</strong></span> <span class='ocrx_word' id='word_1_588' title='bbox 602 2292 703 2318; x_wconf 88' lang='lat' dir='ltr'><strong>lautam</strong></span> <span class='ocrx_word' id='word_1_589' title='bbox 719 2292 877 2323; x_wconf 81' lang='lat' dir='ltr'><strong>apparasset</strong></span> <span class='ocrx_word' id='word_1_590' title='bbox 896 2291 1028 2317; x_wconf 88' lang='lat' dir='ltr'><strong>mensam,</strong></span> 
     </span>
    </p>
   </div>
   <div class='ocr_carea' id='block_1_81' title="bbox 249 2331 1027 2375">
    <p class='ocr_par' dir='ltr' id='par_1_81' title="bbox 249 2331 1027 2375">
     <span class='ocr_line' id='line_1_81' title="bbox 249 2331 1027 2375; baseline -0.019 -4"><span class='ocrx_word' id='word_1_591' title='bbox 249 2344 357 2370; x_wconf 86' lang='lat' dir='ltr'><strong>lictores</strong></span> <span class='ocrx_word' id='word_1_592' title='bbox 373 2341 476 2375; x_wconf 85' lang='lat' dir='ltr'><strong>accepit</strong></span> <span class='ocrx_word' id='word_1_593' title='bbox 488 2339 621 2366; x_wconf 89' lang='lat' dir='ltr'><strong>convivio.</strong></span> <span class='ocrx_word' id='word_1_594' title='bbox 637 2336 748 2363; x_wconf 83' lang='lat' dir='ltr'><strong>Interim</strong></span> <span class='ocrx_word' id='word_1_595' title='bbox 762 2341 836 2365; x_wconf 89' lang='lat' dir='ltr'><strong>vero,</strong></span> <span class='ocrx_word' id='word_1_596' title='bbox 849 2333 914 2360; x_wconf 86' lang='lat' dir='ltr'><strong>dum</strong></span> <span class='ocrx_word' id='word_1_597' title='bbox 924 2331 942 2357; x_wconf 90' lang='lat' dir='ltr'><strong>ii</strong></span> <span class='ocrx_word' id='word_1_598' title='bbox 958 2338 1027 2358; x_wconf 88' lang='lat' dir='ltr'><strong>con-</strong></span> 
     </span>
    </p>
   </div>
   <div class='ocr_carea' id='block_1_82' title="bbox 250 2376 1031 2420">
    <p class='ocr_par' dir='ltr' id='par_1_82' title="bbox 250 2376 1031 2420">
     <span class='ocr_line' id='line_1_82' title="bbox 250 2376 1031 2420; baseline -0.019 -4"><span class='ocrx_word' id='word_1_599' title='bbox 250 2389 350 2416; x_wconf 84' lang='lat' dir='ltr'><strong>vivium</strong></span> <span class='ocrx_word' id='word_1_600' title='bbox 365 2387 470 2414; x_wconf 86' lang='lat' dir='ltr'><strong>inibant</strong></span> <span class='ocrx_word' id='word_1_601' title='bbox 486 2385 558 2420; x_wconf 88' lang='lat' dir='ltr'><strong>apud</strong></span> <span class='ocrx_word' id='word_1_602' title='bbox 573 2383 726 2413; x_wconf 87' lang='lat' dir='ltr'><strong>mulierem,</strong></span> <span class='ocrx_word' id='word_1_603' title='bbox 738 2380 847 2415; x_wconf 87' lang='lat' dir='ltr'><strong>quidam</strong></span> <span class='ocrx_word' id='word_1_604' title='bbox 864 2386 896 2405; x_wconf 78' lang='lat' dir='ltr'><strong>ex</strong></span> <span class='ocrx_word' id='word_1_605' title='bbox 909 2376 1031 2403; x_wconf 85' lang='lat' dir='ltr'><strong>ﬁdelibus</strong></span> 
     </span>
    </p>
   </div>
   <div class='ocr_carea' id='block_1_83' title="bbox 250 2422 1029 2469">
    <p class='ocr_par' dir='ltr' id='par_1_83' title="bbox 250 2422 1029 2469">
     <span class='ocr_line' id='line_1_83' title="bbox 250 2422 1029 2469; baseline -0.019 -7"><span class='ocrx_word' id='word_1_606' title='bbox 250 2434 388 2469; x_wconf 81' lang='lat' dir='ltr'><strong>accipiunt</strong></span> <span class='ocrx_word' id='word_1_607' title='bbox 403 2435 555 2466; x_wconf 85' lang='lat' dir='ltr'><strong>martyrum</strong></span> <span class='ocrx_word' id='word_1_608' title='bbox 567 2429 709 2463; x_wconf 87' lang='lat' dir='ltr'><strong>reliquias,</strong></span> <span class='ocrx_word' id='word_1_609' title='bbox 733 2430 759 2454; x_wconf 88' lang='lat' dir='ltr'><strong>et</strong></span> <span class='ocrx_word' id='word_1_610' title='bbox 780 2433 828 2453; x_wconf 86' lang='lat' dir='ltr'><strong>eas</strong></span> <span class='ocrx_word' id='word_1_611' title='bbox 850 2422 1029 2450; x_wconf 86' lang='lat' dir='ltr'><strong>abscondunt.</strong></span> 
     </span>
    </p>
   </div>
   <div class='ocr_carea' id='block_1_84' title="bbox 251 2467 1032 2510">
    <p class='ocr_par' dir='ltr' id='par_1_84' title="bbox 251 2467 1032 2510">
     <span class='ocr_line' id='line_1_84' title="bbox 251 2467 1032 2510; baseline -0.019 -2"><span class='ocrx_word' id='word_1_612' title='bbox 251 2481 361 2510; x_wconf 80' lang='lat' dir='ltr'><strong>Deinde.</strong></span> <span class='ocrx_word' id='word_1_613' title='bbox 377 2479 452 2506; x_wconf 83' lang='lat' dir='ltr'><strong>tluito</strong></span> <span class='ocrx_word' id='word_1_614' title='bbox 467 2477 602 2506; x_wconf 84' lang='lat' dir='ltr'><strong>convivio.</strong></span> <span class='ocrx_word' id='word_1_615' title='bbox 617 2483 678 2502; x_wconf 84' lang='lat' dir='ltr'><strong>cum</strong></span> <span class='ocrx_word' id='word_1_616' title='bbox 694 2481 753 2501; x_wconf 90' lang='lat' dir='ltr'><strong>eam</strong></span> <span class='ocrx_word' id='word_1_617' title='bbox 769 2479 826 2499; x_wconf 90' lang='lat' dir='ltr'><strong>rem</strong></span> <span class='ocrx_word' id='word_1_618' title='bbox 839 2467 1032 2504; x_wconf 84' lang='lat' dir='ltr'><strong>deprehendis-</strong></span> 
     </span>
    </p>
   </div>
   <div class='ocr_carea' id='block_1_85' title="bbox 251 2515 1032 2556">
    <p class='ocr_par' dir='ltr' id='par_1_85' title="bbox 251 2515 1032 2556">
     <span class='ocr_line' id='line_1_85' title="bbox 251 2515 1032 2556; baseline -0.019 -2"><span class='ocrx_word' id='word_1_619' title='bbox 251 2531 311 2555; x_wconf 87' lang='lat' dir='ltr'><strong>sent</strong></span> <span class='ocrx_word' id='word_1_620' title='bbox 325 2526 443 2556; x_wconf 82' lang='lat' dir='ltr'><strong>lictores,</strong></span> <span class='ocrx_word' id='word_1_621' title='bbox 462 2524 501 2550; x_wconf 91' lang='lat' dir='ltr'><strong>ira</strong></span> <span class='ocrx_word' id='word_1_622' title='bbox 518 2522 595 2550; x_wconf 80' lang='lat' dir='ltr'><strong>valde</strong></span> <span class='ocrx_word' id='word_1_623' title='bbox 609 2523 687 2548; x_wconf 81' lang='lat' dir='ltr'><strong>erant</strong></span> <span class='ocrx_word' id='word_1_624' title='bbox 698 2518 814 2554; x_wconf 79' lang='lat' dir='ltr'><strong>perciti;</strong></span> <span class='ocrx_word' id='word_1_625' title='bbox 830 2517 877 2544; x_wconf 89' lang='lat' dir='ltr'><strong>sed</strong></span> <span class='ocrx_word' id='word_1_626' title='bbox 900 2515 1032 2542; x_wconf 79' lang='lat' dir='ltr'><strong>fervorem</strong></span> 
     </span>
    </p>
   </div>
   <div class='ocr_carea' id='block_1_86' title="bbox 251 2558 1032 2597">
    <p class='ocr_par' dir='ltr' id='par_1_86' title="bbox 251 2558 1032 2597">
     <span class='ocr_line' id='line_1_86' title="bbox 251 2558 1032 2597; baseline -0.018 0"><span class='ocrx_word' id='word_1_627' title='bbox 251 2571 297 2597; x_wconf 69' lang='lat' dir='ltr'><strong>ira:</strong></span> <span class='ocrx_word' id='word_1_628' title='bbox 309 2569 440 2596; x_wconf 88' lang='lat' dir='ltr'><strong>sedarunt</strong></span> <span class='ocrx_word' id='word_1_629' title='bbox 455 2573 579 2597; x_wconf 88' lang='lat' dir='ltr'><strong>munera,</strong></span> <span class='ocrx_word' id='word_1_630' title='bbox 594 2569 622 2592; x_wconf 89' lang='lat' dir='ltr'><strong>et</strong></span> <span class='ocrx_word' id='word_1_631' title='bbox 639 2563 826 2591; x_wconf 80' lang='lat' dir='ltr'><strong>vehementem</strong></span> <span class='ocrx_word' id='word_1_632' title='bbox 842 2560 961 2587; x_wconf 81' lang='lat' dir='ltr'><strong>furorem</strong></span> <span class='ocrx_word' id='word_1_633' title='bbox 977 2558 1032 2585; x_wconf 80' lang='lat' dir='ltr'><strong>dis-</strong></span> 
     </span>
    </p>
   </div>
   <div class='ocr_carea' id='block_1_87' title="bbox 251 2605 1031 2648">
    <p class='ocr_par' dir='ltr' id='par_1_87' title="bbox 251 2605 1031 2648">
     <span class='ocr_line' id='line_1_87' title="bbox 251 2605 1031 2648; baseline -0.018 -5"><span class='ocrx_word' id='word_1_634' title='bbox 251 2616 330 2643; x_wconf 86' lang='lat' dir='ltr'><strong>solvit</strong></span> <span class='ocrx_word' id='word_1_635' title='bbox 345 2614 442 2641; x_wconf 89' lang='lat' dir='ltr'><strong>mulier</strong></span> <span class='ocrx_word' id='word_1_636' title='bbox 453 2612 578 2648; x_wconf 85' lang='lat' dir='ltr'><strong>pecunia.</strong></span> <span class='ocrx_word' id='word_1_637' title='bbox 596 2610 663 2637; x_wconf 88' lang='lat' dir='ltr'><strong>Cum</strong></span> <span class='ocrx_word' id='word_1_638' title='bbox 680 2609 719 2635; x_wconf 95' lang='lat' dir='ltr'><strong>illi</strong></span> <span class='ocrx_word' id='word_1_639' title='bbox 735 2612 824 2634; x_wconf 87' lang='lat' dir='ltr'><strong>autem</strong></span> <span class='ocrx_word' id='word_1_640' title='bbox 841 2605 1031 2634; x_wconf 87' lang='lat' dir='ltr'><strong>recessissent,</strong></span> 
     </span>
    </p>
   </div>
   <div class='ocr_carea' id='block_1_88' title="bbox 252 2649 1034 2698">
    <p class='ocr_par' dir='ltr' id='par_1_88' title="bbox 252 2649 1034 2698">
     <span class='ocr_line' id='line_1_88' title="bbox 252 2649 1034 2698; baseline -0.019 -8"><span class='ocrx_word' id='word_1_641' title='bbox 252 2664 278 2690; x_wconf 89' lang='lat' dir='ltr'><strong>in</strong></span> <span class='ocrx_word' id='word_1_642' title='bbox 290 2662 407 2698; x_wconf 83' lang='lat' dir='ltr'><strong>quadam</strong></span> <span class='ocrx_word' id='word_1_643' title='bbox 419 2661 500 2687; x_wconf 87' lang='lat' dir='ltr'><strong>domo</strong></span> <span class='ocrx_word' id='word_1_644' title='bbox 512 2657 624 2693; x_wconf 89' lang='lat' dir='ltr'><strong>deponit</strong></span> <span class='ocrx_word' id='word_1_645' title='bbox 635 2655 731 2683; x_wconf 84' lang='lat' dir='ltr'><strong>Catula</strong></span> <span class='ocrx_word' id='word_1_646' title='bbox 743 2658 890 2688; x_wconf 86' lang='lat' dir='ltr'><strong>martyrum</strong></span> <span class='ocrx_word' id='word_1_647' title='bbox 906 2649 1034 2684; x_wconf 80' lang='lat' dir='ltr'><strong>reliquias</strong></span> 
     </span>
    </p>
   </div>
   <div class='ocr_carea' id='block_1_89' title="bbox 253 2695 1023 2737">
    <p class='ocr_par' dir='ltr' id='par_1_89' title="bbox 253 2695 1023 2737">
     <span class='ocr_line' id='line_1_89' title="bbox 253 2695 1023 2737; baseline -0.022 0"><span class='ocrx_word' id='word_1_648' title='bbox 253 2695 333 2737; x_wconf 76' lang='lat' dir='ltr'><strong>tertio</strong></span> <span class='ocrx_word' id='word_1_649' title='bbox 347 2707 448 2735; x_wconf 84' lang='lat' dir='ltr'><strong>mensis</strong></span> <span class='ocrx_word' id='word_1_650' title='bbox 477 2704 604 2733; x_wconf 88' lang='lat' dir='ltr'><strong>Octobris</strong></span> <span class='ocrx_word' id='word_1_651' title='bbox 616 2723 623 2736; x_wconf 95' lang='lat'><strong>,</strong></span> <span class='ocrx_word' id='word_1_652' title='bbox 703 2697 839 2726; x_wconf 70' lang='lat' dir='ltr'><strong>miraculis</strong></span> <span class='ocrx_word' id='word_1_653' title='bbox 921 2695 1023 2722; x_wconf 78' lang='lat' dir='ltr'><strong>aﬂatim</strong></span> 
     </span>
    </p>
   </div>
   <div class='ocr_carea' id='block_1_90' title="bbox 254 2743 1036 2789">
    <p class='ocr_par' dir='ltr' id='par_1_90' title="bbox 254 2743 1036 2789">
     <span class='ocr_line' id='line_1_90' title="bbox 254 2743 1036 2789; baseline -0.019 -7"><span class='ocrx_word' id='word_1_654' title='bbox 254 2754 460 2789; x_wconf 81' lang='lat' dir='ltr'><strong>proﬂuentibus,</strong></span> <span class='ocrx_word' id='word_1_655' title='bbox 478 2750 590 2787; x_wconf 85' lang='lat' dir='ltr'><strong>perinde</strong></span> <span class='ocrx_word' id='word_1_656' title='bbox 616 2755 648 2775; x_wconf 84' lang='lat' dir='ltr'><strong>ac</strong></span> <span class='ocrx_word' id='word_1_657' title='bbox 663 2746 754 2781; x_wconf 83' lang='lat' dir='ltr'><strong>aliquo</strong></span> <span class='ocrx_word' id='word_1_658' title='bbox 779 2745 852 2772; x_wconf 75' lang='lat' dir='ltr'><strong>fonte</strong></span> <span class='ocrx_word' id='word_1_659' title='bbox 876 2743 989 2778; x_wconf 83' lang='lat' dir='ltr'><strong>pulchre</strong></span> <span class='ocrx_word' id='word_1_660' title='bbox 1009 2744 1036 2768; x_wconf 80' lang='lat' dir='ltr'><strong>et</strong></span> 
     </span>
    </p>
   </div>
   <div class='ocr_carea' id='block_1_91' title="bbox 255 2789 1021 2828">
    <p class='ocr_par' dir='ltr' id='par_1_91' title="bbox 255 2789 1021 2828">
     <span class='ocr_line' id='line_1_91' title="bbox 255 2789 1021 2828; baseline -0.021 0"><span class='ocrx_word' id='word_1_661' title='bbox 255 2801 378 2828; x_wconf 74' lang='lat' dir='ltr'><strong>suaviter</strong></span> <span class='ocrx_word' id='word_1_662' title='bbox 392 2802 531 2826; x_wconf 85' lang='lat' dir='ltr'><strong>manante.</strong></span> <span class='ocrx_word' id='word_1_663' title='bbox 547 2796 606 2824; x_wconf 78' lang='lat' dir='ltr'><strong>Non</strong></span> <span class='ocrx_word' id='word_1_664' title='bbox 623 2794 738 2822; x_wconf 91' lang='lat' dir='ltr'><strong>multum</strong></span> <span class='ocrx_word' id='word_1_665' title='bbox 763 2790 894 2826; x_wconf 85' lang='lat' dir='ltr'><strong>temporis</strong></span> <span class='ocrx_word' id='word_1_666' title='bbox 904 2789 1021 2815; x_wconf 80' lang='lat' dir='ltr'><strong>interces</strong></span> 
     </span>
    </p>
   </div>
   <div class='ocr_carea' id='block_1_92' title="bbox 300 2864 596 2902">
    <p class='ocr_par' dir='ltr' id='par_1_92' title="bbox 300 2864 596 2902">
     <span class='ocr_line' id='line_1_92' title="bbox 300 2864 596 2902; baseline -0.017 -1"><span class='ocrx_word' id='word_1_667' title='bbox 300 2876 313 2895; x_wconf 64' lang='grc' dir='ltr'>λ</span> <span class='ocrx_word' id='word_1_668' title='bbox 330 2874 402 2901; x_wconf 71' lang='lat' dir='ltr'><strong>Psal.</strong></span> <span class='ocrx_word' id='word_1_669' title='bbox 423 2864 515 2902; x_wconf 29' lang='lat' dir='ltr'><strong>chtll.</strong></span> <span class='ocrx_word' id='word_1_670' title='bbox 528 2873 553 2901; x_wconf 66' lang='grc' dir='ltr'><strong>εἰ,</strong></span> <span class='ocrx_word' id='word_1_671' title='bbox 570 2871 596 2897; x_wconf 84' lang='lat'><strong>6.</strong></span> 
     </span>
    </p>
   </div>
   <div class='ocr_carea' id='block_1_93' title="bbox 1069 1668 1851 1707">
    <p class='ocr_par' dir='ltr' id='par_1_93' title="bbox 1069 1668 1851 1707">
     <span class='ocr_line' id='line_1_93' title="bbox 1069 1668 1851 1707; baseline -0.006 -8"><span class='ocrx_word' id='word_1_672' title='bbox 1069 1680 1141 1707; x_wconf 85' lang='grc' dir='ltr'>μαις,</span> <span class='ocrx_word' id='word_1_673' title='bbox 1159 1670 1202 1699; x_wconf 78' lang='grc' dir='ltr'><strong>οἷά.</strong></span> <span class='ocrx_word' id='word_1_674' title='bbox 1231 1681 1291 1698; x_wconf 85' lang='grc' dir='ltr'>τινα</span> <span class='ocrx_word' id='word_1_675' title='bbox 1323 1671 1474 1706; x_wconf 77' lang='grc' dir='ltr'>θησαυρὸν,</span> <span class='ocrx_word' id='word_1_676' title='bbox 1492 1669 1646 1697; x_wconf 75' lang='grc' dir='ltr'>ἐναπέθετο.</span> <span class='ocrx_word' id='word_1_677' title='bbox 1666 1669 1791 1695; x_wconf 83' lang='grc' dir='ltr'>Ἐκειντο</span> <span class='ocrx_word' id='word_1_678' title='bbox 1821 1668 1851 1694; x_wconf 63' lang='grc' dir='ltr'>δὲ</span> 
     </span>
    </p>
   </div>
   <div class='ocr_carea' id='block_1_94' title="bbox 1066 1715 1850 1754">
    <p class='ocr_par' dir='ltr' id='par_1_94' title="bbox 1066 1715 1850 1754">
     <span class='ocr_line' id='line_1_94' title="bbox 1066 1715 1850 1754; baseline -0.005 -9"><span class='ocrx_word' id='word_1_679' title='bbox 1066 1718 1238 1753; x_wconf 76' lang='grc' dir='ltr'>ἀμελούμενα</span> <span class='ocrx_word' id='word_1_680' title='bbox 1253 1718 1287 1744; x_wconf 71' lang='grc' dir='ltr'><strong>τὰ</strong></span> <span class='ocrx_word' id='word_1_681' title='bbox 1303 1718 1356 1744; x_wconf 85' lang='grc' dir='ltr'><strong>τῶν</strong></span> <span class='ocrx_word' id='word_1_682' title='bbox 1374 1718 1458 1752; x_wconf 82' lang='grc' dir='ltr'>ἁγίων</span> <span class='ocrx_word' id='word_1_683' title='bbox 1477 1716 1622 1754; x_wconf 81' lang='grc' dir='ltr'>μαρτύρων</span> <span class='ocrx_word' id='word_1_684' title='bbox 1639 1716 1717 1750; x_wconf 86' lang='grc' dir='ltr'>τίμια</span> <span class='ocrx_word' id='word_1_685' title='bbox 1735 1715 1850 1750; x_wconf 83' lang='grc' dir='ltr'>σώματα</span> 
     </span>
    </p>
   </div>
   <div class='ocr_carea' id='block_1_95' title="bbox 1067 1761 1848 1799">
    <p class='ocr_par' dir='ltr' id='par_1_95' title="bbox 1067 1761 1848 1799">
     <span class='ocr_line' id='line_1_95' title="bbox 1067 1761 1848 1799; baseline -0.005 -9"><span class='ocrx_word' id='word_1_686' title='bbox 1067 1763 1148 1799; x_wconf 79' lang='grc' dir='ltr'>θηρσὶ</span> <span class='ocrx_word' id='word_1_687' title='bbox 1166 1763 1232 1799; x_wconf 82' lang='grc' dir='ltr'>βορὰ</span> <span class='ocrx_word' id='word_1_688' title='bbox 1250 1764 1295 1790; x_wconf 71' lang='grc' dir='ltr'><strong>καὶ</strong></span> <span class='ocrx_word' id='word_1_689' title='bbox 1307 1763 1408 1798; x_wconf 78' lang='grc' dir='ltr'>ὀρνέοις</span> <span class='ocrx_word' id='word_1_690' title='bbox 1434 1762 1610 1798; x_wconf 80' lang='grc' dir='ltr'>προκείμενα,</span> <span class='ocrx_word' id='word_1_691' title='bbox 1630 1761 1697 1797; x_wconf 79' lang='grc' dir='ltr'>μηδὲ</span> <span class='ocrx_word' id='word_1_692' title='bbox 1710 1761 1758 1796; x_wconf 85' lang='grc' dir='ltr'>τῆς</span> <span class='ocrx_word' id='word_1_693' title='bbox 1774 1769 1848 1797; x_wconf 69' lang='grc' dir='ltr'>νενο-</span> 
     </span>
    </p>
   </div>
   <div class='ocr_carea' id='block_1_96' title="bbox 1070 1807 1445 1843">
    <p class='ocr_par' dir='ltr' id='par_1_96' title="bbox 1070 1807 1445 1843">
     <span class='ocr_line' id='line_1_96' title="bbox 1070 1807 1445 1843; baseline -0.003 -9"><span class='ocrx_word' id='word_1_694' title='bbox 1070 1808 1202 1843; x_wconf 78' lang='grc' dir='ltr'>μισμένης</span> <span class='ocrx_word' id='word_1_695' title='bbox 1218 1807 1332 1842; x_wconf 85' lang='grc' dir='ltr'>λαχόντα</span> <span class='ocrx_word' id='word_1_696' title='bbox 1348 1807 1445 1841; x_wconf 84' lang='grc' dir='ltr'>ταφῆς,</span> 
     </span>
    </p>
   </div>
   <div class='ocr_carea' id='block_1_97' title="bbox 1103 1848 1851 1888">
    <p class='ocr_par' dir='ltr' id='par_1_97' title="bbox 1103 1848 1851 1888">
     <span class='ocr_line' id='line_1_97' title="bbox 1103 1848 1851 1888; baseline -0.008 -8"><span class='ocrx_word' id='word_1_697' title='bbox 1103 1855 1135 1880; x_wconf 82' lang='grc' dir='ltr'>Οί</span> <span class='ocrx_word' id='word_1_698' title='bbox 1153 1854 1243 1888; x_wconf 80' lang='grc' dir='ltr'>μέντοι</span> <span class='ocrx_word' id='word_1_699' title='bbox 1264 1853 1354 1888; x_wconf 84' lang='grc' dir='ltr'>δήμιοι</span> <span class='ocrx_word' id='word_1_700' title='bbox 1386 1852 1445 1879; x_wconf 79' lang='grc' dir='ltr'>οὐδὲ</span> <span class='ocrx_word' id='word_1_701' title='bbox 1471 1852 1551 1887; x_wconf 84' lang='grc' dir='ltr'>μέχρι</span> <span class='ocrx_word' id='word_1_702' title='bbox 1581 1850 1677 1877; x_wconf 87' lang='grc' dir='ltr'>τούτου</span> <span class='ocrx_word' id='word_1_703' title='bbox 1700 1849 1751 1884; x_wconf 85' lang='grc' dir='ltr'>τῆς</span> <span class='ocrx_word' id='word_1_704' title='bbox 1767 1848 1851 1884; x_wconf 81' lang='grc' dir='ltr'>ὀργῆς</span> 
     </span>
    </p>
   </div>
   <div class='ocr_carea' id='block_1_98' title="bbox 1068 1894 1853 1935">
    <p class='ocr_par' dir='ltr' id='par_1_98' title="bbox 1068 1894 1853 1935">
     <span class='ocr_line' id='line_1_98' title="bbox 1068 1894 1853 1935; baseline -0.009 -9"><span class='ocrx_word' id='word_1_705' title='bbox 1068 1899 1192 1935; x_wconf 74' lang='grc' dir='ltr'>ἔστησαν·</span> <span class='ocrx_word' id='word_1_706' title='bbox 1211 1899 1277 1925; x_wconf 83' lang='grc' dir='ltr'>ἀλλὰ</span> <span class='ocrx_word' id='word_1_707' title='bbox 1292 1899 1338 1925; x_wconf 78' lang='grc' dir='ltr'>καὶ</span> <span class='ocrx_word' id='word_1_708' title='bbox 1353 1899 1408 1929; x_wconf 85' lang='grc' dir='ltr'>τοῖς</span> <span class='ocrx_word' id='word_1_709' title='bbox 1433 1897 1566 1930; x_wconf 71' lang='grc' dir='ltr'>λειψάνοις</span> <span class='ocrx_word' id='word_1_710' title='bbox 1589 1897 1678 1927; x_wconf 81' lang='grc' dir='ltr'>αὐτοῖς</span> <span class='ocrx_word' id='word_1_711' title='bbox 1695 1894 1853 1929; x_wconf 82' lang='grc' dir='ltr'>ἐπιμαίνον-</span> 
     </span>
    </p>
   </div>
   <div class='ocr_carea' id='block_1_99' title="bbox 1068 1941 1852 1980">
    <p class='ocr_par' dir='ltr' id='par_1_99' title="bbox 1068 1941 1852 1980">
     <span class='ocr_line' id='line_1_99' title="bbox 1068 1941 1852 1980; baseline -0.009 -7"><span class='ocrx_word' id='word_1_712' title='bbox 1068 1954 1124 1978; x_wconf 82' lang='grc' dir='ltr'>ται,</span> <span class='ocrx_word' id='word_1_713' title='bbox 1142 1945 1262 1980; x_wconf 81' lang='grc' dir='ltr'>θαλάσσῃ</span> <span class='ocrx_word' id='word_1_714' title='bbox 1277 1944 1367 1978; x_wconf 76' lang='grc' dir='ltr'>δοῦναι</span> <span class='ocrx_word' id='word_1_715' title='bbox 1384 1943 1429 1970; x_wconf 79' lang='grc' dir='ltr'><strong>καὶ</strong></span> <span class='ocrx_word' id='word_1_716' title='bbox 1448 1943 1520 1978; x_wconf 82' lang='grc' dir='ltr'>βυθῷ</span> <span class='ocrx_word' id='word_1_717' title='bbox 1547 1941 1781 1978; x_wconf 77' lang='grc' dir='ltr'>προθυμούμενοι,</span> <span class='ocrx_word' id='word_1_718' title='bbox 1813 1941 1852 1971; x_wconf 85' lang='grc' dir='ltr'>ὡς</span> 
     </span>
    </p>
   </div>
   <div class='ocr_carea' id='block_1_100' title="bbox 1069 1984 1852 2025">
    <p class='ocr_par' dir='ltr' id='par_1_100' title="bbox 1069 1984 1852 2025">
     <span class='ocr_line' id='line_1_100' title="bbox 1069 1984 1852 2025; baseline -0.01 -8"><span class='ocrx_word' id='word_1_719' title='bbox 1069 1990 1102 2017; x_wconf 79' lang='grc' dir='ltr'>ἂν</span> <span class='ocrx_word' id='word_1_720' title='bbox 1121 1990 1157 2025; x_wconf 82' lang='grc' dir='ltr'>μὴ</span> <span class='ocrx_word' id='word_1_721' title='bbox 1173 1989 1222 2021; x_wconf 86' lang='grc' dir='ltr'>τὰς</span> <span class='ocrx_word' id='word_1_722' title='bbox 1239 1989 1332 2020; x_wconf 73' lang='grc' dir='ltr'>αὑτὰς,</span> <span class='ocrx_word' id='word_1_723' title='bbox 1351 1988 1396 2014; x_wconf 79' lang='grc' dir='ltr'>καὶ</span> <span class='ocrx_word' id='word_1_724' title='bbox 1422 1987 1513 2022; x_wconf 72' lang='grc' dir='ltr'>ἄψυχα</span> <span class='ocrx_word' id='word_1_725' title='bbox 1529 1987 1605 2017; x_wconf 73' lang='grc' dir='ltr'>ὄντα,</span> <span class='ocrx_word' id='word_1_726' title='bbox 1631 1984 1852 2020; x_wconf 80' lang='grc' dir='ltr'>θαυματουργίας</span> 
     </span>
    </p>
   </div>
   <div class='ocr_carea' id='block_1_101' title="bbox 1071 2028 1852 2067">
    <p class='ocr_par' dir='ltr' id='par_1_101' title="bbox 1071 2028 1852 2067">
     <span class='ocr_line' id='line_1_101' title="bbox 1071 2028 1852 2067; baseline -0.01 -5"><span class='ocrx_word' id='word_1_727' title='bbox 1071 2035 1249 2067; x_wconf 80' lang='grc' dir='ltr'>ἐνδείξαιντο,</span> <span class='ocrx_word' id='word_1_728' title='bbox 1283 2033 1427 2060; x_wconf 75' lang='grc' dir='ltr'>κάντεῦθεν</span> <span class='ocrx_word' id='word_1_729' title='bbox 1448 2031 1545 2064; x_wconf 80' lang='grc' dir='ltr'>’ἐλξωσι</span> <span class='ocrx_word' id='word_1_730' title='bbox 1560 2032 1623 2063; x_wconf 73' lang='grc' dir='ltr'>τοὺς</span> <span class='ocrx_word' id='word_1_731' title='bbox 1648 2030 1760 2060; x_wconf 74' lang='grc' dir='ltr'>πολλοὺς</span> <span class='ocrx_word' id='word_1_732' title='bbox 1784 2028 1852 2064; x_wconf 81' lang='grc' dir='ltr'>πρὸς</span> 
     </span>
    </p>
   </div>
   <div class='ocr_carea' id='block_1_102' title="bbox 1071 2073 1854 2113">
    <p class='ocr_par' dir='ltr' id='par_1_102' title="bbox 1071 2073 1854 2113">
     <span class='ocr_line' id='line_1_102' title="bbox 1071 2073 1854 2113; baseline -0.01 -7"><span class='ocrx_word' id='word_1_733' title='bbox 1071 2080 1226 2113; x_wconf 76' lang='grc' dir='ltr'>ἐπίγνωσιν.</span> <span class='ocrx_word' id='word_1_734' title='bbox 1249 2078 1281 2104; x_wconf 88' lang='grc' dir='ltr'>Ὃ</span> <span class='ocrx_word' id='word_1_735' title='bbox 1304 2077 1345 2111; x_wconf 82' lang='grc' dir='ltr'><strong>δὴ,</strong></span> <span class='ocrx_word' id='word_1_736' title='bbox 1364 2077 1401 2107; x_wconf 82' lang='grc' dir='ltr'>ὡς</span> <span class='ocrx_word' id='word_1_737' title='bbox 1418 2076 1508 2107; x_wconf 74' lang='grc' dir='ltr'>αὐτοῖς</span> <span class='ocrx_word' id='word_1_738' title='bbox 1533 2075 1614 2107; x_wconf 73' lang='grc' dir='ltr'>ἔδοξε,</span> <span class='ocrx_word' id='word_1_739' title='bbox 1642 2075 1752 2108; x_wconf 75' lang='grc' dir='ltr'>γέγονεν</span> <span class='ocrx_word' id='word_1_740' title='bbox 1768 2073 1811 2103; x_wconf 81' lang='grc' dir='ltr'><strong>ἂν,</strong></span> <span class='ocrx_word' id='word_1_741' title='bbox 1828 2073 1854 2098; x_wconf 80' lang='grc' dir='ltr'><strong>εί</strong></span> 
     </span>
    </p>
   </div>
   <div class='ocr_carea' id='block_1_103' title="bbox 1073 2117 1855 2159">
    <p class='ocr_par' dir='ltr' id='par_1_103' title="bbox 1073 2117 1855 2159">
     <span class='ocr_line' id='line_1_103' title="bbox 1073 2117 1855 2159; baseline -0.01 -8"><span class='ocrx_word' id='word_1_742' title='bbox 1073 2124 1110 2159; x_wconf 78' lang='grc' dir='ltr'>μὴ</span> <span class='ocrx_word' id='word_1_743' title='bbox 1126 2125 1159 2159; x_wconf 83' lang='grc' dir='ltr'>τῇ</span> <span class='ocrx_word' id='word_1_744' title='bbox 1178 2123 1283 2158; x_wconf 79' lang='grc' dir='ltr'>πονηρᾷ</span> <span class='ocrx_word' id='word_1_745' title='bbox 1299 2121 1391 2156; x_wconf 58' lang='grc' dir='ltr'>ταύτῃ,</span> <span class='ocrx_word' id='word_1_746' title='bbox 1403 2121 1487 2157; x_wconf 74' lang='grc' dir='ltr'>πέρας</span> <span class='ocrx_word' id='word_1_747' title='bbox 1504 2120 1681 2154; x_wconf 82' lang='grc' dir='ltr'>ἐπενεχθῆναι</span> <span class='ocrx_word' id='word_1_748' title='bbox 1705 2118 1785 2153; x_wconf 79' lang='grc' dir='ltr'>βουλῇ</span> <span class='ocrx_word' id='word_1_749' title='bbox 1801 2117 1855 2143; x_wconf 87' lang='grc' dir='ltr'>διε-</span> 
     </span>
    </p>
   </div>
   <div class='ocr_carea' id='block_1_104' title="bbox 1072 2163 1854 2200">
    <p class='ocr_par' dir='ltr' id='par_1_104' title="bbox 1072 2163 1854 2200">
     <span class='ocr_line' id='line_1_104' title="bbox 1072 2163 1854 2200; baseline -0.009 -5"><span class='ocrx_word' id='word_1_750' title='bbox 1072 2168 1191 2195; x_wconf 89' lang='grc' dir='ltr'>κώλυσεν</span> <span class='ocrx_word' id='word_1_751' title='bbox 1206 2169 1221 2194; x_wconf 74' lang='grc' dir='ltr'><strong>ὁ</strong></span> <span class='ocrx_word' id='word_1_752' title='bbox 1237 2168 1310 2198; x_wconf 87' lang='grc' dir='ltr'>Θεός.</span> <span class='ocrx_word' id='word_1_753' title='bbox 1329 2166 1480 2200; x_wconf 79' lang='grc' dir='ltr'>Αίσθομένη</span> <span class='ocrx_word' id='word_1_754' title='bbox 1507 2165 1560 2200; x_wconf 86' lang='grc' dir='ltr'>γὰρ</span> <span class='ocrx_word' id='word_1_755' title='bbox 1575 2164 1621 2190; x_wconf 81' lang='grc' dir='ltr'>τοῦ</span> <span class='ocrx_word' id='word_1_756' title='bbox 1640 2164 1820 2198; x_wconf 82' lang='grc' dir='ltr'>βουλεύματος</span> <span class='ocrx_word' id='word_1_757' title='bbox 1837 2163 1854 2196; x_wconf 80' lang='grc' dir='ltr'><strong>ἡ</strong></span> 
     </span>
    </p>
   </div>
   <div class='ocr_carea' id='block_1_105' title="bbox 1071 2209 1856 2251">
    <p class='ocr_par' dir='ltr' id='par_1_105' title="bbox 1071 2209 1856 2251">
     <span class='ocr_line' id='line_1_105' title="bbox 1071 2209 1856 2251; baseline -0.01 -9"><span class='ocrx_word' id='word_1_758' title='bbox 1071 2215 1121 2251; x_wconf 83' lang='grc' dir='ltr'>τὴν</span> <span class='ocrx_word' id='word_1_759' title='bbox 1136 2214 1229 2249; x_wconf 83' lang='grc' dir='ltr'>τιμίαν</span> <span class='ocrx_word' id='word_1_760' title='bbox 1243 2213 1282 2248; x_wconf 87' lang='grc' dir='ltr'>τῷ</span> <span class='ocrx_word' id='word_1_761' title='bbox 1298 2212 1356 2247; x_wconf 86' lang='grc' dir='ltr'><strong>Θεῷ</strong></span> <span class='ocrx_word' id='word_1_762' title='bbox 1382 2211 1500 2246; x_wconf 76' lang='grc' dir='ltr'>κεφαλὴν</span> <span class='ocrx_word' id='word_1_763' title='bbox 1523 2210 1655 2245; x_wconf 77' lang='grc' dir='ltr'>δεξαμένη</span> <span class='ocrx_word' id='word_1_764' title='bbox 1682 2209 1777 2244; x_wconf 77' lang='grc' dir='ltr'>(ὕνομα</span> <span class='ocrx_word' id='word_1_765' title='bbox 1799 2209 1856 2234; x_wconf 82' lang='grc' dir='ltr'><strong>Κα-</strong></span> 
     </span>
    </p>
   </div>
   <div class='ocr_carea' id='block_1_106' title="bbox 1072 2253 1855 2296">
    <p class='ocr_par' dir='ltr' id='par_1_106' title="bbox 1072 2253 1855 2296">
     <span class='ocr_line' id='line_1_106' title="bbox 1072 2253 1855 2296; baseline -0.01 -8"><span class='ocrx_word' id='word_1_766' title='bbox 1072 2261 1154 2288; x_wconf 80' lang='grc' dir='ltr'>τοὺλα</span> <span class='ocrx_word' id='word_1_767' title='bbox 1169 2262 1202 2296; x_wconf 85' lang='grc' dir='ltr'>τῇ</span> <span class='ocrx_word' id='word_1_768' title='bbox 1219 2259 1337 2294; x_wconf 83' lang='grc' dir='ltr'>γυναικί)</span> <span class='ocrx_word' id='word_1_769' title='bbox 1355 2258 1490 2285; x_wconf 84' lang='grc' dir='ltr'>κοινοῦταί</span> <span class='ocrx_word' id='word_1_770' title='bbox 1515 2265 1576 2283; x_wconf 83' lang='grc' dir='ltr'>τινα</span> <span class='ocrx_word' id='word_1_771' title='bbox 1592 2258 1648 2287; x_wconf 88' lang='grc' dir='ltr'>τοῖς</span> <span class='ocrx_word' id='word_1_772' title='bbox 1665 2256 1769 2286; x_wconf 85' lang='grc' dir='ltr'>πιστοῖς</span> <span class='ocrx_word' id='word_1_773' title='bbox 1786 2253 1855 2288; x_wconf 88' lang='grc' dir='ltr'>γνώ-</span> 
     </span>
    </p>
   </div>
   <div class='ocr_carea' id='block_1_107' title="bbox 1076 2300 1856 2342">
    <p class='ocr_par' dir='ltr' id='par_1_107' title="bbox 1076 2300 1856 2342">
     <span class='ocr_line' id='line_1_107' title="bbox 1076 2300 1856 2342; baseline -0.012 -9"><span class='ocrx_word' id='word_1_774' title='bbox 1076 2315 1128 2342; x_wconf 89' lang='grc' dir='ltr'><strong>μην</strong></span> <span class='ocrx_word' id='word_1_775' title='bbox 1143 2306 1180 2337; x_wconf 86' lang='grc' dir='ltr'>ὠς</span> <span class='ocrx_word' id='word_1_776' title='bbox 1196 2304 1312 2340; x_wconf 78' lang='grc' dir='ltr'>ἀρεστὴν</span> <span class='ocrx_word' id='word_1_777' title='bbox 1342 2303 1381 2338; x_wconf 81' lang='grc' dir='ltr'><strong>τῷ</strong></span> <span class='ocrx_word' id='word_1_778' title='bbox 1409 2303 1468 2337; x_wconf 82' lang='grc' dir='ltr'><strong>Θεῴ</strong></span> <span class='ocrx_word' id='word_1_779' title='bbox 1500 2302 1545 2328; x_wconf 81' lang='grc' dir='ltr'>καὶ</span> <span class='ocrx_word' id='word_1_780' title='bbox 1563 2301 1718 2327; x_wconf 72' lang='grc' dir='ltr'>ἀπόδεκτον*</span> <span class='ocrx_word' id='word_1_781' title='bbox 1743 2300 1788 2326; x_wconf 73' lang='grc' dir='ltr'><strong>καὶ</strong></span> <span class='ocrx_word' id='word_1_782' title='bbox 1806 2307 1856 2324; x_wconf 86' lang='grc' dir='ltr'>πο-</span> 
     </span>
    </p>
   </div>
   <div class='ocr_carea' id='block_1_108' title="bbox 1073 2345 1856 2387">
    <p class='ocr_par' dir='ltr' id='par_1_108' title="bbox 1073 2345 1856 2387">
     <span class='ocr_line' id='line_1_108' title="bbox 1073 2345 1856 2387; baseline -0.011 -8"><span class='ocrx_word' id='word_1_783' title='bbox 1073 2352 1170 2387; x_wconf 82' lang='grc' dir='ltr'>λυτελῆ</span> <span class='ocrx_word' id='word_1_784' title='bbox 1187 2350 1359 2386; x_wconf 80' lang='grc' dir='ltr'>παραθεμὲνη</span> <span class='ocrx_word' id='word_1_785' title='bbox 1377 2349 1425 2385; x_wconf 79' lang='grc' dir='ltr'>τὴν</span> <span class='ocrx_word' id='word_1_786' title='bbox 1441 2347 1589 2383; x_wconf 73' lang='grc' dir='ltr'>τράπεζαν,</span> <span class='ocrx_word' id='word_1_787' title='bbox 1608 2347 1646 2377; x_wconf 79' lang='grc' dir='ltr'>εἰς</span> <span class='ocrx_word' id='word_1_788' title='bbox 1663 2345 1776 2380; x_wconf 72' lang='grc' dir='ltr'>εὐωχίαν</span> <span class='ocrx_word' id='word_1_789' title='bbox 1793 2345 1856 2375; x_wconf 66' lang='grc' dir='ltr'>τοὺς</span> 
     </span>
    </p>
   </div>
   <div class='ocr_carea' id='block_1_109' title="bbox 1074 2385 1856 2433">
    <p class='ocr_par' dir='ltr' id='par_1_109' title="bbox 1074 2385 1856 2433">
     <span class='ocr_line' id='line_1_109' title="bbox 1074 2385 1856 2433; baseline -0.01 -10"><span class='ocrx_word' id='word_1_790' title='bbox 1074 2397 1184 2433; x_wconf 73' lang='grc' dir='ltr'>δημίους</span> <span class='ocrx_word' id='word_1_791' title='bbox 1216 2395 1378 2431; x_wconf 71' lang='grc' dir='ltr'>παρέλαϐεν.</span> <span class='ocrx_word' id='word_1_792' title='bbox 1412 2395 1455 2421; x_wconf 89' lang='grc' dir='ltr'>Ἐν</span> <span class='ocrx_word' id='word_1_793' title='bbox 1472 2395 1525 2428; x_wconf 75' lang='grc' dir='ltr'><strong>ὅσῳ</strong></span> <span class='ocrx_word' id='word_1_794' title='bbox 1556 2394 1584 2420; x_wconf 72' lang='grc' dir='ltr'>δὲ</span> <span class='ocrx_word' id='word_1_795' title='bbox 1615 2391 1686 2419; x_wconf 72' lang='grc' dir='ltr'>οὗτοι</span> <span class='ocrx_word' id='word_1_796' title='bbox 1719 2385 1856 2417; x_wconf 74' lang='grc' dir='ltr'>εἱστιῶντο</span> 
     </span>
    </p>
   </div>
   <div class='ocr_carea' id='block_1_110' title="bbox 1076 2435 1857 2479">
    <p class='ocr_par' dir='ltr' id='par_1_110' title="bbox 1076 2435 1857 2479">
     <span class='ocr_line' id='line_1_110' title="bbox 1076 2435 1857 2479; baseline -0.013 -9"><span class='ocrx_word' id='word_1_797' title='bbox 1076 2443 1151 2479; x_wconf 77' lang='grc' dir='ltr'>παρὰ</span> <span class='ocrx_word' id='word_1_798' title='bbox 1167 2444 1200 2478; x_wconf 79' lang='grc' dir='ltr'>τῇ</span> <span class='ocrx_word' id='word_1_799' title='bbox 1217 2442 1342 2476; x_wconf 73' lang='grc' dir='ltr'>γυναικὶ,</span> <span class='ocrx_word' id='word_1_800' title='bbox 1373 2441 1427 2467; x_wconf 76' lang='grc' dir='ltr'><strong>τῶν</strong></span> <span class='ocrx_word' id='word_1_801' title='bbox 1444 2441 1546 2466; x_wconf 82' lang='grc' dir='ltr'>πιστῶν</span> <span class='ocrx_word' id='word_1_802' title='bbox 1571 2448 1643 2470; x_wconf 80' lang='grc' dir='ltr'>τινες</span> <span class='ocrx_word' id='word_1_803' title='bbox 1660 2437 1693 2464; x_wconf 77' lang='grc' dir='ltr'><strong>τὰ</strong></span> <span class='ocrx_word' id='word_1_804' title='bbox 1711 2437 1787 2471; x_wconf 84' lang='grc' dir='ltr'>τίμια</span> <span class='ocrx_word' id='word_1_805' title='bbox 1803 2435 1857 2461; x_wconf 82' lang='grc' dir='ltr'>τῶν</span> 
     </span>
    </p>
   </div>
   <div class='ocr_carea' id='block_1_111' title="bbox 1078 2481 1859 2524">
    <p class='ocr_par' dir='ltr' id='par_1_111' title="bbox 1078 2481 1859 2524">
     <span class='ocr_line' id='line_1_111' title="bbox 1078 2481 1859 2524; baseline -0.013 -9"><span class='ocrx_word' id='word_1_806' title='bbox 1078 2489 1222 2524; x_wconf 77' lang='grc' dir='ltr'>μαρτύρων</span> <span class='ocrx_word' id='word_1_807' title='bbox 1239 2486 1456 2522; x_wconf 75' lang='grc' dir='ltr'>ὑπολαμϐάνουσι</span> <span class='ocrx_word' id='word_1_808' title='bbox 1471 2485 1583 2519; x_wconf 65' lang='grc' dir='ltr'>λείψανα</span> <span class='ocrx_word' id='word_1_809' title='bbox 1602 2484 1648 2511; x_wconf 76' lang='grc' dir='ltr'><strong>καὶ</strong></span> <span class='ocrx_word' id='word_1_810' title='bbox 1665 2484 1693 2509; x_wconf 82' lang='grc' dir='ltr'>ὲν</span> <span class='ocrx_word' id='word_1_811' title='bbox 1709 2482 1747 2517; x_wconf 86' lang='grc' dir='ltr'>τῷ</span> <span class='ocrx_word' id='word_1_812' title='bbox 1761 2481 1859 2515; x_wconf 80' lang='grc' dir='ltr'>ἀφανεῖ</span> 
     </span>
    </p>
   </div>
   <div class='ocr_carea' id='block_1_112' title="bbox 1077 2528 1858 2567">
    <p class='ocr_par' dir='ltr' id='par_1_112' title="bbox 1077 2528 1858 2567">
     <span class='ocr_line' id='line_1_112' title="bbox 1077 2528 1858 2567; baseline -0.013 -5"><span class='ocrx_word' id='word_1_813' title='bbox 1077 2535 1274 2562; x_wconf 84' lang='grc' dir='ltr'>κατατίθενται.</span> <span class='ocrx_word' id='word_1_814' title='bbox 1293 2532 1367 2566; x_wconf 75' lang='grc' dir='ltr'>Εἶτα,</span> <span class='ocrx_word' id='word_1_815' title='bbox 1384 2533 1432 2567; x_wconf 81' lang='grc' dir='ltr'><strong>τῆς</strong></span> <span class='ocrx_word' id='word_1_816' title='bbox 1449 2531 1564 2566; x_wconf 75' lang='grc' dir='ltr'>εὐωχίας</span> <span class='ocrx_word' id='word_1_817' title='bbox 1580 2529 1749 2562; x_wconf 80' lang='grc' dir='ltr'>διαλυθείσης</span> <span class='ocrx_word' id='word_1_818' title='bbox 1761 2547 1768 2559; x_wconf 86' lang='grc'><strong>,</strong></span> <span class='ocrx_word' id='word_1_819' title='bbox 1801 2528 1858 2557; x_wconf 83' lang='grc' dir='ltr'>τοῖς</span> 
     </span>
    </p>
   </div>
   <div class='ocr_carea' id='block_1_113' title="bbox 1077 2571 1858 2617">
    <p class='ocr_par' dir='ltr' id='par_1_113' title="bbox 1077 2571 1858 2617">
     <span class='ocr_line' id='line_1_113' title="bbox 1077 2571 1858 2617; baseline -0.014 -9"><span class='ocrx_word' id='word_1_820' title='bbox 1077 2582 1182 2617; x_wconf 78' lang='grc' dir='ltr'>δημίοις</span> <span class='ocrx_word' id='word_1_821' title='bbox 1198 2581 1228 2606; x_wconf 83' lang='grc' dir='ltr'>τὺ</span> <span class='ocrx_word' id='word_1_822' title='bbox 1245 2580 1359 2615; x_wconf 77' lang='grc' dir='ltr'>πρᾶγμα</span> <span class='ocrx_word' id='word_1_823' title='bbox 1385 2577 1540 2613; x_wconf 78' lang='grc' dir='ltr'>φωράσασιν</span> <span class='ocrx_word' id='word_1_824' title='bbox 1557 2576 1602 2602; x_wconf 77' lang='grc' dir='ltr'><strong>ἐπὶ</strong></span> <span class='ocrx_word' id='word_1_825' title='bbox 1620 2575 1691 2610; x_wconf 80' lang='grc' dir='ltr'>μέγα</span> <span class='ocrx_word' id='word_1_826' title='bbox 1707 2574 1752 2600; x_wconf 76' lang='grc' dir='ltr'><strong>καὶ</strong></span> <span class='ocrx_word' id='word_1_827' title='bbox 1778 2571 1858 2598; x_wconf 69' lang='grc' dir='ltr'>πάλιν</span> 
     </span>
    </p>
   </div>
   <div class='ocr_carea' id='block_1_114' title="bbox 1078 2617 1858 2658">
    <p class='ocr_par' dir='ltr' id='par_1_114' title="bbox 1078 2617 1858 2658">
     <span class='ocr_line' id='line_1_114' title="bbox 1078 2617 1858 2658; baseline -0.013 -5"><span class='ocrx_word' id='word_1_828' title='bbox 1078 2628 1226 2654; x_wconf 85' lang='grc' dir='ltr'>ἀνεκινεῖτο</span> <span class='ocrx_word' id='word_1_829' title='bbox 1241 2625 1274 2652; x_wconf 78' lang='grc' dir='ltr'>τὰ</span> <span class='ocrx_word' id='word_1_830' title='bbox 1291 2624 1337 2651; x_wconf 80' lang='grc' dir='ltr'>τοῦ</span> <span class='ocrx_word' id='word_1_831' title='bbox 1354 2623 1439 2658; x_wconf 72' lang='grc' dir='ltr'>θυμοῦ</span> <span class='ocrx_word' id='word_1_832' title='bbox 1458 2623 1503 2649; x_wconf 76' lang='grc' dir='ltr'>καὶ</span> <span class='ocrx_word' id='word_1_833' title='bbox 1520 2621 1728 2656; x_wconf 83' lang='grc' dir='ltr'>διεθερμαίνετο·</span> <span class='ocrx_word' id='word_1_834' title='bbox 1748 2618 1813 2645; x_wconf 75' lang='grc' dir='ltr'>ἀλλὰ</span> <span class='ocrx_word' id='word_1_835' title='bbox 1828 2617 1858 2644; x_wconf 76' lang='grc' dir='ltr'>τὸ</span> 
     </span>
    </p>
   </div>
   <div class='ocr_carea' id='block_1_115' title="bbox 1079 2662 1858 2707">
    <p class='ocr_par' dir='ltr' id='par_1_115' title="bbox 1079 2662 1858 2707">
     <span class='ocr_line' id='line_1_115' title="bbox 1079 2662 1858 2707; baseline -0.013 -9"><span class='ocrx_word' id='word_1_836' title='bbox 1079 2673 1128 2707; x_wconf 83' lang='grc' dir='ltr'>τῆς</span> <span class='ocrx_word' id='word_1_837' title='bbox 1144 2672 1226 2707; x_wconf 77' lang='grc' dir='ltr'>ὀργῆς</span> <span class='ocrx_word' id='word_1_838' title='bbox 1243 2670 1301 2702; x_wconf 76' lang='grc' dir='ltr'>ζέον</span> <span class='ocrx_word' id='word_1_839' title='bbox 1321 2669 1355 2695; x_wconf 76' lang='grc' dir='ltr'><strong>τὰ</strong></span> <span class='ocrx_word' id='word_1_840' title='bbox 1371 2669 1444 2704; x_wconf 79' lang='grc' dir='ltr'>δῶρα</span> <span class='ocrx_word' id='word_1_841' title='bbox 1461 2666 1604 2700; x_wconf 66' lang='grc' dir='ltr'>κατέψυξε,</span> <span class='ocrx_word' id='word_1_842' title='bbox 1622 2665 1669 2691; x_wconf 82' lang='grc' dir='ltr'>καὶ</span> <span class='ocrx_word' id='word_1_843' title='bbox 1683 2663 1713 2690; x_wconf 75' lang='grc' dir='ltr'>τὸ</span> <span class='ocrx_word' id='word_1_844' title='bbox 1731 2663 1795 2689; x_wconf 73' lang='grc' dir='ltr'>πολὺ</span> <span class='ocrx_word' id='word_1_845' title='bbox 1811 2662 1858 2688; x_wconf 70' lang='grc' dir='ltr'><strong>τοῦ</strong></span> 
     </span>
    </p>
   </div>
   <div class='ocr_carea' id='block_1_116' title="bbox 1080 2707 1859 2752">
    <p class='ocr_par' dir='ltr' id='par_1_116' title="bbox 1080 2707 1859 2752">
     <span class='ocr_line' id='line_1_116' title="bbox 1080 2707 1859 2752; baseline -0.014 -9"><span class='ocrx_word' id='word_1_846' title='bbox 1080 2716 1164 2752; x_wconf 82' lang='grc' dir='ltr'>θυμοῦ</span> <span class='ocrx_word' id='word_1_847' title='bbox 1180 2717 1315 2751; x_wconf 81' lang='grc' dir='ltr'>χρήμασιν</span> <span class='ocrx_word' id='word_1_848' title='bbox 1331 2715 1348 2749; x_wconf 85' lang='grc' dir='ltr'>ἡ</span> <span class='ocrx_word' id='word_1_849' title='bbox 1364 2713 1431 2748; x_wconf 86' lang='grc' dir='ltr'>γυνὴ</span> <span class='ocrx_word' id='word_1_850' title='bbox 1449 2711 1589 2747; x_wconf 79' lang='grc' dir='ltr'>παραλύει.</span> <span class='ocrx_word' id='word_1_851' title='bbox 1617 2709 1755 2736; x_wconf 78' lang='grc' dir='ltr'>Κάκείνων</span> <span class='ocrx_word' id='word_1_852' title='bbox 1778 2707 1859 2733; x_wconf 79' lang='grc' dir='ltr'>ἀπαλ-</span> 
     </span>
    </p>
   </div>
   <div class='ocr_carea' id='block_1_117' title="bbox 1081 2755 1861 2795">
    <p class='ocr_par' dir='ltr' id='par_1_117' title="bbox 1081 2755 1861 2795">
     <span class='ocr_line' id='line_1_117' title="bbox 1081 2755 1861 2795; baseline -0.013 -6"><span class='ocrx_word' id='word_1_853' title='bbox 1081 2763 1224 2795; x_wconf 78' lang='grc' dir='ltr'>λαγέντων,</span> <span class='ocrx_word' id='word_1_854' title='bbox 1243 2761 1270 2787; x_wconf 79' lang='grc' dir='ltr'><strong>ἐν</strong></span> <span class='ocrx_word' id='word_1_855' title='bbox 1285 2769 1337 2786; x_wconf 84' lang='grc' dir='ltr'>τινι</span> <span class='ocrx_word' id='word_1_856' title='bbox 1353 2759 1386 2786; x_wconf 76' lang='grc' dir='ltr'>τὰ</span> <span class='ocrx_word' id='word_1_857' title='bbox 1412 2758 1465 2785; x_wconf 83' lang='grc' dir='ltr'><strong>τῶν</strong></span> <span class='ocrx_word' id='word_1_858' title='bbox 1484 2757 1629 2794; x_wconf 75' lang='grc' dir='ltr'>μαρτύρων</span> <span class='ocrx_word' id='word_1_859' title='bbox 1650 2755 1762 2789; x_wconf 62' lang='grc' dir='ltr'>λείψανα</span> <span class='ocrx_word' id='word_1_860' title='bbox 1778 2755 1794 2789; x_wconf 79' lang='grc' dir='ltr'>ἡ</span> <span class='ocrx_word' id='word_1_861' title='bbox 1813 2762 1861 2788; x_wconf 77' lang='grc' dir='ltr'>μα-</span> 
     </span>
    </p>
   </div>
   <div class='ocr_carea' id='block_1_118' title="bbox 1082 2798 1858 2841">
    <p class='ocr_par' dir='ltr' id='par_1_118' title="bbox 1082 2798 1858 2841">
     <span class='ocr_line' id='line_1_118' title="bbox 1082 2798 1858 2841; baseline -0.012 -9"><span class='ocrx_word' id='word_1_862' title='bbox 1082 2806 1162 2841; x_wconf 84' lang='grc' dir='ltr'>καρία</span> <span class='ocrx_word' id='word_1_863' title='bbox 1180 2805 1304 2831; x_wconf 72' lang='grc' dir='ltr'>Κατοὺλα</span> <span class='ocrx_word' id='word_1_864' title='bbox 1331 2804 1467 2838; x_wconf 82' lang='grc' dir='ltr'>δομήματι</span> <span class='ocrx_word' id='word_1_865' title='bbox 1494 2801 1664 2835; x_wconf 81' lang='grc' dir='ltr'>κατατίθησι,</span> <span class='ocrx_word' id='word_1_866' title='bbox 1691 2799 1785 2834; x_wconf 80' lang='grc' dir='ltr'>τρίτην</span> <span class='ocrx_word' id='word_1_867' title='bbox 1810 2798 1858 2824; x_wconf 69' lang='grc' dir='ltr'><strong>τοῦ</strong></span> 
     </span>
    </p>
   </div>
  </div>
