2067 3150
175 220 242 253 1019

793 214 879 245 VITA
901 213 932 243 S.
953 209 1174 242 ANDRONICI.

1726 204 1794 236 1050

174 272 321 308 ὀκτωερίου
348 271 432 307 μηνὸς
457 270 578 304 ἄγοντος.
606 269 668 296 Τῶν
692 268 720 295 δὲ
745 267 893 303 θαυμάτων
914 264 957 293 οἷά
973 271 992 298 Α

1035 269 1060 297 t,
1086 269 1114 292 et
1138 262 1332 291 convenientes
1353 261 1492 289 christiani
1516 261 1645 296 templum
1668 259 1794 295 gloriosis

172 328 243 350 τινος
269 319 360 353 πηγῆς
379 317 448 352 ὁμοῦ
475 316 591 350 vacuet]:
612 315 659 342 καὶ
683 315 809 350 ἥδιστον,
831 313 956 347 ἀφθόνως

175 365 383 401 προχεομένων,
412 363 443 389 οὐ
473 362 539 389 πολὺ
565 361 596 388 τὸ
620 362 650 388 ιν
682 361 757 396 μέσῳ
784 360 957 391 συνελθόντες

174 410 334 447 Χριστιανοὶ
353 409 415 436 ναὸν
434 410 490 440 τοῖς
510 408 674 438 καλλινίκοις
700 407 890 441 ἀνεγείρουσι,
911 405 958 431 καὶ

176 458 209 483 τὰ
227 457 307 491 τίμια
324 456 427 482 τούτων
444 456 474 482 ὲν
493 454 567 488 αὐτῷ
586 452 749 480 ἁποτιῦέασι
773 451 904 485 λείψανα·
919 451 960 481 εἰς

1009 312 1128 339 excitant
1144 309 1302 339 victoribus.
1331 313 1357 334 et
1372 307 1397 334 in
1413 307 1471 341 ipso
1485 315 1577 334 eorum
1600 306 1735 341 pretiosas
1749 306 1794 331 de-

1011 362 1115 393 ponunt
1128 355 1254 390 reliquias
1267 363 1274 382 :
1288 354 1320 381 ad
1332 354 1444 389 gloriam
1465 353 1510 380 Dei
1530 353 1629 385 liatris,
1645 357 1672 379 et
1687 352 1792 378 Domini

1013 403 1098 430 nostri
1112 401 1174 429 Jesu
1188 401 1288 428 Christi
1303 408 1310 426 :
1329 407 1409 433 quem
1427 398 1504 425 decet
1517 398 1605 425 hortor
1622 402 1648 425 et
1662 397 1795 428 adoratio,

1013 457 1084 476 nunc
1098 453 1123 475 et
1137 455 1254 481 semper,
1270 451 1297 473 et
1313 447 1338 472 in
1355 445 1453 473 sa'cula
1470 444 1643 472 saeculorum.
1657 444 1751 470 Amen.

176 490 344 536 “suum;
365 502 491 538 Πατρὺς,
522 504 578 531 καὶ
598 501 701 536 Κυρίου
719 499 798 534 ἡμῶν
824 498 911 534 Ἰησοῦ
937 496 1078 532 Χριστοῦ,
1109 493 1132 530 ᾧ
1152 498 1251 531 πρέπει
1279 494 1348 531 τιμὴ
1377 495 1423 521 καὶ
1455 492 1642 528 προπκύνησις
1667 491 1706 524 εἰς
1733 490 1798 523 τοὺς

177 551 288 583 αἰῶνας.
314 552 340 576 Ἀ
346 552 409 585 μήν.

185 614 1786 638 Ξ-ε-τῄ-ῌ-ῇ-Ξ--ᾢ-ῤ-Ξ,

511 713 740 790 VlTA
791 712 869 789 S.
951 709 1475 787 ANDRONICI

640 858 726 912 ET
766 856 935 913 EJUS
978 853 1343 912 CONJUGIS.

184 971 267 1002 (Apud
287 969 386 995 Surium
413 968 443 993 ad
462 967 528 992 diem
548 967 577 992 2'1
597 967 743 1002 februariis
758 966 842 1002 Graece
854 971 903 1002 non
928 963 1053 1002 exstat‘iu
1074 970 1133 1002 mss.
1152 961 1504 1002 ‘l‘aris.:nsocii.‘Doll‘andtanl
1526 961 1604 986 Vitam
1633 961 1658 986 S.
1674 959 1806 986 Andronici

595 998 677 1024 Greece
693 999 720 1021 et
735 992 821 1021 Latine
833 995 954 1020 exhibent
969 1002 1000 1019 ex
1017 994 1119 1019 Menaeis
1128 994 1158 1018 ad
1170 994 1235 1018 diem
1250 993 1265 1016 9
1278 992 1411 1024 Octobris)

223 1165 243 1192 l.
264 1164 294 1192 ln
308 1164 405 1192 diebus
424 1163 570 1190 Theodosii
597 1161 684 1197 Magni
709 1162 891 1197 imperatoris,
916 1167 974 1190 crat
986 1166 1012 1195 Α
1025 1163 1156 1201 usquead
1173 1163 1267 1189 horam
1283 1164 1386 1189 sextam
1401 1169 1408 1188 :
1430 1165 1457 1187 et
1479 1167 1618 1192 reversus,
1636 1160 1712 1187 audit
1725 1160 1808 1194 eiula-

186 1211 214 1238 in
230 1217 326 1245 magna
353 1209 420 1236 urbe
444 1208 588 1235 Antiochia
613 1207 722 1242 juvenis
746 1208 854 1242 quidam
876 1216 973 1244 argen-

186 1255 284 1288 tarius,
299 1254 409 1282 nomine
424 1253 606 1280 Andronicus.
626 1253 737 1287 Accepit
757 1258 847 1280 autctn
862 1262 973 1281 uxorem

187 1301 271 1328 ﬁliam
286 1300 442 1335 argentarii,
465 1299 575 1326 nomine
600 1298 724 1326 Joannis.
749 1299 814 1326 Erat
833 1307 896 1326 vero
916 1299 975 1334 ejus

189 1355 290 1375 nomen
309 1346 467 1374 Athanasia.
486 1346 548 1372 Erat
565 1345 638 1372 enim
653 1353 745 1372 revera
767 1345 926 1376 Athanasio.
949 1345 975 1372 id

189 1397 242 1427 est,
258 1392 466 1424 immortalis,et
478 1391 566 1423 iactis,
576 1394 603 1418 et
617 1390 790 1425 cogitatione.
807 1392 871 1418 Erat
885 1396 976 1418 autem

190 1438 364 1465 Andronicus
378 1437 456 1464 valde
480 1437 551 1471 pius,
577 1440 604 1463 et
624 1436 722 1470 plenus
739 1436 819 1463 bonis
839 1437 975 1471 operibus.

191 1483 324 1511 Similiter
352 1490 416 1510 vero
442 1483 502 1517 ejus
530 1489 639 1517 quoque
669 1489 760 1508 uxor:
790 1488 869 1509 erant
887 1487 976 1509 autem

190 1529 269 1557 valde
285 1528 391 1556 divites.
409 1528 454 1556 Sic
468 1535 534 1555 vero
551 1528 631 1554 vitam
652 1535 727 1554 suam
747 1527 862 1562 agebant
883 1535 980 1562 argen-

191 1575 299 1608 tariam,
311 1579 338 1602 et
351 1574 493 1601 facultates
510 1582 573 1601 suas
587 1574 738 1601 diviserunt
753 1575 781 1600 in
800 1579 855 1601 tres
871 1579 978 1608 partes:

193 1629 274 1649 unam
292 1620 400 1656 quidem
422 1621 450 1647 in
468 1620 602 1647 rationem
623 1627 786 1654 pauperum,
802 1624 829 1647 et
845 1620 924 1646 aliam
952 1619 980 1646 in

193 1667 328 1695 rationem
340 1666 547 1697 monachorum,
564 1670 591 1692 et
602 1665 680 1692 aliam
701 1665 730 1691 in
746 1666 878 1692 rationem
895 1665 982 1692 lacul-

194 1717 280 1741 tatum
295 1717 323 1740 et
338 1712 462 1740 ollicinaz.
487 1710 620 1739 Universa
643 1715 732 1738 autem
753 1711 848 1738 civitas
874 1711 983 1738 amabat

194 1758 336 1786 dominum
349 1758 534 1785 Andronicum
551 1761 664 1793 propter
680 1757 740 1791 ejus
755 1757 927 1784 modestiam.

231 1804 265 1831 Il.
284 1803 417 1840 Cognovit
433 1807 523 1830 autem
543 1811 620 1831 suam
637 1811 769 1836 uxorem;
785 1807 813 1830 et
831 1811 892 1830 cum
915 1811 982 1830 con-

196 1850 332 1885 cepisset,
361 1849 467 1884 peperit
493 1849 596 1881 ﬁlium,
627 1853 654 1876 et
680 1849 892 1876 nominaverunt
920 1856 982 1875 cutn

196 1895 339 1923 Joannem.
354 1894 421 1922 Cum
447 1901 513 1921 vero
536 1894 626 1920 adhuc
649 1894 676 1920 in
694 1899 771 1921 utero
798 1893 982 1928 concepisset,

198 1940 302 1976 peperit
319 1939 410 1972 ﬁliam,
436 1943 463 1967 et
486 1938 638 1967 nominavit
659 1945 717 1965 eam
746 1938 868 1970 Mariam,
895 1945 984 1972 neque

198 1985 315 2020 amplius
333 1984 563 2020 appropinquavit
588 1983 666 2010 uxori
680 1983 862 2011 Andronicus.
883 1982 984 2009 Conie-

199 2032 275 2059 rebat
289 2035 379 2057 autem
395 2037 474 2057 suum
491 2029 610 2056 studium
622 2028 654 2055 ad
667 2028 811 2062 diligenter
822 2033 848 2055 et
860 2028 985 2055 lubenter

199 2071 390 2108 laborandum,
403 2083 465 2102 cum
483 2075 543 2102 aliis
560 2073 660 2101 Christi
685 2073 837 2100 amantibus
859 2078 986 2108 argenta~

201 2122 258 2149 riis.
287 2121 429 2148 Dominico
455 2125 483 2147 ct
506 2121 550 2147 die
577 2119 698 2147 secundo
725 2123 753 2145 et
778 2123 875 2153 quarto
904 2122 931 2145 et
957 2118 985 2145 in

201 2167 364 2199 Parasceve,
392 2174 408 2193 a
427 2174 540 2201 vespera
567 2173 651 2200 usque
683 2165 716 2192 ad
742 2165 903 2192 matutinum
930 2164 988 2190 ibat

202 2213 373 2240 Andronicus
386 2213 420 2240 ad
439 2212 568 2239 lavandos
589 2212 662 2238 viros
683 2218 748 2238 suos
773 2211 883 2238 iratres.
906 2210 986 2237 Simi-

202 2257 264 2284 liter
289 2262 380 2284 auteni
409 2258 468 2292 ejus
494 2263 602 2291 quoque
626 2264 694 2283 uxor
716 2256 750 2283 ad
771 2256 899 2283 lavandos
923 2256 983 2283 dili-

203 2307 297 2338 genter
326 2303 465 2330 mulieres.
501 2302 566 2329 Post
597 2307 704 2336 tempus
741 2309 806 2329 vero
842 2301 987 2329 duodecim

203 2355 347 2380 annorum.
369 2349 490 2384 ingressa
515 2351 556 2375 est
578 2348 696 2382 quodam
712 2347 756 2374 die
778 2355 857 2374 mane
877 2347 987 2374 domina

203 2393 349 2420 Athanasia
363 2401 378 2420 a
393 2393 544 2420 voluntario
561 2393 607 2420 illo
621 2393 713 2420 labore
731 2393 763 2420 ad
779 2392 909 2419 videndos
924 2400 988 2419 suos

161 2467 165 2472 ,
205 2438 284 2470 ﬁlios,
300 2442 328 2464 et
340 2437 444 2464 invenit
459 2445 505 2464 eos
517 2437 695 2471 suspirantes.
711 2437 755 2463 llla
769 2441 858 2463 autem
878 2442 990 2464 contur—

206 2484 267 2511 bata
300 2483 423 2510 ascendit
439 2483 467 2509 in
491 2483 590 2510 lectum
616 2489 709 2514 suum,
732 2486 759 2509 et
781 2483 870 2516 posuit
895 2483 989 2511 ambos

205 2536 287 2564 supra
308 2533 403 2564 pectus
425 2536 516 2556 suum.
541 2529 640 2555 Beatus
666 2535 732 2555 vero
751 2527 924 2555 Andronicus
948 2528 991 2554 in-

207 2582 330 2610 gressus,
358 2574 442 2608 coepit
468 2574 585 2611 clamare
611 2574 638 2600 in
663 2580 773 2600 uxorem
793 2581 890 2606 suam,
918 2574 991 2608 quod

207 2621 321 2648 multum
342 2621 484 2648 dormiret.
510 2620 556 2647 llla
579 2625 670 2647 autem
698 2619 788 2646 dixit:
814 2618 873 2647 Noli
899 2619 991 2652 irasci,

207 2667 316 2694 domine
330 2667 379 2698 mi,
393 2666 480 2701 'pueri
503 2666 576 2693 enim
601 2671 665 2693 sunt
688 2665 795 2692 inﬁrma
812 2665 967 2693 valetudine
985 2674 992 2692 :

208 2717 235 2740 et
255 2720 318 2740 cum
340 2713 484 2748 tetigisset,
513 2712 617 2739 invenit
641 2719 688 2738 eos
706 2711 792 2738 teneri
817 2719 832 2738 a
857 2711 943 2743 febre,
965 2716 993 2738 et

208 2755 274 2783 dicit
293 2757 434 2791 suspirans
450 2765 458 2783 :
477 2755 536 2783 Fiat
557 2757 684 2783 voluntas
706 2756 752 2783 Dei
770 2765 776 2782 :
796 2761 823 2783 et
840 2757 890 2784 ivit
913 2761 992 2784 extra

208 2801 355 2834 civitatem.
370 2803 404 2830 ad
430 2803 595 2838 precandum
619 2807 746 2830 sanctum
767 2801 915 2830 lulianum.
935 2803 994 2830 lllic

209 2847 280 2875 enim
307 2849 431 2883 iacebant
461 2850 521 2884 ejus
549 2853 686 2884 parentes.
717 2847 780 2874 Fuit
812 2853 902 2876 autem
937 2847 992 2876 illic

244 2917 253 2934 ³
267 2917 318 2945 Job
335 2927 353 2949 ι,
369 2917 415 2945 2|.

1025 1214 1081 1236 tum
1105 1213 1132 1236 et
1154 1208 1311 1240 tumultum,
1337 1207 1382 1241 qui
1400 1206 1483 1233 ﬁebat
1504 1206 1574 1232 ilouti
1594 1213 1659 1232 sme.
1682 1205 1727 1233 lllc
1746 1214 1810 1233 vero

1025 1255 1202 1282 conturbatus
1221 1253 1351 1284 cucurritI
1367 1257 1394 1279 et
1415 1252 1517 1278 invenit
1538 1260 1645 1278 onmem
1672 1252 1729 1279 fere
1746 1253 1812 1280 civi-

1026 1304 1110 1328 tatem
1124 1299 1196 1327 domi
1209 1307 1265 1326 sum
1279 1304 1305 1326 et
1323 1307 1421 1334 pueros
1435 1304 1566 1326 mortuos.

1061 1345 1107 1373 lll.
1137 1346 1259 1380 Cumque
1293 1346 1407 1372 vidisset
1434 1345 1552 1372 infantes
1580 1345 1607 1371 in
1632 1346 1702 1373 lecto
1733 1344 1814 1372 simul

1025 1392 1157 1427 iacentes,
1176 1392 1314 1426 ingressus
1330 1391 1357 1418 in
1374 1398 1452 1417 suum
1469 1391 1635 1422 oratorium,
1653 1399 1682 1417 se
1703 1390 1815 1425 projrcit

1027 1443 1091 1465 ante
1111 1437 1296 1469 Servatorcm,
1313 1440 1339 1463 ct
1356 1436 1423 1463 ﬂens
1445 1435 1531 1462 dixit‘
1549 1445 1555 1462 :
1579 1445 1587 1461 ι
1606 1436 1666 1470 lpse
1691 1443 1816 1471 egressus

1029 1491 1088 1511 sum
1110 1483 1198 1510 nudus
1216 1490 1247 1509 ex
1275 1487 1351 1509 utero
1374 1482 1470 1509 matris
1493 1489 1570 1514 mete,
1595 1482 1684 1509 nudus
1710 1490 1817 1516 quoque

1030 1531 1093 1557 illuc
1109 1535 1239 1556 revertar.
1264 1529 1396 1556 Dominus
1414 1529 1499 1560 dedit,
1527 1529 1658 1556 Dominus
1684 1529 1816 1556 abstulit:

1031 1577 1100 1604 sicut
1126 1575 1241 1602 Domino
1257 1575 1347 1602 visum
1372 1579 1424 1607 est,
1449 1575 1484 1602 ita
1512 1575 1568 1602 ﬁat.
1588 1575 1629 1601 Sit
1649 1583 1747 1602 nomen
1769 1575 1820 1601 llo-

1031 1622 1097 1650 miui
1114 1621 1287 1649 benedictum
1320 1628 1353 1648 ex
1374 1621 1425 1647 hoc
1441 1628 1515 1647 nunc
1535 1625 1562 1647 et
1582 1628 1667 1655 usque
1693 1621 1720 1647 in
1736 1628 1820 1648 smcu-

1031 1668 1101 1695 lum.
1125 1676 1134 1693 ι
1153 1666 1229 1694 Uxor
1257 1671 1349 1693 autem
1371 1667 1431 1701 ejus
1448 1666 1586 1701 quzrrebat
1616 1674 1645 1694 se
1676 1666 1819 1698 Siiﬂocare.

1032 1714 1148 1741 dicens:
1177 1712 1278 1740 Moriar
1298 1721 1360 1740 cum
1390 1713 1458 1740 meis
1485 1712 1558 1739 lllii‘s.
1594 1711 1727 1740 Convenit
1757 1720 1821 1740 vero

1034 1760 1161 1787 universa
1175 1759 1271 1787 civitas
1286 1759 1319 1786 ad
1336 1757 1491 1786 eﬂerendos
1509 1766 1619 1793 pueros,
1634 1759 1702 1786 adeo
1717 1763 1746 1786 ut
1767 1758 1822 1786 iilic

1035 1810 1107 1833 esset
1137 1806 1290 1840 patriarcha
1317 1813 1377 1831 cum
1407 1809 1463 1831 toto
1490 1804 1565 1831 clero
1591 1812 1650 1831 suo.
1679 1804 1731 1832 [ius
1759 1812 1822 1830 vero

1035 1848 1222 1883 deposuerunt
1243 1849 1269 1874 in
1286 1848 1415 1882 martyrio
1433 1847 1517 1875 sancti
1534 1848 1632 1875 Juliani
1653 1857 1735 1883 supra
1757 1856 1823 1876 avos

1035 1902 1109 1921 suos.
1125 1894 1269 1929 Accipiens
1281 1898 1370 1921 autem
1385 1893 1493 1921 beatum
1514 1894 1698 1921 Andronicum
1717 1895 1823 1930 episeo-

1036 1947 1096 1974 pus.
1117 1939 1253 1974 ingressus
1269 1944 1310 1966 cst
1325 1939 1351 1966 in
1368 1939 1440 1966 tl‘dOS
1463 1939 1532 1974 ejus.
1551 1939 1626 1967 Illius
1647 1945 1736 1967 autem
1756 1949 1824 1967 uxor

1035 1985 1123 2012 noluit
1149 1985 1224 2012 abire
1256 1985 1283 2010 iu
1309 1985 1420 2011 domum
1450 1992 1545 2017 suam,
1578 1985 1625 2012 sed
1656 1985 1768 2013 dormiit
1797 1986 1824 2012 in

1037 2031 1174 2066 martyrio.
1193 2029 1279 2057 Media
1304 2038 1367 2057 vero
1394 2035 1475 2058 nocte
1499 2036 1611 2066 apparet
1633 2031 1656 2058 ei
1679 2037 1781 2067 martyr
1797 2031 1822 2058 in

1038 2077 1132 2104 habitu
1149 2075 1288 2109 monachi,
1305 2076 1400 2103 dicens
1417 2076 1440 2103 ei
1457 2076 1529 2103 :Cur
1546 2085 1600 2103 uoti
1618 2077 1684 2103 sinis
1703 2085 1762 2107 eos.
1777 2078 1823 2112 qui

1038 2123 1082 2150 hic
1101 2127 1175 2156 sunt,
1202 2122 1392 2157 requiescere?
1418 2121 1464 2149 Illa
1486 2126 1577 2148 atttem
1599 2121 1687 2149 dixit:
1711 2121 1825 2149 Domino

1037 2169 1085 2200 mi,
1113 2175 1146 2195 ne
1172 2167 1238 2195 mihi
1267 2167 1404 2199 iraSi-aric,
1434 2175 1496 2194 nam
1526 2175 1585 2194 sutn
1612 2167 1689 2194 valde
1715 2167 1825 2194 alllicta.

1039 2213 1174 2241 Habebam
1191 2218 1281 2240 autem
1301 2213 1369 2240 duos
1384 2213 1456 2240 solos
1474 2212 1556 2245 ﬁlios,
1577 2217 1604 2240 ct
1629 2212 1709 2240 hodie
1731 2213 1826 2240 ambos

1039 2258 1118 2285 simul
1135 2258 1228 2285 extuli.
1245 2258 1292 2285 ille
1310 2266 1373 2284 vero
1385 2258 1469 2285 dicit:
1486 2258 1557 2290 Quot
1570 2265 1657 2285 annos
1679 2257 1732 2284 nati
1750 2264 1828 2285 erant

1040 2304 1078 2330 tui
1097 2303 1193 2337 pueri?
1208 2303 1253 2329 Illa
1277 2310 1340 2329 vero
1363 2302 1428 2329 dicit
1445 2302 1470 2328 ei
1488 2310 1493 2328 :
1512 2302 1589 2329 Unus
1603 2307 1661 2329 erat
1683 2302 1825 2329 duodecim

1039 2356 1126 2376 annos
1144 2353 1234 2380 natus,
1265 2349 1335 2374 alter
1360 2355 1426 2374 vero
1443 2347 1548 2374 decetn.
1577 2348 1624 2375 ille
1646 2352 1737 2375 autem
1763 2348 1829 2376 dicit

1041 2395 1067 2422 ei
1084 2395 1158 2423 :Cur
1174 2394 1256 2430 igitur
1278 2393 1337 2420 illos
1353 2392 1454 2420 deﬂes?
1471 2393 1579 2420 Utinam
1592 2393 1705 2421 deﬂercs
1718 2397 1828 2428 peccata

1041 2445 1096 2468 tua.
1114 2441 1178 2468 Dico
1194 2441 1266 2467 enim
1285 2439 1343 2472 tibi,
1360 2440 1466 2470 mulier.
1484 2440 1555 2475 quod
1577 2440 1713 2475 quomodo
1731 2443 1828 2466 natura

1042 2487 1159 2514 hominis
1175 2485 1257 2521 exigit
1279 2485 1379 2517 cibum.
1402 2489 1429 2512 et
1451 2485 1509 2513 fieri
1526 2493 1579 2512 non
1606 2489 1706 2521 potest,
1725 2489 1754 2512 ut
1772 2492 1828 2511 non

1042 2532 1121 2559 detur
1133 2531 1166 2558 ad
1183 2531 1391 2563 comedendum,
1417 2531 1453 2558 ita
1469 2531 1551 2558 etiam
1571 2531 1648 2566 pueri
1671 2532 1698 2558 in
1721 2531 1766 2557 illo
1785 2530 1829 2558 dio

1043 2581 1161 2612 poscunt
1184 2584 1199 2602 a
1225 2575 1335 2604 Christo
1359 2570 1430 2603 bona
1456 2577 1557 2608 futura,
1585 2577 1731 2604 dicentes:
1753 2575 1830 2602 Justc

1043 2622 1140 2653 iudex,
1163 2622 1274 2657 privasti
1288 2630 1338 2649 nos
1360 2622 1441 2649 rebus
1466 2622 1593 2654 terrenis,
1616 2629 1650 2648 ne
1673 2629 1722 2648 nos
1747 2621 1829 2647 etiam

1044 2668 1135 2703 privcs
1155 2668 1322 2696 etelestibus.
1341 2667 1389 2695 llla
1408 2672 1498 2695 autem
1519 2676 1580 2695 cum
1609 2667 1768 2697 audivisset,
1789 2671 1832 2693 cst

1046 2719 1219 2748 compuncta,
1235 2719 1262 2741 et
1278 2714 1391 2741 mutavit
1405 2713 1506 2742 luctum
1520 2715 1546 2741 in
1562 2714 1701 2749 gaudium,
1720 2713 1831 2740 dicens:

1047 2760 1073 2787 Si
1087 2768 1151 2796 ergo
1167 2760 1260 2787 vivunt
1274 2760 1320 2788 lilii
1332 2761 1385 2788 mei
1404 2760 1431 2787 in
1446 2761 1527 2791 cmlo,
1544 2760 1608 2794 quid
1631 2760 1700 2787 ﬂeo?
1715 2765 1740 2786 et
1765 2767 1832 2786 con-

1046 2812 1136 2838 versa,
1162 2805 1270 2840 quaesiit
1292 2805 1415 2833 abbatem
1442 2806 1488 2841 qui
1511 2807 1535 2832 ei
1557 2806 1646 2832 fuerat
1670 2805 1785 2835 locutus,
1807 2808 1834 2830 et

1047 2857 1107 2876 cum
1127 2854 1211 2877 totum
1230 2850 1317 2878 locum
1332 2850 1453 2884 obiisset,
1469 2858 1523 2878 non
1538 2850 1649 2878 invertit.
1666 2850 1698 2877 Et
1710 2849 1832 2877 sciscita-
