2067 3150
236 217 302 248 1351

879 215 903 244 Μ
912 213 1020 243 ENSIS
1039 211 1222 242 OC'l‘OBElt.

1794 209 1863 242 1052

236 281 279 302 iiu-
306 283 321 300 a
346 273 476 307 ianitore,
506 271 622 299 dicens:
649 270 699 298 Ubi
718 276 759 297 est
782 270 877 300 abbas,
908 269 952 303 qui
985 273 1026 294 est
1042 272 1062 298 Α
1078 267 1192 293 invii-em
1214 266 1377 292 salutassent
1400 269 1427 291 ct
1447 265 1581 299 complexi
1604 264 1728 297 fuissem,
1753 265 1864 293 fuerunt

234 320 314 348 modo
331 320 384 346 huc
395 317 550 353 ingressus?
565 318 632 344 Dicit
647 317 670 343 ci
691 316 789 349 ianitor
804 324 812 343 :
828 315 907 342 Vides
926 322 1020 340 UlllllLS

232 366 329 399 januas
341 365 492 394 obseratas,
508 367 534 389 et
551 362 620 389 dicis
634 371 640 389 :
655 361 704 388 [bi
726 361 859 388 cstabbas
877 359 922 394 qui
941 359 1021 385 modo

234 417 275 439 est
291 412 344 438 huc
358 409 516 444 ingressus?
534 407 597 434 Eam
622 413 712 434 autem
739 407 838 434 erudiit
861 413 1018 440 paraniona-

236 459 302 489 rius,
319 461 347 483 ut
369 456 414 490 qui
441 455 567 482 scivisset
589 462 647 480 eain
677 454 775 480 vidisse
806 453 949 479 visionem.
975 450 1022 476 llla

235 511 311 535 vero,
331 507 403 529 metu
421 505 557 534 Correpta,
585 499 688 533 rogavit
709 502 736 524 ut
752 498 839 524 abiret
862 498 888 523 iii
909 496 1020 523 domum

235 557 324 576 suam.
338 549 401 574 liam
424 555 489 573 vero
507 546 612 580 accepit
632 546 746 578 ianitor,
770 550 797 571 et
820 543 971 570 introduxit
994 542 1020 568 ixi

235 594 346 622 domum
372 601 460 625 suain,
487 598 515 619 et
541 592 661 618 narravit
692 591 788 617 mai-ito
817 597 867 616 suo
897 596 928 616 ea
962 596 1022 622 qua:

235 640 350 667 viderat.

270 684 316 712 ιν.
337 684 414 710 Tunc
446 683 512 710 dicit
537 682 562 709 ei
588 682 667 708 beata
701 681 844 708 Athanasia
867 689 874 707 :
906 679 1022 710 Revera.

235 730 355 759 domine,
382 728 463 755 etiam
492 727 647 753 viventibus
672 726 735 753 tiliis
764 726 835 752 volui
861 725 964 756 dicere,
997 729 1024 750 ct

235 775 344 803 erubui.
361 774 428 800 Ecce
444 780 508 807 ergo
523 773 603 799 ctiam
624 776 682 805 post
706 775 821 797 mortem
846 777 940 797 eorum
963 768 1024 796 dico

236 822 286 850 tibi
301 841 307 847 .
322 821 349 847 Si
376 827 418 846 ii:e
442 819 547 848 audias,
564 817 696 851 conﬁcies
713 824 755 843 me
772 817 797 842 in
816 815 1022 846 monasterium,

236 872 263 895 et
277 865 380 894 deﬂebo
398 869 508 900 peccata
539 871 609 889 inca.
640 861 672 888 L‘t
692 862 758 888 d.cit
785 861 809 888 ei
827 868 836 887 :
864 861 926 893 Abi,
941 861 1024 894 proba

237 917 309 939 tuam
326 910 519 946 cogitationem
537 917 589 935 una
607 908 792 938 licbdoniada,
810 911 838 934 et
859 907 880 933 si
899 913 1024 940 perinan-

236 957 306 985 seris
320 957 346 983 in
362 959 412 982 lioc
428 955 580 990 proposito,
598 954 751 988 loquemur.
777 953 822 979 Illa
845 958 935 979 autem
961 959 1024 979 cum

236 1011 331 1030 rursus
351 1003 478 1032 venisset,
500 1001 572 1027 idem
591 1000 668 1026 dixit.
689 999 787 1025 Beatus
810 1007 874 1024 vero
890 998 1026 1025 Androni-

236 1057 285 1077 cus
300 1049 414 1075 accersit
427 1054 552 1074 socerum
568 1054 660 1077 suum,
677 1050 703 1071 et
718 1044 742 1071 ei
759 1045 840 1071 tradit
855 1052 948 1071 omnes
964 1052 1026 1071 siuas

237 1095 389 1123 facultates,
410 1093 526 1120 dicens:
558 1092 597 1118 Ad
623 1095 716 1118 sancta
739 1091 796 1118 loca
827 1091 1026 1125 prolii-isciiiiur

235 1141 270 1168 ad
283 1147 349 1166 oran
362 1141 428 1165 lum.
457 1138 484 1164 Si
503 1138 565 1171 quid
579 1145 644 1171 ergo
661 1137 740 1164 nobis
754 1137 884 1163 acciderit
900 1136 1027 1163 humani-

237 1191 292 1217 tus,
309 1185 420 1212 habebis
440 1183 486 1209 has
503 1183 659 1213 faciiliates,
681 1187 709 1208 ut
729 1183 762 1208 de
783 1182 824 1208 eis
853 1182 935 1209 facias
955 1181 1026 1216 quod

238 1232 287 1259 tibi
305 1230 450 1257 videbitur.
472 1228 544 1263 ltogo
560 1236 624 1263 ergo
645 1233 680 1260 te,
699 1232 728 1254 ut
745 1233 817 1254 recte
829 1235 892 1261 agas
906 1235 967 1254 cuni
982 1233 1027 1254 tua

238 1278 383 1308 aiiiiiia,,et
408 1283 441 1302 ex
462 1275 506 1306 iis,
524 1282 583 1308 qua:
609 1274 652 1301 hic
678 1280 751 1306 sunt,
781 1274 822 1301 fac
839 1275 1025 1301 nosoconiiuiii

238 1328 265 1351 ct
279 1322 476 1350 Xenodochium
488 1320 683 1347 monachorum
696 1328 702 1352 ς
715 1325 742 1346 ct
756 1321 929 1347 manumissis
942 1321 1027 1346 servis

239 1370 305 1400 suis,
330 1368 406 1395 dedit
431 1367 470 1393 eis
499 1367 602 1401 legata,
627 1371 655 1392 et
677 1372 785 1400 accepta
814 1374 894 1400 parva
919 1366 1029 1393 benedi-

239 1417 330 1442 ctione
354 1418 380 1440 et
404 1413 509 1439 duobus
532 1411 621 1446 equis.
646 1411 712 1438 exiit
739 1417 823 1438 noctu
846 1420 879 1438 ex
905 1412 1026 1442 civitate,

240 1461 298 1495 ipse
319 1464 346 1486 et
372 1467 439 1486 uxor
458 1459 518 1491 ejus
544 1458 606 1484 Suli.
637 1456 719 1484 Beata
756 1464 847 1484 autem
876 1459 1027 1484 Atliaiiasia

240 1506 348 1533 eminus
375 1505 441 1531 vidit
470 1505 579 1530 dominii
602 1511 689 1534 suam,
717 1508 744 1530 et
758 1511 866 1530 sursum
894 1504 1028 1537 aspiciens

239 1551 267 1577 in
296 1549 395 1577 cwluin
422 1549 515 1575 dixit:
544 1547 624 1578 Deus,
653 1549 698 1580 qui
730 1547 821 1573 dixisti
862 1547 977 1573 Abralia:
1001 1550 1028 1572 et

241 1595 315 1622 Sara:
330 1595 340 1610 ¹
357 1602 364 1619 :
384 1603 393 1619 ι
411 1593 544 1628 Egredere
569 1602 584 1619 c
611 1598 682 1619 terra
708 1598 762 1625 tua,
786 1597 812 1619 et
833 1600 848 1619 c
865 1593 1029 1627 cognatione

240 1646 284 1668 tua
302 1650 307 1667 :
325 1643 352 1667 et
370 1639 431 1666 veni
454 1647 479 1665 in
507 1644 619 1669 terrain,
640 1645 721 1669 quam
748 1637 891 1664 ostendam
923 1638 994 1670 tibi;
1015 1647 1024 1663 D

241 1687 300 1721 ipse
317 1692 389 1711 nunc
414 1691 522 1718 quoque
547 1683 636 1710 deduc
659 1691 708 1709 nos
731 1685 758 1709 in
784 1683 909 1710 tiinorcni
938 1688 1026 1710 tuum.

241 1731 313 1758 Ecce
332 1731 404 1756 enim
428 1729 607 1763 relinquimus
631 1729 741 1755 domum
771 1734 890 1754 nostram
907 1733 1028 1762 apertam

243 1780 353 1810 propter
368 1783 467 1801 nomen
486 1779 560 1800 tuuin
575 1782 581 1799 :
602 1781 634 1799 ne
654 1779 718 1800 ante
734 1781 783 1800 nos
798 1774 908 1801 claudas
930 1777 1029 1801 ostium

243 1821 317 1855 regni
339 1819 393 1852 tui;
421 1824 448 1846 et
472 1818 570 1845 ﬂentes
590 1818 670 1845 ambo
696 1818 820 1845 abierunt
839 1828 845 1844 :
871 1824 896 1845 et
918 1826 979 1845 cuin
997 1819 1030 1845 ad

243 1869 336 1891 sancta
371 1866 428 1890 loca
474 1863 681 1898 pervenissent,
712 1863 885 1889 adorarunt:
912 1867 939 1888 et
968 1869 1030 1888 cuin

243 1910 343 1937 inultos
361 1908 455 1936 Patres
474 1908 688 1939 convenissent,
715 1908 826 1934 veniunt
849 1907 882 1934 ad
905 1912 1031 1934 sanctum

242 1955 349 1983 lienam
365 1954 553 1986 Alexandria,
566 1958 593 1981 et
608 1953 736 1980 fruuntur
749 1959 875 1988 martyre.

281 2002 312 2030 V.
329 2002 407 2029 Circa
430 2003 524 2029 liorani
551 2006 642 2028 autem
658 2008 757 2027 nonani
776 2000 873 2034 aspicit
894 1999 1033 2026 Androni—

243 2057 302 2080 eus.
321 2055 347 2076 et
361 2049 435 2076 videt
449 2048 612 2075 monachum
640 2048 850 2074 contendentem
872 2054 933 2072 cuni
962 2046 1032 2072 laico

245 2101 273 2123 et
298 2096 322 2123 ei
347 2095 507 2127 dicentem:
530 2094 585 2120 Cur
600 2093 726 2120 abbatem
751 2093 848 2127 injuria
876 2092 978 2118 afﬁnis?
1008 2092 1032 2119 ls

245 2148 308 2168 vero
321 2140 345 2166 ci
361 2139 467 2166 diccbat
485 2147 491 2165 :
510 2138 635 2168 Domine,
649 2136 736 2163 locavi
757 2137 869 2162 bestiam
887 2143 975 2162 meant
999 2135 1032 2161 ad

245 2185 364 2214 Sectein.
380 2184 434 2220 Ego
451 2191 515 2210 vero
537 2183 560 2209 ei
583 2183 666 2209 dico:
692 2182 792 2208 Eamus
813 2181 881 2215 jam,
897 2185 926 2207 ut
948 2185 1032 2206 totam

244 2237 354 2259 nouem
380 2229 560 2261 ambulemus,
579 2233 607 2255 et
632 2235 693 2254 cras
709 2234 794 2261 usque
816 2226 850 2253 ad
874 2230 988 2258 sextam,
1005 2230 1034 2252 ut

245 2277 437 2312 perveniamus
452 2281 515 2301 ante
530 2278 626 2300 aestum
644 2273 696 2299 diei
713 2281 720 2298 :
737 2276 764 2298 et
787 2279 840 2298 non
862 2271 918 2298 vult
933 2275 961 2297 ut
976 2271 1031 2305 jam
1050 2276 1070 2302 ι)
1087 2274 1120 2300 de
1132 2281 1165 2301 eo
1180 2274 1230 2309 ipsi
1250 2277 1427 2303 renuntiavit,
1455 2276 1542 2304 seu“
1559 2286 1623 2304 νει-ο
1637 2278 1703 2304 die”,
1714 2278 1739 2304 εί

245 2331 349 2350 eamus.
376 2321 446 2348 Dicit
469 2321 494 2347 ei
522 2319 649 2346 dominus
682 2318 878 2346 Andronicus:
908 2317 1032 2343 Habesne

247 2368 354 2402 aliquod
372 2367 444 2394 aliud
460 2365 578 2392 animal?
594 2365 617 2391 ls
631 2371 694 2391 vero
709 2364 774 2390 dicit
790 2372 797 2390 :
819 2363 942 2389 Maxime.
963 2362 1034 2389 Dixit

247 2418 338 2439 autem
355 2412 404 2446 ipsi
423 2420 430 2437 :
445 2411 527 2443 Vade,
540 2411 593 2437 duc
609 2410 673 2436 illud
695 2411 728 2436 ad
746 2417 798 2441 me,
819 2414 846 2436 et
860 2410 931 2440 veni,
945 2413 972 2435 et
988 2416 1035 2436 ac-

248 2457 346 2491 cipiam
362 2463 410 2490 ego
427 2462 509 2482 unum
526 2455 637 2486 animal,
655 2459 683 2481 et
695 2455 777 2482 abbas
795 2462 888 2484 unum.
905 2455 1033 2488 quoniam

248 2503 297 2539 ego
314 2509 421 2536 quoque
445 2501 504 2527 volo
527 2501 567 2527 ire
589 2501 621 2527 ad
643 2500 759 2528 Scctein.
779 2500 952 2527 Andronicus
968 2508 1032 2528 vero

248 2548 312 2574 dicit
328 2546 404 2573 uxori
421 2553 476 2572 sua:
494 2554 500 2571 :
526 2545 603 2571 Mane
625 2546 667 2575 hic
681 2546 751 2579 apud
773 2551 896 2571 sanctum
916 2545 1031 2578 Menam,

247 2593 334 2620 donec
349 2592 510 2620 descendam
536 2592 562 2618 in
579 2592 695 2622 Scetciii,
722 2596 748 2618 et
773 2592 902 2624 accipiam
923 2592 1033 2618 benedi-

248 2640 367 2667 ctioiieiii
384 2647 398 2665 a
409 2638 544 2670 l’atribus,
561 2644 587 2664 et
604 2643 733 2664 revertar.
746 2637 814 2664 Dicit
831 2638 854 2664 ei
872 2645 938 2664 uxor
954 2638 1031 2672 ejus:

247 2686 348 2720 Accipe
366 2693 409 2711 me
428 2689 528 2711 tecum.
553 2684 598 2710 Ille
617 2692 680 2710 \cro
700 2685 764 2711 dicit
788 2683 812 2710 ci
829 2692 835 2710 :
860 2683 955 2710 Mulier
978 2692 1032 2711 non

250 2732 400 2766 ingreditur
418 2732 446 2758 in
459 2736 577 2759 beeteni.
589 2731 635 2758 llla
650 2737 739 2758 autem
759 2730 824 2757 dicit
838 2730 861 2756 ei
876 2737 936 2757 cum
952 2729 1033 2756 ﬂetu:

249 2773 365 2801 llabcbis
380 2784 423 2802 me
440 2777 511 2811 apud
534 2782 656 2803 sanctum
677 2776 801 2809 Menam,
817 2777 839 2804 si
861 2778 1035 2809 reiiianseris,

249 2824 277 2846 ct
300 2827 343 2846 me
369 2829 421 2847 non
450 2822 591 2849 collocaris
617 2822 642 2848 in
669 2822 845 2848 monasterio.
864 2821 986 2856 Cumque
1007 2829 1036 2849 se

285 2908 295 2923 ¹
314 2907 381 2934 Gen.
400 2917 446 2940 xii,
467 2910 489 2935 1.

1072 311 1199 345 separati.
1233 311 1291 345 Ipse
1322 316 1410 336 autem
1441 310 1580 336 descendit
1611 310 1644 336 ad
1677 310 1806 337 Scetem:
1837 316 1865 338 ct

1072 366 1132 384 cum
1155 357 1293 384 adorasset
1321 360 1430 383 sanctos
1459 355 1552 382 Patres
1583 356 1609 382 in
1632 355 1730 388 Laure,
1759 358 1864 385 aiidiv.t

1073 404 1105 430 de
1121 404 1216 430 abbate
1235 402 1345 428 Daniele
1359 410 1366 434 ;
1382 406 1409 428 et
1425 410 1486 428 cuni
1503 409 1536 429 eo
1549 403 1718 432 accessisset.
1735 411 1788 430 non
1805 406 1860 432 sne

1076 456 1171 482 magna
1203 447 1358 474 diﬂicultate
1392 455 1454 474 eum
1483 448 1570 482 potuit
1604 448 1778 475 convenire:
1805 450 1864 476 seni

1074 502 1136 521 vero
1152 494 1243 520 omnia
1266 494 1402 528 exposuit.
1421 493 1490 520 Dicit
1513 499 1603 520 autent
1620 494 1644 520 ei
1667 501 1750 521 senex
1769 503 1776 521 :
1802 495 1865 528 Abi,

1073 544 1099 567 et
1117 540 1206 567 adduc
1222 548 1333 566 uxorein
1357 544 1442 571 tuam,
1467 544 1494 566 ct
1510 539 1607 566 faciam
1636 540 1682 566 tibi
1699 541 1811 571 litteras,
1837 545 1865 568 ct

1073 585 1194 619 depones
1212 592 1271 611 eain
1292 584 1320 612 in
1342 584 1480 612 Thebaide
1506 585 1533 611 in
1560 586 1725 614 iiionasteiio
1755 585 1865 613 Tabeii-

1074 631 1254 657 nesiotaruni.
1272 631 1444 658 Andronicus
1462 636 1552 658 autem
1568 631 1643 663 fecit,
1663 631 1733 658 sicut
1756 632 1866 659 dixerat

1074 678 1098 704 ei
1128 684 1221 709 senex,
1249 682 1276 704 et
1301 678 1412 714 absens,
1437 678 1515 704 duxit
1541 685 1601 705 eam
1627 678 1659 704 ad
1686 685 1789 704 senem.
1815 678 1866 711 Qui

1075 723 1182 749 locutus
1199 727 1240 750 est
1264 723 1304 750 eis
1327 724 1438 750 verbum
1463 724 1559 750 salutis
1575 733 1581 750 :
1600 730 1626 751 et
1651 724 1730 751 factis
1756 725 1865 757 litteris,

1075 770 1148 795 misit
1163 777 1210 795 eos
1236 769 1268 796 ad
1288 771 1484 797 monasterium
1510 770 1785 797 Tabi-nnesiotaruin.
1813 770 1866 797 Re-

1076 823 1155 842 verso
1181 823 1245 842 vero
1270 816 1436 847 Andronico,
1465 816 1541 842 dedit
1566 824 1649 842 senex
1677 817 1810 848 habitum,
1839 821 1867 843 ct

1076 861 1169 888 docuit
1192 869 1252 896 quae
1277 862 1311 888 ad
1335 867 1436 889 statum
1466 862 1606 896 pertinent
1632 862 1824 895 nioiiasticuin,
1840 868 1869 890 ct

1078 909 1178 934 mansit
1193 908 1262 942 apud
1278 915 1340 934 eum
1358 915 1445 934 annos
1459 908 1613 935 duodecim.

1120 953 1162 981 Vl.
1183 953 1249 980 Post
1264 954 1405 980 duodecim
1422 960 1513 980 autem
1537 962 1624 981 annos
1641 955 1744 990 rogavit
1760 963 1867 988 senem,

1077 1003 1107 1025 ut
1131 1007 1161 1026 se
1187 1000 1337 1026 dimitteret
1359 1001 1391 1025 ad
1415 1005 1509 1026 sancta
1538 1000 1607 1027 loca.
1637 1000 1682 1027 Ille
1709 1009 1772 1028 vero
1800 1001 1870 1027 bene

1078 1052 1203 1081 precatus
1233 1055 1294 1074 eum
1326 1046 1438 1073 dimisit.
1467 1048 1556 1074 Abbas
1580 1052 1672 1074 autem
1698 1047 1870 1075 Andron.cus

1079 1093 1130 1119 iter
1161 1093 1263 1120 faciens
1291 1102 1338 1128 per
1364 1093 1518 1129 Aigyptuin,
1543 1095 1614 1121 sedit
1644 1095 1694 1121 Sub
1724 1096 1813 1129 spina,
1839 1100 1868 1122 ut

1077 1140 1196 1165 animam
1222 1144 1358 1166 recrearet
1386 1139 1420 1166 ab
1451 1144 1530 1166 testu.
1558 1139 1627 1167 Ecce
1655 1146 1748 1167 autem
1773 1148 1805 1167 ex
1823 1140 1870 1167 Dii

1077 1184 1282 1218 dispensatione
1307 1184 1420 1210 veniens
1444 1184 1471 1210 in
1495 1185 1589 1211 habitu
1616 1185 1683 1212 virili
1714 1185 1773 1220 ejus
1790 1193 1870 1216 uxor,

1078 1237 1138 1263 qua:
1151 1230 1207 1263 ipsa
1225 1236 1332 1262 quoque
1354 1229 1410 1255 ibat
1429 1230 1461 1255 ad
1487 1235 1581 1256 sancta
1607 1229 1675 1256 loca.
1691 1229 1814 1264 Cumque
1839 1238 1869 1257 se

1079 1275 1194 1301 invicem
1214 1275 1389 1305 salutassent,
1414 1275 1541 1308 cognovit
1565 1276 1689 1302 columba
1711 1276 1868 1310 coniugem.

1080 1319 1138 1353 Ipse
1167 1328 1230 1346 vero
1257 1320 1394 1354 quomodo
1421 1328 1486 1353 potu
1499 1325 1554 1347 sset
1581 1329 1747 1355 cognoscere
1775 1322 1867 1350 talem.

1079 1373 1139 1399 quae
1151 1371 1333 1395 emarcucrat,
1350 1366 1592 1399 pulchritudinem,
1612 1372 1638 1393 et
1653 1373 1712 1400 qua:
1729 1366 1871 1393 videbatur

1080 1416 1109 1436 ut
1135 1410 1281 1444 :Eihiops?
1304 1410 1372 1436 Dicit
1400 1417 1465 1445 ergo
1490 1411 1514 1437 ei
1533 1419 1541 1438 :
1563 1411 1622 1443 Quo
1649 1411 1735 1443 vadi“
1758 1411 1870 1438 domine

1081 1456 1168 1482 abba?
1199 1457 1243 1482 ille
1273 1463 1336 1482 vero
1361 1456 1424 1482 dicit
1453 1456 1502 1483 ei:
1531 1457 1571 1483 Ad
1595 1462 1689 1484 sancta
1715 1458 1787 1484 loca.
1812 1457 1870 1491 Ipsa

1081 1506 1170 1528 autem
1187 1501 1251 1528 dicit
1274 1501 1298 1528 ei
1320 1501 1399 1536 :Ego
1422 1509 1532 1535 quoque
1556 1502 1617 1528 volo
1645 1503 1708 1529 illuc
1730 1503 1779 1529 ire.
1811 1503 1872 1538 Ipsa

1081 1554 1145 1581 ergo
1165 1555 1262 1574 rursus
1280 1547 1347 1574 dicit
1360 1548 1384 1573 ei
1404 1555 1410 1572 :
1430 1547 1456 1573 Si
1476 1547 1553 1579 volis,
1574 1556 1669 1575 canitis
1683 1549 1762 1575 ambo
1779 1550 1870 1576 simul.

1081 1591 1133 1619 Sed
1152 1597 1278 1626 tanquam
1298 1601 1351 1619 non
1372 1593 1453 1619 simul
1476 1593 1571 1624 simus,
1588 1594 1772 1628 ingrediantur
1788 1595 1870 1621 silen-

1082 1638 1128 1665 tio.
1147 1638 1216 1665 Dicit
1231 1638 1403 1665 Andronicus
1420 1647 1427 1664 :
1451 1639 1484 1666 Ut
1497 1639 1588 1673 jubes.
1613 1640 1715 1667 Deinde
1734 1642 1791 1674 ipsa
1806 1640 1874 1667 dicit

1080 1684 1129 1710 ei:
1156 1683 1215 1710 Non
1244 1691 1274 1710 es
1299 1691 1394 1710 revera
1419 1684 1569 1718 discipulus
1594 1685 1699 1711 abbatis
1729 1685 1872 1713 Danielis?

1080 1729 1140 1763 Ipse
1169 1737 1233 1755 vero
1263 1729 1327 1756 dicit
1345 1730 1393 1756 ei:
1418 1730 1546 1758 Maxime.
1574 1731 1641 1757 Dicit
1663 1731 1746 1765 ipsa:
1774 1731 1873 1759 Preces

1081 1772 1155 1798 scitis
1167 1779 1217 1798 nos
1242 1773 1456 1801 comitabuntur.
1475 1774 1545 1802 Dicit
1565 1775 1758 1802 Andronicus:
1772 1776 1870 1802 Amen.

1080 1815 1147 1843 Cum
1176 1821 1266 1843 autem
1291 1817 1370 1844 simul
1401 1818 1517 1854 ingressi
1535 1824 1637 1851 essent,
1663 1824 1690 1846 et
1715 1821 1873 1848 adorassent

1081 1869 1174 1890 sancta
1192 1864 1260 1894 loca,
1279 1865 1380 1890 reversi
1397 1869 1462 1892 sunt
1479 1866 1681 1893 Alexandriam.
1707 1867 1775 1894 Dicit
1788 1867 1873 1894 abbas

1082 1909 1247 1936 Athanasius
1262 1909 1351 1936 abbati
1371 1911 1527 1938 Andronico
1543 1920 1551 1938 :
1566 1911 1611 1938 Vis
1627 1920 1784 1939 maneamus
1793 1912 1873 1939 simul

1083 1954 1110 1981 in
1128 1955 1216 1982 cella?
1243 1955 1314 1982 Dii-it
1330 1955 1501 1984 Andronicus
1518 1966 1525 1984 :
1544 1957 1632 1988 Certe,
1653 1962 1682 1985 ut
1700 1958 1789 1993 jules.
1808 1958 1873 1986 Volo

1083 2006 1172 2027 autem
1189 2001 1306 2035 primum
1324 2002 1374 2033 ire,
1389 2006 1417 2029 et
1439 2004 1564 2037 accipere
1585 2011 1679 2038 preces
1699 2005 1783 2031 senis.
1803 2004 1873 2032 Dicit

1082 2048 1106 2072 ei
1123 2047 1206 2073 abbas
1221 2048 1385 2074 Athanasius
1402 2056 1411 2075 :
1427 2047 1509 2080 Vade,
1528 2053 1556 2075 et
1575 2050 1737 2084 exspectabo
1753 2056 1778 2077 te
1802 2051 1874 2084 apud

1083 2092 1214 2119 Octavum
1233 2093 1391 2120 decimum:
1415 2098 1442 2120 ct
1461 2094 1483 2120 si
1508 2095 1610 2124 venias.
1632 2095 1701 2121 sicut
1729 2096 1780 2122 iter
1806 2095 1874 2122 feci-

1084 2144 1154 2168 mus,
1173 2139 1341 2165 manebimus
1355 2140 1472 2166 silentio.
1493 2140 1559 2166 Nam
1576 2141 1597 2166 si
1616 2145 1641 2166 te
1663 2148 1717 2167 non
1743 2142 1822 2173 ferat,
1839 2149 1874 2167 ne

1084 2184 1201 2210 veneris.
1230 2184 1284 2219 ligo
1301 2186 1372 2211 enini
1394 2190 1421 2212 te
1450 2186 1613 2220 exspectabo
1639 2187 1710 2221 apud
1732 2187 1872 2214 Decimum

1084 2236 1222 2257 octavum.
1238 2229 1284 2256 Ille
1297 2235 1387 2257 autem
1404 2232 1555 2265 profectus,
1573 2232 1701 2259 salutavit
1719 2240 1824 2264 senem,
1845 2238 1872 2259 ct

1758 2287 1764 2305 :
1786 2278 1869 2309 Vade,

1085 2324 1113 2347 et
1127 2319 1207 2354 dilige
1219 2320 1370 2354 silentium,
1396 2327 1423 2348 et
1447 2330 1529 2349 mane
1545 2331 1606 2349 cum
1624 2323 1717 2354 fratre,
1743 2329 1784 2350 est
1799 2325 1873 2350 enim

1086 2367 1247 2398 monachus,
1265 2371 1294 2394 ut
1307 2375 1366 2394 esse
1378 2373 1495 2402 oportet.
1516 2369 1552 2395 E0
1568 2375 1658 2396 autem
1674 2377 1794 2402 PCVCI'SO,
1811 2377 1872 2396 cum

1085 2411 1236 2438 invenisset
1250 2412 1377 2439 abbatem
1393 2413 1572 2441 Athanasium
1584 2435 1591 2446 ,
1608 2420 1766 2441 manserunt
1780 2415 1872 2446 simul,

1086 2457 1182 2484 timore
1198 2457 1244 2484 Dei
1262 2458 1368 2490 muniti,
1387 2459 1455 2486 alios
1477 2459 1619 2487 duodecim
1643 2469 1730 2488 annos
1749 2470 1756 2488 :
1774 2465 1801 2488 et
1818 2469 1874 2488 non

1085 2504 1211 2538 cognovit
1233 2503 1316 2530 abbas
1341 2504 1513 2532 Andronicus
1540 2513 1599 2532 eam
1626 2514 1687 2533 esse
1713 2515 1788 2533 suain
1808 2514 1875 2534 coti-

1081 2549 1185 2584 iugem.

1124 2594 1176 2621 Vzl.
1193 2595 1269 2628 S.epe
1284 2602 1347 2629 ergo
1366 2596 1531 2623 ascendebat
1548 2604 1629 2623 senex
1650 2597 1682 2623 ad
1698 2605 1746 2624 eos
1762 2598 1876 2624 visitan-

1088 2640 1147 2671 dos,
1163 2648 1193 2666 ca
1217 2641 1268 2667 illis
1283 2641 1429 2671 disserens,
1449 2649 1509 2675 qua:
1526 2643 1698 2676 pertinebant
1719 2644 1753 2669 ad
1771 2644 1876 2669 utilita-

1089 2691 1153 2712 tem.
1175 2687 1263 2712 Scmel
1288 2691 1378 2714 autem
1401 2695 1462 2714 cum
1478 2689 1647 2715 ascendisset
1667 2696 1761 2720 senex,
1784 2694 1811 2715 et
1829 2696 1877 2716 eos

1088 2731 1178 2758 valere
1190 2732 1326 2766 iussisset,
1339 2738 1482 2767 antequam
1499 2734 1550 2760 irct
1567 2734 1600 2761 ad
1616 2739 1740 2760 saiictuin
1757 2734 1877 2766 Menam,

1090 2781 1162 2804 venit
1179 2778 1212 2804 ad
1229 2786 1290 2805 eum
1307 2778 1388 2807 abbas
1405 2779 1586 2812 Andronicus,
1601 2786 1629 2807 et
1642 2781 1706 2807 dicit
1724 2781 1766 2807 ei:
1784 2782 1876 2808 Alibas

1089 2822 1254 2850 AtlianaSius
1283 2824 1356 2851 vadit
1393 2825 1426 2851 ad
1460 2825 1613 2852 Dominum.
1647 2825 1783 2853 Reversus
1811 2834 1878 2853 vero
