2067 3150
165 227 235 259 ius)

568 227 796 257 MARTYRIUM
819 228 872 257 SS.
892 227 1077 257 EULAMPH
1099 226 1146 256 ET
1167 226 1383 256 EULAMPIE.

1723 221 1790 252 Ῑῦῗει

165 291 257 314 senex,
274 281 378 309 invenit
395 290 456 309 enni
472 284 578 316 magnis
600 291 786 318 conipresmni
808 283 950 318 angustiis,
966 290 989 318 Λ
1005 285 1152 310 viventem.
1170 283 1190 308 Α
1204 290 1259 314 quo
1278 289 1341 309 cum
1363 281 1534 316 accepissent
1560 279 1790 310 benedictionem.

164 334 193 357 et
210 328 291 362 cepit
306 329 371 355 ﬂere
387 328 470 355 abbas
485 328 653 355 Athanasius
668 336 674 354 :
692 333 720 355 et
736 329 801 355 dicit
815 330 839 356 ei
852 336 950 356 senex:

165 373 233 402 Cum
255 377 438 407 te'oporteret
451 373 580 407 gaudere.
595 373 668 407 quod
691 374 791 408 migras
810 374 843 401 ad
860 374 952 400 Domi-

167 427 243 451 num,
262 419 439 454 lacrymaris?
457 419 528 446 Dicit
542 420 566 446 ei
583 419 668 446 abbas
682 419 847 446 Athanasius
867 429 873 445 :
894 420 951 446 Non

168 465 253 500 ploro.
271 465 322 492 nisi
337 469 447 500 propter
466 465 590 493 abbatem
613 466 811 493 Andronicum.
837 467 890 493 Sed
913 466 954 492 fac

168 509 240 536 hanc
263 509 437 540 charitatem,
463 515 604 544 postquam
633 518 675 537 me
702 512 853 545 srpelieris.
880 511 956 539 Inve-

168 555 248 582 niens
264 555 421 582 schedulam
434 556 513 582 sitam
530 556 563 582 ad
579 561 662 590 caput
683 563 786 588 meum,
807 557 865 592 lege
882 565 954 589 eam,

169 605 197 628 et
210 602 242 628 da
261 601 312 636 ipsi
328 601 417 628 abbati
442 602 610 629 Andronico.
641 601 764 636 Cumque
792 602 842 636 ipsi
863 609 956 636 preces

169 647 318 678 dixissent,
342 647 556 674 communicavit
582 651 610 673 et
635 646 744 674 dormiit
773 647 800 673 in
828 646 955 673 Domino.

172 691 311 720 Venerunt
323 697 413 719 autem
426 693 459 719 ad
479 693 502 720 ei
517 692 653 720 faciendas
665 692 808 726 exsequias
827 702 834 720 :
853 697 880 720 et
893 699 958 719 ecce

171 739 282 764 inventa
308 738 357 764 fuit
374 746 439 765 sexu
472 739 578 767 mulier.
595 744 622 766 et
640 731 764 765 auditum
785 739 836 765 fuit
851 739 878 765 in
903 743 957 765 tota

170 784 256 811 laura.
281 784 314 811 Et
334 784 444 811 mittens
461 791 554 816 senex,
577 785 677 812 excivit
721 785 874 812 universam
893 784 958 811 Sce-

174 834 228 856 teni
241 835 269 856 et
281 829 439 856 interiorem
452 830 626 857 solitudinem
645 839 650 856 :
668 835 695 857 et
711 835 845 858 venerunt
864 838 959 858 omnes

173 876 255 902 lauri:
271 875 450 908 Alexandria,
466 881 492 903 et
508 876 637 903 convenit
655 877 783 903 universa
808 877 914 907 civitas.
932 881 960 903 et

173 921 300 948 monachi
319 921 417 954 Scene,
436 922 554 949 ferentes
572 923 724 957 legumina;
743 923 780 950 ita
803 922 877 949 enim
902 930 961 949 mos

1004 329 1114 356 dormiit
1132 329 1158 354 in
1179 327 1304 355 Domino.

1040 373 1110 401 Vlll.
1134 373 1263 401 Exortum
1281 378 1401 405 estergo
1419 371 1521 398 bellum
1537 371 1609 397 inter
1630 371 1722 397 Patres
1746 369 1795 396 De-

1005 420 1068 447 cimi
1095 419 1199 451 octavi,
1227 425 1254 446 et
1284 418 1430 445 Monachus
1460 416 1614 446 Scetiotas,
1646 415 1792 442 dicentes:

1005 465 1102 492 Noster
1118 470 1159 492 est
1175 465 1268 496 frater,
1287 470 1314 490 et
1327 471 1389 490 eum
1417 461 1578 489 habebimus
1602 461 1628 487 in
1657 461 1748 491 Scene,
1767 465 1796 487 ut

1007 511 1084 538 nobis
1099 519 1177 545 opem
1196 510 1284 537 ferant
1297 511 1358 544 ejus
1374 515 1478 543 preces.
1495 507 1589 534 Patres
1610 512 1700 533 autem
1715 506 1797 533 Octa-

1007 558 1032 584 vi
1051 557 1323 587 decimi,dicchziiit:
1347 555 1483 582 Poneniiis
1513 561 1576 580 cum
1602 560 1664 579 cum
1689 559 1737 579 sua
1753 560 1796 579 so-

1006 603 1079 631 rn’fe.
1100 603 1282 630 Vehementer
1301 602 1381 636 igitur
1396 600 1535 627 instabant
1553 598 1680 626 δειξῑὶοω
1693 602 1720 624 et
1734 598 1799 624 dicit

1013 649 1224 678 arcliimanilrita
1249 647 1341 674 Octavi
1363 646 1482 674 decimi:
1503 644 1607 679 Siquid
1630 644 1800 671 scnexdixe-

1009 696 1054 727 rit,
1089 695 1234 721 faciamus.
1261 693 1352 720 Ahbas
1383 699 1448 718 vero
1476 691 1570 718 Daniel
1597 690 1705 717 dicebat
1736 697 1798 716 eum

1008 746 1134 774 Oportere
1154 741 1208 766 illic
1231 739 1351 772 sepeliri.
1386 738 1424 765 Illi
1448 741 1539 764 autem
1562 743 1618 763 non
1653 735 1801 762 audiebant

1009 793 1083 817 eum,
1099 787 1221 813 dicentes
1238 794 1246 813 :
1266 785 1315 812 Est
1335 792 1430 814 senex,
1450 788 1478 810 et
1497 791 1551 809 non
1577 782 1655 809 timet
1683 781 1802 815 amplius

1011 831 1111 858 bellum
1138 831 1270 865 corporis.
1296 830 1350 857 Nos
1371 834 1462 856 autem
1490 836 1584 856 sumus
1618 828 1752 863 iuniores,
1775 833 1802 854 et

1013 878 1137 903 volumus
1153 876 1274 906 fratrem,
1288 879 1318 902 ut
1333 875 1412 902 nobis
1426 882 1506 909 opem
1522 873 1611 901 ferant
1623 874 1682 908 eius
1696 880 1801 907 Preces.

1011 922 1116 950 SuiIicit
1131 922 1202 949 enini
1219 922 1308 954 vobis,
1333 921 1406 956 quod
1430 920 1592 955 reliquimus
1613 919 1690 946 vobis
1717 919 1802 945 abba-

174 972 217 995 est
232 968 259 994 in
278 967 370 995 Scete.
388 968 455 995 Cum
471 969 552 995 ramis
566 976 630 1004 ergo
646 974 674 996 et
690 969 788 1004 palmis
804 969 961 995 extulerunt
978 963 998 993 Β
1015 974 1067 996 tein
1095 967 1285 995 Athanasium.
1312 967 1380 994 Cum
1407 975 1473 994 vero
1495 966 1608 993 vidisset
1632 972 1714 992 senex
1744 972 1802 991 ρες-

173 1013 345 1039 venerandae
361 1012 490 1046 reliquias
511 1013 678 1044 Athanasim,
703 1012 787 1040 Deum
811 1012 964 1048 gloriﬁcan-

176 1059 237 1088 tes,
266 1056 312 1089 qui
342 1059 445 1083 tantam
484 1057 655 1084 tolerantiam
689 1057 806 1092 praibuit
843 1057 961 1084 mulieri.

175 1100 352 1135 Exspectavit
379 1107 468 1128 autem
496 1109 580 1129 senex
605 1103 752 1137 septimum
780 1103 852 1130 diem
878 1103 964 1130 beata

174 1147 344 1175 Athanasii».
370 1147 468 1175 Postea
484 1155 548 1174 vero
565 1148 649 1174 voluit
670 1155 752 1174 senex
770 1149 895 1183 accipere
918 1156 965 1176 sc-

175 1199 239 1220 cum
264 1193 389 1220 abbatem
414 1192 611 1224 Andronicum.
634 1193 681 1220 sed
698 1201 751 1220 non
776 1194 801 1220 id
822 1194 964 1226 sustinuit,

178 1237 274 1265 dicetis
291 1246 299 1265 :
318 1237 416 1265 Moriar
436 1245 497 1265 cum
522 1245 581 1265 mea
611 1239 731 1265 domina.
754 1239 877 1273 Cumque
902 1246 964 1265 eum

178 1291 273 1311 rursus
285 1284 413 1318 jnssisset
435 1285 525 1312 valere
543 1292 636 1315 senex.
658 1285 814 1319 priusquam
838 1286 894 1319 ipse
915 1286 966 1312 iret

178 1327 212 1354 ad
227 1333 350 1355 sanctum
369 1327 485 1361 Menam,
503 1330 576 1356 venit
591 1330 624 1356 ad
644 1338 705 1357 eum
727 1330 821 1361 frater,
841 1331 938 1357 dicens
958 1339 964 1356 :

179 1373 298 1401 Laborat
312 1375 396 1402 abbas
418 1375 601 1406 Andronicus.
623 1381 650 1403 et
665 1381 706 1403 est
720 1377 845 1404 redactus
859 1377 893 1404 ad
915 1384 966 1403 an-

180 1419 293 1454 gustias.
319 1420 406 1448 Senex
425 1428 489 1448 vero
515 1429 609 1448 rursus
625 1422 700 1448 misit
725 1422 751 1448 in
775 1422 897 1452 Sceteni.
927 1421 968 1448 di—

179 1473 248 1493 cens
264 1474 271 1492 :
287 1466 388 1493 Adeste
409 1467 462 1493 huc
486 1467 638 1498 venientes,
664 1467 748 1495 abbas
771 1468 843 1495 enim
862 1467 969 1494 Andro-

181 1510 260 1538 nicus
279 1512 401 1545 sequitur
424 1513 548 1540 abbatem
582 1513 774 1541 Athanasium.
803 1513 844 1540 llli
875 1518 968 1540 autem

181 1564 245 1583 cuni
265 1558 445 1590 audivissent,
473 1564 650 1586 accesserunt
668 1564 696 1586 et
726 1559 887 1586 invenerunt
906 1566 968 1587 eum

1015 1021 1141 1048 magnam
1164 1013 1411 1048 perturbationem.
1436 1013 1501 1039 dicit
1518 1011 1647 1038 fratribus
1672 1010 1749 1037 suis:
1775 1009 1803 1037 Si

1016 1067 1059 1086 ine
1077 1067 1131 1086 non
1147 1059 1276 1091 audiatis,
1299 1066 1349 1093 ego
1377 1065 1485 1092 quoque
1509 1057 1552 1083 hic
1572 1056 1698 1086 manebo,
1719 1060 1745 1081 et
1760 1063 1806 1081 se»

1015 1104 1100 1139 peliar
1112 1111 1173 1130 cum
1193 1111 1253 1130 meo
1277 1103 1342 1134 ﬁlio,
1358 1107 1385 1130 et
1403 1106 1466 1128 tunc,
1483 1101 1658 1135 quieverunt.
1677 1104 1705 1126 et
1722 1103 1803 1125 extu-

1016 1150 1106 1176 lerunt
1127 1150 1238 1176 fratrem
1272 1149 1467 1176 Andronicum.
1496 1146 1594 1174 Dicunt
1627 1154 1690 1180 ergo
1726 1145 1804 1171 sciri:

1018 1195 1120 1222 Eamus
1142 1195 1169 1221 in
1190 1194 1309 1222 Scetem.
1335 1194 1404 1221 Dicit
1426 1193 1466 1220 eis
1486 1201 1568 1220 senex
1589 1199 1596 1218 :
1619 1191 1704 1219 Sinite
1722 1196 1750 1217 ut
1767 1191 1807 1216 fa-

1019 1241 1088 1267 ciam
1103 1240 1249 1274 septimnm
1262 1240 1332 1266 diem
1355 1238 1458 1270 fratris,
1485 1242 1512 1264 et
1528 1246 1582 1264 non
1600 1237 1723 1263 siverunt
1746 1243 1806 1261 eum

1020 1293 1142 1312 manere.
1168 1285 1205 1311 Ita
1228 1285 1340 1312 confidit
1367 1284 1452 1310 abbas
1473 1283 1568 1309 Daniel
1589 1290 1639 1309 suo
1666 1280 1805 1312 discipulo.

1019 1332 1136 1359 Oremus
1153 1339 1202 1358 nos
1215 1338 1320 1365 quoque
1337 1335 1367 1356 ut
1385 1330 1528 1356 veniamus
1540 1328 1573 1354 ad
1590 1334 1744 1354 mensuram
1760 1326 1808 1351 ab-

1020 1378 1091 1406 batis
1117 1377 1283 1408 Andronici,
1324 1375 1451 1410 precibus
1487 1374 1609 1400 omnium
1652 1375 1808 1399 sanctorum

1022 1423 1123 1450 Christi
1141 1432 1148 1449 :
1165 1423 1208 1449 cui
1224 1422 1309 1456 gloria
1326 1426 1352 1448 et
1376 1420 1496 1455 potentia
1513 1418 1594 1445 simul
1611 1425 1671 1444 cuin
1687 1417 1766 1443 Patre
1784 1421 1812 1442 et

1022 1473 1118 1494 saneto
1132 1467 1246 1501 Spiritu.
1270 1473 1343 1493 nunc
1363 1470 1391 1493 et
1417 1472 1525 1500 semper
1541 1467 1569 1490 et
1590 1462 1618 1489 in
1644 1461 1743 1489 smcula
1759 1469 1811 1487 sa:-

1023 1513 1157 1540 culoruni.
1172 1513 1269 1539 Amen.

1140 1639 1796 1660 Μ

654 1727 1357 1794 ΜΑΡΤΥΡΙΟΝ

807 1843 875 1870 ΤΩΝ
894 1843 996 1870 APION
1012 1843 1061 1870 MA
1067 1842 1202 1869 ΡΤΥΡΩΝ

188 1924 865 2013 ΕΥΛΑΜΠΙΟΥ
943 1964 1039 2006 ΚΑΙ
1117 1925 1814 2013 ΕΥΛΑΜΠΙΑΣ.

705 2151 1289 2228 MARTYRIUM

799 2298 813 2303 —
868 2289 917 2315 ss.
934 2274 1128 2315 Minimum

491 2378 877 2442 EULAMPII
926 2378 1026 2438 ET
1081 2377 1526 2440 EULAMPUE.

456 2499 556 2529 (Latine
572 2499 635 2529 apud
653 2498 751 2522 Suriuin
767 2498 795 2521 ad
813 2496 878 2520 diem
892 2496 920 2520 it)
937 2495 1058 2523 Octobris,
1077 2494 1162 2519 Graece
1173 2501 1202 2518 ex
1215 2494 1269 2519 cod.
1284 2501 1328 2518 ms.
1342 2495 1417 2519 Paris.
1436 2502 1461 2520 ii.
1478 2494 1548 2524 “80)

236 2658 276 2683 A'.
296 2657 376 2691 ’Λρτι
393 2657 442 2689 τῆς
463 2654 629 2687 Sacr/maia;
647 2655 687 2684 εἰς

201 2703 363 2738 τρεχούσης,
383 2702 429 2728 καὶ
449 2701 495 2727 τοῦ
518 2701 642 2734 Σωτῆρος
658 2699 737 2733 ἡμῶν
759 2698 848 2731 Ἰησοῦ
864 2696 983 2731 Χριστοῦ

202 2749 250 2774 τοῦ
269 2749 349 2781 μόνου
362 2747 430 2773 Θεοῦ
453 2747 531 2780 ἡμῶν
549 2748 611 2776 τοὺς
633 2743 732 2771 ἑαυτοῦ
754 2745 896 2777 μάρτυρας
913 2744 989 2777 ἐττιρ-

205 2797 336 2830 ρωνύντος
355 2794 402 2820 καὶ
416 2793 530 2826 ἱπαλείφ
547 2800 607 2821 vro;
618 2812 626 2822 ,
642 2791 690 2817 τηῦ
708 2791 735 2816 δὲ
749 2789 868 2823 πονηροῦ
884 2788 931 2814 καὶ
946 2797 991 2822 μι-

207 2841 323 2868 σοκάλου
348 2840 476 2874 δαίμονος
503 2840 566 2868 τοὺς
586 2838 702 2868 οἰκείους
731 2836 901 2871 θεράποντας
926 2834 992 2867 πρὺς

205 2887 255 2920 τὴν
285 2886 412 2912 ἀσέϐειαν
440 2884 617 2919 ἑριθίζοντης,

209 2933 373 2967 ramex-121;,
387 2931 432 2965 τὴν
447 2930 508 2964 ὄψιν
519 2930 693 2965 περικαλλὴς,
707 2927 870 2964 εὐπατρίδης
883 2935 910 2952 τε
924 2934 993 2958 γνω-

709 2654 796 2679 πάντα
813 2652 915 2684 κόσμον
929 2651 985 2676 διι-
1000 2652 1022 2681 C

654 2884 760 2914 νεανίας
785 2891 828 2913 τις
856 2881 886 2907 τὸ
914 2881 991 2913 γένος

1075 2652 1095 2678 1.
1111 2651 1168 2678 Jam
1190 2651 1235 2677 [Iei
1254 2649 1406 2684 cognitione
1430 2653 1514 2675 tottim
1532 2647 1625 2674 orbem
1649 2645 1821 2680 pervadentc,

1039 2703 1066 2724 ct
1092 2698 1230 2724 Salvatore
1257 2697 1365 2731 quidem
1394 2695 1502 2722 Christo
1522 2693 1598 2723 Jesn.
1618 2693 1663 2727 qui
1690 2692 1763 2719 solus
1783 2697 1825 2720 est

1041 2743 1110 2769 Deus
1123 2747 1227 2773 noster,
1243 2749 1307 2768 suos
1330 2744 1462 2774 martyres
1480 2739 1658 2765 cnnfirtname
1681 2746 1712 2764 ac
1732 2746 1824 2764 curro-

1042 2790 1156 2816 bornnte
1176 2798 1182 2814 :
1201 2788 1318 2822 maligno
1330 2792 1420 2813 autem
1445 2789 1473 2812 et
1488 2785 1566 2812 bonis
1582 2785 1679 2811 infesto
1704 2784 1827 2810 dzrmone

1044 2843 1107 2862 suos
1127 2835 1161 2861 ad
1182 2834 1347 2868 impietatem
1369 2832 1499 2858 incitante
1515 2830 1630 2857 famulos
1649 2829 1827 2857 :ailolescens

1047 2881 1169 2914 quidam,
1179 2878 1336 2911 Eulampius
1345 2877 1442 2906 dictus,
1456 2882 1555 2908 genere
1571 2874 1696 2909 insignis,
1712 2873 1827 2908 eleganti

1047 2925 1147 2961 specie,
1165 2930 1190 2951 ct
1212 2923 1257 2958 qui
1271 2923 1340 2950 hniia
1357 2930 1386 2949 ac
1409 2921 1478 2948 clara
1501 2919 1661 2948 unsccbatur
1676 2927 1735 2947 esse
1752 2923 1830 2946 natus
