2067 3150
218 128 286 160 1057

628 127 861 159 MARTYRIUM
881 127 924 157 SS
941 128 1129 158 EULAMPII
1148 129 1195 158 ET
1215 130 1426 160 EULA‘MPI/E.

1773 128 1840 163 1058

252 185 290 213 Δ’.
310 185 355 216 Ὠς
369 184 399 211 δὲ
419 185 551 218 γενναίως
573 184 620 212 καὶ
635 184 769 220 ἀνδρικῶς
782 184 796 210 ό
820 182 927 218 μάρτυς
938 183 1003 209 ἀντ-

1092 183 1137 210 ιν.
1151 183 1297 218 Postquam
1315 189 1404 212 autem
1422 188 1523 220 martyr
1537 192 1668 221 generose
1683 189 1712 212 et
1734 184 1843 213 fortiter

217 232 276 267 εῐχε
304 230 372 266 πρὸς
389 229 441 261 τὰς
459 229 606 264 βασάνους,
621 230 669 256 καὶ
689 230 750 256 οὐδὲ
768 230 871 264 μικρὰν
885 229 1001 255 ἐπιπόν-

217 277 259 303 θει
278 275 436 308 ἀλλοίωσιν,
451 274 626 307 διπλασιάζει
647 274 677 307 ab
697 275 779 310 δριμὺ
793 275 843 309 τῆς
865 273 1001 304 κολάσεως

218 323 232 349 ὁ
255 321 387 352 δικάζων,
408 320 456 347 καὶ
483 320 590 356 νεύροις
614 320 789 352 λεπτοτάτοις
821 318 1002 354 μαστίζεσθαι

215 367 310 394 τοῦτον
324 367 512 402 ἀπηνέστερον
535 367 717 394 διατάττεται.
738 367 771 392 "A
791 365 870 400 δίκην
884 365 1002 399 νιφάδων

215 414 253 449 τῷ
278 413 440 448 μαρτυρικῷ
463 413 649 448 ἐπιφερόμενα
673 412 791 447 σώματι,
817 411 919 446 πολλὴν
944 411 1002 442 τοῖς

216 459 364 486 πεπονθόσι
381 459 477 494 μέρεσι
491 459 542 494 τὴν
559 459 609 493 τῆς
625 458 722 493 ὀδύνης
738 457 864 492 αἴσθησιν
876 456 1003 491 ἐνειργά-

215 505 277 537 ζετο
287 513 294 521 ·
307 505 375 532 ἀλλὰ
392 506 439 531 καὶ
451 504 538 536 οὕτως
548 505 562 530 ό
575 505 680 540 μάρτυς
691 504 766 530 οὐδὲν
781 503 858 538 ὤφθη
870 503 916 529 τοῦ
935 511 1003 537 φρο-

214 552 338 586 νήματος
360 551 486 584 ὑπανεὶς,
511 550 527 585 ἢ
561 551 612 584 τῆς
639 550 708 585 πρὸς
730 549 775 576 τον
799 550 901 584 Κύριον
923 549 1002 584 ἡμῶν

214 597 370 629 ἐνδεδωκώς
385 598 514 629 πίστεως.
538 596 678 623 Ἐντεῦθεν
700 595 898 630 ἀλλεπάλληλοι
917 595 1003 630 βασά-

215 651 269 669 νων
288 642 356 669 ίὸέαι
370 642 496 677 καθάπερ
520 641 629 676 κύματα
645 640 685 675 τῷ
699 641 818 676 μάρτυρι
844 640 1002 675 προσερῤη-

214 696 321 722 γνυντο.
343 687 432 718 Εὐθὺς
447 687 502 722 γὰρ
517 688 531 713 ὁ
547 687 680 721 τύραννος
694 686 762 720 πρὸς
781 686 877 721 ἑτέραν
892 686 1002 721 εὕρεσιν

219 732 357 768 τιμωρίας
380 733 523 768 ἐτρέπετο,
549 732 598 759 καὶ
622 732 693 766 ξύλῳ
704 732 751 759 τὸν
775 732 932 765 ἀδάμαστον
955 733 1003 759 ἁν-

217 778 329 813 δριάντα
350 779 562 814 προσαναρτῶν,
593 778 704 813 ξεσμοίς
733 779 783 809 τὰς
803 779 910 813 σάρκας
921 787 1004 805 κατε-

216 825 334 857 δαπάνα,
351 825 398 852 καὶ
410 823 445 860 ἦν
462 825 542 860 μέχρι
561 825 671 860 μυελῶν
683 825 731 851 καὶ
747 824 849 851 ὀστέων
863 824 953 850 αὐτῶν
972 824 1003 850 τὸ

1053 229 1152 256 restitit
1168 230 1319 262 tormentis,
1336 235 1363 257 et
1379 238 1428 258 nec
1443 231 1578 258 tantillum
1592 231 1701 266 quidem
1717 230 1768 258 fuit
1780 238 1840 258 mu-

1052 278 1134 305 tatus.
1163 276 1337 302 aeerhitatem
1362 277 1487 311 supolicii
1505 277 1587 311 judex
1611 282 1700 312 auget,
1724 285 1841 312 cumque

1052 321 1143 347 nervis
1159 320 1224 347 caedi
1239 321 1408 348 tenuissimis
1429 321 1541 356 imperat
1552 322 1766 355 crudeliter.Qui
1779 329 1841 349 cum

1051 366 1115 392 nive
1132 366 1248 400 spissius
1273 366 1400 401 martyris
1421 367 1528 401 corpori
1561 367 1758 401 infligerentur,
1774 367 1840 395 aﬂ‘e-

1053 411 1105 438 ctis
1130 411 1251 445 partibus
1264 411 1415 439 aﬂ‘erebant
1438 419 1564 447 magnum
1595 420 1704 440 sensum
1729 413 1841 440 doloris.

1053 455 1105 482 Sed
1122 456 1161 483 sic
1171 464 1280 491 quoque
1302 462 1402 492 martyr
1420 456 1489 483 nihil
1506 457 1582 484 visus
1596 462 1638 484 est
1658 457 1795 484 remisisse
1809 458 1844 485 de

1053 509 1100 528 sua
1117 502 1201 528 animi
1216 498 1407 536 magnitudine
1424 507 1471 529 aut
1484 501 1517 529 de
1531 510 1579 529 sua
1595 502 1646 530 fide
1664 502 1690 529 in
1703 502 1841 530 Christum

1053 549 1198 576 Dominum
1214 553 1338 577 nostrum
1354 550 1456 583 aliquid
1475 550 1619 577 relaxasse.
1634 549 1702 576 Hinc
1718 549 1844 584 frequen-

1054 599 1105 627 tes,
1120 599 1147 622 et
1160 603 1188 622 se
1203 595 1319 622 invicem
1343 600 1543 630 consequentes
1568 599 1766 622 tormentorum
1783 603 1844 631 spe-

1053 641 1119 668 cies.
1136 646 1262 676 tanquam
1289 641 1398 673 fluctus,
1422 642 1602 676 erumpebant
1627 642 1655 668 in
1685 645 1831 676 martyrem

1054 685 1152 712 Statim
1169 687 1241 713 enim
1264 694 1413 714 conversus
1427 692 1469 714 est
1489 692 1619 722 tyrannus
1643 687 1675 714 ad
1698 687 1844 714 invenien-

1052 731 1117 758 dum
1133 731 1205 758 aliud
1221 732 1383 766 supplicium
1402 740 1409 758 :
1427 737 1454 759 et
1466 732 1538 767 ligno
1555 732 1713 767 appendens
1724 731 1844 758 indomi-

1053 781 1107 804 tam
1122 782 1249 809 statuam,
1262 778 1441 805 consumebat
1462 785 1558 805 carnes
1577 777 1798 808 lacerationibus,
1817 780 1843 804 et

1053 823 1087 850 ad
1100 824 1233 850 medullas
1249 829 1274 850 et
1295 831 1355 851 ossa
1373 832 1458 858 uSqne
1481 824 1588 851 subibat
1605 823 1689 850 dolo?
1701 828 1728 850 ct
1741 822 1827 858 princi

215 873 298 907 ἄλγος
325 872 520 906 ὑποδυόμενον,
545 871 594 898 καὶ
615 871 669 897 τῶν
694 871 811 906 καιρίων
839 870 929 905 μερῶν
951 869 999 896 τοῦ

1054 869 1128 904 pales
1144 874 1235 904 partes
1249 870 1371 904 corporis
1390 870 1550 904 attingebat.
1567 869 1666 904 Martyr
1681 873 1770 896 autem
1784 875 1845 903 pre-

215 917 343 952 σώματος
358 917 560 952 ἐφαπτόμενον.
584 916 614 943 Ὀ
630 917 660 943 δὶ
677 917 792 952 μάρτυς,
806 916 890 951 εὐχὴν
904 917 938 951 τῇ
953 915 1000 951 βα-

215 964 288 998 σάνῳ
307 964 508 998 συγκεραννὺς,
533 963 581 990 καὶ
605 964 645 995 εἰς
670 963 830 997 ἐπικουρίαν
846 962 893 989 τδν
916 961 999 988 αὑτοῦ

213 1010 361 1045 aciwth
376 1010 575 1044 ἐπιϐοώμενος.
597 1009 628 1036 οὑ
650 1009 766 1043 πάσχειν
781 1008 891 1043 μᾶλλον,
908 1007 924 1042 ἢ
941 1008 1000 1034 ἐτέ-

215 1065 261 1091 ρου
274 1055 437 1091 πάσχοντος,
457 1056 538 1087 αὐτὸς
553 1053 624 1081 εἶναι
635 1054 733 1090 θεατὴς
746 1054 900 1089 ἐνομίζετο.
923 1053 1000 1080 Ἐπεὶ

214 1102 241 1128 δέ
258 1101 361 1132 ἱκανῶς
381 1101 515 1136 ἐνήθλησε
536 1101 594 1132 τοῖς
611 1101 732 1135 ξεσμοῖς,
760 1102 808 1127 κα)¹
827 1101 882 1127 πᾶν
907 1099 1001 1126 διατα-

215 1146 324 1182 ραχθὲν,
344 1146 376 1173 τὸ
394 1146 474 1181 σῶμα
489 1146 638 1181 προῦκειτο
651 1145 782 1178 δυσειδὲς,
800 1145 927 1178 δαίμονες
950 1145 1000 1180 μὲν

213 1192 250 1224 ὡς
265 1192 340 1224 abeo;
367 1192 593 1225 ὑπεξανίσταντο,
609 1191 675 1222 Θεὸς
688 1192 717 1218 δὲ
730 1192 776 1218 τὸν
784 1193 883 1219 οἰκεῖον
896 1191 1000 1218 ἄνωθεν

212 1238 322 1273 ἐνίσχυε
338 1237 515 1272 στεφανίτην,
535 1237 583 1264 καὶ
605 1238 619 1264 ό
643 1237 773 1272 δικαστὴς
798 1236 893 1264 ἑαυτὸν
914 1237 1001 1271 ἡττώ-

214 1292 294 1319 μενον
310 1283 444 1318 καθορῶν,
462 1283 499 1314 ὡς
522 1284 591 1318 μήτε
615 1282 706 1317 λόγοις
723 1279 778 1314 οἷός
794 1291 822 1309 τε
844 1282 882 1309 ὢν
896 1282 1000 1309 πείθειν

211 1329 258 1356 τον
274 1329 422 1364 πάσχοντα,
447 1329 516 1364 μήτε
545 1328 689 1361 θωπείαις,
719 1329 787 1363 μήτε
812 1328 883 1354 τισὶν
906 1328 1000 1360 ἀλλαις

213 1375 360 1408 ἐπινοίαις,
375 1375 423 1402 ἐπὶ
436 1375 566 1410 τοιαύτην
588 1375 673 1410 χωρεῖ
698 1374 826 1409 βάσανον,
848 1371 880 1409 ἧς
904 1375 999 1409 heroi}

211 1421 268 1452 τοῖς
278 1420 331 1447 ὠσὶ
342 1420 390 1447 καὶ
411 1420 492 1455 μόνον
511 1421 521 1445 ἐ
528 1420 697 1455 μπίπτουσα,
715 1419 910 1456 συνταράττειν
921 1419 1000 1446 δύνα-

214 1475 270 1499 ται,
292 1466 341 1492 καὶ
358 1467 470 1500 συγχεῖν
485 1466 532 1492 καὶ
552 1465 614 1492 νοῦν
627 1465 674 1492 καὶ
687 1466 818 1492 διάνοιαν.
840 1465 930 1500 Ἰμᾶπι
944 1465 999 1500 γὰρ

213 1511 319 1542 λεπτοῖς
333 1511 396 1542 τοὺς
413 1510 467 1538 τῶν
480 1511 569 1537 ποδῶν
581 1511 626 1536 καὶ
637 1511 735 1545 χειρῶν
750 1510 996 1545 περισφιγχθέντας

213 1556 372 1589 δακτύλους,
389 1558 430 1588 εἰς
446 1556 570 1582 τούπίσω
587 1556 796 1591 περιενεχθῆναι
814 1556 910 1590 βιαίως
934 1556 995 1582 δια-

214 1600 365 1633 κελεύεται,
378 1602 425 1627 καὶ
439 1601 517 1636 δίκην
527 1601 657 1636 πτόρθου,
669 1601 704 1627 τὰ
714 1601 760 1627 τοῦ
775 1602 916 1637 μάρτυρος
928 1601 999 1636 μέρη

214 1647 404 1681 περιλυγίσας,
417 1647 553 1682 ἀφόρητον
561 1646 633 1673 οὕτω
641 1647 689 1681 τὴν
699 1647 834 1682 τιμωρίαν
845 1647 1000 1681 εἰργάζετο.

221 1693 368 1726 ’Δγκώνων
379 1693 434 1728 γὰρ
447 1693 687 1728 συνθραυομένων,
707 1693 818 1729 σφυρῶν
839 1693 999 1727 συνθλωμέ-

218 1747 283 1771 νων,
313 1739 418 1765 σκελῶν
446 1739 679 1774 συντριϐομένων,
704 1741 751 1765 καὶ
772 1740 854 1765 οἱονεὶ
868 1739 1002 1773 διατετρι-

217 1785 306 1818 γὸτων
322 1787 355 1820 τῇ
381 1785 427 1820 βία
452 1785 502 1819 τῆς
528 1785 659 1817 στάσεως,
688 1785 788 1820 μικροῦ
816 1785 1000 1812 θανατοῦσθαι

215 1830 355 1863 συνάῇαινε
370 1831 417 1857 τὸν
429 1830 559 1866 ἀθλητὴν,
573 1831 620 1857 an:
632 1831 682 1864 τῆς
703 1831 836 1865 ἁρμονίας
859 1831 913 1857 τῶν
933 1831 1001 1857 ὅλων

217 1875 263 1902 τοῦ
279 1875 405 1910 σώματος
416 1875 519 1910 μελῶν,
531 1875 580 1910 τῆς
593 1875 710 1907 οἰκείας,
722 1874 908 1909 ἐξισταμένων
918 1875 1000 1909 ἔδρας

215 1922 263 1948 καὶ
281 1921 396 1954 τάξεως,
418 1922 465 1948 καὶ
488 1921 528 1957 τῷ
545 1921 668 1957 περιόντι
689 1921 739 1956 τῆς
760 1921 906 1956 ἀλγηδόνος
931 1921 1000 1956 πρὸς

217 1966 309 1994 οἶκτον
325 1967 515 2002 ἐφελκομένων
535 1968 582 1994 καὶ
595 1967 697 2002 ἄψυχα.

250 2014 290 2040 Ε’.
317 2013 389 2040 Ἀλλ’
402 2015 416 2040 ὁ
432 2013 482 2048 μὲν
496 2013 629 2048 τύραννος
644 2013 711 2047 πρδς
724 2013 773 2046 τὴν
784 2012 829 2039 διὰ
843 2013 898 2038 τῶν
911 2012 1001 2047 ἔργων

217 2060 385 2095 ἐξατονήσας
410 2060 500 2086 πειθοῖ
517 2059 585 2094 πρὸς
609 2059 657 2095 τὴν
673 2059 716 2086 διὰ
734 2059 788 2085 τῶν
810 2059 898 2093 λόγων
917 2057 997 2090 αὖθις

214 2106 313 2141 ἐχώρει
332 2106 371 2140 τῷ
395 2106 444 2139 τῆς
464 2104 610 2137 διαλέξεως
633 2104 819 2140 προσωπείῳ,
846 2105 877 2131 τὸ
899 2104 1001 2131 οἰκεῖον

214 2151 403 2186 περιστέλλων
420 2151 553 2178 ἀδύνατον
566 2168 573 2181 ,
595 2149 642 2176 καὶ
661 2149 758 2184 πρῶτα
785 2149 833 2184 μὲν
851 2149 899 2177 ἁτε
915 2150 999 2177 δεισι-

1053 915 1131 942 cibus
1147 920 1312 942 tormentum
1328 920 1549 950 contemperans,
1568 920 1595 942 et
1609 916 1649 942 sui
1670 915 1844 950 Agonothelte

1053 961 1183 987 auxilium
1217 961 1360 994 invocans,
1387 969 1442 987 non
1471 961 1557 996 magis
1584 961 1748 988 censebatur
1787 961 1843 996 pall

1054 1014 1134 1041 quam
1155 1007 1208 1033 alio
1222 1007 1342 1041 patiente
1369 1007 1427 1041 ipse
1450 1014 1511 1034 esse
1538 1012 1685 1042 spectator.
1699 1007 1842 1042 Postquam

1053 1057 1145 1079 autem
1167 1052 1234 1079 satis
1257 1051 1406 1079 decertavit
1431 1052 1562 1079 adversus
1586 1052 1802 1086 dilacerationes,
1816 1057 1844 1081 et

1053 1097 1212 1125 universum
1252 1097 1422 1132 discerptum
1457 1104 1556 1131 corpus
1590 1098 1761 1133 propositum
1792 1099 1843 1126 fuit

1053 1146 1164 1177 aspectu
1177 1147 1287 1174 tetrum,
1299 1142 1437 1170 daemones
1452 1142 1573 1177 quidem,
1590 1147 1620 1170 ut
1633 1151 1681 1177 par
1693 1148 1762 1176 erat.
1775 1151 1844 1172 me-

1053 1188 1161 1220 rebant,
1175 1187 1246 1215 Deus
1273 1192 1364 1214 autem
1389 1195 1404 1215 e
1427 1188 1535 1222 superis
1557 1188 1710 1216 exsultabat
1733 1193 1846 1225 propter

1053 1241 1133 1261 suum
1158 1241 1259 1261 corona
1281 1233 1437 1261 redimitum
1462 1234 1602 1261 athletam.
1628 1234 1716 1262 Judex
1745 1235 1846 1263 deinde

1053 1287 1170 1307 cernens
1183 1287 1213 1307 se
1229 1287 1290 1306 esse
1312 1285 1483 1314 superatum,
1495 1287 1557 1307 cum
1584 1288 1636 1310 nec
1651 1281 1739 1308 verbis
1754 1286 1844 1316 posset

1052 1326 1219 1360 persuadere
1242 1325 1368 1360 patienti,
1387 1332 1439 1353 nec
1466 1325 1615 1359 blanditiis,
1633 1334 1684 1354 nec
1706 1327 1768 1354 ullis
1784 1326 1846 1354 aliis

1053 1371 1214 1401 rationibus,
1236 1370 1359 1405 procedit
1374 1370 1408 1397 ad
1425 1370 1477 1397 tale
1492 1372 1751 1406 tormentum.un
1766 1372 1789 1399 si
1801 1371 1845 1399 vel

1053 1417 1142 1444 salum
1166 1417 1199 1444 ad
1222 1424 1301 1443 aures
1330 1416 1481 1450 perveniat,
1503 1420 1593 1450 potest
1624 1417 1788 1444 conturbare
1813 1425 1846 1445 ac

1053 1462 1221 1490 confundere
1232 1466 1349 1489 mentem
1364 1467 1390 1488 et
1405 1462 1607 1497 cogitationem.
1620 1461 1760 1490 Tenuibus
1770 1463 1846 1490 enim

1053 1508 1119 1535 loris
1142 1508 1241 1543 pedum
1267 1512 1296 1534 et
1318 1515 1447 1534 manuum
1471 1507 1617 1534 adstrictos
1643 1507 1743 1542 digitos
1766 1508 1846 1543 jubet

1048 1554 1182 1582 violenter
1202 1554 1378 1580 circumtrabi
1392 1573 1400 1586 ,
1414 1553 1486 1587 quod
1512 1553 1535 1580 ei
1555 1553 1758 1581 intolerandum
1783 1554 1845 1580 red-

1047 1600 1130 1628 debat
1155 1600 1317 1627 cruciatum.
1335 1598 1403 1626 Nam
1431 1606 1493 1626 cum
1516 1598 1756 1634 confringerentur
1778 1599 1844 1626 arti-

1047 1645 1153 1678 culi,et
1177 1645 1296 1672 violenta
1325 1645 1486 1672 extensione
1512 1645 1717 1679 quodammodo
1745 1645 1844 1672 stride-

1047 1696 1119 1724 reut,
1147 1692 1259 1725 contigit
1278 1691 1407 1718 athletam
1435 1698 1519 1725 prope
1545 1696 1635 1718 morte
1663 1691 1742 1724 afﬁci,
1771 1691 1845 1725 quod

1048 1743 1193 1772 compages
1210 1737 1332 1763 omnium
1351 1737 1536 1763 membrorum
1551 1737 1676 1772 corporis
1688 1745 1703 1764 a
1720 1745 1768 1765 sua
1779 1737 1846 1764 sede

1047 1786 1075 1809 et
1088 1783 1185 1810 ordine
1203 1783 1427 1815 dimoverentur;
1445 1783 1514 1810 adeo
1534 1787 1564 1809 ul
1581 1789 1692 1817 propter
1705 1783 1844 1819 ingentem

1047 1827 1168 1855 dolorem
1193 1829 1226 1855 ad
1245 1828 1462 1855 misericordiam
1485 1828 1660 1856 traherentur
1680 1830 1762 1857 etiam
1785 1830 1846 1857 ina-

1047 1881 1131 1900 Inma.

1082 2016 1114 2043 V.
1132 2015 1186 2043 Sed
1204 2020 1335 2051 tyrannus
1345 2017 1455 2052 quidem
1472 2026 1533 2045 cum
1546 2025 1600 2045 non
1618 2019 1751 2053 potuisset
1764 2019 1845 2048 factis

1046 2062 1223 2097 persuadere.
1237 2062 1270 2089 ad
1286 2063 1507 2097 persuadendum
1522 2065 1610 2091 verbis
1626 2072 1722 2092 rursus
1734 2073 1763 2092 se
1775 2073 1843 2092 con-

1047 2107 1112 2138 fert.
1131 2115 1247 2142 persona
1274 2107 1467 2142 disputationis
1484 2116 1560 2136 suam
1586 2113 1680 2143 tegens
1706 2108 1844 2143 impoten-

1047 2153 1123 2181 tiam.
1133 2153 1166 2180 Et
1182 2154 1297 2188 primum
1308 2154 1428 2188 quidem,
1438 2159 1469 2181 ut
1481 2155 1527 2190 qui
1540 2160 1613 2183 esset
1628 2155 1842 2190 superstitiosius

213 2194 425 2228 δαιμονέστερον
441 2194 505 2228 περὶ
520 2193 550 2220 τὸ
566 2193 634 2220 τδιον
645 2193 817 2228 διακείμενος
838 2195 930 2227 σέϐας,
947 2195 998 2230 τήν

1051 2200 1164 2228 affectus
1194 2200 1221 2226 in
1249 2207 1324 2227 suam
1355 2201 1534 2235 religionem,
1557 2201 1693 2228 lacerabat
1720 2201 1841 2228 divinam

212 2247 242 2265 τε
257 2238 398 2274 θεοπρεπῆ
418 2238 463 2264 τοῦ
476 2239 556 2272 λόγου
574 2238 684 2272 διέσυρε
717 2239 867 2273 σάρκωσιν,
895 2241 942 2267 καὶ
966 2240 1001 2267 τὰ.

213 2283 308 2309 τούτου
329 2283 403 2317 πάθη
421 2284 469 2310 καὶ
483 2283 601 2319 σταυρὸν
615 2284 708 2317 αὑτὸν,
725 2285 772 2311 καὶ
791 2285 842 2312 ὅσα
863 2286 913 2320 τῆς
933 2287 1000 2320 mu-

212 2329 296 2362 τέρας
310 2329 435 2364 σύμϐολα
451 2329 607 2364 σωτηρίας,
626 2330 833 2364 προσκόμματα
851 2330 999 2357 σκανδάλου

213 2374 329 2407 ἐτίθετο,
353 2375 400 2401 ἐπὶ
426 2375 534 2406 τούτοις
563 2376 611 2401 καὶ
636 2375 685 2410 τὴν
705 2375 760 2401 τῶν
784 2376 925 2411 στοιχείων
955 2377 1001 2411 δη-

215 2421 360 2455 μιουργίαν
380 2421 586 2456 προὺὸάλλετο,
605 2421 642 2452 ὡς
661 2422 710 2455 μὲν
733 2421 825 2456 ἡδεῖαν
841 2421 923 2450 οὖσαν
936 2443 943 2455 ,
962 2423 999 2454 ὡς

212 2467 241 2493 δέ
260 2467 423 2502 ἐπέραστον,
441 2469 487 2494 καὶ
503 2468 660 2503 ἀνθρώποις
673 2469 712 2499 εὶς
728 2468 879 2495 ἀπόλαυσιν
890 2469 1000 2503 προκεί-

214 2512 311 2547 μένην,
337 2514 385 2540 καὶ
410 2513 447 2543 ὡς
465 2513 526 2548 μηδ’
550 2515 582 2539 ἂν
607 2513 720 2546 ἐθέλειν,
751 2514 820 2548 μηδὲ
859 2514 905 2540 τὸν
929 2515 1000 2550 ἄγαν

214 2559 418 2593 τυφλώττοντα,
439 2559 490 2593 τῆς
503 2560 534 2585 ἐκ
549 2559 655 2594 ταύτης
670 2559 816 2594 στέρεσθαι
836 2560 943 2594 ἡδονῆς.
971 2560 1000 2587 '0

213 2605 241 2632 δὲ
258 2606 365 2640 μάρτυς
380 2603 424 2640 (ἦν
444 2606 499 2640 γὰρ
518 2605 567 2639 τῆς
589 2605 706 2639 ἀληθοῦς
728 2605 825 2639 σοφίας
843 2606 999 2642 ἀνάπλεως)

215 2651 388 2686 ἀντιπαρῆγε
429 2651 483 2677 τῶν
522 2651 628 2678 ἐκείνου
658 2651 727 2677 θεῶν
755 2651 785 2677 τὸ
812 2651 925 2683 ἀσθενὲς
954 2655 1001 2679 καὶ

213 2696 376 2731 ἀνδρίθηλυ,
393 2697 423 2724 τὸ
441 2697 510 2732 πρὸς
531 2697 666 2732 ἀλλήλους
681 2696 802 2732 μάχιμόν
817 2705 846 2723 τε
867 2697 915 2724 καὶ
934 2706 1000 2724 στα-

214 2742 321 2774 σιῶδες,
344 2743 392 2769 καὶ
416 2743 446 2768 τὺ
473 2744 643 2776 σωματικοῖς
676 2742 894 2777 ὲγκαλινδείσϐαι
912 2743 1000 2779 παθή-

215 2796 292 2821 μασι,
310 2790 356 2815 καὶ
371 2790 401 2814 τὸ
416 2788 478 2823 μηδ’
491 2789 580 2815 ὁτιοῦν
596 2789 651 2814 τῶν
668 2788 853 2823 παρηγμένων
873 2789 919 2822 ἀφ’
936 2789 1000 2814 ἐαυ-

214 2833 260 2859 τοῦ
278 2835 327 2864 τὴν
343 2835 451 2867 γένεσιν
466 2834 537 2868 ἔχειν
558 2835 604 2860 καὶ
628 2834 747 2868 ἄναρχον
773 2831 855 2865 εἶναι.
877 2835 935 2860 an‘
959 2835 998 2865 είς

1051 2245 1133 2273 Verbi
1150 2245 1241 2272 carnis
1252 2246 1467 2280 susceptionem,
1482 2246 1595 2280 ejusque
1610 2246 1800 2281 perpessiones
1813 2251 1842 2274 et

1051 2291 1137 2324 ipsam
1160 2297 1279 2320 crucem,
1303 2295 1332 2317 et
1355 2298 1525 2326 quaecunque
1550 2296 1614 2319 sunt
1642 2293 1717 2327 signa
1740 2297 1840 2320 nostra:

1051 2334 1156 2365 salutis.
1169 2342 1200 2361 ea
1224 2335 1343 2362 scandali
1371 2335 1487 2362 ducebat
1512 2336 1687 2364 offensiones.
1703 2336 1767 2364 Post
1785 2337 1843 2365 ha‘c

1053 2379 1207 2414 proferebat
1235 2380 1316 2406 etiam
1344 2379 1473 2407 fabricam
1499 2380 1707 2412 elementorum,
1728 2385 1757 2408 ut
1782 2388 1844 2415 quae

1051 2429 1123 2452 esset
1145 2425 1255 2460 quidem
1274 2425 1361 2452 dulcis
1378 2429 1405 2452 ct
1429 2426 1564 2459 amabilis,
1580 2431 1607 2454 et
1634 2427 1666 2453 ad
1695 2426 1842 2454 fruendum

1051 2471 1190 2506 proposita
1209 2471 1375 2503 hominibus,
1394 2471 1511 2505 etquod
1530 2471 1616 2499 nollet
1632 2480 1666 2499 ne
1685 2472 1762 2499 valde
1781 2473 1845 2507 qui-

1052 2517 1113 2543 dem
1137 2523 1235 2547 cmcus,
1255 2524 1316 2551 qua:
1339 2524 1373 2543 ex
1392 2524 1424 2543 ea
1449 2517 1546 2550 oritur,
1563 2518 1662 2552 privari
1691 2519 1841 2553 voluptate.

1051 2562 1151 2597 lllartyr
1176 2567 1266 2589 autem
1294 2563 1363 2597 (erat
1385 2563 1457 2590 enim
1482 2571 1544 2590 vera
1566 2564 1665 2599 plenus
1691 2564 1842 2599 sapientia)

1052 2614 1144 2635 contra
1161 2608 1372 2636 all'erebatillitts
1380 2609 1492 2637 deorum
1506 2609 1718 2637 imbecillitatem
1733 2614 1760 2637 et
1775 2609 1843 2637 effe-

1053 2655 1240 2686 minationetn,
1257 2663 1318 2689 quae
1340 2657 1411 2683 inter
1422 2664 1451 2684 se
1466 2656 1583 2683 invicem
1603 2656 1723 2688 fuerunt,
1737 2663 1842 2691 pugnas

1052 2704 1078 2725 et
1096 2699 1255 2731 seditiones,
1272 2701 1384 2735 etquod
1405 2701 1592 2729 volutarentur
1616 2702 1643 2728 in
1658 2702 1780 2736 corporis
1798 2701 1840 2728 af.

1053 2744 1234 2777 fectioiiibus;
1256 2752 1283 2773 et
1305 2746 1376 2780 quod
1400 2746 1470 2773 nihil
1490 2754 1605 2779 eorum,
1623 2755 1684 2782 qua:
1708 2747 1840 2782 producta

1051 2795 1125 2821 sunt,
1144 2799 1176 2818 ex
1191 2799 1221 2818 se
1234 2797 1324 2819 ortum
1340 2793 1448 2825 habeat,
1463 2798 1490 2820 et
1509 2793 1545 2820 sit
1559 2793 1618 2821 sine
1636 2792 1840 2828 principio,sed

1052 2836 1142 2863 statim
1164 2837 1298 2864 referatur
1315 2838 1347 2865 ad
1364 2839 1479 2873 primam
1499 2844 1525 2868 et
1539 2838 1699 2867 etlieientcm
1712 2846 1837 2872 causam,
