2067 3150
162 141 228 174 1661

557 142 791 172 MARTYRIUM
814 143 864 173 SS.
894 143 1079 172 EULAMI‘II
1112 144 1159 173 ET
1180 144 1394 176 EULAMPIE.

1717 143 1785 175 ΠΩ

161 206 279 234 μνησκε,
295 196 473 231 συνοικισμοῦ
488 204 516 223 τε
528 197 574 223 καὶ
588 197 747 228 συνανλίας,
761 197 808 223 καὶ
818 197 948 223 τοιούτων

1003 198 1206 230 habitationem,
1223 204 1249 225 ct
1260 199 1417 233 hujusmodi
1435 199 1487 226 alia
1503 200 1589 235 signa,
1605 204 1632 226 et
1648 203 1787 234 postremo

160 246 248 271 ἄλλων
268 243 413 279 συμῆὖλων
426 251 432 257 θ
448 243 495 270 καὶ
513 243 589 274 τέλος
607 243 656 277 τῆς
678 244 762 278 αὐτῆς
778 243 882 269 ἐθέλειν
897 242 945 269 καὶ

160 292 278 321 πίστεως
289 290 367 323 ἔλεγε
385 289 431 315 καὶ
451 289 497 314 τοῦ
514 289 686 323 σεῦάσματος
703 290 866 323 μετασχεῖν,
899 289 946 314 καὶ

159 337 215 363 τῶν
247 336 338 362 αὐτῶν
367 334 532 368 κοινωνῆσαι
561 334 599 369 τῷ
623 333 730 369 ἀδελφῷ
762 333 945 368 παθημάτων.

161 382 255 410 Ταῦτα
271 382 372 413 τοίνυν,
394 381 438 406 τὸν
456 381 505 414 μὲν
519 380 708 414 κακοδαίμονα
726 380 860 415 τύραννον
877 381 947 406 511:0-

163 429 222 463 ρίας
241 428 374 462 ἓπλὴρου,
393 427 455 457 τοὺς
471 426 498 452 δὲ
517 426 618 457 θεατὰς
629 426 683 451 τῶν
712 426 860 460 δρωμένων
881 434 946 460 tta-:-

162 474 286 500 εκαλείτο
302 473 368 507 πρὸς
381 473 432 506 τὴν
448 472 591 498 εὐσέϐειαν
602 492 609 504 ,
627 472 674 498 καὶ
690 472 718 503 ὃς
732 473 831 498 αὐτίκα
851 472 947 507 μιαρὸς

162 520 217 551 ὢν,
239 519 307 553 προς
331 519 448 552 μιαροὺς
478 516 577 552 ἐχώρει
604 517 764 550 λογισμοὺς,
794 518 842 544 καὶ
867 518 947 544 πάθει

164 565 265 600 μᾶλλον
287 564 445 597 σωματικῆς
472 562 633 594 συνουσίας,
652 563 714 597 οὐχὶ
738 563 813 598 πόθῳ
828 563 947 598 Χριστοῦ

163 610 317 644 πρισφύναι
335 608 373 644 τῷ
395 610 514 643 μάρτυρι
530 607 631 642 ταύτην
646 608 726 643 ᾤετο.
753 610 842 644 Δριμυ
859 609 949 636 τοίνυν

163 665 210 682 κιι
224 655 353 690 ἐμϐριθὲς
368 656 420 690 πρὸ
450 655 535 688 αὐτὴν
551 655 689 687 ἀτενίσας,
713 655 745 682 Τί
760 663 812 687 σοι,
829 656 908 691 φησὶ,
927 653 949 682 ὦ

163 701 256 735 γᾶναι,
280 701 311 727 τὸ
340 701 464 734 σόφισμα
489 700 615 735 βούλεται
643 701 733 732 τοῦτο,
759 702 879 733 καὶπῶς
897 702 950 737 ἄρα

164 747 303 781 πρόφασιν
326 746 463 780 ἐρωτικῆς
489 747 588 781 μανξας
606 746 655 781 τῆ;
674 746 743 781 πρὸς
759 748 804 773 τὸν
825 748 950 782 παρόντα

163 793 270 818 τουτονὶ
301 791 455 823 νεανίσκον,
483 792 533 827 τὴν
556 793 606 826 τῆς
628 791 780 827 θρησκείας
802 793 950 828 μετάθεσιν

163 838 300 872 ὲποιήσως
330 837 409 864 Ἀλλά
432 837 568 871 ἀνάνηψον
589 838 638 871 τῆς
663 839 882 874 περικεχυμένης
909 848 950 866 σοι

162 883 265 917 ταύτης
279 883 326 909 τοῦ
343 882 446 914 πάθους
463 883 572 917 ἀχλύος,
587 884 634 909 καὶ
648 883 678 910 τὸ
694 883 886 919 φιλάνθρωπον
896 885 951 911 τῶν
967 876 987 903 Β

164 930 309 963 ἀηττήτων
327 928 398 955 θεῶν
415 928 572 961 ἑξιλέωσαι.
593 929 625 955 Τί
645 929 701 964 γὰρ
713 930 743 955 τὸ
757 930 844 961 οὕτως
858 937 886 956 σε
904 939 952 964 με-

163 977 299 1002 ταπεῖσαν
314 974 431 1009 ἁθρόως,
453 974 524 1001 ὥστε
539 975 586 1000 τοῦ
604 975 715 1010 ἡδίστου
734 976 830 1002 τούτου
851 977 950 1010 φωτὸς,

165 1022 212 1048 καὶ
228 1020 282 1047 τῶν
292 1022 320 1047 ὲν
331 1021 384 1056 βίῳ
398 1021 524 1056 τερπνῶν
541 1022 705 1056 ἀποστῆναι,
723 1023 802 1056 γόητι
816 1023 845 1049 δὲ
858 1022 952 1056 νεανίᾳ

164 1068 414 1102 προσκολληθῆναι,
433 1069 481 1094 καὶ
492 1068 598 1094 ἀναιδεῖ
614 1068 753 1103 προσώπῳ
768 1069 805 1103 τῷ
824 1069 953 1104 ἡμετέρῳ

166 1112 270 1146 βήματι
289 1113 483 1147 παραστῆναι,
504 1113 539 1138 τὰ
559 1113 700 1147 συγγενῶν
718 1114 952 1149 ύποκρινομένην,

165 1158 214 1184 καὶ
227 1159 295 1190 πρὸς
310 1158 460 1192 ἀδελφικὴν
480 1158 597 1191 ἑνότητα
615 1159 666 1193 τὴν
692 1159 787 1193 σχέσιν
803 1159 954 1194 μετατιθεί-

166 1211 216 1230 σαν
229 1213 235 1218 ·
256 1204 326 1237 πλὴν
342 1204 400 1229 ἀλλ’
414 1205 442 1229 οὑ
457 1204 504 1229 του
521 1205 658 1239 ἡμετέρου
680 1205 880 1239 καταγελάσεις
903 1206 951 1241 βή-

167 1258 262 1284 ματος,
281 1250 341 1276 οὐδὲ
355 1250 408 1274 τῶν
426 1250 638 1285 αὐτοκρατόρων
655 1252 847 1286 καταμωκήσῃ
859 1272 865 1283 ,
883 1260 954 1287 μαρ-

166 1295 286 1330 τύρομαι
303 1296 379 1325 θεοὺς
395 1295 528 1326 ἅπαντας,
552 1297 598 1322 καὶ
620 1297 649 1322 τὸ
669 1296 714 1322 τοῦ
732 1297 855 1331 βήματος
874 1298 954 1332 ήμῶν

166 1341 281 1375 εὐμενὲς
301 1343 347 1367 καὶ
366 1341 561 1375 φιλάνθρωπον
574 1362 580 1372 ,
600 1342 636 1372 ὡς
652 1342 728 1368 οὐδέν
741 1351 767 1368 τι
787 1342 869 1369 πλέον
883 1344 954 1377 ἔξεις

166 1386 339 1422 Εὑλαμπίου,
356 1386 372 1421 ἦ
389 1387 417 1412 τὸ
433 1387 537 1421 χείροσι
555 1387 682 1421 βασάνοις
698 1388 896 1423 ὑποϐληθῆναι.

204 1434 244 1461 Il'.
264 1435 335 1468 Πρὸς
351 1434 422 1468 ἅπερ
437 1435 452 1469 ή
469 1435 571 1468 μάρτυς
586 1435 739 1469 ἀρρενωπῷ
761 1435 799 1470 τῷ
811 1436 954 1470 φρονήμα‹

166 1490 203 1513 τι,
220 1480 347 1515 εὔστοχον
363 1482 489 1511 ἐποιεῖτο,
510 1482 556 1506 καὶ
573 1481 620 1514 τὴν
632 1482 789 1516 ἀπόκρισιν
811 1482 953 1515 "Axonam,

167 1527 294 1559 εἰποῦσα,
320 1524 342 1552 ὦ
361 1526 489 1559 δικαστά,
513 1527 559 1552 καὶ
574 1528 620 1553 τὸν
644 1527 711 1561 ἐμὸν
729 1527 766 1558 ὠς
788 1527 844 1561 ἔχει
869 1528 954 1562 γνῶθι

168 1573 281 1599 σκοπόν.
299 1571 419 1606 Χριστοῦ
433 1571 550 1606 ὑπάρχω
563 1571 644 1605 δούλη
663 1579 670 1586 ·
688 1571 807 1606 Χριστὸς
819 1572 882 1606 ἐμοὶ
897 1571 953 1607 ζωὴ

169 1619 216 1645 καὶ
226 1618 315 1653 ψυχῆς
328 1617 498 1652 ἁγαλλίαμα.
518 1617 619 1644 Τούτου
644 1619 716 1653 ἐρῶ,
733 1618 820 1652 τούτῳ
846 1619 954 1645 σπεύδω

168 1664 295 1698 τυθῆναι.
331 1663 418 1698 ’Υπὲρ
442 1663 538 1689 τούτου
570 1665 618 1690 καὶ
645 1664 699 1700 πῦρ
721 1665 877 1699 εὐτρέπιζε,
908 1665 955 1691 καὶ

169 1710 253 1745 θῆρας
267 1712 329 1744 ἆγε,
346 1712 392 1737 καὶ
407 1711 521 1745 τροχοὺς
535 1711 674 1745 έτοίμαζε,
695 1712 742 1737 καί
755 1711 820 1746 ξίφη
838 1713 953 1745 γύμνου,

169 1758 216 1783 καὶ
237 1757 329 1782 πᾶσαν
351 1756 436 1791 ἀλλην
462 1757 565 1783 ἐπινόει
594 1757 725 1791 βάσανον,
746 1758 788 1784 ἵνα
803 1759 892 1793 μάθῃς
913 1758 954 1786 ὅτι

167 1802 217 1837 οὐχ
232 1802 318 1833 οὓτως
332 1802 449 1837 ἀγεννής
464 1802 520 1835 ἐγὼ
536 1803 582 1828 καὶ
599 1804 781 1838 μικρόψυχος,
800 1803 843 1835 οῦ,
858 1804 895 1838 μά
909 1804 955 1830 τὸν

170 1848 240 1882 ὑπὲρ
252 1848 396 1879 εὑσεὸείας
409 1848 503 1874 τοῦτον
518 1849 610 1881 ἀγῶνα
625 1869 631 1881 ,
647 1849 676 1874 ὗν
698 1849 745 1875 καί
763 1850 844 1884 μέχρι
862 1850 954 1881 τέλους

169 1894 340 1929 ἀγωνιοῦμαι
356 1902 386 1920 τε
404 1894 451 1919 καὶ
466 1893 638 1929 δραμοῦμαι,
655 1894 703 1921 καὶ
724 1895 791 1929 πρὸς
811 1896 863 1922 πᾶν
885 1893 954 1926 εἶδες

169 1940 308 1971 κολάσεως
332 1939 431 1975 ἑαυτὴν
461 1939 569 1965 ἔκδοτον
593 1940 775 1974 παραστήσω,
805 1940 850 1966 ἵνα
883 1940 954 1975 γνῷς

171 1987 212 2013 ὅτι
235 1985 336 2021 ἀδελφὴ
360 1985 415 2019 ἐγὼ
436 1985 544 2019 τούτου,
576 1986 623 2011 καὶ
647 1986 681 2011 τὰ
701 1985 803 2019 ἀδελφὰ
818 1986 955 2021 φρονοῦσα

168 2032 214 2059 τοῦ
229 2033 278 2063 τάς
295 2032 345 2062 σὰς
361 2030 495 2066 βασάνους
510 2030 547 2066 μή
565 2031 781 2064 ύποπτήξαντος,
798 2032 844 2057 καὶ
864 2031 898 2057 τὰ
922 2032 955 2058 σὰ

171 2077 330 2111 σεῦάσματα
357 2076 565 2107 καταλύσαντος
579 2095 586 2108 ,
602 2077 649 2103 καὶ
666 2076 744 2107 αὗθις
764 2076 792 2103 δέ
814 2085 855 2103 σοι
872 2077 954 2111 φημὶ,

172 2123 209 2157 μὴ
237 2123 305 2157 πρὸς
331 2121 380 2158 τὴν
407 2122 456 2157 τῆς
483 2122 644 2156 γυναικείας
673 2122 782 2156 φύσεως
815 2123 954 2157 ἀφορῶντι

168 2169 324 2200 ἀσθένειαν,
350 2168 461 2201 ἀνάξιόν
486 2177 512 2194 τι
535 2169 585 2202 τῆς
608 2169 728 2201 διανοίας
751 2170 799 2204 τῆς
817 2169 955 2205 ἡμετέρας

996 244 1103 271 dicebat
1119 252 1148 271 se
1173 245 1242 272 velle
1264 253 1324 272 esse
1349 246 1507 279 participem
1533 246 1656 280 ejusdem
1683 246 1742 273 ﬁdei
1758 249 1787 272 et

998 290 1146 325 religionis.
1160 295 1187 317 et
1199 291 1381 318 communiter
1396 299 1456 318 cum
1472 292 1555 319 fratre
1568 292 1675 319 easdem
1692 291 1787 319 subire

997 336 1199 370 perpessiones.
1213 336 1273 363 llatc
1287 344 1351 371 ergo
1366 336 1501 364 infelicem
1517 338 1626 372 quidem
1643 342 1787 373 tyrannum

998 381 1147 415 implebant
1166 383 1337 410 dubitatione
1360 391 1367 410 :
1395 388 1561 418 spectatores
1579 390 1668 411 autem
1691 391 1787 411 eorum

998 435 1058 461 qua:
1072 428 1182 459 ﬂebant,
1197 429 1379 462 provocabaut
1393 430 1426 455 ad
1442 430 1580 463 pietatem.
1594 429 1728 456 Czeterum
1742 429 1788 457 ille

998 473 1132 506 protinus,
1148 481 1208 499 rum
1222 478 1294 500 esset
1309 474 1467 504 sceleratus,
1482 481 1511 499 se
1523 474 1554 500 ad
1569 474 1714 500 sceleratas
1723 482 1790 501 con-

999 519 1081 544 vertit
1103 519 1291 553 cogitationes,
1307 524 1332 546 et
1350 525 1460 554 propter
1474 520 1646 546 affectionem
1666 520 1790 553 corporis

1000 564 1217 596 consuetudinis,
1236 573 1290 590 non
1314 569 1403 591 autem
1429 569 1541 598 propter
1563 564 1702 597 sanguinis
1724 572 1791 590 con-

998 609 1178 643 iunctionem,
1188 610 1343 645 Christique
1358 611 1533 642 desiderium,
1547 611 1716 637 existltnabat
1729 618 1788 637 eam

999 655 1139 682 adhaerere
1154 656 1274 691 martyri.
1288 655 1375 683 Tot-ve
1388 656 1476 690 itaque
1490 662 1517 683 et
1534 656 1661 683 ferociter
1672 664 1731 682 eam
1748 657 1791 682 in-

1002 705 1080 727 tuens
1096 710 1102 728 :
1118 701 1188 733 Quid
1209 702 1271 732 sibi.
1288 702 1385 735 inquit,
1408 709 1425 728 ο
1443 702 1547 732 mulier,
1563 702 1618 728 vult
1647 703 1696 729 hoc
1714 706 1790 728 tuum

1002 752 1198 777 commentum.
1213 753 1239 774 et
1252 749 1389 782 quomodo
1405 753 1514 782 propter
1529 749 1660 774 insaniam
1676 748 1703 774 in
1718 747 1792 775 hunc

1001 793 1202 820 adolescentem
1230 794 1341 820 mutasti
1372 793 1550 828 religionem?
1583 794 1634 820 Sed
1660 794 1790 828 resipisee

1002 839 1035 865 ab
1051 839 1101 865 hac
1115 838 1281 866 circumfusa
1299 839 1415 873 caligine
1433 845 1485 866 tua:
1496 839 1658 871 affectionis,
1675 844 1702 866 et
1715 840 1790 874 placa

1003 883 1165 910 invictarum
1183 883 1296 911 deorum
1312 884 1497 912 clementiam.
1514 885 1566 917 Qui
1582 886 1611 912 ﬁt
1626 885 1708 916 enim,
1720 885 1791 919 quod

1003 933 1095 956 tutam
1112 935 1224 963 repente
1246 929 1285 958 sis
1314 935 1428 962 mutata,
1447 935 1474 957 ut
1490 934 1523 957 ab
1542 931 1592 957 hac
1610 931 1670 957 luce
1686 930 1792 957 suavis—

1002 975 1080 1007 sima,
1100 978 1126 1001 et
1140 974 1174 1001 ab
1192 974 1224 1001 iis
1235 982 1295 1009 qua
1315 981 1379 1002 sunt
1395 976 1421 1002 in
1436 977 1487 1002 vita
1500 977 1631 1011 jucunda,
1648 974 1791 1006 discedas:

1001 1020 1189 1055 pratstigialori
1210 1024 1302 1047 autem
1324 1021 1418 1056 juveni
1442 1021 1623 1052 adhere-scas.
1654 1026 1682 1049 et
1703 1022 1795 1056 impu-

1003 1067 1077 1094 denti
1094 1066 1169 1093 vultu
1184 1067 1217 1094 ad
1231 1072 1355 1094 nostrum
1372 1073 1400 1094 te
1420 1069 1500 1095 sistas
1514 1068 1642 1099 tribunal,
1660 1068 1794 1095 simulan-

1003 1118 1056 1140 tetn
1082 1114 1279 1148 cognationem.
1295 1118 1322 1141 et
1348 1115 1535 1141 traducentem
1566 1115 1793 1141 consuetudinem

1002 1158 1035 1184 ad
1049 1157 1196 1185 fraternam
1221 1159 1374 1186 unionem?
1391 1159 1488 1186 Verum
1510 1160 1651 1187 enimvero
1669 1164 1794 1187 nostrum

1004 1203 1120 1232 tribunal
1136 1212 1190 1231 non
1213 1205 1351 1237 irridebis,
1367 1213 1419 1232 nec
1436 1206 1613 1240 imperatores
1628 1205 1738 1232 habebis
1752 1205 1795 1232 lu-

1004 1252 1102 1278 dibrio.
1116 1251 1212 1278 Testor
1224 1252 1290 1278 deos
1306 1259 1411 1285 omnes,
1422 1257 1448 1278 et
1463 1251 1548 1279 nostri
1564 1251 1707 1278 tribunalis
1720 1251 1795 1278 beni—

1004 1296 1131 1330 gnitatem
1148 1301 1176 1323 et
1191 1296 1377 1326 clementiam.
1389 1296 1435 1322 tibi
1447 1296 1515 1322 nihil
1529 1296 1646 1330 amplius
1660 1297 1793 1326 futurum.

1004 1349 1084 1375 quam
1104 1341 1257 1376 Eulatnpio,
1274 1341 1328 1368 nisi
1347 1342 1418 1376 quod
1440 1342 1478 1368 sis
1495 1341 1632 1376 peioribus
1654 1342 1796 1370 tormentis

1004 1387 1183 1421 subjicienda.

1043 1443 1111 1470 VIII.
1124 1444 1163 1470 Ad
1181 1444 1239 1471 haec
1254 1448 1357 1478 martyr
1368 1443 1518 1471 masculino
1530 1444 1625 1479 spiritu
1641 1450 1668 1472 et
1681 1444 1796 1472 audacia

1005 1494 1067 1523 apte
1086 1490 1227 1524 respondit
1247 1499 1254 1517 :
1271 1490 1353 1522 Audi.
1368 1491 1471 1524 dicens,
1488 1498 1504 1518 ο
1516 1491 1611 1526 judex,
1622 1496 1649 1518 et
1664 1499 1796 1526 cognosce

1006 1543 1095 1562 meum
1124 1540 1151 1562 ut
1178 1543 1208 1562 se
1233 1536 1314 1563 habet
1340 1544 1452 1571 scopum
1476 1545 1507 1564 ac
1531 1537 1696 1565 institutum.
1728 1536 1794 1564 Sum

1006 1580 1105 1607 Christi
1124 1581 1231 1608 ancilla.
1254 1582 1379 1609 Christus
1404 1585 1446 1609 est
1471 1582 1538 1609 mihi
1567 1582 1631 1616 vita,
1645 1586 1672 1610 et
1699 1583 1797 1609 animm

1006 1626 1160 1653 exsultatio.
1178 1627 1246 1653 Eum
1270 1634 1342 1659 amo,
1357 1628 1381 1654 ei
1405 1627 1501 1654 studeo
1516 1627 1675 1654 sacrificari.
1693 1628 1746 1654 Pro
1763 1634 1796 1654 eo

1006 1676 1033 1698 et
1047 1673 1134 1706 ignem
1152 1680 1228 1706 para,
1244 1678 1271 1699 et
1296 1674 1348 1700 duc
1374 1673 1487 1705 bestias,
1508 1678 1537 1700 et
1558 1677 1632 1700 rotas
1649 1674 1755 1708 expedi,
1768 1678 1797 1701 et

1006 1722 1108 1752 stringe
1128 1726 1218 1751 enses,
1232 1723 1261 1745 et
1285 1720 1407 1754 excogita
1432 1727 1513 1746 omne
1528 1719 1602 1746 aliud
1619 1724 1796 1749 tormentum.

1006 1768 1035 1789 ut
1048 1764 1118 1790 scias
1135 1771 1178 1791 me
1200 1771 1253 1790 non
1274 1771 1333 1790 rsse
1359 1769 1411 1791 tium
1428 1765 1516 1799 ignavi
1534 1769 1561 1792 et
1584 1765 1673 1799 pusilli
1702 1765 1795 1791 anim':.

1006 1808 1073 1840 lloc,
1084 1809 1155 1843 quod
1172 1817 1220 1844 pro
1234 1810 1332 1844 pietate
1347 1811 1494 1844 suscipitur
1508 1815 1658 1842 certamen,
1670 1811 1703 1837 ad
1716 1811 1796 1837 linem

1008 1862 1093 1888 usque
1117 1854 1190 1881 decet
1200 1855 1261 1882 tabo
1285 1860 1312 1881 et
1337 1864 1474 1891 peragam,
1494 1861 1522 1883 et
1543 1858 1675 1891 meipsam
1694 1857 1797 1884 tradam

1006 1901 1038 1926 ad
1058 1907 1139 1926 omne
1154 1908 1240 1934 genus
1257 1902 1393 1935 supplicii,
1411 1906 1439 1928 ut
1455 1902 1526 1928 scias
1540 1910 1583 1929 me
1605 1910 1666 1929 esse
1682 1905 1742 1937 ejus
1754 1911 1798 1930 so-

1007 1951 1106 1973 rorem,
1123 1948 1151 1970 et
1175 1944 1293 1971 fraterne
1307 1946 1413 1976 cadent,
1428 1954 1488 1979 quae
1513 1946 1556 1973 ille
1575 1948 1668 1978 sentit,
1683 1949 1796 1980 sentire,

1006 1989 1052 2023 qui
1072 1994 1116 2015 tua
1138 1994 1270 2016 tormenta
1287 1998 1340 2016 non
1366 1990 1533 2023 formidavit,
1549 1996 1576 2018 et
1592 2000 1622 2019 ea
1637 2001 1697 2027 ante
1719 1994 1796 2026 colis,

1006 2035 1151 2062 simulacra
1175 2035 1268 2062 diruit.
1296 2036 1380 2063 Porro
1397 2043 1486 2064 autem
1513 2046 1606 2065 rursus
1622 2047 1729 2073 quoque
1748 2040 1796 2067 tibi

1007 2081 1077 2113 dico,
1094 2090 1128 2109 ne
1153 2082 1288 2117 aspiciens
1303 2083 1336 2110 ad
1362 2084 1503 2111 muliebris
1523 2092 1605 2112 sexus
1628 2085 1798 2112 imbecillita-

1007 2131 1072 2159 tem,
1090 2135 1184 2162 speres
1203 2129 1303 2163 aliquid
1321 2129 1461 2164 indignum
1478 2135 1570 2157 nostra
1591 2136 1692 2163 mente,
1709 2139 1796 2165 neque

1007 2175 1094 2200 artatis
1106 2175 1246 2201 mollitiem
1263 2181 1341 2209 putes
1354 2176 1407 2202 tuis
1423 2177 1542 2203 inventis
1555 2177 1633 2204 facile
1651 2185 1730 2211 posse
1746 2177 1795 2204 de-

168 2214 290 2246 ἐλπίσλι,
314 2214 383 2249 μηδὲ
397 2215 428 2240 τὸ
439 2214 489 2248 τῆς
507 2214 614 2249 ἡλικίας
629 2215 732 2241 ἁπαλὸν
750 2216 952 2250 εύεξαπὰτητον

1007 2220 1069 2254 cipi.
1087 2220 1138 2252 Qui
1157 2222 1229 2247 cnim
1255 2229 1304 2248 nos
1325 2222 1358 2248 ad
1382 2223 1505 2248 divinum
1519 2230 1598 2249 suum
1620 2223 1706 2249 erexit
1722 2231 1796 2249 amo-

169 2261 278 2295 νομίσαι
298 2261 357 2291 ταῖς
377 2262 437 2292 σαῖς
452 2262 597 2293 ἐπινοίαις.
620 2262 649 2287 ’0
662 2262 715 2297 γὰρ
730 2262 797 2296 πρὸς
812 2262 857 2288 τὸν
871 2261 953 2288 αὑτοῦ

169 2305 259 2340 ἔρωτα
274 2306 422 2341 πτερώσας
438 2307 524 2341 ἡμᾶς,
541 2308 588 2332 καὶ
605 2307 671 2341 πρὸς
683 2307 729 2333 τὸν
745 2307 816 2334 κατὰ
835 2307 893 2339 σοῦ,
908 2308 954 2333 καὶ

169 2352 216 2378 τοῦ
239 2351 366 2378 διαὸὀλου
394 2352 514 2386 πόλεμον
539 2352 718 2384 καθοπλίσας,
737 2353 817 2384 αὐτὸς
832 2354 879 2379 καὶ
904 2353 954 2388 τήν

168 2397 285 2432 δύναμιν
298 2398 387 2433 ὀρέξει
401 2417 409 2431 ,
426 2399 473 2424 καὶ
488 2399 537 2433 τὴν
556 2399 634 2433 νίκην
650 2400 891 2434 περιφανεστάτην
909 2401 955 2434 έρ-

169 2443 295 2477 γάσεται.

202 2488 242 2516 Θ¹.
265 2489 377 2522 Τούτοις
395 2491 532 2526 ήμάρτυς
556 2491 823 2527 πεπαρῤησιασμένῃ
845 2492 953 2527 γλώττῃ

167 2535 214 2561 τοῦ
231 2536 364 2570 τυράννου
384 2537 477 2570 σαφῶς
497 2536 771 2570 καταρητορεύσασα,
788 2538 954 2572 ὲρῤαπίζετο

167 2582 216 2611 τὰς
233 2582 351 2616 παρείας
370 2582 569 2617 ἀπηνέστερον,
592 2584 637 2608 καὶ
661 2582 723 2616 ὃψιν
741 2584 859 2617 ἰσχυρῶς
890 2592 954 2610 συν-

167 2625 308 2658 ετρίὸετο,
329 2625 360 2652 τὸ
378 2625 406 2651 δὲ
423 2625 473 2656 τῆς
496 2627 605 2659 μορφῆς
622 2625 735 2660 ἐπίχαρι
757 2628 951 2662 καθηλλοίωτο,

167 2670 261 2696 καὶτὸ
284 2671 334 2705 τῆς
360 2672 452 2705 φωνῆς
470 2671 615 2697 ἐσϐέννυτο
641 2672 769 2706 ὄργανον,
789 2675 821 2708 τῇ
845 2676 953 2709 συνεχεῖ

167 2715 222 2741 τῶν
239 2717 420 2752 ῥαπισμάιτων
437 2719 569 2754 ἐπιφορᾷ.
584 2720 655 2755 Πρὸς
670 2720 756 2746 ταῦτα
771 2719 829 2755 εἶχε
848 2722 897 2757 μὲν
907 2722 952 2749 τὸν

167 2761 281 2797 ἀδελφὺν
296 2765 504 2798 ἐπιρρωννύντα
520 2767 565 2792 καὶ
580 2768 789 2802 παραθήγοντα,
823 2769 871 2795 καὶ
885 2769 953 2804 πρὸς

168 2806 217 2837 τὰς
234 2808 368 2842 βασάνους
391 2811 591 2846 εύτολμοτέραν
613 2811 684 2839 εἶναι
699 2815 827 2840 ποιοῦντα
843 2823 849 2830 ·
863 2815 953 2850 ήνδρί-

169 2850 229 2883 ζετο
249 2853 277 2880 δὲ
291 2856 337 2882 καὶ
352 2855 424 2892 αὐτὴ
442 2857 503 2883 καθ’
526 2857 588 2884 ὅσον
610 2855 665 2885 οἶόν
681 2867 710 2884 τε
738 2860 786 2885 καὶ
810 2860 952 2896 λογισμοῖς

1007 2273 1075 2297 rem,
1089 2271 1116 2292 et
1133 2274 1182 2293 nos
1197 2268 1313 2294 armavit
1325 2268 1358 2293 ad
1374 2268 1473 2294 bellum
1488 2273 1584 2294 contra
1602 2273 1627 2295 te
1645 2270 1794 2303 gerendum

1006 2315 1033 2337 et
1048 2311 1194 2344 diabolum,
1217 2311 1274 2345 ipse
1290 2317 1315 2339 et
1339 2313 1471 2347 prmbebit
1485 2313 1556 2341 vires
1575 2319 1602 2341 et
1617 2315 1794 2343 clarissimam

1006 2356 1105 2383 eﬂ‘tciet
1118 2357 1269 2385 victoriam.

1041 2498 1087 2526 IX.
1105 2499 1167 2525 [hnc
1186 2504 1285 2534 martyr
1300 2500 1390 2535 lingua
1411 2502 1494 2529 libera
1518 2509 1611 2538 aperte
1631 2505 1726 2533 dicens
1740 2506 1794 2533 ad—

1006 2552 1100 2572 versus
1113 2550 1266 2579 tyrannum,
1280 2547 1408 2580 colaphos
1419 2549 1495 2582 genis
1504 2550 1651 2577 crudeliter
1663 2552 1793 2586 impactus

1005 2591 1121 2625 accepit,
1146 2595 1171 2616 et
1193 2590 1243 2617 fuit
1267 2592 1327 2625 ejus
1348 2593 1438 2620 voltus
1456 2595 1633 2623 vehementer
1651 2603 1793 2625 contusus.

1005 2635 1107 2662 Mutata
1124 2640 1166 2662 est
1180 2641 1270 2662 autem
1286 2637 1344 2671 ejus
1363 2637 1456 2665 formae
1472 2641 1569 2674 gratia.
1588 2646 1616 2667 et
1629 2642 1794 2670 exstinctum

1005 2682 1053 2709 fuit
1069 2682 1142 2708 vocis
1163 2682 1376 2709 instrumentum
1404 2685 1514 2712 inﬂictis
1530 2688 1703 2714 continenter
1722 2689 1793 2715 cola-

1006 2729 1075 2763 phis.
1091 2728 1129 2755 Ad
1149 2728 1204 2754 haec
1220 2728 1334 2756 habebat
1354 2730 1463 2764 quidem
1486 2731 1595 2759 fratrem
1610 2741 1668 2760 eam
1696 2735 1794 2762 conﬁr-

1005 2778 1134 2805 manlem,
1150 2777 1177 2799 et
1198 2772 1369 2806 ineitantent,
1395 2780 1422 2802 et
1442 2777 1614 2805 audaciorem
1635 2780 1793 2807 reddentem

1005 2819 1037 2846 ad
1054 2818 1213 2846 certamina.
1226 2819 1292 2846 Erat
1303 2825 1391 2847 autem
1409 2822 1465 2856 ipsa
1480 2830 1587 2858 quoque
1599 2824 1693 2859 virilis,
1706 2828 1793 2861 qttoad

1007 2866 1065 2899 ejus
1083 2865 1140 2892 fieri
1157 2869 1273 2900 poterat,
1285 2870 1312 2893 et
1326 2869 1464 2901 generosis
1479 2871 1690 2906 cogitationibus
1707 2874 1792 2901 imbe-
