2067 3150
198 191 265 224 1079

834 190 975 222 MENSlS
994 189 1176 220 OCTOBER.

1755 190 1823 223 1080

197 246 288 275 sisset,
300 252 379 272 suum
395 244 505 280 quidem
520 245 638 273 refrenat
651 245 794 280 impetum.
807 246 924 281 procidit
937 254 984 274 au-

1047 254 1121 278 ιασα,
1136 246 1184 273 καὶ
1199 246 1255 278 ὀξεῖ
1275 246 1368 281 δρόμῳ
1381 247 1437 277 τοῖς
1456 246 1575 281 μάρτυσι
1596 246 1821 280 προσπελάσασα,

199 295 252 318 tem
279 291 312 318 ad
338 291 420 325 pedes
446 296 613 319 sanctorum.
643 292 784 320 Tarachus
803 298 894 320 autem
920 301 983 321 cum

199 342 320 364 sanctam
337 345 445 365 manum
464 339 643 371 extendisset,
660 344 686 366 et
706 339 804 374 partim
822 341 929 375 quidem
943 340 985 376 pi-

199 383 245 415 lis.
261 382 359 418 partim
376 391 441 411 vero
466 391 531 411 aure
547 385 784 419 apprehendisset,
799 385 832 413 ad
848 394 879 414 se
894 387 985 414 trahe-

200 428 255 455 bat.
266 428 313 455 illa
327 435 416 456 autem
433 436 507 461 cum,
518 430 630 464 placidae
641 432 700 458 ovis
715 432 811 463 instar.
823 433 984 460 contrectari

202 482 255 502 non
271 475 419 508 renuisset,
435 476 467 502 ad
485 482 593 510 portam
604 481 696 512 postea
713 478 841 510 accurrit,
858 483 885 506 et
900 479 986 506 inﬁxit

202 520 298 548 dentes
314 521 424 553 tabulis,
446 526 473 549 et
490 529 539 556 per
560 523 612 550 vim
635 524 784 552 conabatur
800 526 987 559 egredi:.nec

202 565 280 600 prius
293 566 406 599 dimisit,
422 575 502 603 quam
515 568 660 597 clamasset
679 570 797 605 populus
810 571 910 606 jubens
927 580 986 599 eam

203 611 276 639 foras
289 612 374 640 exire.
392 612 454 640 llaec
467 619 558 641 autem
570 618 598 641 et
615 614 655 642 bis
673 615 770 643 similia
786 624 866 644 nemo
886 617 989 652 putarit

204 665 258 686 non
274 659 422 690 credenda.
441 660 536 694 legens
560 661 714 696 epistolam,
732 670 813 698 quam
830 663 939 698 scripsit
955 664 990 691 ad

205 704 342 733 Romanos
358 705 468 733 divinus
484 705 615 742 lgnatius.
633 708 677 735 Sic
690 708 763 735 enim
779 709 881 738 habet:
897 710 990 746 Meju-

203 749 294 778 verint
308 750 401 778 bestiae
416 751 484 785 mihi
506 757 606 786 paratae
629 761 696 788 quas
716 754 797 781 etiam
816 759 880 789 opto
897 756 924 782 in
948 764 991 784 me

205 795 320 822 inveniri
336 801 486 831 promptas.
511 796 615 830 Quibus
636 799 719 826 etiam
741 800 876 832 blandiar.
896 806 926 828 ut
949 809 991 829 n-e

206 842 324 869 Iireviter
339 842 482 870 devorent.
509 843 588 876 Quod
611 844 635 872 si
650 846 731 872 etiam
755 846 853 879 nolint,
881 855 931 882 ego
951 849 993 876 eis

205 888 260 915 vim
276 888 401 917 all'eram.

241 934 299 963 ΧΠ.
320 934 390 963 Ilinc
405 935 537 965 Maximus
559 937 642 965 animi
657 938 769 970 dubius,
794 940 926 975 planeque
943 948 992 968 ne-

207 981 299 1009 sciens
320 983 384 1017 quid
408 988 510 1018 ageret.
529 991 590 1011 cum
607 985 712 1013 videret
733 990 842 1014 sanctos
861 991 994 1022 martyres

209 1035 257 1062 per
271 1029 362 1057 omnia
382 1030 569 1067 resplendere,
588 1036 615 1059 et
631 1032 724 1060 haberi
751 1032 778 1059 in
801 1033 993 1068 admiratione,

209 1082 257 1102 eos
271 1079 357 1102 morte
373 1076 547 1104 condemnat.
557 1077 608 1110 Qui
620 1085 691 1112 cum,
703 1083 830 1114 tanquam
847 1087 904 1107 rem
921 1080 994 1108 desi-

210 1120 341 1152 deratam,
364 1121 434 1149 hanc
457 1127 607 1151 extremam
634 1125 803 1160 accepissent
820 1127 994 1159 sententiam.

212 1166 343 1193 truncatis
358 1167 503 1201 capitibus.
518 1169 641 1197 coronati
666 1171 784 1206 migrant
798 1171 831 1199 ad
847 1179 939 1199 veram
954 1173 978 1199 vi
988 1187 994 1192 ~

211 1217 277 1244 tam,
293 1212 399 1240 fruituri
414 1215 531 1249 praemiis
545 1215 766 1250 immortalitatis,
782 1223 810 1246 et
824 1226 868 1252 ea,
885 1227 944 1254 quae
955 1224 998 1247 est

212 1257 278 1290 illic,
295 1258 472 1287 beatitudine.
490 1260 543 1288 Sed
556 1260 663 1290 invidus
674 1262 796 1297 quidem,
810 1270 838 1291 et
850 1265 997 1293 sceleratus

209 1303 301 1340 judex,
325 1305 404 1333 nobis
423 1305 549 1334 invidens
569 1311 727 1336 sanctorum
763 1309 903 1345 reliquias,
920 1311 999 1345 jubet

212 1356 327 1383 corpora
348 1355 496 1386 martyrum
521 1352 643 1386 profanis
660 1355 802 1382 admisceri
826 1357 998 1391 corporibus,

211 1403 272 1430 quae
285 1396 393 1428 fuerant
409 1396 549 1425 interiecta
562 1406 576 1425 a
593 1399 796 1434 gladiatoribus,
814 1402 907 1430 decem
927 1403 998 1431 mili«

213 1439 286 1467 t'bus
302 1441 443 1473 mandans,
470 1447 500 1469 ut
521 1450 552 1470 ea
572 1450 722 1472 servarent.
754 1445 826 1473 Deus
845 1451 935 1475 autem
954 1455 998 1475 το-

213 1493 272 1512 rum
289 1486 500 1520 admirabilium.
517 1489 727 1519 convivantibus
744 1492 915 1525 custodibus,
936 1502 998 1521 cum

211 1532 268 1567 jam
285 1540 379 1568 rogum
395 1534 594 1568 accendissent,
616 1543 712 1571 magna
729 1537 754 1564 vi
771 1543 884 1574 repente
897 1540 998 1568 caden-

213 1578 281 1605 tium
301 1579 439 1612 imbrium,
461 1585 489 1607 et
515 1581 617 1616 ingenti
635 1587 800 1615 terramotu.
816 1592 910 1620 rogum
936 1587 999 1621 qui-

214 1623 276 1651 dem
303 1625 442 1657 exstinxit,
465 1626 592 1653 custodes
616 1632 707 1654 autem
737 1629 819 1656 vertit
843 1629 872 1656 in
899 1629 1000 1665 fugam.

214 1669 338 1704 Cumque
365 1677 427 1698 cum
439 1671 500 1698 aliis
524 1671 652 1706 permista
666 1677 758 1700 essent
773 1679 928 1702 sanctorum
942 1683 1003 1702 cor-

215 1722 292 1750 pora,
309 1719 336 1742 et
354 1716 547 1750 ignorarentur
563 1722 674 1752 propter
687 1720 827 1752 tenebras,
843 1720 922 1748 stella
934 1721 1002 1748 luci-

215 1761 328 1788 dissima
353 1769 368 1788 e
390 1762 460 1789 caelo
478 1766 577 1790 terram
592 1763 743 1797 illustrans,
770 1769 798 1792 et
822 1769 898 1793 stans
920 1774 1003 1802 super

215 1808 429 1843 unumquodque
455 1815 564 1843 corpus.
580 1809 695 1844 praebuit
712 1810 799 1839 lucem
818 1812 851 1840 ad
865 1820 896 1840 ea
916 1821 1003 1849 agno-

215 1853 327 1887 scenda,
349 1854 421 1882 illam
438 1854 508 1882 forte
521 1856 627 1883 stellam
644 1856 764 1890 imitans,
780 1866 840 1894 quze
855 1860 882 1887 in
898 1859 1002 1889 Christi

215 1904 277 1927 ortu
295 1901 445 1928 secundum
458 1909 568 1929 carnem
581 1902 672 1938 Magos
695 1911 728 1932 ex
745 1904 855 1933 Perside
869 1907 1003 1940 evocavit,

215 1950 243 1973 et
265 1946 387 1977 deduxit.
410 1947 473 1975 Haec
497 1953 588 1975 autem
611 1949 682 1976 facta
707 1955 783 1984 sunt,
809 1959 870 1978 cum
893 1953 1003 1986 quidam

196 2015 199 2025 .
216 1992 311 2020 lideles
324 1993 353 2020 in
369 1999 460 2021 monte
475 1994 591 2029 genibus
605 1994 684 2022 ﬂexis
701 1995 847 2024 Dominum
864 1998 1004 2033 supplices

217 2043 354 2076 rogarent,
370 2047 406 2067 ne
417 2040 591 2075 privarentur
607 2041 680 2068 dono
697 2046 852 2070 sanctorum
870 2043 1005 2071 membro-

218 2092 289 2116 rum.
305 2092 367 2120 quae
392 2090 504 2120 propter
520 2085 580 2120 ejus
604 2087 716 2121 gloriam
732 2094 815 2127 supra
831 2088 940 2116 modum
958 2089 1006 2116 de-

217 2135 369 2159 cet-larunt.
392 2131 429 2158 Ea
451 2139 517 2158 vero
542 2132 742 2167 descendentes
764 2133 959 2166 sustulerunt:
979 2140 1006 2163 et

217 2185 324 2204 summo
334 2177 434 2214 studio,
451 2182 563 2213 propter
586 2183 688 2206 melurn
713 2180 846 2214 praesidis,
862 2180 891 2208 in
914 2185 1006 2208 monte

218 2221 245 2248 in
261 2226 336 2256 petra
352 2229 469 2250 concava
482 2223 675 2257 condiderunt,
691 2223 874 2260 gloriﬁcantes
893 2226 1006 2253 sanctis-

217 2267 316 2295 simum
339 2276 440 2296 nomen
456 2268 556 2298 Christi
581 2269 629 2298 Dei
655 2270 763 2298 nostri:
787 2271 917 2306 quoniam
941 2280 1004 2299 eum
1024 2261 1045 2287 θ

218 2312 298 2341 decet
311 2315 399 2343 omnis
422 2315 507 2352 gloria
520 2323 582 2344 eum
596 2316 676 2344 Patre
690 2317 818 2352 principii
839 2322 959 2359 experte,
976 2322 1006 2346 et

161 2378 171 2385 .
219 2364 313 2388 sancto
324 2360 437 2396 Spiritu,
449 2369 521 2395 nunc
529 2368 557 2391 et
567 2362 594 2390 in
609 2363 707 2393 saecula
721 2364 894 2394 saeculorum.
907 2365 1003 2393 Amen.

1035 292 1141 327 χαλινοί
1156 292 1205 327 μὲν
1230 292 1330 326 ἑαυτὴν
1357 292 1408 327 τῆς
1431 292 1529 326 ὁρμῆς,
1557 291 1708 318 ὺποκύπτει
1727 291 1755 318 δὲ
1766 293 1824 323 τοϊς

1036 338 1090 364 τῶν
1101 338 1181 364 ὁσίων
1191 337 1264 365 ποσί.
1275 338 1399 373 Τάραχος
1410 337 1438 364 δὲ
1446 337 1496 372 τὴν
1507 337 1588 371 ἁγίαν
1599 336 1722 368 ἐκτείνας
1733 338 1823 372 χεῖρα,

1036 384 1084 410 καὶ
1098 384 1137 418 πῆ
1157 384 1205 418 μὲν
1222 383 1275 409 τῶν
1302 383 1415 418 τριχῶν,
1442 383 1481 417 πῆ
1503 382 1531 408 δὲ
1553 382 1600 408 τοῦ
1616 382 1684 413 ὠτὸς
1710 382 1821 416 ἐκείνης

1036 429 1255 464 λαμϐανόμενος,
1276 426 1350 455 εἷλκε
1369 428 1437 464 πρὸς
1453 428 1590 463 interemi}
1612 428 1642 454 δὲ
1667 427 1718 463 τὴν
1749 427 1826 462 ἁφὴν
1846 455 1849 460 ἱ

1040 475 1154 511 ἡμέρως
1176 475 1214 507 ὡς
1242 475 1381 510 πρόὸατον
1406 474 1623 509 ἀποσεισαμένη,
1639 475 1685 500 καὶ
1700 475 1733 508 τῇ
1757 473 1842 508 οὐρα

1038 523 1260 558 προσδραμοῦσα,
1273 524 1336 554 τοὺς
1352 522 1461 553 ὀδόντας
1476 523 1536 553 ταῖς
1552 521 1639 548 σανίσι
1656 521 1824 555 προσέπηξε.

1039 570 1094 597 Καὶ
1109 569 1227 602 ἐξελθεῖν
1242 569 1379 601 ἐϐιάζετο,
1402 569 1450 601 καὶ
1469 569 1520 595 οὐκ
1533 568 1634 602 ἀνῆκεν
1652 568 1703 598 ἕως
1718 568 1732 593 ὁ
1743 567 1829 602 δῆμος

1039 616 1091 649 ἔξω
1107 616 1236 650 γενέσθαι
1250 616 1351 651 ταύτην
1364 616 1471 650 ἐϐόησε.
1487 615 1580 642 Ταῦτα
1604 615 1632 642 δὲ
1658 615 1751 649 μηδεὶς
1764 615 1828 641 ἀπι-

1041 662 1142 689 στείτω
1163 662 1210 689 καὶ
1231 662 1266 689 τὰ
1281 662 1387 693 τούτοις
1403 662 1494 696 ὃμοια.
1514 661 1563 696 τὴν
1582 660 1726 696 ἐπιστολὴν
1736 661 1830 694 ἀναγι-

1041 709 1164 742 νώσκων,
1186 709 1219 745 ἣν
1235 708 1375 735 ἐπέστειλε
1405 708 1553 743 Ῥωμαίοις
1567 709 1580 734 ὁ
1598 707 1729 741 Θεοφόρος
1748 706 1830 740 Ὶγνά-

1041 765 1056 783 τ
1069 765 1107 788 ος.
1124 755 1200 790 Ἔχει
1215 756 1268 790 γὰρ
1282 752 1333 782 ὦδὲ
1351 763 1409 786 πως
1428 762 1434 769 ·
1459 754 1583 788 Ὀναίνην
1593 753 1648 780 τῶν
1663 752 1765 787 θηρίων
1777 752 1832 779 τῶν

1042 804 1104 837 ἐμοὶ
1114 803 1241 836 ὲτοῖμων,
1254 802 1271 829 ᾱ
1281 802 1330 829 καὶ
1341 801 1468 837 εὔχομαι,
1479 800 1602 836 σύντομά
1613 809 1658 835 μοι
1667 800 1825 834 εὑρεθῆναι,

1043 847 1061 875 ἃ
1085 849 1131 875 iui.
1153 848 1292 874 κολακεύω
1318 847 1460 882 συντόμως
1499 855 1534 882 με
1563 846 1746 881 καταφαγεῖν.
1770 846 1832 872 Κᾶν

1044 893 1114 921 αὐτὰ
1130 894 1168 928 μὴ
1186 893 1263 928 θέλῃ,
1275 893 1330 928 ἐγὼ
1343 893 1370 920 δὲ
1384 892 1597 928 προσσιάσομαι.

1078 941 1130 968 IB'.
1152 940 1293 966 Ἐντεῦθεν
1307 941 1363 971 τοῖς
1376 939 1447 970 ὅλοις
1460 939 1474 965 ὁ
1490 939 1615 973 Μάξιμος
1630 938 1827 973 ὲξαπορηθεὶς,

1044 986 1091 1012 καὶ
1107 984 1151 1012 διὰ
1164 985 1273 1012 πάντων
1284 983 1442 1019 λάμποντας
1456 984 1501 1010 καὶ
1517 983 1743 1018 θαυμαζομένους
1760 981 1832 1017 ὁρῶν

1044 1033 1106 1064 τοὺς
1121 1032 1276 1067 μάρτυρας,
1286 1031 1333 1057 τὸν
1348 1031 1391 1057 διὰ
1405 1030 1498 1065 ξίφους
1509 1030 1600 1057 αὐτῶν
1609 1028 1831 1063 καταψηφίζεται

1047 1078 1173 1105 θάνατον.
1194 1076 1289 1103 οἱκαὶ
1313 1076 1408 1111 ὥσπερ
1422 1085 1448 1102 τι
1472 1076 1567 1111 χρῆμα
1583 1074 1764 1109 ποθούμενον,
1783 1074 1834 1109 τὴν

1046 1122 1208 1151 τελευταίαν
1235 1122 1338 1157 ταύτην
1361 1122 1452 1157 ψῆφον
1482 1120 1688 1155 ὑποδεξάμενοι,
1713 1120 1760 1147 καὶ
1783 1120 1835 1150 τὰς

1047 1170 1166 1205 κειραλὰς
1211 1169 1405 1204 ὶκτμηθὲντες,
1444 1168 1642 1203 στεφανηφόροι
1684 1166 1752 1201 πρὶς
1785 1165 1836 1201 τὴν

1047 1216 1136 1251 ἁληθῆ
1151 1215 1223 1251 ζωὴν
1238 1214 1443 1250 μεταϐαίνουσι,
1459 1213 1514 1239 τῶν
1536 1214 1586 1248 τῆς
1599 1212 1751 1243 ἀθανασίας
1767 1211 1835 1246 βρα-

1049 1262 1129 1288 ϐείων
1146 1261 1194 1292 καὶ
1218 1260 1268 1295 τῆς
1283 1259 1388 1286 ἐκεῖθεν
1407 1258 1608 1294 μακαριότητος
1623 1256 1834 1287 ἀπολαύσοντες.

1060 1307 1132 1334 Ἀλλ’
1148 1308 1161 1333 ὀ
1189 1307 1238 1341 μὲν
1264 1305 1400 1341 βάσκανος
1428 1305 1476 1331 καὶ
1505 1303 1677 1340 μιαρώτατος
1704 1302 1837 1336 δικαστὴς

1050 1353 1157 1389 φθονῶν
1176 1353 1241 1387 ἡμῖν
1257 1351 1311 1377 τῶν
1330 1351 1420 1385 ἁγίων
1438 1351 1584 1385 λειψάνων,
1599 1350 1634 1380 τα
1652 1348 1768 1383 σώματα
1783 1347 1837 1374 τῶν

1051 1399 1210 1436 μαρτύρων,
1229 1400 1285 1430 τοῖς
1303 1399 1379 1432 παρὰ
1406 1397 1462 1424 τῶν
1489 1396 1651 1430 μονομάχων
1669 1394 1836 1429 ἀναιρεοεῖσι

1052 1446 1176 1482 βεῦήλοις
1206 1445 1331 1480 ἀνέμιξε,
1352 1444 1528 1480 στρατιωτῶν
1544 1443 1636 1470 δεκάδι
1653 1441 1836 1477 φυλάττεσθαι

1051 1492 1136 1519 ταῦτα
1149 1492 1357 1527 διαταξᾶμενος.
1378 1490 1409 1517 '0
1435 1490 1464 1516 δὲ
1488 1489 1543 1515 τῶν
1569 1488 1729 1523 θαυμασίων
1756 1487 1835 1518 Θεὸς,

1052 1538 1105 1565 τῶν
1122 1538 1249 1572 φυλάκων
1272 1536 1468 1572 εὐωχουμένων
1485 1535 1532 1562 καὶ
1550 1535 1638 1570 πυρὰν
1651 1534 1700 1568 ἠδη
1719 1532 1839 1559 καυσάν-

1013 1592 1035 1622 c
1051 1593 1116 1616 των,
1127 1584 1238 1619 δμὸρων
1253 1582 1384 1617 ἐξαπίνης
1396 1582 1477 1617 φορᾷ,
1493 1581 1540 1608 καὶ
1554 1580 1640 1614 κλόνῳ
1654 1580 1705 1614 γῆς
1725 1576 1839 1612 ὲξουσὶῳ

1053 1630 1101 1665 τὴν
1120 1630 1169 1665 μὲν
1182 1629 1288 1661 ἔσϐεσε,
1305 1627 1368 1660 τοὺς
1383 1628 1411 1655 δὲ
1435 1627 1558 1662 φυγάδας
1577 1625 1712 1657 ἀπέδειξε,
1728 1623 1840 1651 καὶτῶν

1053 1676 1135 1702 ὁσίων
1159 1674 1295 1709 σωμάτων
1312 1674 1414 1708 ἀναμὶξ
1439 1676 1493 1706 τοῖς
1518 1674 1609 1704 ἄλλοις
1633 1671 1769 1707 κειμένων
1794 1671 1840 1696 καὶ

1053 1722 1244 1756 ἀγνοουμένων
1269 1721 1312 1747 διὰ
1337 1721 1367 1747 τὸ
1388 1721 1497 1753 σκότος,
1526 1720 1617 1755 ἀστὴρ
1643 1719 1794 1752 φανότατος
1809 1716 1841 1749 ἐξ

1053 1768 1169 1804 οὐρανοῦ
1199 1768 1336 1804 πρόσγεια
1357 1767 1486 1802 λάμπων,
1515 1767 1563 1793 καὶ
1584 1766 1627 1799 ἐφ’
1652 1765 1761 1799 ἑκάστῳ
1782 1762 1839 1790 τῶν

1055 1815 1191 1850 σωμάτων
1215 1815 1375 1849 ἱστάμενος,
1403 1813 1449 1840 τὶν
1483 1812 1640 1848 γνωρισμὸν
1667 1810 1840 1844 διεφώτιζεν,

1055 1864 1159 1890 ἐκεῖνον
1180 1862 1252 1896 τάχα
1279 1861 1326 1887 τδν
1359 1858 1644 1894 άστεραμιμοὺμενος,
1667 1856 1713 1882 τὸν
1737 1855 1782 1881 ἐπὶ
1807 1854 1841 1888 τῇ

1055 1909 1125 1936 κατὰ
1148 1908 1238 1944 σάρκα
1253 1907 1300 1934 τοῦ
1321 1905 1441 1942 Χριστοῦ
1460 1905 1587 1939 γεννήσει
1603 1903 1666 1934 τοὺς
1679 1902 1793 1935 Μάγους
1809 1901 1842 1926 ἐκ

1055 1955 1185 1990 Περσίδος
1197 1952 1420 1988 μετακαλέσαντά
1432 1960 1461 1978 τε
1485 1951 1533 1977 καὶ
1544 1950 1735 1985 ὀίἰηγήσαντα.⁴
1748 1947 1843 1973 Ταῦτα

1054 2001 1082 2028 δὲ
1106 2001 1221 2035 ὲγινετο,
1240 1999 1320 2026 τινῶν
1350 1999 1397 2025 ἐπὶ
1416 1997 1463 2024 τοῦ
1479 1997 1560 2032 ὅρους
1587 1995 1692 2022 πιστῶν
1707 1995 1748 2026 εἰς
1775 1994 1841 2026 γόνυ

1057 2046 1204 2073 κλιθέντων
1232 2045 1282 2072 καί
1308 2043 1485 2070 ἱκετευόντων
1511 2042 1557 2069 τὸν
1586 2041 1701 2076 Κύριον,
1730 2039 1767 2074 μὴ
1792 2038 1844 2073 τῆς

1056 2091 1162 2126 δωρεᾶς
1179 2091 1234 2117 τῶν
1259 2090 1346 2124 ἁγίων
1368 2089 1519 2124 ἀμοιρῆσαι
1537 2086 1639 2122 μελῶν,
1656 2086 1711 2112 τῶν
1733 2085 1783 2119 τῆς
1797 2083 1845 2110 σὺ·

1056 2137 1102 2164 τοῦ
1118 2137 1196 2172 δόξης
1210 2136 1305 2162 ἕνεκεν
1317 2133 1558 2170 ὑπερηθληκότων,
1576 2132 1594 2160 ἃ
1610 2133 1656 2159 καὶ
1671 2130 1844 2160 καταὸάντες

1056 2182 1201 2213 ἀνείλοντο,
1213 2180 1261 2207 καὶ
1272 2179 1374 2214 σπουδῇ
1387 2179 1470 2213 πολλῇ
1480 2178 1525 2205 διὰ
1536 2178 1582 2206 τὸν
1594 2177 1641 2204 τοῦ
1651 2176 1787 2212 ἡγεμόνος
1797 2174 1846 2209 φι-

1059 2227 1104 2254 ϐον
1115 2226 1162 2254 ἐπὶ
1173 2226 1220 2253 τοῦ
1231 2226 1310 2261 ὅρους
1323 2226 1352 2252 ἐν
1369 2224 1458 2260 πέτρᾳ.
1469 2224 1548 2259 κοίλῃ
1564 2222 1754 2258 κατέκρυψαν,
1767 2217 1845 2252 δοξά-

1060 2275 1151 2307 ζοντες
1159 2273 1348 2308 τδὺτιεράγιον
1369 2272 1457 2307 ὕνομα
1475 2269 1597 2307 Χριστοῦ
1609 2269 1657 2296 τοῦ
1675 2267 1742 2295 Θεοῦ
1754 2266 1844 2302 ἡμῶν,

1059 2321 1100 2347 ὅτι
1110 2319 1184 2354 αὐτῷ
1195 2318 1295 2354 πρέπει
1306 2319 1380 2345 πᾶσα
1390 2318 1455 2349 δόξα
1465 2317 1514 2344 σὺν
1522 2316 1561 2350 τῷ
1570 2315 1681 2350 ἀνάρχῳ
1693 2313 1782 2348 Πατρὶ
1796 2311 1845 2338 καὶ

1059 2365 1098 2400 τῷ
1127 2365 1197 2401 ἁγίῳ
1225 2364 1375 2399 Πνεύματι,
1398 2363 1446 2390 νῦν
1463 2363 1510 2390 καὶ
1534 2363 1574 2394 εἰς
1588 2361 1651 2393 τοὺς
1670 2359 1773 2391 αἰῶνας
1789 2358 1846 2384 τῶν

1061 2412 1178 2440 αῑὼνων.
1202 2411 1300 2447 Ἀμήν.
