2067 3150
179 199 248 240 tosi

729 210 818 241 VITA
838 211 868 240 Β.
890 210 1054 241 ΑΝΟΗΕ.·Ε
1078 212 1117 242 IN
1136 212 1251 243 CRlSl.

1743 216 1813 249 1082

331 385 458 462 DE
545 384 626 463 S.

716 385 1105 465 ANDREA
1183 385 1490 465 CRETE

1536 303 1792 320 Ἥ

1500 390 1652 467 NSI

825 525 945 557 DICTO
972 526 1025 557 IN
1044 526 1167 558 CRISI.

511 609 582 641 (Acta
593 610 636 635 SS.
654 610 765 636 llulland.
778 611 806 635 a.l
819 611 884 636 diem
900 611 930 636 20
942 611 1066 641 Octobris,
1083 611 1213 637 tom.VlIl.
1226 611 1364 643 Bruxellis,
1386 612 1466 643 l853.)

233 770 246 806 §
260 771 285 797 1.
299 769 393 796 Sancti
405 769 532 797 memoria
544 770 571 797 in
583 770 673 806 fastis,
686 769 781 798 Cultus
790 775 816 799 et
825 771 903 798 Acta.

176 815 324 844 l.Sanctus
339 815 474 849 Andreas,
493 821 596 851 martyr
618 816 788 851 (ipolitanus,
807 817 834 844 in
852 817 964 846 Oriente

168 863 315 898 plurimum
333 863 495 895 celebratus,
515 862 542 890 in
557 863 686 890 omnibus
701 871 778 898 paene
792 863 894 891 Graecis
923 864 964 891 fa-

168 910 219 936 stis
248 917 318 944 quos
338 909 466 941 vidimus,
482 909 561 937 modo
583 914 644 945 post
657 910 716 945 ejus
731 910 884 944 passionem
897 918 964 938 con-

166 955 263 989 scripti
291 954 405 986 fuerint,
439 955 586 987 recolitur;
603 963 654 983 nec
679 956 751 990 apud
779 963 826 983 eas
857 960 962 984 tantum

167 1007 272 1038 gentes,
288 1011 348 1037 qua:
364 1001 459 1030 Graeca
474 1003 566 1039 lingua
582 1003 646 1031 olim
659 1012 715 1032 usae
730 1009 794 1032 sunt
816 1010 864 1032 aut
878 1011 962 1034 utun-

168 1053 220 1081 tur,
234 1049 281 1076 sed
304 1049 386 1076 etiam
404 1049 475 1084 apud
498 1049 634 1083 Moschos,
652 1051 794 1079 Ruthcnos
809 1052 961 1080 etMelchi-

166 1099 207 1121 tas
229 1094 426 1125 Antiochenos.
443 1094 616 1122 Kalendariis
640 1096 835 1124 ecclesiasticis
857 1098 962 1125 adscri-

163 1145 228 1174 ptus
257 1144 311 1167 est.
338 1139 367 1167 In
394 1141 595 1175 antiquissimis
618 1146 710 1168 autem
739 1142 891 1178 Eclogadiis
911 1151 959 1171 seu

163 1185 405 1221 Mcnologiis.qu:e
416 1187 557 1214 codicibus
573 1187 639 1215 Novi
658 1188 828 1216 Testamenti
844 1190 959 1225 alllgun-

163 1234 208 1258 tur
228 1236 256 1258 et
272 1232 343 1259 nuda
358 1233 469 1260 nomina
483 1232 645 1260 Sanctorum
666 1235 869 1263 exhibentcum
888 1236 960 1263 iridi-

161 1278 271 1305 cntione
287 1278 434 1305 lectionum
457 1279 483 1305 in
505 1286 599 1306 eorum
625 1279 696 1307 festo
717 1281 956 1315 instituendarum,-

162 1322 191 1350 S.
206 1323 328 1351 Andreas
343 1325 369 1351 in
379 1323 449 1351 Crisi
468 1332 500 1351 eo
515 1325 575 1359 ipso
592 1324 636 1351 die
649 1326 839 1359 annuntiatur,
857 1335 911 1361 quo
929 1328 957 1354 in

162 1369 235 1397 Actis
250 1371 351 1398 nostris
364 1370 465 1398 obiisse
481 1370 579 1402 l'ertur,
594 1378 628 1398 xx
643 1379 740 1406 nempe
755 1371 890 1401 Octobris.
904 1373 958 1400 Hu-

160 1415 276 1451 iusmodi
305 1421 368 1444 sunt
395 1416 547 1452 Menologia
566 1418 762 1454 Hierosolymis
787 1423 813 1446 et
839 1419 954 1455 Calipoli

159 1462 259 1490 saeculo
277 1462 385 1490 decimo
401 1464 566 1499 conscripta,
577 1465 670 1499 judice
696 1465 764 1500 Aug.
779 1465 889 1499 Scholz,
906 1466 952 1501 qui

158 1515 190 1535 ea
206 1509 233 1535 in
247 1509 335 1536 lucem
355 1510 398 1537 edi
418 1511 525 1538 curavit
540 1512 588 1545 (l),
605 1511 668 1539 dein
683 1511 866 1546 Menologiutn
879 1512 953 1540 aliud

159 1555 251 1583 saeculi
276 1564 313 1588 xl,
331 1557 402 1591 quod
419 1565 434 1584 a
452 1557 641 1592 Mingharellio
656 1559 794 1593 vulgatum
811 1563 854 1586 est
868 1559 906 1594 (2)
925 1564 953 1588 et

159 1601 291 1630 Sanctum
307 1608 431 1630 nostrum
449 1603 546 1632 iisdem
571 1605 684 1633 omnino
703 1605 793 1634 verbis
808 1606 953 1634 annuntiat

157 1656 191 1676 ac
219 1649 274 1676 duo
299 1650 503 1684 praecedentia:
530 1652 568 1686 Τῇ
595 1652 663 1687 αὐτῇ
687 1653 778 1688 ἡμέρᾳ
801 1652 850 1679 τοῦ
870 1653 951 1687 ἁγίου

157 1696 359 1731 ὀσιομάρτυρος
382 1697 510 1732 Ἀνδρέου
538 1698 587 1733 τῆς
614 1699 758 1734 Κρίσεως;
786 1699 883 1726 eadem
906 1699 951 1727 die

157 1741 202 1776 (xx
218 1742 352 1775 Octobris)
390 1743 476 1771 sancti
501 1744 628 1771 monachi
660 1745 734 1777 (nam
759 1745 834 1777 ὅσιος
855 1752 951 1772 mona-

156 1788 236 1815 chum
258 1788 393 1824 designat)
418 1793 446 1816 et
477 1790 604 1825 martyris
625 1791 741 1818 Andreae
758 1798 775 1818 ι
797 1791 879 1820 Crisi.
908 1792 950 1819 Ad

155 1835 282 1862 eumdem
295 1835 367 1862 diem
380 1842 413 1862 xx
434 1843 497 1862 eum
513 1835 639 1862 similiter
651 1837 774 1864 referunt
787 1837 886 1865 Menaea
903 1845 945 1865 vc-

155 1885 314 1916 tusta,qna2
345 1881 490 1909 Mediolani
517 1881 544 1908 in
568 1881 735 1909 Bibliotheca
757 1883 948 1916 Ambrosiana,

155 1928 182 1955 in
200 1928 362 1955 ’l‘aurinensi
380 1929 462 1955 etiam
479 1932 507 1955 et
530 1927 652 1955 Parisina
669 1933 859 1960 asservantur.
874 1934 902 1956 et
916 1937 949 1956 ex

154 1974 255 2009 quibus
269 1974 333 2001 olim
351 1973 533 2009 llagiographi
557 1974 773 2009 Antverpienses
792 1974 878 2002 multa
900 1974 949 2010 Sy-

154 2020 286 2052 naxaria,
316 2027 364 2047 seu
395 2020 517 2048 Vitarum
548 2020 709 2055 compendia
741 2026 947 2055 excerpserunt.

153 2066 281 2095 Attamen
294 2074 356 2094 cum
373 2067 467 2094 eadem
483 2067 527 2094 die
549 2075 581 2094 xx
599 2066 725 2094 Octobris
750 2067 883 2094 memoria
900 2067 949 2095 tie-

153 2119 195 2141 ret
210 2113 322 2141 alterius
342 2114 414 2149 apud
438 2114 548 2158 graecos
563 2114 680 2141 maxime
700 2114 830 2142 celebrati
848 2119 949 2150 marty—
963 2131 985 2161 ο

153 2159 191 2187 ris
217 2167 317 2195 nempe
344 2159 458 2187 Artemii
480 2160 569 2194 ducis,
603 2160 686 2196 coepit
709 2160 808 2188 festum
836 2160 866 2189 S.
889 2161 947 2188 An-

152 2206 231 2234 drcte
242 2205 385 2234 transferri
404 2206 437 2234 ad
453 2215 509 2238 xix,
525 2215 580 2241 quo
605 2207 650 2234 die
666 2208 786 2235 occurrit
803 2207 830 2234 in
856 2207 946 2236 omni-

151 2251 204 2280 bus
228 2252 349 2288 antiquis
373 2253 580 2288 exemplaribus
601 2254 772 2282 collectionis
795 2253 949 2289 Metaphra—

151 2299 236 2327 stic-ae.
252 2298 281 2326 ld
304 2298 480 2326 manifestum
502 2304 544 2327 est
567 2307 598 2328 ex
624 2299 800 2328 Bibliotheca;
817 2300 949 2328 Parisinat

151 2345 293 2372 codicibus
308 2345 377 2372 bene
394 2345 487 2373 multis
503 2346 553 2381 (5),
566 2354 599 2374 ex
619 2347 714 2375 codice
727 2346 859 2374 historico
877 2347 908 2373 l7
920 2349 948 2374 et

152 2390 185 2417 18
200 2390 376 2419 Bibliotheca
390 2392 614 2421 Vindobonensis
624 2394 661 2428 (4)
679 2399 707 2420 et
719 2392 862 2428 permultis
875 2393 946 2426 aliis,

150 2441 183 2461 ex
201 2434 374 2469 Syuaxarista
392 2437 510 2471 denique
526 2436 665 2465 Sirmondi
682 2438 872 2473 nostri,quem
886 2438 947 2466 Bol-

140 2480 270 2512 ,landiani
295 2482 361 2509 socii
385 2490 417 2509 ex
436 2483 549 2518 collegio
563 2483 778 2512 Claromontano
799 2485 945 2513 Parisiensi

150 2526 214 2553 olim
230 2528 442 2555 cxscribendum
456 2534 633 2564 acceperttnt.

185 2572 212 2599 Ξ.
233 2572 286 2600 Sed
305 2573 363 2602 hmc
386 2574 501 2601 mutatio
522 2582 576 2602 non
591 2575 721 2610 perstitit,
740 2580 768 2603 et
792 2576 890 2605 iterum
913 2576 942 2604 S.

149 2617 272 2646 Andreas
294 2619 327 2646 ad
355 2616 409 2646 xvri
431 2619 557 2647 Octobris
581 2620 729 2647 translatus
751 2625 804 2652 est.
820 2628 875 2655 quo
899 2621 943 2648 die

149 2662 234 2692 Oseas
250 2665 382 2700 propheta
399 2669 427 2693 et
439 2665 490 2693 SS.
506 2665 619 2694 Cosmas
636 2670 664 2693 et
689 2666 836 2694 Damianus
848 2674 944 2702 quam-

150 2755 230 2818 isgls
243 2755 280 2818 ll):
292 2755 458 2818 8Mcnologiis
471 2756 587 2783 duorum
602 2756 726 2784 codicum
740 2756 828 2784 Graec.
845 2756 946 2784 Bonum
963 2759 984 2786 ι)

184 2799 353 2860 ῗῖῒβρίςάῗίέεὸ
366 2825 526 2856 Naniorum.
547 2834 572 2860 ιι.
587 2826 650 2854 569.

186 2861 223 2894 (5)
242 2861 328 2888 Catal.
350 2861 438 2888 Codd.
462 2860 525 2888 Mss.
550 2862 619 2889 Bibl.
639 2861 736 2894 Paris.,
753 2865 771 2888 t.
799 2862 834 2895 II,
853 2861 940 2890 Codd.

151 2894 229 2925 1180,
249 2896 326 2929 1484,
343 2896 421 2928 H95,
435 2900 488 2923 etc.

185 2929 223 2965 (1)
242 2930 413 2965 Lambecius,
436 2931 634 2967 Comment-an,
650 2937 716 2967 etc.,
743 2938 761 2961 t.
779 2932 854 2967 Vlll,
871 2934 938 2963 Cod.

982 771 1007 801 Α
1021 770 1062 798 vis
1077 775 1274 801 memorentur.
1298 770 1388 798 locum
1404 775 1495 798 tamen
1511 771 1539 800 in
1558 771 1640 799 modo
1660 772 1750 801 allatis
1765 780 1813 801 co-

1016 817 1123 845 dicibus
1135 817 1207 852 apud
1223 816 1433 851 Metaphrastem
1450 825 1505 845 non
1521 817 1657 846 obtinent.
1676 818 1734 851 Qua
1748 826 1814 847 vero

1015 867 1096 890 aetate
1119 863 1179 890 dies
1198 862 1289 890 cultus
1310 862 1346 889 ita
1372 867 1493 893 mutatus
1515 865 1551 890 sit
1567 871 1622 890 non
1649 863 1719 892 bene
1734 864 1813 893 nobis

1015 913 1139 942 constat;
1164 909 1341 936 collectiones
1366 914 1456 936 tamen
1484 909 1702 944 Metaphrasticae
1719 910 1810 938 saeculi

1015 963 1062 987 xm
1079 959 1107 983 et
1126 963 1169 982 xtv
1184 955 1257 983 diem
1275 963 1318 982 xix
1336 955 1485 986 retinuere,
1498 960 1525 982 et
1541 955 1658 990 primum
1675 956 1734 984 dies
1747 965 1811 990 xvu,

1013 1006 1145 1037 quantum
1173 1002 1200 1029 id
1223 1002 1332 1036 assequi
1357 1002 1505 1036 potuitnus,
1523 1007 1637 1036 apparet
1668 1002 1695 1029 in
1717 1003 1812 1031 codice

1013 1049 1104 1076 saeculi
1121 1056 1166 1080 xv,
1183 1048 1228 1082 qui
1241 1052 1331 1075 exstat
1347 1048 1374 1075 in
1393 1048 1562 1076 Bibliotheca
1583 1048 1705 1075 Parisina
1723 1054 1750 1076 et
1772 1049 1812 1076 si-

1012 1098 1111 1129 gnatur
1130 1098 1159 1120 n"
1174 1093 1254 1121 1558.
1275 1094 1305 1120 In
1323 1093 1478 1129 Menologio
1493 1095 1595 1127 Sirleti,
1621 1095 1693 1129 quod
1711 1103 1811 1130 perpe-

1012 1148 1070 1167 ram
1086 1139 1187 1168 sazculo
1200 1148 1225 1167 xt
1253 1144 1300 1167 aut
1313 1147 1348 1167 xu
1365 1139 1552 1174 conscriptum
1577 1147 1639 1168 esse
1660 1140 1810 1175 Basnagias

1010 1186 1122 1220 coniicit
1133 1186 1182 1220 (5),
1201 1185 1337 1220 siquidem
1362 1193 1435 1213 mera
1452 1186 1610 1221 compilatio
1623 1191 1665 1214 est
1678 1194 1692 1213 a
1709 1186 1809 1214 Sirleto

1009 1239 1043 1260 ex
1074 1231 1185 1259 Menaeis
1215 1231 1326 1259 excusis
1354 1236 1401 1258 aut
1429 1233 1622 1267 manuscriptis
1652 1237 1808 1268 desumpta,

1009 1279 1174 1312 quandoque
1187 1285 1271 1312 opera
1292 1278 1360 1305 satis
1374 1278 1426 1305 levi
1444 1278 1492 1314 (ϐ),
1510 1279 1583 1313 quod
1602 1278 1749 1306 Baronium
1768 1279 1808 1307 la-

1010 1324 1094 1351 tuisse
1110 1323 1220 1351 videtur
1233 1323 1284 1358 (7),
1301 1324 1326 1350 in
1354 1324 1406 1352 hoc
1425 1324 1588 1359 Mcnologio.
1607 1325 1731 1359 inquam,
1748 1325 1808 1353 dies

1008 1370 1103 1398 itidem
1120 1378 1175 1398 λνιι
1197 1371 1225 1398 S.
1244 1370 1362 1398 Andreas
1386 1371 1551 1406 assignatur.
1570 1371 1598 1398 ιιι
1616 1371 1807 1406 Ephetneridi-

1007 1418 1060 1445 bus
1074 1418 1322 1452 Graeco-Moschis,
1345 1418 1372 1446 in
1391 1418 1502 1446 Tabulis
1523 1419 1709 1454 Capponianis
1731 1426 1759 1448 ct
1779 1421 1806 1448 in

969 1449 1116 1492 BMenmis
1140 1466 1249 1493 excusis
1273 1469 1434 1493 constanter
1452 1466 1486 1493 ad
1509 1466 1580 1493 diem
1606 1475 1660 1494 xvii
1687 1467 1807 1494 Sanctus

1007 1515 1100 1537 noster
1137 1510 1268 1543 refertur,
1303 1511 1377 1538 unde
1412 1512 1494 1539 etiam
1525 1512 1558 1539 ad
1583 1511 1806 1548 Martyrologium

1006 1555 1161 1583 Rornanum
1187 1564 1220 1584 eo
1246 1557 1291 1584 die
1316 1557 1470 1584 devenerit.
1503 1558 1532 1584 ln
1570 1557 1682 1585 Tabulis
1714 1558 1806 1593 itaque

1004 1602 1201 1638 Capponiauis,
1221 1603 1266 1630 ubi
1282 1602 1310 1630 S.
1334 1604 1457 1630 Andreas
1477 1603 1568 1631 loculo
1593 1603 1674 1631 tertio
1701 1605 1806 1632 mensis

1005 1648 1130 1681 Octobris
1154 1648 1267 1676 ultimus
1293 1649 1383 1684 prodit
1408 1649 1458 1684 (8),
1481 1649 1533 1677 sub
1559 1650 1653 1677 habitu
1677 1651 1805 1678 monachi

1005 1698 1160 1729 comparet.
1176 1694 1299 1729 itemque
1323 1695 1351 1722 in
1367 1694 1603 1730 Papebrochinnis
1624 1705 1632 1729 ;
1648 1705 1805 1731 quanquam

1004 1741 1079 1769 enim
1101 1741 1178 1769 stola
1198 1741 1320 1776 speciem
1343 1741 1426 1769 habet
1440 1749 1455 1769 e
1472 1742 1543 1769 collo
1559 1742 1735 1777 pendentem,
1750 1749 1804 1770 non

1004 1788 1066 1816 ideo
1081 1796 1143 1816 cum
1165 1788 1317 1816 Assemano
1332 1793 1361 1815 ut
1377 1788 1569 1824 presbyterum
1595 1796 1657 1816 eum
1673 1789 1804 1816 vestitum

1003 1834 1138 1867 dicemus,
1153 1842 1215 1861 cum
1233 1842 1330 1862 omnes
1349 1835 1472 1862 monachi
1490 1839 1517 1862 et
1537 1835 1658 1862 eremitaa
1668 1835 1703 1862 ita
1719 1834 1805 1870 prod-

1004 1885 1078 1911 eant.
1100 1886 1129 1907 et
1157 1881 1280 1914 quidem.
1311 1887 1340 1908 ut
1363 1880 1392 1908 S.
1409 1881 1542 1912 Andreas.
1560 1882 1672 1910 dextera
1691 1882 1805 1909 benedi-

1003 1933 1067 1953 cere
1080 1926 1237 1953 vidcantur.
1255 1928 1318 1954 Haec
1342 1927 1472 1955 distincte
1493 1928 1568 1954 cerni
1594 1933 1708 1962 possunt
1730 1929 1803 1963 apud

1004 1970 1220 2006 Papebrochium
1229 1971 1278 2006 (9),
1295 1972 1340 2006 qui
1357 1972 1490 2006 imagines
1502 1973 1647 2008 diligenter
1658 1974 1707 2002 teri
1719 1974 1802 2002 incidi

1003 2017 1108 2044 curavit
1124 2021 1152 2045 et
1163 2017 1197 2044 de
1210 2024 1305 2044 eorum
1320 2017 1426 2053 origine
1441 2023 1469 2045 et
1485 2026 1534 2045 usu
1547 2019 1679 2046 nonnulla
1692 2020 1800 2046 curiosa

1002 2063 1132 2098 praefatus
1146 2068 1204 2097 est;
1219 2071 1314 2091 verum
1329 2064 1513 2099 Capponiana:
1527 2065 1662 2100 imagines
1680 2069 1733 2092 tam
1750 2073 1801 2092 ne-

1002 2110 1137 2145 gligenter
1151 2118 1223 2138 custe
1238 2117 1303 2138 sunt
1321 2116 1351 2138 ut
1365 2119 1409 2138 vix
1422 2111 1571 2146 quidquam
1584 2111 1611 2138 in
1632 2111 1665 2138 iis
1681 2111 1799 2139 discerni

1002 2157 1098 2192 possit.
1113 2156 1207 2192 Neque
1231 2162 1322 2185 tamen
1347 2163 1491 2193 propterea
1515 2158 1537 2185 is
1555 2158 1614 2185 illas
1631 2166 1645 2185 a
1667 2158 1746 2185 nobis
1771 2158 1799 2185 in

1002 2204 1132 2231 omnibus
1150 2204 1270 2240 βικρυηί
1293 2204 1427 2240 quispiam
1444 2204 1594 2236 existimet,
1613 2212 1676 2232 cum
1688 2212 1798 2232 errores

1002 2251 1073 2279 bene
1092 2251 1193 2278 multos
1217 2251 1243 2278 in
1271 2252 1328 2278 suis
1345 2251 1458 2278 Tabulis
1478 2251 1693 2285 deprehenderit
1710 2251 1798 2286 Pape-

1003 2298 1144 2330 brochius,
1164 2297 1209 2325 ubi
1229 2297 1414 2332 Capponianaa
1429 2290 1564 2324 accurate‘
1575 2305 1626 2324 sua
1640 2296 1786 2332 proferunt

996 2343 1098 2371 lterum
1127 2343 1218 2378 prodit
1244 2343 1273 2370 S.
1292 2343 1416 2370 Andreas
1440 2341 1467 2369 in
1490 2342 1622 2377 diptyeho
1651 2342 1797 2376 Cpolitano

996 2390 1071 2425 quod
1094 2389 1297 2424 Papebrochius
1315 2388 1619 2424 Ephemoridibussuis
1634 2389 1752 2424 subjecit
1769 2393 1798 2416 et

995 2436 1043 2464 teri
1061 2436 1144 2464 incidi
1162 2436 1226 2464 item
1241 2435 1362 2467 curavit;
1381 2435 1417 2462 ibi
1434 2439 1526 2463 autem
1539 2443 1601 2463 cum
1621 2435 1716 2463 Sancti
1733 2439 1795 2464 tan-

995 2487 1052 2510 tum
1066 2482 1245 2518 quadraginta
1254 2482 1332 2517 Cpoli
1347 2481 1513 2510 colebriores
1521 2486 1729 2513 reCenseantur,
1744 2488 1794 2516 pa-

1000 2533 1037 2557 tet
1058 2533 1161 2564 quanto
1185 2529 1289 2556 honore
1316 2533 1468 2564 martyrem
1493 2527 1570 2555 illum
1593 2527 1682 2556 Graeci
1699 2535 1794 2562 prose-

998 2580 1127 2611 quantur.
1140 2576 1273 2603 Prazterea
1290 2575 1318 2602 in
1336 2574 1493 2610 Syuaxariis
1510 2574 1575 2601 Mss.
1591 2573 1753 2603 Rutbenicis
1765 2576 1794 2602 et

998 2622 1117 2650 Moschis
1132 2630 1193 2657 quae
1206 2622 1235 2650 P.
1251 2622 1334 2650 David
1351 2621 1381 2649 3.
1393 2621 1419 2649 J.
1433 2629 1506 2649 anno
1524 2620 1593 2648 1688
1608 2625 1636 2648 et
1648 2620 1749 2649 Comes
1758 2619 1792 2646 de

998 2667 1184 2703 Sparwenfeld
1199 2676 1272 2695 anno
1295 2668 1364 2696 1112
1381 2667 1414 2695 ad
1437 2665 1646 2702 llagiographos
1662 2664 1791 2692 transmi-

998 2757 1050 2784 5511
1067 2761 1097 2792 et
1108 2764 1185 2792 seqq.

1037 2793 1074 2827 (Ξὶ)
1089 2788 1233 2819 Lectiones
1247 2791 1381 2827 antiant.
1401 2790 1446 2824 lll,
1464 2795 1531 2825 part.
1551 2797 1570 2823 ι,
1586 2798 1613 2825 p.
1631 2788 1693 2816 480.

1034 2826 1071 2862 (6)
1088 2827 1119 2855 T.
1140 2827 1172 2854 lll
1190 2828 1261 2859 Maii,
1283 2836 1313 2862 ιιι
1328 2826 1372 2854 69.

1033 2861 1070 2898 (7)
1091 2863 1158 2895 Ibid,
1174 2867 1201 2890 et
1217 2867 1236 2890 t.
1255 2862 1275 2889 ll
1292 2861 1391 2893 Martii,
1409 2862 1517 2898 p.609,
1533 2866 1587 2898 etc.

1031 2895 1070 2932 (8)
1086 2898 1230 2925 Kalcndar.
1251 2898 1344 2925 Eccles
1359 2916 1365 2928 .
1388 2895 1415 2924 ιζ
1426 2897 1456 2928 ν,
1476 2905 1501 2931 p.
1513 2896 1566 2924 216
1580 2901 1606 2924 el
1619 2895 1680 2924 504.

1032 2935 1071 2969 (9)
1090 2933 1120 2961 T.
1141 2933 1160 2966 l,
1184 2933 1256 2965 Maii,
1274 2941 1300 2967 p.
1319 2941 1390 2965 XLVI,
1409 2940 1440 2959 ιλ
1457 2938 1483 2960 ct
1498 2941 1523 2967 p.
1538 2940 1566 2959 tt.
