2067 3150
254 205 321 237 1083

252 269 323 293 sere,
346 260 375 288 S.
400 260 523 289 Andreas
550 261 677 290 similiter
702 270 778 292 suam
801 263 1039 292 annuntiationem
1055 262 1077 291 A

207 339 211 341 ἓ
252 308 368 340 obtinet,
381 309 425 336 die
439 308 530 336 itidem
550 317 604 336 xvtt
622 308 760 337 Octobris.
919 311 923 314 ’

286 355 313 381 ὅ.
332 354 381 382 Hic
399 356 568 389 praetermitti
592 363 646 383 non
662 355 744 384 debet
762 356 940 392 Papebrochii
954 357 1043 384 Tabu-

253 401 292 428 las
316 409 465 436 earumque
484 402 692 436 explicationes,
707 404 734 430 in
757 404 951 439 Supplemento
968 403 1042 431 The-

253 447 326 474 sauri
350 447 461 474 Gorianl
488 447 681 484 Diptychorum
707 454 847 478 mutuatas
865 457 926 478 esse
949 450 1040 483 modo,

253 497 282 519 ut
293 493 433 520 lenissime
447 493 632 526 dieam,valde
647 495 788 529 singulari.
799 496 941 524 Passerius
956 496 1040 528 enim,

253 539 298 573 qui
324 539 454 573 praeclaro
471 539 534 566 huic
556 539 630 574 operi
646 545 752 575 partem
776 545 900 575 quartam
916 549 945 569 se
969 542 1043 576 adje-

252 585 324 612 cisse
352 590 476 616 testatur,
499 586 538 612 ait
562 593 593 613 se
616 585 738 620 Diptyehi
761 586 894 620 Cpolitani
917 591 1041 623 ectypum

252 636 428 658 consecutum
438 631 504 666 (10),
519 636 543 658 at
555 639 615 658 cum
629 639 660 659 ex
672 631 848 660 Bollandiano
860 641 943 668 opere
953 634 1042 660 lumen

252 681 395 711 quareret,
416 677 526 704 nomina
545 678 629 704 multa
650 678 813 706 Sanctorum
831 680 931 706 omissa
947 687 976 707 se
995 680 1042 706 ad-

252 724 368 750 vertisse
395 728 544 755 asseverat,
561 723 613 751 alia
636 724 807 759 perturbata,
827 725 1043 752 Commentarios

253 768 318 795 item
334 768 409 795 nullo
426 769 521 796 ordine
538 770 719 805 conscriptos,
737 770 773 797 ita
788 775 818 797 ut
832 778 887 797 non
901 771 927 797 in
941 771 1042 803 lumen,

253 813 301 840 sed
319 813 345 840 in
368 815 511 849 caliginem
535 815 652 847 irruens,
670 816 728 851 ipse
744 824 792 852 per
808 824 837 844 se
853 817 942 844 omnia
960 817 1044 844 extri-

253 867 316 887 care
338 860 472 888 debuerit.
491 861 572 896 Atqui
596 870 630 889 ex
653 862 694 889 his
714 863 852 895 omnibus,
865 871 900 891 ne
915 871 967 890 una
986 864 1044 898 qui-

252 905 315 932 dem
336 907 454 934 assertio
483 915 546 934 vero
583 907 705 942 proxima
735 914 788 940 est,
816 917 866 937 nec
894 910 1042 945 quidquam

252 953 410 980 emendavit
425 952 469 980 ille
485 955 604 988 scriptor
617 959 663 982 aut
676 960 792 990 ectypon
808 962 976 983 consecutus
989 962 1041 990 est,

253 997 300 1025 sed
316 998 417 1034 effigies
440 999 675 1034 Papcbrocbianas
694 1006 810 1028 conatus
831 1002 944 1033 referre,
967 1010 1043 1029 erro-

253 1051 297 1071 res
311 1052 364 1072 non
379 1045 453 1072 leves
467 1046 586 1073 admisit.
597 1046 726 1074 Testatur
739 1047 812 1074 enim
829 1047 1042 1082 Papebrochius,

252 1091 413 1124 cunﬁtotutn
430 1091 580 1125 Diptychon
601 1093 697 1127 pagina
713 1100 812 1127 capere
827 1100 881 1120 non
898 1098 1000 1128 posset.
1013 1102 1043 1121 se

252 1135 384 1164 artiﬁcem
406 1144 515 1172 rogasse
533 1142 562 1165 ut
577 1138 669 1165 icones
685 1139 731 1166 aeri
749 1139 935 1166 inciderentur
947 1139 1043 1166 ordine

252 1183 348 1210 leviter
373 1183 537 1217 immutate;
554 1184 601 1211 sed
627 1192 702 1216 eum,
720 1185 904 1219 postulatione.
920 1193 974 1212 non
993 1187 1043 1213 rite

253 1228 404 1261 intellecta,
423 1230 575 1264 plusculum
596 1238 610 1256 a
628 1238 690 1257 vera
716 1230 840 1266 Diptychi
866 1231 1044 1266 dispositione

252 1274 413 1308 aberrasse;
433 1283 512 1309 qttam
537 1280 626 1302 tamen
653 1275 866 1309 Papebroeltius,
883 1277 947 1303 dum
974 1276 1042 1304 San-

251 1325 358 1350 ctorum
376 1321 488 1348 nomina
502 1322 627 1355 (nitidius
640 1322 726 1348 multo
744 1322 770 1348 in
789 1327 885 1357 ectypo
899 1330 949 1349 suo
961 1331 1042 1358 quam

253 1368 281 1396 in
303 1366 423 1394 Goriano
450 1366 642 1401 supplemento
670 1367 805 1402 prolata),
834 1367 1045 1396 Commentariis

252 1413 410 1446 illustravit,
429 1415 462 1440 ad
489 1415 604 1449 rigorem
633 1419 743 1441 secutus
765 1420 807 1441 est
825 1415 892 1449 (ll).
909 1414 936 1442 Si
963 1415 1044 1450 igitur

249 1465 368 1495 ectypon
384 1459 522 1486 habuisset
539 1459 656 1494 scriptor
680 1460 736 1491 ille.
755 1460 902 1495 sculptoris
919 1461 1043 1494 spltalma

251 1513 305 1533 non
319 1511 414 1533 exacte
437 1505 586 1538 retulisset,
604 1514 692 1540 neque
708 1506 753 1533 ubi
768 1505 971 1541 Papebrochius
985 1507 1045 1534 Tri-

251 1552 343 1588 τινοὴί
358 1552 460 1580 Moschi
477 1559 586 1587 capsam
600 1553 722 1585 rescidit,
733 1553 798 1587 quia
810 1561 870 1580 eam
887 1553 986 1580 iterum
998 1562 1045 1588 pa-

886 205 1027 237 MENSIS
1045 203 1232 235 OCTOBER.

1813 199 1884 232 ιιει

1091 260 1251 288 Cretensem
1259 263 1382 286 nostrum
1397 257 1543 286 ostendere
1559 256 1677 284 conabor
1693 255 1808 283 inferius
1821 255 1835 291 §
1855 263 1886 281 ιι.

1093 306 1180 340 Atque
1193 305 1239 333 hic
1256 309 1362 332 tantum
1388 302 1488 331 notabo
1511 302 1568 329 haec
1586 309 1684 336 pauca.
1706 300 1806 328 Passus
1823 301 1885 335 qui-

1092 352 1154 379 dem
1180 356 1222 379 est
1247 351 1275 378 S.
1294 350 1449 386 Stephanus
1464 357 1547 376 xxvnt
1572 347 1743 378 Novembris.
1758 347 1805 375 sed
1823 355 1885 374 eum

1093 398 1127 425 sit
1148 398 1303 433 praecipuus
1332 395 1531 431 persecutionis
1560 393 1787 430 Copronymianaa
1812 401 1887 420 mar-

1094 448 1145 479 tyr,
1173 444 1206 471 iis
1231 443 1328 471 diebus
1353 442 1452 477 quibus
1476 441 1520 468 alii
1548 441 1670 475 ejusdem
1689 440 1887 475 persecutionis

1093 495 1226 525 martyres
1243 489 1455 518 annuntiantur.
1474 494 1547 522 szepe
1561 487 1619 522 ipse
1630 487 1711 513 simul
1734 490 1885 520 comparet.

1093 535 1303 570 Conjunguntur
1339 535 1430 569 itaque
1463 533 1620 567 frequenter
1652 531 1680 559 S.
1717 531 1885 566 Stephanus,

1093 581 1122 609 S.
1139 582 1273 611 Andreas.
1287 581 1316 609 S.
1332 582 1430 608 Petrus
1444 585 1472 608 et
1489 580 1518 607 S.
1533 580 1633 607 Paulus
1647 580 1698 606 sub
1716 579 1887 614 Copronymo

1096 628 1180 663 passi,
1197 634 1354 662 quanquam
1374 626 1456 654 simul
1469 626 1501 653 ad
1515 626 1686 660 martyrium.
1703 629 1732 652 ut
1746 633 1777 652 ex
1794 625 1888 660 singu-

1098 673 1185 700 lorum
1210 673 1286 700 Actis
1306 677 1389 707 patet.
1416 680 1471 699 non
1496 676 1699 707 processerunt.
1722 671 1751 697 In
1776 671 1886 698 Menaeis

1095 720 1158 747 Mss.
1176 719 1364 747 Ambrosianis
1385 726 1433 746 seu
1452 718 1700 746 Mediolanensibus
1722 719 1749 744 hi
1771 723 1888 752 quatuor

1094 765 1144 792 SS.
1166 769 1298 801 martyres
1323 766 1404 792 simul
1424 765 1532 793 colendi
1553 765 1727 798 assignantur
1744 772 1777 791 xx
1804 764 1888 791 Octo-

1095 810 1169 842 bris;
1182 811 1245 838 dein
1264 810 1294 838 S.
1310 810 1426 838 Andreae
1455 811 1482 837 in
1501 810 1570 837 Crisi
1590 810 1781 845 Synaxarium,
1798 810 1823 836 id
1847 814 1889 836 est

1095 856 1187 884 brevis
1201 857 1263 884 vitae
1283 860 1311 884 et
1329 856 1465 891 passionis
1479 856 1592 883 historia
1608 856 1793 890 subiungitur.
1813 855 1889 882 Idem

1095 901 1122 929 in
1140 902 1201 930 aliis
1215 902 1326 930 Menmis
1346 901 1411 929 Mss.
1428 907 1458 929 ut
1479 902 1505 929 in
1529 901 1623 929 codice
1639 902 1756 936 quodam
1774 900 1889 928 Malari-

1095 956 1154 976 nteo
1178 957 1232 982 quo
1254 957 1325 984 saepe
1348 949 1509 976 decesseres
1529 948 1616 976 nostri
1641 947 1690 975 usi~
1707 952 1781 979 sunt.
1796 947 1890 975 videre

1093 998 1146 1021 est.
1160 992 1336 1028 Synaxarinm
1350 998 1442 1021 autem
1459 993 1669 1024 Mediolanense,
1682 994 1810 1027 quoniam
1818 1000 1890 1019 non.

1094 1040 1162 1067 nihil
1185 1040 1277 1067 ditrert
1290 1040 1324 1067 ab
1342 1039 1389 1066 illo
1404 1039 1477 1073 quod
1498 1039 1531 1066 ad
1556 1047 1611 1066 xvn
1634 1038 1760 1066 Octobris
1778 1038 1805 1065 in
1832 1038 1890 1066 Me-

1093 1086 1160 1113 na-is
1181 1086 1339 1121 vulgaribus
1361 1093 1493 1113 excusum
1517 1090 1570 1117 est,
1585 1090 1613 1112 et
1640 1084 1802 1111 mirabiliter
1825 1093 1890 1112 cum

1093 1132 1169 1159 Actis
1189 1132 1290 1159 nostris
1310 1131 1447 1167 prioribus
1470 1135 1615 1162 consonat,
1630 1130 1668 1157 ita
1685 1134 1713 1156 ut
1730 1138 1763 1156 ex
1783 1130 1826 1157 his
1841 1129 1890 1157 de-

1094 1182 1233 1212 sumptum
1252 1177 1318 1204 illud
1342 1177 1438 1204 merito
1464 1176 1604 1211 cnnjicias,
1631 1175 1675 1202 hic
1701 1175 1838 1209 integrum
1856 1182 1890 1202 ett

1095 1223 1189 1251 codice
1206 1223 1258 1250 Ms.
1272 1223 1446 1258 proferimus.
1457 1222 1541 1248 Datur
1557 1229 1624 1249 veto
1639 1221 1720 1248 sicuti
1733 1225 1785 1252 est,
1796 1221 1890 1255 spltal-

1095 1269 1175 1296 matis
1187 1274 1213 1296 et
1228 1269 1411 1296 locutionibus
1432 1268 1588 1295 Grati-orum
1604 1267 1704 1294 infinite
1718 1266 1807 1294 mtatis
1829 1266 1891 1293 ubi-

1095 1314 1323 1350 que§retentis,de
1333 1315 1442 1349 quibus,
1458 1315 1479 1341 si
1491 1313 1668 1348 ltiliet,aliqui
1683 1313 1765 1340 videri
1776 1317 1890 1347 possunt

1094 1361 1166 1396 apud
1180 1362 1219 1389 Cl.
1237 1362 1308 1388 Hase
1327 1361 1354 1387 in
1369 1361 1488 1388 editione
1503 1361 1603 1387 Leonis
1619 1359 1730 1387 Diaconi
1744 1359 1800 1394 (14)

1133 1419 1160 1445 5.
1178 1418 1249 1452 Μηνὶ
1279 1416 1423 1452 ὀκτωϐρίῳ
1435 1420 1459 1443 κ’
1472 1416 1527 1442 τῶν
1543 1416 1631 1449 ἁγίων
1652 1415 1793 1449 νεοφανῶν
1817 1423 1890 1450 μαρ-

1094 1465 1184 1500 τύρων
1218 1464 1371 1499 Στεφάνου,
1407 1463 1525 1494 Παύλου,
1543 1463 1648 1497 Πέτρου
1676 1461 1725 1488 καὶ
1751 1461 1888 1496 Ἀνδρέου,

1094 1513 1148 1538 τῶν
1164 1512 1209 1537 ἐπὶ
1226 1510 1415 1544 Κοπρωνύμου
1429 1509 1679 1544 μαρτυρησάντων.
1699 1504 1786 1539 Οὗτος
1801 1506 1891 1542 ἦνὲπὶ

1096 1557 1301 1584 Κωνσταντινου
1334 1556 1381 1583 τοῦ
1397 1555 1560 1582 καὸσλλινου
1583 1557 1612 1582 ἐν
1632 1555 1748 1590 ἀσκήσει
1774 1554 1890 1588 διάγων,

251 1598 313 1633 gina
339 1606 392 1625 non
419 1599 556 1634 capiebat,
576 1599 620 1626 ille
645 1598 773 1626 similiter
800 1599 967 1631 rescidisset,
992 1607 1043 1627 nec

1096 1604 1124 1630 ἐν
1139 1605 1172 1639 τῇ
1183 1605 1258 1638 νήσῳ
1268 1603 1376 1638 Κρήτῃ.
1409 1601 1530 1628 Ἀκούων
1545 1601 1573 1627 δὲ
1589 1601 1635 1628 τὸν
1650 1600 1782 1636 τύραννον
1800 1608 1888 1634 τιμω-

250 1642 370 1678 deniqne
398 1647 451 1670 tam
479 1649 608 1671 accurate
636 1645 840 1672 Bollandianam
866 1646 981 1681 cﬁlgiem
999 1646 1046 1673 de~

251 1688 420 1723 scripsisset,
430 1694 460 1717 ut
472 1698 506 1716 ne
517 1690 559 1717 vel
569 1690 708 1717 levissima
721 1691 865 1719 diversitas
877 1691 1047 1726 deprehendi

253 1735 350 1769 possit.
374 1735 429 1762 Sed
455 1736 660 1771 Papebrochius
678 1742 813 1764 mutatum
837 1745 899 1765 esse
921 1739 1045 1766 ardint-tn

253 1780 394 1813 indicavit,
415 1789 448 1808 ac
474 1782 500 1809 in
529 1782 639 1809 iconum
664 1783 824 1810 recensione
849 1784 936 1818 ipsius
953 1790 1047 1816 proto-

253 1826 308 1861 tvpi
333 1832 457 1854 servatus
478 1831 519 1855 est
542 1828 628 1861 ordo;
645 1829 690 1856 ille
714 1837 778 1856 vero
798 1829 895 1856 horum
919 1835 1045 1858 neutrutn

252 1872 328 1904 fecit,
341 1878 369 1900 et
391 1874 453 1908 quia
473 1874 587 1909 singulis
610 1874 770 1903 nominibus
789 1877 1045 1904 commentariolum

253 1924 400 1947 annectere
419 1921 515 1953 voluit,
530 1921 575 1948 ubi
591 1921 837 1957 Hagiographicum
854 1929 979 1950 nostrum
997 1924 1047 1950 ilu-

252 1973 312 1993 cem
338 1974 391 1993 non
420 1967 525 2000 habuit,
539 1975 648 1995 errores
666 1968 844 2003 gravissimos
865 1969 985 1996 admisit.
1009 1968 1045 1996 Ita

252 2010 282 2038 S.
290 2011 458 2047 Stephanum
470 2012 610 2040 iuniorem
622 2013 690 2048 (12),
702 2018 848 2049 martyrem
860 2015 1045 2047 notissimum,

252 2065 306 2084 tton
323 2058 374 2085 sub
387 2058 559 2095 Copronymo
577 2060 625 2087 sed
649 2060 700 2087 sub
716 2060 806 2088 Leone
827 2060 920 2089 lsauro
935 2069 1045 2096 passutn

251 2103 384 2135 ailirmat,
411 2106 484 2139 quod
520 2105 725 2140 Papehrochius
739 2105 877 2141 “profecto
890 2108 1046 2143 [nunquam

251 2150 416 2184 scripsisset.
445 2151 546 2178 Eodem
576 2152 657 2179 modo
678 2153 825 2187 procedere
847 2154 955 2182 videtur
980 2155 1045 2182 dum

252 2195 398 2231 Triptycha
411 2196 520 2225 Mosella
536 2199 674 2232 explanat,
691 2199 739 2226 sed
756 2207 810 2227 non
836 2205 914 2227 vacat
930 2208 988 2227 rem
1003 2201 1045 2228 di-

252 2243 379 2279 ligentius
404 2244 602 2280 indigna-(I3).
618 2246 674 2274 Nec
698 2247 843 2282 quisquam
864 2247 909 2275 hic
930 2249 1044 2283 objiciat

1099 1651 1224 1685 ρήσαντα
1245 1649 1309 1680 τοὺς
1335 1648 1505 1682 ὀρθοδόξους,
1535 1648 1686 1674 ἀνέπλευσε
1715 1647 1785 1681 πρὸς
1807 1646 1888 1672 Κων-

1100 1695 1324 1722 σταντινούπο).ιν
1353 1695 1472 1728 ἐλέγξων
1499 1693 1591 1725 αὑτὸν,
1619 1693 1667 1719 καὶ
1693 1692 1782 1727 εὑρὼν
1807 1691 1889 1718 αὐτὸν

1098 1742 1186 1776 πέραν
1199 1742 1227 1768 ἐν
1240 1741 1288 1768 τοῦ
1301 1741 1379 1775 ἁγίου
1394 1740 1544 1771 Μάμαντος
1555 1739 1696 1771 παλατῖοις
1713 1737 1890 1773 τιμωροῦντι

1097 1789 1162 1820 τοὺς
1177 1788 1215 1822 μὴ
1229 1788 1415 1822 ἀρνουμένους
1429 1785 1478 1817 τὰς
1497 1786 1572 1816 θείας
1596 1785 1715 1816 εἰκόνας,
1731 1783 1782 1819 ἔφη
1795 1791 1803 1799 ·
1815 1781 1891 1818 ’Δρα

1099 1833 1253 1869 χριστιανδς
1268 1831 1304 1864 εἴ,
1335 1832 1464 1868 pastui;
1484 1833 1514 1859 '0
1526 1832 1555 1858 at
1568 1831 1636 1866 πρὸς
1656 1831 1738 1858 αὑτὸν
1770 1829 1830 1866 μετ’
1845 1829 1890 1863 ὀρ-

1097 1881 1148 1915 γῆς
1167 1879 1300 1916 στραφεὶς
1323 1879 1451 1906 ἐκέλευσε
1467 1878 1537 1913 πρὸς
1559 1878 1642 1904 αὑτὸν
1669 1876 1798 1910 ἄγεσθαι·
1817 1876 1843 1902 οἱ
1861 1875 1891 1902 δι

1096 1926 1150 1952 τῶν
1163 1925 1264 1960 τριχῶν
1286 1924 1423 1959 σύροντες,
1437 1923 1513 1951 ἄλλοι
1529 1923 1574 1949 τον
1585 1921 1703 1957 κοιτῶνι
1722 1920 1808 1956 ρηγνὺ
1815 1929 1890 1954 ντες,

1098 1971 1145 1997 καὶ
1161 1972 1194 1997 ἐκ
1221 1970 1275 1997 τῶν
1289 1970 1402 1996 ὄπισθεν
1429 1970 1589 2001 τύπτοντες,
1612 1968 1711 2002 ἔσυρον
1729 1968 1775 1993 τὸν
1799 1967 1889 2001 ἅγιον,

1097 2017 1144 2043 καί
1164 2024 1232 2051 φησι
1246 2015 1315 2051 πρὸς
1339 2015 1420 2042 αὐτόν
1432 2023 1439 2030 ·
1470 2013 1564 2046 Οὕτως
1579 2012 1724 2048 ἐδιδάχθης
1741 2012 1889 2047 ἀτιμάζειν

1097 2061 1227 2097 βασιλέας
1247 2062 1276 2088 ὐ
1295 2061 1325 2088 δέ
1341 2068 1348 2076 ·
1363 2061 1457 2092 Οὐδεὶς
1468 2060 1622 2095 ἁμαρτάνει
1636 2059 1751 2094 βασιλέα
1765 2059 1890 2093 ἐλέγχων

1096 2107 1310 2143 παρανομοῦντα
1321 2115 1327 2124 ·
1339 2108 1353 2133 ὁ
1367 2107 1396 2133 δέ
1414 2115 1422 2122 ⁸
1438 2106 1509 2138 Τοὺς
1532 2105 1761 2142 παρανομοῦντας
1789 2106 1890 2140 μᾶλλον

1097 2154 1176 2189 ὑμεῖς
1195 2154 1356 2188 κολάζομεν,
1369 2153 1432 2184 τοὺς
1447 2153 1483 2184 ὡς
1494 2153 1572 2184 θεοὺς
1586 2152 1825 2188 τῖροσερχομένους
1842 2152 1891 2178 καὶ

1096 2199 1279 2236 λατρεύοντας
1292 2201 1350 2231 ταῖς
1366 2199 1478 2226 εἰκόσιν*
1494 2199 1556 2226 ass
1577 2199 1711 2233 ’Δγνοείς,
1727 2195 1749 2224 ὦ
1765 2197 1888 2232 βασιλεῦ,

1097 2247 1124 2273 τί
1138 2247 1188 2281 μὲν
1199 2247 1229 2273 τὸ
1243 2247 1376 2281 σχετικῶς
1392 2245 1566 2280 προσκυνεῖν,
1577 2244 1640 2270 ἐἰδὲ
1650 2243 1680 2270 τὸ
1691 2243 1887 2278 λατρευτικῶς,

252 2289 279 2316 in
299 2290 446 2319 editionem
465 2279 597 2319 VVenetam
613 2279 783 2321 Bollanilian‘i
801 2293 900 2329 Operis
916 2279 1044 2329 praidicta

1105 2279 1176 2320 'o'st
1191 2279 1329 2318 τείνε-σθαι
1353 2279 1450 2318 τοῦτον
1465 2291 1495 2317 ἐν
1515 2290 1653 2326 μαστῐγας
1667 2290 1806 2321 ἐκέλευσε,
1825 2290 1889 2325 βου-

251 2337 408 2370 gravamina
423 2338 524 2372 prolata
551 2338 643 2367 tuisse.
660 2339 727 2366 Nam
754 2340 844 2375 primo
860 2341 1045 2375 Antverpien-

251 2387 309 2406 sem
322 2380 398 2413 citat,
414 2382 477 2410 dein
489 2383 517 2410 in
533 2388 650 2420 utraque
660 2385 780 2413 editione
794 2385 877 2413 iidem
890 2391 954 2414 sunt
964 2386 1044 2413 Com-

252 2429 390 2460 Iuentarii,
409 2437 477 2463 quos
501 2431 524 2458 si
549 2431 686 2459 immerito
708 2440 824 2468 arguere
848 2438 877 2461 et
896 2434 1043 2461 immutare

251 2482 337 2502 ausus
347 2479 400 2506 est,
416 2475 444 2502 in
454 2483 488 2502 eo
502 2476 610 2511 dignam
631 2479 795 2514 arrogantiae
812 2487 921 2516 pcenam
938 2480 999 2507 tulit
1015 2485 1045 2507 ut

251 2521 298 2548 tibi
320 2521 497 2556 gravissimos
523 2529 633 2551 errores
659 2531 693 2551 ex
723 2525 829 2552 calamo
853 2525 980 2553 excidere
1007 2526 1044 2553 sit

251 2574 359 2602 passus.

284 2615 310 2642 4.
330 2614 437 2642 Colitur
456 2614 486 2642 S.
503 2615 627 2643 Andreas
650 2624 704 2644 non
719 2622 823 2645 tantum
837 2619 972 2653 praedictis
984 2622 1043 2649 die-

249 2660 311 2694 bus,
339 2669 433 2689 verum
456 2662 537 2690 etiam
562 2669 644 2690 xwttt
666 2662 827 2692 Novembris
847 2673 909 2692 cum
931 2666 960 2694 S.
979 2667 1043 2696 Ste-

251 2706 341 2740 phano
353 2706 477 2735 Juniore.
495 2707 633 2736 Andream
648 2708 732 2742 enim,
750 2709 796 2744 qui
821 2710 848 2738 in
865 2710 942 2739 fastis
957 2714 1043 2741 sacris

251 2760 304 2780 una
333 2761 395 2781 cum
420 2754 473 2782 hoc
500 2754 639 2790 Stephano
657 2755 756 2790 prodit,
778 2757 904 2785 eumdem
927 2765 988 2785 esse
1012 2767 1043 2786 ac

291 2822 345 2855 (10)
360 2822 433 2859 tigri]
451 2822 608 2849 Thcsaurus
625 2827 745 2859 veterum
759 2824 962 2859 diplychortttn.
979 2825 1043 2852 Flo-

255 2861 348 2892 rentiae
363 2857 440 2889 1759,
458 2862 527 2892 part.
544 2865 582 2887 tv,
594 2865 621 2892 p.
640 2856 650 2882 ί
667 2861 695 2883 ct
710 2865 785 2892 seqq.

289 2865 348 2882 uuae
363 2865 440 2889 Hau,
458 2865 527 2888 part.
544 2865 582 2887 tv,
615 2876 621 2883 .
640 2865 650 2882 ι
667 2865 695 2883 et
710 2865 785 2892 seqq.

289 2891 345 2930 (li)
360 2891 427 2930 Acta
444 2891 506 2930 εδ..
523 2897 544 2918 1..
557 2865 654 2930 ὒῗοϋ,
673 2899 699 2924 p.
714 2899 760 2925 1.x,
775 2902 801 2920 ιι.
818 2894 844 2920 ι.

291 2926 344 2958 με)
361 2926 424 2952 Luc.
442 2926 499 2958 Cit.,
515 2935 540 2961 ν.
558 2927 583 2953 8.
759 2938 767 2944 -

1098 2339 1203 2375 νεύροις
1213 2340 1285 2366 κατὰ
1299 2338 1345 2365 τοῦ
1354 2338 1433 2365 νότου
1451 2339 1499 2365 καὶ
1515 2336 1563 2364 τοῦ
1578 2337 1696 2371 στήθους
1714 2336 1886 2371 φραγελλῶν·

1098 2383 1157 2412 εἶτα
1173 2385 1246 2411 λίθου
1259 2385 1290 2411 τὸ
1307 2385 1395 2420 στόμα
1422 2378 1574 2419 προσέταξε
1602 2381 1766 2409 τύπτεσθαι.
1793 2381 1835 2417 Τῇ
1858 2382 1889 2408 δὲ

1098 2430 1232 2465 ἐπαύριον
1246 2428 1382 2462 ἐκϐαλὼν,
1397 2428 1435 2459 ὡς
1448 2428 1499 2454 οὐκ
1516 2427 1627 2454 ἔπεισεν
1652 2427 1827 2462 ἀρνήσασθαι
1842 2427 1890 2452 τὸν

1097 2477 1217 2511 Χριστὸν
1235 2476 1282 2502 καὶ
1297 2476 1348 2507 τὰς
1364 2475 1447 2509 ἁγίας
1464 2474 1584 2504 εἰκόνας,
1610 2473 1697 2508 τύψας
1713 2473 1804 2506 πάλιν,
1818 2473 1889 2500 κατὰ

1099 2523 1222 2558 κεφαλῆς
1239 2521 1373 2558 σύρεσθαι
1393 2520 1488 2547 τοῦτον
1512 2519 1566 2546 τῶν
1579 2519 1668 2546 ποδῶν
1682 2519 1744 2551 τοὺς
1765 2520 1889 2554 σχοίνους

1098 2570 1258 2605 ἐξάψαντες,
1281 2569 1312 2595 ὲν
1329 2569 1362 2603 τῇ
1381 2566 1672 2594 Κωνσταντινουπόλει
1694 2564 1887 2600 θεατρίζεσοαι

1099 2614 1278 2650 προστάσσει.
1297 2612 1328 2640 0i
1346 2612 1375 2639 δὲ
1397 2612 1513 2646 τάχιστα
1532 2610 1764 2647 περανιωθὲντες,
1780 2610 1828 2636 καὶ
1841 2609 1888 2636 τὸν

1099 2661 1178 2695 ἅγιον
1192 2661 1322 2696 σύροντες
1344 2658 1463 2685 ἒῦαπτον
1478 2657 1528 2692 τὴν
1547 2657 1599 2691 γῆν
1613 2657 1672 2688 τοῖς
1689 2656 1804 2690 αἵμασιν
1816 2663 1823 2670 ·
1850 2655 1889 2687 ὡς

1097 2706 1124 2733 δὲ
1138 2709 1177 2737 εἰς
1196 2707 1243 2741 τὴν
1259 2706 1306 2732 τοῦ
1322 2705 1387 2736 Bw‘i;
1397 2705 1502 2739 ἀγορὰν
1528 2703 1714 2737 πεφθὰκασιν,
1736 2701 1816 2728 εἰδὼν
1836 2701 1886 2727 aia

1097 2754 1161 2784 τούς
1181 2760 1221 2783 τις
1234 2752 1297 2786 ἄρτι
1315 2751 1380 2782 τοὺς
1397 2750 1492 2784 ἰχθύας
1508 2747 1778 2783 ἀπολςορτισὰμενος,
1791 2746 1885 2781 ἠρώτα

1135 2817 1394 2855 (15)Ιῗι)ἱι1.,νρ.νί-0.
1441 2852 1446 2855 _
1569 2851 1574 2855 .

1134 2848 1448 2890 (HirLconis-Hliiaconi
1475 2851 1599 2879 llistorim
1624 2858 1647 2890 e_
1666 2858 1773 2878 recens.
1801 2848 1832 2877 C.
1855 2848 1886 2876 Β.

1102 2887 1181 2922 nus“,
1201 2889 1299 2916 Bonum
1314 2887 1391 2920 18⁵28,
1413 2895 1438 2922 p.
1459 2895 1518 2914 ultr
1534 2891 1559 2913 ct
1579 2887 1689 2921 passim.
