  <div class='ocr_page' id='page_1' title='image "/cluster/home/n/w/nwhite01/storage/ocr_20150623/115/njp.32101077772976/590.png"; bbox 0 0 2067 3150; ppageno 0'>
   <div class='ocr_carea' id='block_1_1' title="bbox 172 185 239 221">
    <p class='ocr_par' dir='ltr' id='par_1_1' title="bbox 172 185 239 221">
     <span class='ocr_line' id='line_1_1' title="bbox 172 185 239 221; baseline -0.03 0"><span class='ocrx_word' id='word_1_1' title='bbox 172 185 239 221; x_wconf 75' lang='lat'><strong>1-185</strong></span> 
     </span>
    </p>
   </div>
   <div class='ocr_carea' id='block_1_2' title="bbox 726 191 1252 224">
    <p class='ocr_par' dir='ltr' id='par_1_2' title="bbox 726 191 1252 224">
     <span class='ocr_line' id='line_1_2' title="bbox 726 191 1252 224; baseline 0.004 -2"><span class='ocrx_word' id='word_1_2' title='bbox 726 191 814 222; x_wconf 79' lang='lat' dir='ltr'><strong>VITA</strong></span> <span class='ocrx_word' id='word_1_3' title='bbox 834 192 863 223; x_wconf 87' lang='lat' dir='ltr'><strong>S.</strong></span> <span class='ocrx_word' id='word_1_4' title='bbox 887 191 1054 222; x_wconf 65' lang='lat' dir='ltr'><strong>ANDRErE</strong></span> <span class='ocrx_word' id='word_1_5' title='bbox 1075 191 1115 223; x_wconf 78' lang='lat' dir='ltr'><strong>IN</strong></span> <span class='ocrx_word' id='word_1_6' title='bbox 1138 193 1252 224; x_wconf 84' lang='lat' dir='ltr'><strong>CRlSi.</strong></span> 
     </span>
    </p>
   </div>
   <div class='ocr_carea' id='block_1_3' title="bbox 1739 196 1805 228">
    <p class='ocr_par' dir='ltr' id='par_1_3' title="bbox 1739 196 1805 228">
     <span class='ocr_line' id='line_1_3' title="bbox 1739 196 1805 228; baseline -0.045 0"><span class='ocrx_word' id='word_1_7' title='bbox 1739 196 1805 228; x_wconf 63' lang='lat'><strong>108‘?</strong></span> 
     </span>
    </p>
   </div>
   <div class='ocr_carea' id='block_1_4' title="bbox 168 243 957 284">
    <p class='ocr_par' dir='ltr' id='par_1_4' title="bbox 168 243 949 281">
     <span class='ocr_line' id='line_1_4' title="bbox 168 243 949 281; baseline 0.005 -12"><span class='ocrx_word' id='word_1_8' title='bbox 168 243 218 278; x_wconf 76' lang='grc' dir='ltr'><strong>τὴν</strong></span> <span class='ocrx_word' id='word_1_9' title='bbox 241 243 332 270; x_wconf 73' lang='grc' dir='ltr'>αἰτίαν</span> <span class='ocrx_word' id='word_1_10' title='bbox 349 243 533 279; x_wconf 62' lang='grc' dir='ltr'>τῆξβασὰνου</span> <span class='ocrx_word' id='word_1_11' title='bbox 547 245 595 272; x_wconf 81' lang='grc' dir='ltr'>καὶ</span> <span class='ocrx_word' id='word_1_12' title='bbox 609 245 715 280; x_wconf 71' lang='grc' dir='ltr'>μαθὼν,</span> <span class='ocrx_word' id='word_1_13' title='bbox 727 246 824 280; x_wconf 75' lang='grc' dir='ltr'><strong>ἀξίνην</strong></span> <span class='ocrx_word' id='word_1_14' title='bbox 844 247 949 281; x_wconf 79' lang='grc' dir='ltr'><strong>μακελ-</strong></span> 
     </span>
    </p>
   </div>
   <div class='ocr_carea' id='block_1_5' title="bbox 1009 243 1802 284">
    <p class='ocr_par' dir='ltr' id='par_1_5' title="bbox 1009 247 1802 284">
     <span class='ocr_line' id='line_1_5' title="bbox 1009 247 1802 284; baseline 0.005 -12"><span class='ocrx_word' id='word_1_15' title='bbox 1009 251 1124 281; x_wconf 85' lang='lat' dir='ltr'><strong>quentcr</strong></span> <span class='ocrx_word' id='word_1_16' title='bbox 1148 252 1257 274; x_wconf 87' lang='lat' dir='ltr'><strong>sanctos</strong></span> <span class='ocrx_word' id='word_1_17' title='bbox 1281 247 1380 279; x_wconf 85' lang='lat' dir='ltr'><strong>varios,</strong></span> <span class='ocrx_word' id='word_1_18' title='bbox 1399 248 1444 281; x_wconf 92' lang='lat' dir='ltr'><strong>qui</strong></span> <span class='ocrx_word' id='word_1_19' title='bbox 1471 249 1571 276; x_wconf 74' lang='lat' dir='ltr'><strong>Sancto</strong></span> <span class='ocrx_word' id='word_1_20' title='bbox 1595 248 1732 284; x_wconf 66' lang='lat' dir='ltr'><strong>praecipuo</strong></span> <span class='ocrx_word' id='word_1_21' title='bbox 1757 250 1802 276; x_wconf 85' lang='lat' dir='ltr'><strong>tali</strong></span> 
     </span>
    </p>
   </div>
   <div class='ocr_carea' id='block_1_6' title="bbox 167 289 956 328">
    <p class='ocr_par' dir='ltr' id='par_1_6' title="bbox 167 289 956 328">
     <span class='ocr_line' id='line_1_6' title="bbox 167 289 956 328; baseline 0.005 -12"><span class='ocrx_word' id='word_1_22' title='bbox 167 289 246 324; x_wconf 73' lang='grc' dir='ltr'><strong>λικὴν</strong></span> <span class='ocrx_word' id='word_1_23' title='bbox 259 289 274 316; x_wconf 80' lang='grc' dir='ltr'><strong>ὀ</strong></span> <span class='ocrx_word' id='word_1_24' title='bbox 289 290 382 323; x_wconf 74' lang='grc' dir='ltr'><strong>ἄθλιος</strong></span> <span class='ocrx_word' id='word_1_25' title='bbox 396 292 537 326; x_wconf 79' lang='grc' dir='ltr'>ἁρπάσας,</span> <span class='ocrx_word' id='word_1_26' title='bbox 564 292 748 328; x_wconf 70' lang='grc' dir='ltr'><strong>χαριζόμενος</strong></span> <span class='ocrx_word' id='word_1_27' title='bbox 761 294 818 325; x_wconf 80' lang='grc' dir='ltr'>τοῖς</span> <span class='ocrx_word' id='word_1_28' title='bbox 834 293 880 320; x_wconf 76' lang='grc' dir='ltr'><strong>τοῦ</strong></span> <span class='ocrx_word' id='word_1_29' title='bbox 896 294 956 320; x_wconf 80' lang='grc' dir='ltr'><strong>δια-</strong></span> 
     </span>
    </p>
   </div>
   <div class='ocr_carea' id='block_1_7' title="bbox 168 335 958 374">
    <p class='ocr_par' dir='ltr' id='par_1_7' title="bbox 168 335 958 374">
     <span class='ocr_line' id='line_1_7' title="bbox 168 335 958 374; baseline 0.005 -12"><span class='ocrx_word' id='word_1_30' title='bbox 168 335 248 362; x_wconf 73' lang='grc' dir='ltr'>ϐόλου</span> <span class='ocrx_word' id='word_1_31' title='bbox 273 335 437 371; x_wconf 73' lang='grc' dir='ltr'><strong>ὑπηρέταις,</strong></span> <span class='ocrx_word' id='word_1_32' title='bbox 451 336 594 372; x_wconf 80' lang='grc' dir='ltr'>δρομαίως</span> <span class='ocrx_word' id='word_1_33' title='bbox 613 338 724 374; x_wconf 77' lang='grc' dir='ltr'><strong>ἔργεται</strong></span> <span class='ocrx_word' id='word_1_34' title='bbox 739 339 786 366; x_wconf 70' lang='grc' dir='ltr'>καὶ</span> <span class='ocrx_word' id='word_1_35' title='bbox 801 339 847 366; x_wconf 76' lang='grc' dir='ltr'>τὸν</span> <span class='ocrx_word' id='word_1_36' title='bbox 870 339 958 372; x_wconf 71' lang='grc' dir='ltr'>δεξιὸν</span> 
     </span>
    </p>
   </div>
   <div class='ocr_carea' id='block_1_8' title="bbox 168 381 958 420">
    <p class='ocr_par' dir='ltr' id='par_1_8' title="bbox 168 381 958 420">
     <span class='ocr_line' id='line_1_8' title="bbox 168 381 958 420; baseline 0.004 -13"><span class='ocrx_word' id='word_1_37' title='bbox 168 381 237 407; x_wconf 69' lang='grc' dir='ltr'>πόδα</span> <span class='ocrx_word' id='word_1_38' title='bbox 247 381 296 408; x_wconf 71' lang='grc' dir='ltr'><strong>τοῦ</strong></span> <span class='ocrx_word' id='word_1_39' title='bbox 309 381 388 415; x_wconf 79' lang='grc' dir='ltr'>ἁγίου</span> <span class='ocrx_word' id='word_1_40' title='bbox 403 383 538 419; x_wconf 59' lang='grc' dir='ltr'>ἀπέκοψε,</span> <span class='ocrx_word' id='word_1_41' title='bbox 556 383 605 410; x_wconf 75' lang='grc' dir='ltr'><strong>καὶ</strong></span> <span class='ocrx_word' id='word_1_42' title='bbox 621 384 686 418; x_wconf 72' lang='grc' dir='ltr'>παρ’</span> <span class='ocrx_word' id='word_1_43' title='bbox 702 383 785 410; x_wconf 72' lang='grc' dir='ltr'>αὑτοῦ</span> <span class='ocrx_word' id='word_1_44' title='bbox 800 385 851 420; x_wconf 84' lang='grc' dir='ltr'><strong>τὴν</strong></span> <span class='ocrx_word' id='word_1_45' title='bbox 875 385 958 419; x_wconf 77' lang='grc' dir='ltr'>ἁγίαν</span> 
     </span>
    </p>
   </div>
   <div class='ocr_carea' id='block_1_9' title="bbox 168 428 957 467">
    <p class='ocr_par' dir='ltr' id='par_1_9' title="bbox 168 428 957 467">
     <span class='ocr_line' id='line_1_9' title="bbox 168 428 957 467; baseline 0.005 -13"><span class='ocrx_word' id='word_1_46' title='bbox 168 428 252 455; x_wconf 71' lang='grc' dir='ltr'>αὐτοῦ</span> <span class='ocrx_word' id='word_1_47' title='bbox 281 429 327 455; x_wconf 72' lang='grc' dir='ltr'><strong>καὶ</strong></span> <span class='ocrx_word' id='word_1_48' title='bbox 351 429 492 464; x_wconf 78' lang='grc' dir='ltr'><strong>μακαρίαν</strong></span> <span class='ocrx_word' id='word_1_49' title='bbox 508 429 598 465; x_wconf 78' lang='grc' dir='ltr'><strong>ψυχὴν</strong></span> <span class='ocrx_word' id='word_1_50' title='bbox 624 430 761 466; x_wconf 77' lang='grc' dir='ltr'><strong>παρέθετο</strong></span> <span class='ocrx_word' id='word_1_51' title='bbox 786 431 825 466; x_wconf 85' lang='grc' dir='ltr'><strong>τῷ</strong></span> <span class='ocrx_word' id='word_1_52' title='bbox 852 432 957 467; x_wconf 69' lang='grc' dir='ltr'><strong>Κυρίῳ.</strong></span> 
     </span>
    </p>
   </div>
   <div class='ocr_carea' id='block_1_10' title="bbox 168 474 957 513">
    <p class='ocr_par' dir='ltr' id='par_1_10' title="bbox 168 474 957 513">
     <span class='ocr_line' id='line_1_10' title="bbox 168 474 957 513; baseline 0.004 -12"><span class='ocrx_word' id='word_1_53' title='bbox 168 475 200 501; x_wconf 79' lang='grc' dir='ltr'>οε</span> <span class='ocrx_word' id='word_1_54' title='bbox 218 474 265 502; x_wconf 73' lang='grc' dir='ltr'>οὖν</span> <span class='ocrx_word' id='word_1_55' title='bbox 286 475 427 510; x_wconf 78' lang='grc' dir='ltr'>σύροντες,</span> <span class='ocrx_word' id='word_1_56' title='bbox 439 476 537 511; x_wconf 74' lang='grc' dir='ltr'>νεκρὸν</span> <span class='ocrx_word' id='word_1_57' title='bbox 562 477 675 508; x_wconf 80' lang='grc' dir='ltr'><strong>ἰδόντες,</strong></span> <span class='ocrx_word' id='word_1_58' title='bbox 697 477 735 508; x_wconf 76' lang='grc' dir='ltr'>ὥς</span> <span class='ocrx_word' id='word_1_59' title='bbox 751 485 777 503; x_wconf 79' lang='grc' dir='ltr'><strong>τι</strong></span> <span class='ocrx_word' id='word_1_60' title='bbox 795 477 957 513; x_wconf 81' lang='grc' dir='ltr'>θνησιμαῖον</span> 
     </span>
    </p>
   </div>
   <div class='ocr_carea' id='block_1_11' title="bbox 167 521 959 559">
    <p class='ocr_par' dir='ltr' id='par_1_11' title="bbox 167 521 959 559">
     <span class='ocr_line' id='line_1_11' title="bbox 167 521 959 559; baseline 0.005 -12"><span class='ocrx_word' id='word_1_61' title='bbox 167 521 197 548; x_wconf 70' lang='grc' dir='ltr'>ἐν</span> <span class='ocrx_word' id='word_1_62' title='bbox 210 521 345 557; x_wconf 75' lang='grc' dir='ltr'><strong>κοπρώδει</strong></span> <span class='ocrx_word' id='word_1_63' title='bbox 360 522 453 557; x_wconf 70' lang='grc' dir='ltr'>χωρίῳ</span> <span class='ocrx_word' id='word_1_64' title='bbox 465 522 740 559; x_wconf 73' lang='grc' dir='ltr'><strong>ἀπέῤῥιψαν,ζνυκτδς</strong></span> <span class='ocrx_word' id='word_1_65' title='bbox 749 523 777 550; x_wconf 77' lang='grc' dir='ltr'><strong>δὲ</strong></span> <span class='ocrx_word' id='word_1_66' title='bbox 792 524 959 551; x_wconf 76' lang='grc' dir='ltr'>καταλαϐού-</span> 
     </span>
    </p>
   </div>
   <div class='ocr_carea' id='block_1_12' title="bbox 168 567 958 606">
    <p class='ocr_par' dir='ltr' id='par_1_12' title="bbox 168 567 958 606">
     <span class='ocr_line' id='line_1_12' title="bbox 168 567 958 606; baseline 0.004 -12"><span class='ocrx_word' id='word_1_67' title='bbox 168 575 230 602; x_wconf 81' lang='grc' dir='ltr'>σης,</span> <span class='ocrx_word' id='word_1_68' title='bbox 243 567 318 598; x_wconf 76' lang='grc' dir='ltr'>τινὲς</span> <span class='ocrx_word' id='word_1_69' title='bbox 331 567 387 594; x_wconf 81' lang='grc' dir='ltr'><strong>τῶν</strong></span> <span class='ocrx_word' id='word_1_70' title='bbox 399 568 552 602; x_wconf 75' lang='grc' dir='ltr'>ὀρθοδόξων</span> <span class='ocrx_word' id='word_1_71' title='bbox 567 569 695 603; x_wconf 73' lang='grc' dir='ltr'>ἄραντες,</span> <span class='ocrx_word' id='word_1_72' title='bbox 709 569 815 604; x_wconf 73' lang='grc' dir='ltr'>ἔθαψαν</span> <span class='ocrx_word' id='word_1_73' title='bbox 830 571 860 597; x_wconf 76' lang='grc' dir='ltr'>ὲν</span> <span class='ocrx_word' id='word_1_74' title='bbox 882 570 958 606; x_wconf 80' lang='grc' dir='ltr'><strong>τόπῳ</strong></span> 
     </span>
    </p>
   </div>
   <div class='ocr_carea' id='block_1_13' title="bbox 167 612 960 649">
    <p class='ocr_par' dir='ltr' id='par_1_13' title="bbox 167 612 960 649">
     <span class='ocr_line' id='line_1_13' title="bbox 167 612 960 649; baseline 0.005 -11"><span class='ocrx_word' id='word_1_75' title='bbox 167 612 310 648; x_wconf 69' lang='grc' dir='ltr'><strong>λεγομένῳ</strong></span> <span class='ocrx_word' id='word_1_76' title='bbox 337 613 386 648; x_wconf 80' lang='grc' dir='ltr'><strong>τῆς</strong></span> <span class='ocrx_word' id='word_1_77' title='bbox 409 613 547 649; x_wconf 82' lang='grc' dir='ltr'><strong>Κρίσεως.</strong></span> <span class='ocrx_word' id='word_1_78' title='bbox 577 614 640 642; x_wconf 68' lang='lat' dir='ltr'><strong>Hac</strong></span> <span class='ocrx_word' id='word_1_79' title='bbox 657 615 740 642; x_wconf 77' lang='lat' dir='ltr'><strong>latine</strong></span> <span class='ocrx_word' id='word_1_80' title='bbox 758 623 833 642; x_wconf 82' lang='lat' dir='ltr'><strong>verm</strong></span> <span class='ocrx_word' id='word_1_81' title='bbox 857 616 895 642; x_wconf 70' lang='lat' dir='ltr'><strong>sic</strong></span> <span class='ocrx_word' id='word_1_82' title='bbox 916 624 960 643; x_wconf 78' lang='grc' dir='ltr'><strong>ιο-</strong></span> 
     </span>
    </p>
   </div>
   <div class='ocr_carea' id='block_1_14' title="bbox 168 663 244 686">
    <p class='ocr_par' dir='ltr' id='par_1_14' title="bbox 168 663 244 686">
     <span class='ocr_line' id='line_1_14' title="bbox 168 663 244 686; baseline 0 0"><span class='ocrx_word' id='word_1_83' title='bbox 168 663 244 686; x_wconf 70' lang='grc' dir='ltr'><strong>παρη.</strong></span> 
     </span>
    </p>
   </div>
   <div class='ocr_carea' id='block_1_15' title="bbox 200 704 958 736">
    <p class='ocr_par' dir='ltr' id='par_1_15' title="bbox 200 704 958 736">
     <span class='ocr_line' id='line_1_15' title="bbox 200 704 958 736; baseline 0.005 -4"><span class='ocrx_word' id='word_1_84' title='bbox 200 705 228 733; x_wconf 80' lang='lat'><strong>6.</strong></span> <span class='ocrx_word' id='word_1_85' title='bbox 260 704 308 733; x_wconf 88' lang='lat' dir='ltr'><strong>Die</strong></span> <span class='ocrx_word' id='word_1_86' title='bbox 328 713 362 732; x_wconf 88' lang='lat' dir='ltr'><strong>xx</strong></span> <span class='ocrx_word' id='word_1_87' title='bbox 380 705 505 733; x_wconf 79' lang='lat' dir='ltr'><strong>Octobris</strong></span> <span class='ocrx_word' id='word_1_88' title='bbox 522 705 652 734; x_wconf 81' lang='lat' dir='ltr'><strong>Memoria</strong></span> <span class='ocrx_word' id='word_1_89' title='bbox 674 708 825 736; x_wconf 77' lang='lat' dir='ltr'><strong>recentium</strong></span> <span class='ocrx_word' id='word_1_90' title='bbox 849 714 958 736; x_wconf 76' lang='lat' dir='ltr'><strong>saneto-</strong></span> 
     </span>
    </p>
   </div>
   <div class='ocr_carea' id='block_1_16' title="bbox 167 752 959 787">
    <p class='ocr_par' dir='ltr' id='par_1_16' title="bbox 167 752 959 787">
     <span class='ocr_line' id='line_1_16' title="bbox 167 752 959 787; baseline 0.005 -9"><span class='ocrx_word' id='word_1_91' title='bbox 167 759 226 778; x_wconf 92' lang='lat' dir='ltr'><strong>rum</strong></span> <span class='ocrx_word' id='word_1_92' title='bbox 251 756 400 787; x_wconf 86' lang='lat' dir='ltr'><strong>martyrum</strong></span> <span class='ocrx_word' id='word_1_93' title='bbox 420 752 563 786; x_wconf 87' lang='lat' dir='ltr'><strong>Stephani,</strong></span> <span class='ocrx_word' id='word_1_94' title='bbox 585 753 670 786; x_wconf 81' lang='lat' dir='ltr'><strong>Pauli.</strong></span> <span class='ocrx_word' id='word_1_95' title='bbox 696 754 766 782; x_wconf 90' lang='lat' dir='ltr'><strong>Petri</strong></span> <span class='ocrx_word' id='word_1_96' title='bbox 791 759 818 782; x_wconf 86' lang='lat' dir='ltr'><strong>et</strong></span> <span class='ocrx_word' id='word_1_97' title='bbox 844 754 959 782; x_wconf 60' lang='lat' dir='ltr'><strong>Andreae</strong></span> 
     </span>
    </p>
   </div>
   <div class='ocr_carea' id='block_1_17' title="bbox 167 797 959 836">
    <p class='ocr_par' dir='ltr' id='par_1_17' title="bbox 167 797 959 836">
     <span class='ocr_line' id='line_1_17' title="bbox 167 797 959 836; baseline 0.008 -13"><span class='ocrx_word' id='word_1_98' title='bbox 167 797 212 832; x_wconf 85' lang='lat' dir='ltr'><strong>qui</strong></span> <span class='ocrx_word' id='word_1_99' title='bbox 227 799 277 824; x_wconf 89' lang='lat' dir='ltr'><strong>sub</strong></span> <span class='ocrx_word' id='word_1_100' title='bbox 291 797 464 833; x_wconf 89' lang='lat' dir='ltr'><strong>Copronymo</strong></span> <span class='ocrx_word' id='word_1_101' title='bbox 481 799 551 833; x_wconf 82' lang='lat' dir='ltr'><strong>passi</strong></span> <span class='ocrx_word' id='word_1_102' title='bbox 573 804 646 827; x_wconf 84' lang='lat' dir='ltr'><strong>sunt.</strong></span> <span class='ocrx_word' id='word_1_103' title='bbox 662 815 696 821; x_wconf 85' lang='lat'><strong>——</strong></span> <span class='ocrx_word' id='word_1_104' title='bbox 712 800 738 828; x_wconf 85' lang='lat' dir='ltr'><strong>is</strong></span> <span class='ocrx_word' id='word_1_105' title='bbox 750 801 895 836; x_wconf 80' lang='lat' dir='ltr'><strong>(Andreas)</strong></span> <span class='ocrx_word' id='word_1_106' title='bbox 908 801 959 829; x_wconf 85' lang='lat' dir='ltr'><strong>sub</strong></span> 
     </span>
    </p>
   </div>
   <div class='ocr_carea' id='block_1_18' title="bbox 167 842 959 877">
    <p class='ocr_par' dir='ltr' id='par_1_18' title="bbox 167 842 959 877">
     <span class='ocr_line' id='line_1_18' title="bbox 167 842 959 877; baseline 0.006 -7"><span class='ocrx_word' id='word_1_107' title='bbox 167 842 347 870; x_wconf 87' lang='lat' dir='ltr'><strong>Constantino</strong></span> <span class='ocrx_word' id='word_1_108' title='bbox 363 843 516 877; x_wconf 85' lang='lat' dir='ltr'><strong>Caballino,</strong></span> <span class='ocrx_word' id='word_1_109' title='bbox 533 846 658 873; x_wconf 76' lang='lat' dir='ltr'><strong>ascetica:</strong></span> <span class='ocrx_word' id='word_1_110' title='bbox 674 847 735 874; x_wconf 75' lang='lat' dir='ltr'><strong>vita:</strong></span> <span class='ocrx_word' id='word_1_111' title='bbox 750 847 873 875; x_wconf 76' lang='lat' dir='ltr'><strong>addictus</strong></span> <span class='ocrx_word' id='word_1_112' title='bbox 887 847 959 875; x_wconf 84' lang='lat' dir='ltr'><strong>vive-</strong></span> 
     </span>
    </p>
   </div>
   <div class='ocr_carea' id='block_1_19' title="bbox 167 888 957 929">
    <p class='ocr_par' dir='ltr' id='par_1_19' title="bbox 167 888 957 929">
     <span class='ocr_line' id='line_1_19' title="bbox 167 888 957 929; baseline 0.006 -14"><span class='ocrx_word' id='word_1_113' title='bbox 167 889 213 916; x_wconf 81' lang='lat' dir='ltr'><strong>bat</strong></span> <span class='ocrx_word' id='word_1_114' title='bbox 228 889 255 916; x_wconf 93' lang='lat' dir='ltr'><strong>in</strong></span> <span class='ocrx_word' id='word_1_115' title='bbox 270 888 357 917; x_wconf 92' lang='lat' dir='ltr'><strong>insula</strong></span> <span class='ocrx_word' id='word_1_116' title='bbox 378 889 468 923; x_wconf 84' lang='lat' dir='ltr'><strong>Creta,</strong></span> <span class='ocrx_word' id='word_1_117' title='bbox 486 899 605 926; x_wconf 88' lang='lat' dir='ltr'><strong>cumque</strong></span> <span class='ocrx_word' id='word_1_118' title='bbox 619 893 740 921; x_wconf 85' lang='lat' dir='ltr'><strong>audisset</strong></span> <span class='ocrx_word' id='word_1_119' title='bbox 759 899 902 929; x_wconf 84' lang='lat' dir='ltr'><strong>tyrannum</strong></span> <span class='ocrx_word' id='word_1_120' title='bbox 913 901 957 920; x_wconf 90' lang='lat' dir='ltr'><strong>or-</strong></span> 
     </span>
    </p>
   </div>
   <div class='ocr_carea' id='block_1_20' title="bbox 168 935 957 976">
    <p class='ocr_par' dir='ltr' id='par_1_20' title="bbox 168 935 957 976">
     <span class='ocr_line' id='line_1_20' title="bbox 168 935 957 976; baseline 0.005 -14"><span class='ocrx_word' id='word_1_121' title='bbox 168 935 302 964; x_wconf 76' lang='lat' dir='ltr'><strong>thodosos</strong></span> <span class='ocrx_word' id='word_1_122' title='bbox 329 938 471 965; x_wconf 86' lang='lat' dir='ltr'><strong>tormentis</strong></span> <span class='ocrx_word' id='word_1_123' title='bbox 503 938 649 973; x_wconf 72' lang='lat' dir='ltr'><strong>exagitare,</strong></span> <span class='ocrx_word' id='word_1_124' title='bbox 674 939 750 966; x_wconf 92' lang='lat' dir='ltr'><strong>illum</strong></span> <span class='ocrx_word' id='word_1_125' title='bbox 776 940 957 976; x_wconf 80' lang='lat' dir='ltr'><strong>redarguendi</strong></span> 
     </span>
    </p>
   </div>
   <div class='ocr_carea' id='block_1_21' title="bbox 167 982 958 1020">
    <p class='ocr_par' dir='ltr' id='par_1_21' title="bbox 167 982 958 1020">
     <span class='ocr_line' id='line_1_21' title="bbox 167 982 958 1020; baseline 0.006 -11"><span class='ocrx_word' id='word_1_126' title='bbox 167 989 248 1010; x_wconf 87' lang='lat' dir='ltr'><strong>causa</strong></span> <span class='ocrx_word' id='word_1_127' title='bbox 266 982 531 1018; x_wconf 90' lang='lat' dir='ltr'><strong>Constantinopolim</strong></span> <span class='ocrx_word' id='word_1_128' title='bbox 553 985 699 1020; x_wconf 81' lang='lat' dir='ltr'><strong>navigavit.</strong></span> <span class='ocrx_word' id='word_1_129' title='bbox 724 986 829 1013; x_wconf 83' lang='lat' dir='ltr'><strong>Invenit</strong></span> <span class='ocrx_word' id='word_1_130' title='bbox 841 995 903 1014; x_wconf 89' lang='lat' dir='ltr'><strong>euln</strong></span> <span class='ocrx_word' id='word_1_131' title='bbox 918 987 958 1014; x_wconf 81' lang='lat' dir='ltr'><strong>ul-</strong></span> 
     </span>
    </p>
   </div>
   <div class='ocr_carea' id='block_1_22' title="bbox 167 1029 957 1065">
    <p class='ocr_par' dir='ltr' id='par_1_22' title="bbox 167 1029 957 1065">
     <span class='ocr_line' id='line_1_22' title="bbox 167 1029 957 1065; baseline 0.008 -10"><span class='ocrx_word' id='word_1_132' title='bbox 167 1033 208 1056; x_wconf 84' lang='lat' dir='ltr'><strong>tra</strong></span> <span class='ocrx_word' id='word_1_133' title='bbox 227 1029 394 1063; x_wconf 79' lang='lat' dir='ltr'><strong>(civitatem,</strong></span> <span class='ocrx_word' id='word_1_134' title='bbox 410 1030 428 1056; x_wconf 81' lang='grc' dir='ltr'><strong>ί.</strong></span> <span class='ocrx_word' id='word_1_135' title='bbox 444 1038 466 1057; x_wconf 87' lang='lat' dir='ltr'><strong>e.</strong></span> <span class='ocrx_word' id='word_1_136' title='bbox 482 1029 515 1057; x_wconf 91' lang='lat' dir='ltr'><strong>ad</strong></span> <span class='ocrx_word' id='word_1_137' title='bbox 534 1035 638 1065; x_wconf 86' lang='lat' dir='ltr'><strong>partem</strong></span> <span class='ocrx_word' id='word_1_138' title='bbox 664 1032 872 1060; x_wconf 80' lang='lat' dir='ltr'><strong>occidentalem.</strong></span> <span class='ocrx_word' id='word_1_139' title='bbox 891 1033 957 1061; x_wconf 85' lang='lat' dir='ltr'><strong>Vide</strong></span> 
     </span>
    </p>
   </div>
   <div class='ocr_carea' id='block_1_23' title="bbox 168 1075 958 1114">
    <p class='ocr_par' dir='ltr' id='par_1_23' title="bbox 168 1075 958 1114">
     <span class='ocr_line' id='line_1_23' title="bbox 168 1075 958 1114; baseline 0.006 -12"><span class='ocrx_word' id='word_1_140' title='bbox 168 1075 236 1102; x_wconf 78' lang='lat' dir='ltr'><strong>infra</strong></span> <span class='ocrx_word' id='word_1_141' title='bbox 255 1083 330 1103; x_wconf 89' lang='lat' dir='ltr'><strong>num.</strong></span> <span class='ocrx_word' id='word_1_142' title='bbox 348 1075 393 1111; x_wconf 76' lang='grc'><strong>50)</strong></span> <span class='ocrx_word' id='word_1_143' title='bbox 411 1076 436 1103; x_wconf 92' lang='lat' dir='ltr'><strong>in</strong></span> <span class='ocrx_word' id='word_1_144' title='bbox 454 1076 557 1105; x_wconf 81' lang='lat' dir='ltr'><strong>Palatio</strong></span> <span class='ocrx_word' id='word_1_145' title='bbox 576 1077 609 1105; x_wconf 88' lang='lat' dir='ltr'><strong>ad</strong></span> <span class='ocrx_word' id='word_1_146' title='bbox 628 1078 656 1105; x_wconf 86' lang='lat' dir='ltr'><strong>S.</strong></span> <span class='ocrx_word' id='word_1_147' title='bbox 673 1078 830 1114; x_wconf 86' lang='lat' dir='ltr'><strong>Mamantis,</strong></span> <span class='ocrx_word' id='word_1_148' title='bbox 843 1080 958 1107; x_wconf 83' lang='lat' dir='ltr'><strong>s:evien-</strong></span> 
     </span>
    </p>
   </div>
   <div class='ocr_carea' id='block_1_24' title="bbox 169 1122 958 1160">
    <p class='ocr_par' dir='ltr' id='par_1_24' title="bbox 169 1122 958 1160">
     <span class='ocr_line' id='line_1_24' title="bbox 169 1122 958 1160; baseline 0.006 -11"><span class='ocrx_word' id='word_1_149' title='bbox 169 1127 221 1150; x_wconf 87' lang='lat' dir='ltr'><strong>tem</strong></span> <span class='ocrx_word' id='word_1_150' title='bbox 237 1122 264 1149; x_wconf 88' lang='lat' dir='ltr'><strong>in</strong></span> <span class='ocrx_word' id='word_1_151' title='bbox 280 1130 328 1150; x_wconf 89' lang='lat' dir='ltr'><strong>eos</strong></span> <span class='ocrx_word' id='word_1_152' title='bbox 343 1124 388 1158; x_wconf 88' lang='lat' dir='ltr'><strong>qui</strong></span> <span class='ocrx_word' id='word_1_153' title='bbox 409 1131 547 1151; x_wconf 85' lang='lat' dir='ltr'><strong>sacrarum</strong></span> <span class='ocrx_word' id='word_1_154' title='bbox 573 1124 721 1160; x_wconf 78' lang='lat' dir='ltr'><strong>imaginum</strong></span> <span class='ocrx_word' id='word_1_155' title='bbox 736 1125 838 1152; x_wconf 90' lang='lat' dir='ltr'><strong>nollent</strong></span> <span class='ocrx_word' id='word_1_156' title='bbox 854 1127 958 1154; x_wconf 85' lang='lat' dir='ltr'><strong>cultum</strong></span> 
     </span>
    </p>
   </div>
   <div class='ocr_carea' id='block_1_25' title="bbox 166 1168 957 1206">
    <p class='ocr_par' dir='ltr' id='par_1_25' title="bbox 166 1168 957 1206">
     <span class='ocr_line' id='line_1_25' title="bbox 166 1168 957 1206; baseline 0.006 -11"><span class='ocrx_word' id='word_1_157' title='bbox 166 1168 294 1201; x_wconf 79' lang='lat' dir='ltr'><strong>obiicere.</strong></span> <span class='ocrx_word' id='word_1_158' title='bbox 324 1177 441 1206; x_wconf 88' lang='lat' dir='ltr'><strong>eumque</strong></span> <span class='ocrx_word' id='word_1_159' title='bbox 468 1171 636 1205; x_wconf 77' lang='lat' dir='ltr'><strong>compellans</strong></span> <span class='ocrx_word' id='word_1_160' title='bbox 664 1179 672 1198; x_wconf 88' lang='lat'><strong>:</strong></span> <span class='ocrx_word' id='word_1_161' title='bbox 701 1171 862 1206; x_wconf 78' lang='lat' dir='ltr'><strong>imperator,</strong></span> <span class='ocrx_word' id='word_1_162' title='bbox 893 1178 957 1201; x_wconf 87' lang='lat' dir='ltr'><strong>tunc</strong></span> 
     </span>
    </p>
   </div>
   <div class='ocr_carea' id='block_1_26' title="bbox 165 1214 958 1258">
    <p class='ocr_par' dir='ltr' id='par_1_26' title="bbox 165 1214 958 1258">
     <span class='ocr_line' id='line_1_26' title="bbox 165 1214 958 1258; baseline 0.004 -16"><span class='ocrx_word' id='word_1_163' title='bbox 165 1214 338 1243; x_wconf 83' lang='lat' dir='ltr'><strong>Christianus</strong></span> <span class='ocrx_word' id='word_1_164' title='bbox 367 1223 410 1248; x_wconf 84' lang='lat' dir='ltr'><strong>es,</strong></span> <span class='ocrx_word' id='word_1_165' title='bbox 426 1216 535 1251; x_wconf 74' lang='lat' dir='ltr'><strong>inquit?</strong></span> <span class='ocrx_word' id='word_1_166' title='bbox 552 1217 601 1244; x_wconf 89' lang='lat' dir='ltr'><strong>llic</strong></span> <span class='ocrx_word' id='word_1_167' title='bbox 623 1225 690 1245; x_wconf 85' lang='lat' dir='ltr'><strong>vero</strong></span> <span class='ocrx_word' id='word_1_168' title='bbox 712 1227 772 1245; x_wconf 83' lang='lat' dir='ltr'><strong>cum</strong></span> <span class='ocrx_word' id='word_1_169' title='bbox 791 1219 830 1245; x_wconf 85' lang='lat' dir='ltr'><strong>ira</strong></span> <span class='ocrx_word' id='word_1_170' title='bbox 846 1218 878 1246; x_wconf 85' lang='lat' dir='ltr'><strong>ad</strong></span> <span class='ocrx_word' id='word_1_171' title='bbox 895 1227 958 1258; x_wconf 68' lang='lat' dir='ltr'><strong>epm</strong></span> 
     </span>
    </p>
   </div>
   <div class='ocr_carea' id='block_1_27' title="bbox 165 1261 959 1298">
    <p class='ocr_par' dir='ltr' id='par_1_27' title="bbox 165 1261 959 1298">
     <span class='ocr_line' id='line_1_27' title="bbox 165 1261 959 1298; baseline 0.005 -11"><span class='ocrx_word' id='word_1_172' title='bbox 165 1267 324 1294; x_wconf 81' lang='lat' dir='ltr'><strong>conversus,</strong></span> <span class='ocrx_word' id='word_1_173' title='bbox 349 1261 446 1289; x_wconf 83' lang='lat' dir='ltr'><strong>adduci</strong></span> <span class='ocrx_word' id='word_1_174' title='bbox 469 1262 563 1296; x_wconf 81' lang='lat' dir='ltr'><strong>jussit.</strong></span> <span class='ocrx_word' id='word_1_175' title='bbox 588 1262 658 1290; x_wconf 90' lang='lat' dir='ltr'><strong>Tum</strong></span> <span class='ocrx_word' id='word_1_176' title='bbox 689 1263 734 1291; x_wconf 81' lang='lat' dir='ltr'><strong>alii</strong></span> <span class='ocrx_word' id='word_1_177' title='bbox 763 1264 869 1298; x_wconf 80' lang='lat' dir='ltr'><strong>capillis</strong></span> <span class='ocrx_word' id='word_1_178' title='bbox 886 1264 959 1291; x_wconf 89' lang='lat' dir='ltr'><strong>abri-</strong></span> 
     </span>
    </p>
   </div>
   <div class='ocr_carea' id='block_1_28' title="bbox 165 1306 957 1345">
    <p class='ocr_par' dir='ltr' id='par_1_28' title="bbox 165 1306 957 1345">
     <span class='ocr_line' id='line_1_28' title="bbox 165 1306 957 1345; baseline 0.008 -12"><span class='ocrx_word' id='word_1_179' title='bbox 165 1306 284 1342; x_wconf 81' lang='lat' dir='ltr'><strong>pientes,</strong></span> <span class='ocrx_word' id='word_1_180' title='bbox 301 1307 344 1335; x_wconf 93' lang='lat' dir='ltr'><strong>alii</strong></span> <span class='ocrx_word' id='word_1_181' title='bbox 363 1308 483 1336; x_wconf 85' lang='lat' dir='ltr'><strong>tunicam</strong></span> <span class='ocrx_word' id='word_1_182' title='bbox 503 1309 656 1338; x_wconf 84' lang='lat' dir='ltr'><strong>lacerantes</strong></span> <span class='ocrx_word' id='word_1_183' title='bbox 678 1314 706 1338; x_wconf 86' lang='lat' dir='ltr'><strong>et</strong></span> <span class='ocrx_word' id='word_1_184' title='bbox 728 1318 742 1338; x_wconf 84' lang='lat' dir='ltr'><strong>a</strong></span> <span class='ocrx_word' id='word_1_185' title='bbox 759 1315 834 1345; x_wconf 78' lang='lat' dir='ltr'><strong>tergo</strong></span> <span class='ocrx_word' id='word_1_186' title='bbox 851 1311 957 1339; x_wconf 70' lang='lat' dir='ltr'><strong>caeden-</strong></span> 
     </span>
    </p>
   </div>
   <div class='ocr_carea' id='block_1_29' title="bbox 166 1353 958 1392">
    <p class='ocr_par' dir='ltr' id='par_1_29' title="bbox 166 1353 958 1392">
     <span class='ocr_line' id='line_1_29' title="bbox 166 1353 958 1392; baseline 0.008 -13"><span class='ocrx_word' id='word_1_187' title='bbox 166 1358 216 1386; x_wconf 88' lang='lat' dir='ltr'><strong>tes,</strong></span> <span class='ocrx_word' id='word_1_188' title='bbox 231 1353 362 1382; x_wconf 83' lang='lat' dir='ltr'><strong>Sanctum</strong></span> <span class='ocrx_word' id='word_1_189' title='bbox 376 1355 531 1389; x_wconf 78' lang='lat' dir='ltr'><strong>raptabant.</strong></span> <span class='ocrx_word' id='word_1_190' title='bbox 548 1355 598 1383; x_wconf 84' lang='lat' dir='ltr'><strong>Cui</strong></span> <span class='ocrx_word' id='word_1_191' title='bbox 620 1360 752 1392; x_wconf 81' lang='lat' dir='ltr'><strong>tyrannus</strong></span> <span class='ocrx_word' id='word_1_192' title='bbox 773 1366 780 1385; x_wconf 90' lang='lat'><strong>:</strong></span> <span class='ocrx_word' id='word_1_193' title='bbox 796 1357 872 1386; x_wconf 86' lang='lat' dir='ltr'><strong>itane</strong></span> <span class='ocrx_word' id='word_1_194' title='bbox 893 1366 958 1387; x_wconf 89' lang='lat' dir='ltr'><strong>con-</strong></span> 
     </span>
    </p>
   </div>
   <div class='ocr_carea' id='block_1_30' title="bbox 166 1399 956 1436">
    <p class='ocr_par' dir='ltr' id='par_1_30' title="bbox 166 1399 956 1436">
     <span class='ocr_line' id='line_1_30' title="bbox 166 1399 956 1436; baseline 0.008 -10"><span class='ocrx_word' id='word_1_195' title='bbox 166 1399 286 1428; x_wconf 89' lang='lat' dir='ltr'><strong>tumeliis</strong></span> <span class='ocrx_word' id='word_1_196' title='bbox 297 1400 492 1436; x_wconf 84' lang='lat' dir='ltr'><strong>imperatorem</strong></span> <span class='ocrx_word' id='word_1_197' title='bbox 504 1401 611 1430; x_wconf 80' lang='lat' dir='ltr'><strong>allicere</strong></span> <span class='ocrx_word' id='word_1_198' title='bbox 627 1403 741 1431; x_wconf 83' lang='lat' dir='ltr'><strong>edoctus</strong></span> <span class='ocrx_word' id='word_1_199' title='bbox 754 1404 803 1431; x_wconf 85' lang='lat' dir='ltr'><strong>es?</strong></span> <span class='ocrx_word' id='word_1_200' title='bbox 814 1404 862 1432; x_wconf 87' lang='lat' dir='ltr'><strong>[lle</strong></span> <span class='ocrx_word' id='word_1_201' title='bbox 877 1413 956 1433; x_wconf 85' lang='lat' dir='ltr'><strong>vero:</strong></span> 
     </span>
    </p>
   </div>
   <div class='ocr_carea' id='block_1_31' title="bbox 165 1444 959 1485">
    <p class='ocr_par' dir='ltr' id='par_1_31' title="bbox 165 1444 959 1485">
     <span class='ocr_line' id='line_1_31' title="bbox 165 1444 959 1485; baseline 0.009 -13"><span class='ocrx_word' id='word_1_202' title='bbox 165 1444 250 1473; x_wconf 83' lang='lat' dir='ltr'><strong>Nemo</strong></span> <span class='ocrx_word' id='word_1_203' title='bbox 272 1446 416 1481; x_wconf 88' lang='lat' dir='ltr'><strong>delinquit,</strong></span> <span class='ocrx_word' id='word_1_204' title='bbox 434 1448 628 1482; x_wconf 88' lang='lat' dir='ltr'><strong>imperatorem</strong></span> <span class='ocrx_word' id='word_1_205' title='bbox 652 1456 779 1485; x_wconf 78' lang='lat' dir='ltr'><strong>arguens.</strong></span> <span class='ocrx_word' id='word_1_206' title='bbox 805 1451 867 1477; x_wconf 87' lang='lat' dir='ltr'><strong>dum</strong></span> <span class='ocrx_word' id='word_1_207' title='bbox 883 1451 959 1485; x_wconf 74' lang='lat' dir='ltr'><strong>leges</strong></span> 
     </span>
    </p>
   </div>
   <div class='ocr_carea' id='block_1_32' title="bbox 164 1493 957 1532">
    <p class='ocr_par' dir='ltr' id='par_1_32' title="bbox 164 1493 957 1532">
     <span class='ocr_line' id='line_1_32' title="bbox 164 1493 957 1532; baseline 0.006 -13"><span class='ocrx_word' id='word_1_208' title='bbox 164 1493 327 1520; x_wconf 84' lang='lat' dir='ltr'><strong>contemnit.</strong></span> <span class='ocrx_word' id='word_1_209' title='bbox 352 1493 497 1529; x_wconf 87' lang='lat' dir='ltr'><strong>Tyrannus</strong></span> <span class='ocrx_word' id='word_1_210' title='bbox 513 1496 612 1522; x_wconf 86' lang='lat' dir='ltr'><strong>iterum</strong></span> <span class='ocrx_word' id='word_1_211' title='bbox 631 1505 637 1523; x_wconf 87' lang='lat'>:</span> <span class='ocrx_word' id='word_1_212' title='bbox 653 1496 683 1523; x_wconf 88' lang='lat' dir='ltr'><strong>in</strong></span> <span class='ocrx_word' id='word_1_213' title='bbox 702 1504 749 1523; x_wconf 88' lang='lat' dir='ltr'><strong>vos</strong></span> <span class='ocrx_word' id='word_1_214' title='bbox 760 1497 851 1531; x_wconf 86' lang='lat' dir='ltr'><strong>potius</strong></span> <span class='ocrx_word' id='word_1_215' title='bbox 867 1497 957 1532; x_wconf 78' lang='lat' dir='ltr'><strong>legum</strong></span> 
     </span>
    </p>
   </div>
   <div class='ocr_carea' id='block_1_33' title="bbox 164 1539 956 1576">
    <p class='ocr_par' dir='ltr' id='par_1_33' title="bbox 164 1539 956 1576">
     <span class='ocr_line' id='line_1_33' title="bbox 164 1539 956 1576; baseline 0.006 -10"><span class='ocrx_word' id='word_1_216' title='bbox 164 1543 340 1573; x_wconf 80' lang='lat' dir='ltr'><strong>corruptores</strong></span> <span class='ocrx_word' id='word_1_217' title='bbox 349 1539 603 1573; x_wconf 84' lang='lat' dir='ltr'><strong>animadvertimus,</strong></span> <span class='ocrx_word' id='word_1_218' title='bbox 612 1544 660 1575; x_wconf 82' lang='lat' dir='ltr'><strong>qui</strong></span> <span class='ocrx_word' id='word_1_219' title='bbox 674 1543 750 1576; x_wconf 85' lang='lat' dir='ltr'><strong>quasi</strong></span> <span class='ocrx_word' id='word_1_220' title='bbox 762 1543 813 1570; x_wconf 77' lang='lat' dir='ltr'><strong>diis</strong></span> <span class='ocrx_word' id='word_1_221' title='bbox 825 1543 956 1574; x_wconf 75' lang='lat' dir='ltr'><strong>advoluti.</strong></span> 
     </span>
    </p>
   </div>
   <div class='ocr_carea' id='block_1_34' title="bbox 1009 292 1803 329">
    <p class='ocr_par' dir='ltr' id='par_1_34' title="bbox 1009 292 1803 329">
     <span class='ocr_line' id='line_1_34' title="bbox 1009 292 1803 329; baseline 0.004 -10"><span class='ocrx_word' id='word_1_222' title='bbox 1009 293 1052 320; x_wconf 86' lang='lat' dir='ltr'><strong>die</strong></span> <span class='ocrx_word' id='word_1_223' title='bbox 1065 293 1204 320; x_wconf 85' lang='lat' dir='ltr'><strong>celebrato</strong></span> <span class='ocrx_word' id='word_1_224' title='bbox 1225 292 1318 320; x_wconf 80' lang='lat' dir='ltr'><strong>amnes</strong></span> <span class='ocrx_word' id='word_1_225' title='bbox 1333 298 1406 323; x_wconf 83' lang='lat' dir='ltr'><strong>sunt.</strong></span> <span class='ocrx_word' id='word_1_226' title='bbox 1425 298 1452 321; x_wconf 86' lang='lat' dir='ltr'><strong>et</strong></span> <span class='ocrx_word' id='word_1_227' title='bbox 1471 298 1561 321; x_wconf 84' lang='lat' dir='ltr'><strong>tamen</strong></span> <span class='ocrx_word' id='word_1_228' title='bbox 1589 294 1695 329; x_wconf 83' lang='lat' dir='ltr'><strong>priores</strong></span> <span class='ocrx_word' id='word_1_229' title='bbox 1721 295 1803 323; x_wconf 90' lang='lat' dir='ltr'><strong>etiam</strong></span> 
     </span>
    </p>
   </div>
   <div class='ocr_carea' id='block_1_35' title="bbox 1010 339 1804 376">
    <p class='ocr_par' dir='ltr' id='par_1_35' title="bbox 1010 339 1804 376">
     <span class='ocr_line' id='line_1_35' title="bbox 1010 339 1804 376; baseline 0.003 -9"><span class='ocrx_word' id='word_1_230' title='bbox 1010 347 1089 367; x_wconf 88' lang='lat' dir='ltr'><strong>suum</strong></span> <span class='ocrx_word' id='word_1_231' title='bbox 1113 339 1255 374; x_wconf 84' lang='lat' dir='ltr'><strong>proprium</strong></span> <span class='ocrx_word' id='word_1_232' title='bbox 1280 339 1350 366; x_wconf 81' lang='lat' dir='ltr'><strong>diem</strong></span> <span class='ocrx_word' id='word_1_233' title='bbox 1374 339 1510 367; x_wconf 88' lang='lat' dir='ltr'><strong>obtinere.</strong></span> <span class='ocrx_word' id='word_1_234' title='bbox 1525 340 1552 367; x_wconf 95' lang='lat' dir='ltr'><strong>In</strong></span> <span class='ocrx_word' id='word_1_235' title='bbox 1577 340 1686 368; x_wconf 67' lang='lat' dir='ltr'><strong>Menaeis</strong></span> <span class='ocrx_word' id='word_1_236' title='bbox 1712 341 1804 376; x_wconf 81' lang='lat' dir='ltr'><strong>itaque</strong></span> 
     </span>
    </p>
   </div>
   <div class='ocr_carea' id='block_1_36' title="bbox 1009 385 1801 422">
    <p class='ocr_par' dir='ltr' id='par_1_36' title="bbox 1009 385 1801 422">
     <span class='ocr_line' id='line_1_36' title="bbox 1009 385 1801 422; baseline 0.003 -10"><span class='ocrx_word' id='word_1_237' title='bbox 1009 385 1131 420; x_wconf 71' lang='lat' dir='ltr'><strong>praedicti</strong></span> <span class='ocrx_word' id='word_1_238' title='bbox 1151 389 1268 420; x_wconf 88' lang='lat' dir='ltr'><strong>quatuor</strong></span> <span class='ocrx_word' id='word_1_239' title='bbox 1286 385 1377 412; x_wconf 81' lang='lat' dir='ltr'><strong>Sancti</strong></span> <span class='ocrx_word' id='word_1_240' title='bbox 1402 385 1436 412; x_wconf 88' lang='lat' dir='ltr'><strong>ad</strong></span> <span class='ocrx_word' id='word_1_241' title='bbox 1451 385 1523 412; x_wconf 88' lang='lat' dir='ltr'><strong>diem</strong></span> <span class='ocrx_word' id='word_1_242' title='bbox 1545 395 1589 413; x_wconf 78' lang='lat' dir='ltr'><strong>xxi</strong></span> <span class='ocrx_word' id='word_1_243' title='bbox 1606 387 1741 418; x_wconf 86' lang='lat' dir='ltr'><strong>Octobris,</strong></span> <span class='ocrx_word' id='word_1_244' title='bbox 1756 387 1801 422; x_wconf 89' lang='lat' dir='ltr'><strong>qui</strong></span> 
     </span>
    </p>
   </div>
   <div class='ocr_carea' id='block_1_37' title="bbox 1009 430 1802 466">
    <p class='ocr_par' dir='ltr' id='par_1_37' title="bbox 1009 430 1802 466">
     <span class='ocr_line' id='line_1_37' title="bbox 1009 430 1802 466; baseline 0.004 -7"><span class='ocrx_word' id='word_1_245' title='bbox 1009 431 1062 459; x_wconf 87' lang='lat' dir='ltr'><strong>diei</strong></span> <span class='ocrx_word' id='word_1_246' title='bbox 1077 440 1132 466; x_wconf 88' lang='lat' dir='ltr'><strong>quo</strong></span> <span class='ocrx_word' id='word_1_247' title='bbox 1150 438 1248 466; x_wconf 77' lang='lat' dir='ltr'><strong>passus</strong></span> <span class='ocrx_word' id='word_1_248' title='bbox 1265 436 1307 459; x_wconf 89' lang='lat' dir='ltr'><strong>est</strong></span> <span class='ocrx_word' id='word_1_249' title='bbox 1322 430 1351 459; x_wconf 90' lang='lat' dir='ltr'><strong>S.</strong></span> <span class='ocrx_word' id='word_1_250' title='bbox 1368 431 1493 458; x_wconf 79' lang='lat' dir='ltr'><strong>Andreas</strong></span> <span class='ocrx_word' id='word_1_251' title='bbox 1510 432 1536 458; x_wconf 92' lang='lat' dir='ltr'><strong>in</strong></span> <span class='ocrx_word' id='word_1_252' title='bbox 1550 432 1631 463; x_wconf 82' lang='lat' dir='ltr'><strong>Crisi,</strong></span> <span class='ocrx_word' id='word_1_253' title='bbox 1647 441 1681 460; x_wconf 88' lang='lat' dir='ltr'><strong>xx</strong></span> <span class='ocrx_word' id='word_1_254' title='bbox 1699 433 1802 462; x_wconf 76' lang='lat' dir='ltr'><strong>scilicet</strong></span> 
     </span>
    </p>
   </div>
   <div class='ocr_carea' id='block_1_38' title="bbox 1010 477 1803 513">
    <p class='ocr_par' dir='ltr' id='par_1_38' title="bbox 1010 477 1803 513">
     <span class='ocr_line' id='line_1_38' title="bbox 1010 477 1803 513; baseline 0.003 -9"><span class='ocrx_word' id='word_1_255' title='bbox 1010 478 1152 512; x_wconf 81' lang='lat' dir='ltr'><strong>proximus</strong></span> <span class='ocrx_word' id='word_1_256' title='bbox 1176 482 1228 508; x_wconf 72' lang='lat' dir='ltr'><strong>est.</strong></span> <span class='ocrx_word' id='word_1_257' title='bbox 1246 477 1322 504; x_wconf 82' lang='lat' dir='ltr'><strong>relati</strong></span> <span class='ocrx_word' id='word_1_258' title='bbox 1342 482 1406 504; x_wconf 89' lang='lat' dir='ltr'><strong>sunt</strong></span> <span class='ocrx_word' id='word_1_259' title='bbox 1427 483 1453 504; x_wconf 84' lang='lat' dir='ltr'><strong>et</strong></span> <span class='ocrx_word' id='word_1_260' title='bbox 1480 479 1603 513; x_wconf 80' lang='lat' dir='ltr'><strong>sequenti</strong></span> <span class='ocrx_word' id='word_1_261' title='bbox 1622 479 1697 505; x_wconf 84' lang='lat' dir='ltr'><strong>brevi</strong></span> <span class='ocrx_word' id='word_1_262' title='bbox 1719 487 1803 506; x_wconf 88' lang='lat' dir='ltr'><strong>enco-</strong></span> 
     </span>
    </p>
   </div>
   <div class='ocr_carea' id='block_1_39' title="bbox 1010 523 1804 559">
    <p class='ocr_par' dir='ltr' id='par_1_39' title="bbox 1010 523 1804 559">
     <span class='ocr_line' id='line_1_39' title="bbox 1010 523 1804 559; baseline 0.001 -9"><span class='ocrx_word' id='word_1_263' title='bbox 1010 524 1066 551; x_wconf 90' lang='lat' dir='ltr'><strong>mio</strong></span> <span class='ocrx_word' id='word_1_264' title='bbox 1086 523 1261 550; x_wconf 83' lang='lat' dir='ltr'><strong>celebrantur</strong></span> <span class='ocrx_word' id='word_1_265' title='bbox 1276 532 1282 550; x_wconf 82' lang='lat'><strong>:</strong></span> <span class='ocrx_word' id='word_1_266' title='bbox 1298 524 1336 558; x_wconf 78' lang='grc' dir='ltr'>Τῇ</span> <span class='ocrx_word' id='word_1_267' title='bbox 1349 523 1418 558; x_wconf 78' lang='grc' dir='ltr'>αὐτῇ</span> <span class='ocrx_word' id='word_1_268' title='bbox 1430 524 1534 559; x_wconf 60' lang='grc' dir='ltr'>ἡμέρᾳ,</span> <span class='ocrx_word' id='word_1_269' title='bbox 1549 523 1642 558; x_wconf 83' lang='grc' dir='ltr'>μνήμη</span> <span class='ocrx_word' id='word_1_270' title='bbox 1657 524 1709 550; x_wconf 76' lang='grc' dir='ltr'><strong>τῶν</strong></span> <span class='ocrx_word' id='word_1_271' title='bbox 1719 524 1804 557; x_wconf 77' lang='grc' dir='ltr'>ἁγίων</span> 
     </span>
    </p>
   </div>
   <div class='ocr_carea' id='block_1_40' title="bbox 1011 569 1806 606">
    <p class='ocr_par' dir='ltr' id='par_1_40' title="bbox 1011 569 1806 606">
     <span class='ocr_line' id='line_1_40' title="bbox 1011 569 1806 606; baseline 0.001 -10"><span class='ocrx_word' id='word_1_272' title='bbox 1011 570 1153 603; x_wconf 70' lang='grc' dir='ltr'>νεοφανῶν</span> <span class='ocrx_word' id='word_1_273' title='bbox 1169 570 1319 605; x_wconf 80' lang='grc' dir='ltr'>μαρτύρων</span> <span class='ocrx_word' id='word_1_274' title='bbox 1349 570 1486 606; x_wconf 78' lang='grc' dir='ltr'><strong>Ἀνδρέου,</strong></span> <span class='ocrx_word' id='word_1_275' title='bbox 1521 569 1670 604; x_wconf 66' lang='grc' dir='ltr'>Στεφάνου,</span> <span class='ocrx_word' id='word_1_276' title='bbox 1699 571 1806 597; x_wconf 72' lang='grc' dir='ltr'>Παύλου</span> 
     </span>
    </p>
   </div>
   <div class='ocr_carea' id='block_1_41' title="bbox 1010 615 1190 650">
    <p class='ocr_par' dir='ltr' id='par_1_41' title="bbox 1010 615 1190 650">
     <span class='ocr_line' id='line_1_41' title="bbox 1010 615 1190 650; baseline -0.006 -8"><span class='ocrx_word' id='word_1_277' title='bbox 1010 615 1057 642; x_wconf 75' lang='grc' dir='ltr'><strong>καὶ</strong></span> <span class='ocrx_word' id='word_1_278' title='bbox 1071 615 1190 650; x_wconf 75' lang='grc' dir='ltr'><strong>Πέτρου.</strong></span> 
     </span>
    </p>
   </div>
   <div class='ocr_carea' id='block_1_42' title="bbox 1009 660 1718 698">
    <p class='ocr_par' dir='ltr' id='par_1_42' title="bbox 1009 660 1718 698">
     <span class='ocr_line' id='line_1_42' title="bbox 1009 660 1718 698; baseline 0.003 -11"><span class='ocrx_word' id='word_1_279' title='bbox 1009 661 1100 696; x_wconf 74' lang='grc' dir='ltr'><strong>Στίχοι</strong></span> <span class='ocrx_word' id='word_1_280' title='bbox 1113 669 1120 677; x_wconf 92' lang='grc'><strong>·</strong></span> <span class='ocrx_word' id='word_1_281' title='bbox 1136 660 1227 696; x_wconf 74' lang='grc' dir='ltr'>Τρεῖς,</span> <span class='ocrx_word' id='word_1_282' title='bbox 1240 662 1253 688; x_wconf 73' lang='grc' dir='ltr'>ὁ</span> <span class='ocrx_word' id='word_1_283' title='bbox 1264 661 1409 696; x_wconf 64' lang='grc' dir='ltr'><strong>Στέφαικκ,</strong></span> <span class='ocrx_word' id='word_1_284' title='bbox 1427 662 1458 688; x_wconf 75' lang='lat' dir='ltr'><strong>sb</strong></span> <span class='ocrx_word' id='word_1_285' title='bbox 1473 662 1636 696; x_wconf 69' lang='grc' dir='ltr'>στεφανίτας</span> <span class='ocrx_word' id='word_1_286' title='bbox 1647 662 1718 698; x_wconf 75' lang='grc' dir='ltr'><strong>ἔχεις</strong></span> 
     </span>
    </p>
   </div>
   <div class='ocr_carea' id='block_1_43' title="bbox 1139 707 1719 743">
    <p class='ocr_par' dir='ltr' id='par_1_43' title="bbox 1139 707 1719 743">
     <span class='ocr_line' id='line_1_43' title="bbox 1139 707 1719 743; baseline 0.003 -9"><span class='ocrx_word' id='word_1_287' title='bbox 1139 707 1209 740; x_wconf 76' lang='grc' dir='ltr'><strong>Τοὺς</strong></span> <span class='ocrx_word' id='word_1_288' title='bbox 1222 707 1263 734; x_wconf 82' lang='grc' dir='ltr'><strong>σοὶ</strong></span> <span class='ocrx_word' id='word_1_289' title='bbox 1274 707 1492 742; x_wconf 55' lang='lat' dir='ltr'><strong>summum;</strong></span> <span class='ocrx_word' id='word_1_290' title='bbox 1504 709 1532 742; x_wconf 76' lang='grc' dir='ltr'>ἐξ</span> <span class='ocrx_word' id='word_1_291' title='bbox 1545 709 1603 740; x_wconf 80' lang='grc' dir='ltr'>ἑνὸς</span> <span class='ocrx_word' id='word_1_292' title='bbox 1616 709 1719 743; x_wconf 73' lang='grc' dir='ltr'><strong>ξὶφως.</strong></span> 
     </span>
    </p>
   </div>
   <div class='ocr_carea' id='block_1_44' title="bbox 1046 752 1807 793">
    <p class='ocr_par' dir='ltr' id='par_1_44' title="bbox 1046 752 1807 793">
     <span class='ocr_line' id='line_1_44' title="bbox 1046 752 1807 793; baseline 0 -12"><span class='ocrx_word' id='word_1_293' title='bbox 1046 753 1073 781; x_wconf 86' lang='lat' dir='ltr'><strong>Id</strong></span> <span class='ocrx_word' id='word_1_294' title='bbox 1087 758 1128 781; x_wconf 85' lang='lat' dir='ltr'><strong>est</strong></span> <span class='ocrx_word' id='word_1_295' title='bbox 1144 761 1151 780; x_wconf 92' lang='lat'>:</span> <span class='ocrx_word' id='word_1_296' title='bbox 1165 754 1265 780; x_wconf 83' lang='lat' dir='ltr'><strong>Eadem</strong></span> <span class='ocrx_word' id='word_1_297' title='bbox 1281 753 1326 780; x_wconf 82' lang='lat' dir='ltr'><strong>die</strong></span> <span class='ocrx_word' id='word_1_298' title='bbox 1340 753 1394 788; x_wconf 77' lang='lat' dir='ltr'><strong>(xxi</strong></span> <span class='ocrx_word' id='word_1_299' title='bbox 1411 752 1520 793; x_wconf 83' lang='lat' dir='ltr'><strong>O_ctob.)</strong></span> <span class='ocrx_word' id='word_1_300' title='bbox 1548 754 1679 781; x_wconf 85' lang='lat' dir='ltr'><strong>memoria</strong></span> <span class='ocrx_word' id='word_1_301' title='bbox 1698 758 1807 782; x_wconf 87' lang='lat' dir='ltr'><strong>sancto-</strong></span> 
     </span>
    </p>
   </div>
   <div class='ocr_carea' id='block_1_45' title="bbox 1011 799 1808 835">
    <p class='ocr_par' dir='ltr' id='par_1_45' title="bbox 1011 799 1808 835">
     <span class='ocr_line' id='line_1_45' title="bbox 1011 799 1808 835; baseline 0.003 -9"><span class='ocrx_word' id='word_1_302' title='bbox 1011 807 1071 827; x_wconf 86' lang='lat' dir='ltr'><strong>rum</strong></span> <span class='ocrx_word' id='word_1_303' title='bbox 1084 799 1234 827; x_wconf 87' lang='lat' dir='ltr'><strong>recentium</strong></span> <span class='ocrx_word' id='word_1_304' title='bbox 1244 803 1391 835; x_wconf 78' lang='lat' dir='ltr'><strong>martyrum</strong></span> <span class='ocrx_word' id='word_1_305' title='bbox 1404 799 1530 832; x_wconf 64' lang='lat' dir='ltr'><strong>Andrez,</strong></span> <span class='ocrx_word' id='word_1_306' title='bbox 1539 799 1682 835; x_wconf 80' lang='lat' dir='ltr'><strong>Stephani,</strong></span> <span class='ocrx_word' id='word_1_307' title='bbox 1693 800 1769 828; x_wconf 87' lang='lat' dir='ltr'><strong>Pauli</strong></span> <span class='ocrx_word' id='word_1_308' title='bbox 1781 804 1808 828; x_wconf 87' lang='lat' dir='ltr'><strong>et</strong></span> 
     </span>
    </p>
   </div>
   <div class='ocr_carea' id='block_1_46' title="bbox 1011 844 1096 872">
    <p class='ocr_par' dir='ltr' id='par_1_46' title="bbox 1011 844 1096 872">
     <span class='ocr_line' id='line_1_46' title="bbox 1011 844 1096 872; baseline -0.012 0"><span class='ocrx_word' id='word_1_309' title='bbox 1011 844 1096 872; x_wconf 81' lang='lat' dir='ltr'><strong>Petri.</strong></span> 
     </span>
    </p>
   </div>
   <div class='ocr_carea' id='block_1_47' title="bbox 1013 890 1750 926">
    <p class='ocr_par' dir='ltr' id='par_1_47' title="bbox 1013 890 1750 926">
     <span class='ocr_line' id='line_1_47' title="bbox 1013 890 1750 926; baseline 0 -8"><span class='ocrx_word' id='word_1_310' title='bbox 1013 891 1112 919; x_wconf 80' lang='lat' dir='ltr'><strong>Versus</strong></span> <span class='ocrx_word' id='word_1_311' title='bbox 1129 901 1137 919; x_wconf 88' lang='lat'><strong>:</strong></span> <span class='ocrx_word' id='word_1_312' title='bbox 1154 892 1222 919; x_wconf 87' lang='lat' dir='ltr'><strong>Tres</strong></span> <span class='ocrx_word' id='word_1_313' title='bbox 1238 897 1437 920; x_wconf 89' lang='lat' dir='ltr'><strong>concorouatos</strong></span> <span class='ocrx_word' id='word_1_314' title='bbox 1454 891 1548 923; x_wconf 86' lang='lat' dir='ltr'><strong>habes,</strong></span> <span class='ocrx_word' id='word_1_315' title='bbox 1563 899 1579 918; x_wconf 92' lang='grc' dir='ltr'><strong>ο</strong></span> <span class='ocrx_word' id='word_1_316' title='bbox 1597 890 1750 926; x_wconf 78' lang='lat' dir='ltr'><strong>Stephano,</strong></span> 
     </span>
    </p>
   </div>
   <div class='ocr_carea' id='block_1_48' title="bbox 1156 938 1746 973">
    <p class='ocr_par' dir='ltr' id='par_1_48' title="bbox 1156 938 1746 973">
     <span class='ocr_line' id='line_1_48' title="bbox 1156 938 1746 973; baseline 0 -7"><span class='ocrx_word' id='word_1_317' title='bbox 1156 938 1258 966; x_wconf 83' lang='lat' dir='ltr'><strong>Tecum</strong></span> <span class='ocrx_word' id='word_1_318' title='bbox 1272 946 1338 966; x_wconf 87' lang='lat' dir='ltr'><strong>ense</strong></span> <span class='ocrx_word' id='word_1_319' title='bbox 1354 942 1503 973; x_wconf 68' lang='lat' dir='ltr'><strong>pugnantes</strong></span> <span class='ocrx_word' id='word_1_320' title='bbox 1520 938 1614 965; x_wconf 70' lang='lat' dir='ltr'><strong>eodem</strong></span> <span class='ocrx_word' id='word_1_321' title='bbox 1625 943 1746 966; x_wconf 87' lang='lat' dir='ltr'><strong>strenue.</strong></span> 
     </span>
    </p>
   </div>
   <div class='ocr_carea' id='block_1_49' title="bbox 1009 984 1807 1013">
    <p class='ocr_par' dir='ltr' id='par_1_49' title="bbox 1009 984 1807 1013">
     <span class='ocr_line' id='line_1_49' title="bbox 1009 984 1807 1013; baseline 0 -1"><span class='ocrx_word' id='word_1_322' title='bbox 1009 985 1129 1013; x_wconf 78' lang='lat' dir='ltr'><strong>Rursum</strong></span> <span class='ocrx_word' id='word_1_323' title='bbox 1144 985 1187 1012; x_wconf 91' lang='lat' dir='ltr'><strong>die</strong></span> <span class='ocrx_word' id='word_1_324' title='bbox 1203 993 1285 1012; x_wconf 84' lang='lat' dir='ltr'><strong>xxvtu</strong></span> <span class='ocrx_word' id='word_1_325' title='bbox 1301 984 1427 1012; x_wconf 86' lang='lat' dir='ltr'><strong>Octobris</strong></span> <span class='ocrx_word' id='word_1_326' title='bbox 1437 984 1464 1011; x_wconf 92' lang='lat' dir='ltr'><strong>in</strong></span> <span class='ocrx_word' id='word_1_327' title='bbox 1478 984 1565 1011; x_wconf 87' lang='lat' dir='ltr'><strong>altero</strong></span> <span class='ocrx_word' id='word_1_328' title='bbox 1580 984 1696 1011; x_wconf 82' lang='lat' dir='ltr'><strong>duorum</strong></span> <span class='ocrx_word' id='word_1_329' title='bbox 1713 984 1807 1012; x_wconf 83' lang='lat' dir='ltr'><strong>Meno-</strong></span> 
     </span>
    </p>
   </div>
   <div class='ocr_carea' id='block_1_50' title="bbox 1009 1030 1807 1067">
    <p class='ocr_par' dir='ltr' id='par_1_50' title="bbox 1009 1030 1807 1067">
     <span class='ocr_line' id='line_1_50' title="bbox 1009 1030 1807 1067; baseline -0.001 -8"><span class='ocrx_word' id='word_1_330' title='bbox 1009 1032 1143 1067; x_wconf 81' lang='lat' dir='ltr'><strong>logioruni</strong></span> <span class='ocrx_word' id='word_1_331' title='bbox 1171 1039 1231 1066; x_wconf 61' lang='lat' dir='ltr'><strong>qua!</strong></span> <span class='ocrx_word' id='word_1_332' title='bbox 1259 1031 1403 1058; x_wconf 90' lang='lat' dir='ltr'><strong>Scholzius</strong></span> <span class='ocrx_word' id='word_1_333' title='bbox 1434 1031 1521 1058; x_wconf 85' lang='lat' dir='ltr'><strong>edidit</strong></span> <span class='ocrx_word' id='word_1_334' title='bbox 1549 1030 1618 1066; x_wconf 88' lang='lat' dir='ltr'><strong>(l6),</strong></span> <span class='ocrx_word' id='word_1_335' title='bbox 1646 1035 1807 1065; x_wconf 84' lang='lat' dir='ltr'><strong>comparent</strong></span> 
     </span>
    </p>
   </div>
   <div class='ocr_carea' id='block_1_51' title="bbox 1011 1074 1807 1111">
    <p class='ocr_par' dir='ltr' id='par_1_51' title="bbox 1011 1074 1807 1111">
     <span class='ocr_line' id='line_1_51' title="bbox 1011 1074 1807 1111; baseline -0.001 -7"><span class='ocrx_word' id='word_1_336' title='bbox 1011 1076 1060 1104; x_wconf 83' lang='lat' dir='ltr'><strong>SS.</strong></span> <span class='ocrx_word' id='word_1_337' title='bbox 1089 1080 1223 1111; x_wconf 84' lang='lat' dir='ltr'><strong>martyres</strong></span> <span class='ocrx_word' id='word_1_338' title='bbox 1255 1075 1421 1110; x_wconf 83' lang='lat' dir='ltr'><strong>Stephanus,</strong></span> <span class='ocrx_word' id='word_1_339' title='bbox 1452 1074 1550 1102; x_wconf 78' lang='lat' dir='ltr'><strong>Petrus</strong></span> <span class='ocrx_word' id='word_1_340' title='bbox 1579 1080 1607 1102; x_wconf 89' lang='lat' dir='ltr'><strong>et</strong></span> <span class='ocrx_word' id='word_1_341' title='bbox 1631 1075 1754 1103; x_wconf 78' lang='lat' dir='ltr'><strong>Andreas</strong></span> <span class='ocrx_word' id='word_1_342' title='bbox 1779 1079 1807 1103; x_wconf 89' lang='lat' dir='ltr'><strong>et</strong></span> 
     </span>
    </p>
   </div>
   <div class='ocr_carea' id='block_1_52' title="bbox 1010 1121 1807 1157">
    <p class='ocr_par' dir='ltr' id='par_1_52' title="bbox 1010 1121 1807 1157">
     <span class='ocr_line' id='line_1_52' title="bbox 1010 1121 1807 1157; baseline 0 -8"><span class='ocrx_word' id='word_1_343' title='bbox 1010 1130 1095 1149; x_wconf 76' lang='lat' dir='ltr'><strong>xxvut</strong></span> <span class='ocrx_word' id='word_1_344' title='bbox 1112 1121 1182 1148; x_wconf 85' lang='lat' dir='ltr'><strong>N0v.</strong></span> <span class='ocrx_word' id='word_1_345' title='bbox 1199 1121 1299 1148; x_wconf 88' lang='lat' dir='ltr'><strong>iterum</strong></span> <span class='ocrx_word' id='word_1_346' title='bbox 1314 1121 1343 1148; x_wconf 88' lang='lat' dir='ltr'><strong>S.</strong></span> <span class='ocrx_word' id='word_1_347' title='bbox 1360 1121 1518 1156; x_wconf 72' lang='lat' dir='ltr'><strong>Stephanus</strong></span> <span class='ocrx_word' id='word_1_348' title='bbox 1531 1121 1629 1150; x_wconf 83' lang='lat' dir='ltr'><strong>Juuior</strong></span> <span class='ocrx_word' id='word_1_349' title='bbox 1649 1126 1749 1157; x_wconf 86' lang='lat' dir='ltr'><strong>martyr</strong></span> <span class='ocrx_word' id='word_1_350' title='bbox 1764 1129 1807 1149; x_wconf 44' lang='lat' dir='ltr'><strong>so-</strong></span> 
     </span>
    </p>
   </div>
   <div class='ocr_carea' id='block_1_53' title="bbox 1010 1167 1806 1202">
    <p class='ocr_par' dir='ltr' id='par_1_53' title="bbox 1010 1167 1806 1202">
     <span class='ocr_line' id='line_1_53' title="bbox 1010 1167 1806 1202; baseline -0.001 -6"><span class='ocrx_word' id='word_1_351' title='bbox 1010 1168 1067 1200; x_wconf 87' lang='lat' dir='ltr'><strong>lus;</strong></span> <span class='ocrx_word' id='word_1_352' title='bbox 1087 1168 1114 1195; x_wconf 93' lang='lat' dir='ltr'><strong>in</strong></span> <span class='ocrx_word' id='word_1_353' title='bbox 1132 1168 1219 1195; x_wconf 84' lang='lat' dir='ltr'><strong>altero</strong></span> <span class='ocrx_word' id='word_1_354' title='bbox 1235 1175 1299 1195; x_wconf 87' lang='lat' dir='ltr'><strong>vero</strong></span> <span class='ocrx_word' id='word_1_355' title='bbox 1315 1168 1389 1194; x_wconf 89' lang='lat' dir='ltr'><strong>solus</strong></span> <span class='ocrx_word' id='word_1_356' title='bbox 1413 1167 1441 1194; x_wconf 92' lang='lat' dir='ltr'><strong>S.</strong></span> <span class='ocrx_word' id='word_1_357' title='bbox 1459 1167 1615 1202; x_wconf 85' lang='lat' dir='ltr'><strong>Stephanus</strong></span> <span class='ocrx_word' id='word_1_358' title='bbox 1634 1168 1732 1195; x_wconf 82' lang='lat' dir='ltr'><strong>Junior</strong></span> <span class='ocrx_word' id='word_1_359' title='bbox 1747 1175 1806 1195; x_wconf 92' lang='lat' dir='ltr'><strong>mo-</strong></span> 
     </span>
    </p>
   </div>
   <div class='ocr_carea' id='block_1_54' title="bbox 1009 1214 1807 1250">
    <p class='ocr_par' dir='ltr' id='par_1_54' title="bbox 1009 1214 1807 1250">
     <span class='ocr_line' id='line_1_54' title="bbox 1009 1214 1807 1250; baseline -0.001 -8"><span class='ocrx_word' id='word_1_360' title='bbox 1009 1215 1114 1242; x_wconf 86' lang='lat' dir='ltr'><strong>nachus</strong></span> <span class='ocrx_word' id='word_1_361' title='bbox 1130 1218 1157 1242; x_wconf 87' lang='lat' dir='ltr'><strong>et</strong></span> <span class='ocrx_word' id='word_1_362' title='bbox 1180 1219 1281 1250; x_wconf 87' lang='lat' dir='ltr'><strong>martyr</strong></span> <span class='ocrx_word' id='word_1_363' title='bbox 1295 1214 1339 1241; x_wconf 83' lang='lat' dir='ltr'><strong>die</strong></span> <span class='ocrx_word' id='word_1_364' title='bbox 1354 1222 1439 1242; x_wconf 88' lang='lat' dir='ltr'><strong>xxvm</strong></span> <span class='ocrx_word' id='word_1_365' title='bbox 1454 1214 1515 1242; x_wconf 87' lang='lat' dir='ltr'><strong>Oct.</strong></span> <span class='ocrx_word' id='word_1_366' title='bbox 1530 1215 1614 1242; x_wconf 88' lang='lat' dir='ltr'><strong>semel</strong></span> <span class='ocrx_word' id='word_1_367' title='bbox 1639 1222 1807 1242; x_wconf 88' lang='lat' dir='ltr'><strong>commemo-</strong></span> 
     </span>
    </p>
   </div>
   <div class='ocr_carea' id='block_1_55' title="bbox 1010 1260 1805 1295">
    <p class='ocr_par' dir='ltr' id='par_1_55' title="bbox 1010 1260 1805 1295">
     <span class='ocr_line' id='line_1_55' title="bbox 1010 1260 1805 1295; baseline 0.001 -8"><span class='ocrx_word' id='word_1_368' title='bbox 1010 1265 1096 1287; x_wconf 89' lang='lat' dir='ltr'><strong>ratur.</strong></span> <span class='ocrx_word' id='word_1_369' title='bbox 1114 1260 1180 1287; x_wconf 88' lang='lat' dir='ltr'><strong>ltem</strong></span> <span class='ocrx_word' id='word_1_370' title='bbox 1197 1261 1225 1287; x_wconf 94' lang='lat' dir='ltr'><strong>in</strong></span> <span class='ocrx_word' id='word_1_371' title='bbox 1253 1261 1348 1288; x_wconf 73' lang='lat' dir='ltr'><strong>codice</strong></span> <span class='ocrx_word' id='word_1_372' title='bbox 1371 1260 1557 1288; x_wconf 88' lang='lat' dir='ltr'><strong>Laurentiano</strong></span> <span class='ocrx_word' id='word_1_373' title='bbox 1577 1261 1632 1295; x_wconf 86' lang='grc'><strong>(17)</strong></span> <span class='ocrx_word' id='word_1_374' title='bbox 1655 1261 1746 1289; x_wconf 64' lang='lat' dir='ltr'><strong>saeculi</strong></span> <span class='ocrx_word' id='word_1_375' title='bbox 1764 1270 1778 1288; x_wconf 93' lang='lat' dir='ltr'><strong>x</strong></span> <span class='ocrx_word' id='word_1_376' title='bbox 1799 1270 1805 1288; x_wconf 89' lang='lat'>:</span> 
     </span>
    </p>
   </div>
   <div class='ocr_carea' id='block_1_56' title="bbox 1010 1305 1806 1342">
    <p class='ocr_par' dir='ltr' id='par_1_56' title="bbox 1010 1305 1806 1342">
     <span class='ocr_line' id='line_1_56' title="bbox 1010 1305 1806 1342; baseline 0.003 -9"><span class='ocrx_word' id='word_1_377' title='bbox 1010 1313 1095 1334; x_wconf 81' lang='lat' dir='ltr'><strong>xxvut</strong></span> <span class='ocrx_word' id='word_1_378' title='bbox 1109 1305 1207 1334; x_wconf 85' lang='lat' dir='ltr'><strong>Octob.</strong></span> <span class='ocrx_word' id='word_1_379' title='bbox 1226 1307 1256 1334; x_wconf 89' lang='lat' dir='ltr'><strong>S.</strong></span> <span class='ocrx_word' id='word_1_380' title='bbox 1274 1306 1405 1342; x_wconf 85' lang='lat' dir='ltr'><strong>Stephani</strong></span> <span class='ocrx_word' id='word_1_381' title='bbox 1420 1311 1447 1334; x_wconf 87' lang='lat' dir='ltr'><strong>et</strong></span> <span class='ocrx_word' id='word_1_382' title='bbox 1463 1307 1583 1342; x_wconf 90' lang='lat' dir='ltr'><strong>quicum</strong></span> <span class='ocrx_word' id='word_1_383' title='bbox 1600 1315 1633 1335; x_wconf 92' lang='lat' dir='ltr'><strong>eo</strong></span> <span class='ocrx_word' id='word_1_384' title='bbox 1649 1307 1719 1342; x_wconf 85' lang='lat' dir='ltr'><strong>passi</strong></span> <span class='ocrx_word' id='word_1_385' title='bbox 1733 1311 1806 1335; x_wconf 88' lang='lat' dir='ltr'><strong>sunt.</strong></span> 
     </span>
    </p>
   </div>
   <div class='ocr_carea' id='block_1_57' title="bbox 1009 1352 1808 1389">
    <p class='ocr_par' dir='ltr' id='par_1_57' title="bbox 1009 1352 1808 1389">
     <span class='ocr_line' id='line_1_57' title="bbox 1009 1352 1808 1389; baseline 0.001 -9"><span class='ocrx_word' id='word_1_386' title='bbox 1009 1352 1174 1387; x_wconf 74' lang='lat' dir='ltr'><strong>Coniectura</strong></span> <span class='ocrx_word' id='word_1_387' title='bbox 1197 1352 1273 1380; x_wconf 87' lang='lat' dir='ltr'><strong>ducti</strong></span> <span class='ocrx_word' id='word_1_388' title='bbox 1299 1358 1329 1380; x_wconf 90' lang='lat' dir='ltr'><strong>ut</strong></span> <span class='ocrx_word' id='word_1_389' title='bbox 1344 1361 1514 1389; x_wconf 83' lang='lat' dir='ltr'><strong>exponemus</strong></span> <span class='ocrx_word' id='word_1_390' title='bbox 1534 1361 1563 1380; x_wconf 90' lang='lat' dir='ltr'><strong>n.</strong></span> <span class='ocrx_word' id='word_1_391' title='bbox 1591 1354 1627 1381; x_wconf 73' lang='lat'><strong>23</strong></span> <span class='ocrx_word' id='word_1_392' title='bbox 1642 1354 1808 1383; x_wconf 73' lang='lat' dir='ltr'><strong>arbitramur</strong></span> 
     </span>
    </p>
   </div>
   <div class='ocr_carea' id='block_1_58' title="bbox 1010 1399 1809 1434">
    <p class='ocr_par' dir='ltr' id='par_1_58' title="bbox 1010 1399 1809 1434">
     <span class='ocr_line' id='line_1_58' title="bbox 1010 1399 1809 1434; baseline 0.003 -8"><span class='ocrx_word' id='word_1_393' title='bbox 1010 1399 1056 1426; x_wconf 91' lang='lat' dir='ltr'><strong>hic</strong></span> <span class='ocrx_word' id='word_1_394' title='bbox 1089 1399 1165 1426; x_wconf 89' lang='lat' dir='ltr'><strong>illum</strong></span> <span class='ocrx_word' id='word_1_395' title='bbox 1179 1399 1349 1434; x_wconf 85' lang='lat' dir='ltr'><strong>Stephanum</strong></span> <span class='ocrx_word' id='word_1_396' title='bbox 1372 1400 1436 1426; x_wconf 89' lang='lat' dir='ltr'><strong>olim</strong></span> <span class='ocrx_word' id='word_1_397' title='bbox 1461 1405 1706 1428; x_wconf 84' lang='lat' dir='ltr'><strong>commemoratum</strong></span> <span class='ocrx_word' id='word_1_398' title='bbox 1725 1399 1809 1428; x_wconf 82' lang='lat' dir='ltr'><strong>fuisse</strong></span> 
     </span>
    </p>
   </div>
   <div class='ocr_carea' id='block_1_59' title="bbox 1011 1445 1808 1482">
    <p class='ocr_par' dir='ltr' id='par_1_59' title="bbox 1011 1445 1808 1482">
     <span class='ocr_line' id='line_1_59' title="bbox 1011 1445 1808 1482; baseline 0.004 -11"><span class='ocrx_word' id='word_1_399' title='bbox 1011 1445 1057 1479; x_wconf 89' lang='lat' dir='ltr'><strong>qui</strong></span> <span class='ocrx_word' id='word_1_400' title='bbox 1075 1445 1126 1472; x_wconf 91' lang='lat' dir='ltr'><strong>sub</strong></span> <span class='ocrx_word' id='word_1_401' title='bbox 1140 1446 1236 1473; x_wconf 88' lang='lat' dir='ltr'><strong>eodem</strong></span> <span class='ocrx_word' id='word_1_402' title='bbox 1256 1445 1430 1482; x_wconf 86' lang='lat' dir='ltr'><strong>Copronymo</strong></span> <span class='ocrx_word' id='word_1_403' title='bbox 1446 1446 1562 1481; x_wconf 91' lang='lat' dir='ltr'><strong>plurima</strong></span> <span class='ocrx_word' id='word_1_404' title='bbox 1580 1454 1687 1481; x_wconf 87' lang='lat' dir='ltr'><strong>passus,</strong></span> <span class='ocrx_word' id='word_1_405' title='bbox 1703 1446 1766 1474; x_wconf 91' lang='lat' dir='ltr'><strong>dein</strong></span> <span class='ocrx_word' id='word_1_406' title='bbox 1780 1447 1808 1474; x_wconf 92' lang='lat' dir='ltr'><strong>in</strong></span> 
     </span>
    </p>
   </div>
   <div class='ocr_carea' id='block_1_60' title="bbox 1010 1491 1807 1527">
    <p class='ocr_par' dir='ltr' id='par_1_60' title="bbox 1010 1491 1807 1527">
     <span class='ocr_line' id='line_1_60' title="bbox 1010 1491 1807 1527; baseline 0.003 -9"><span class='ocrx_word' id='word_1_407' title='bbox 1010 1491 1152 1527; x_wconf 64' lang='lat' dir='ltr'><strong>Sugda‘am</strong></span> <span class='ocrx_word' id='word_1_408' title='bbox 1185 1493 1263 1521; x_wconf 80' lang='lat' dir='ltr'><strong>exsul</strong></span> <span class='ocrx_word' id='word_1_409' title='bbox 1280 1498 1372 1520; x_wconf 87' lang='lat' dir='ltr'><strong>sancte</strong></span> <span class='ocrx_word' id='word_1_410' title='bbox 1389 1493 1472 1520; x_wconf 87' lang='lat' dir='ltr'><strong>vitam</strong></span> <span class='ocrx_word' id='word_1_411' title='bbox 1492 1493 1589 1521; x_wconf 86' lang='lat' dir='ltr'><strong>ﬁnivit.</strong></span> <span class='ocrx_word' id='word_1_412' title='bbox 1611 1493 1649 1520; x_wconf 90' lang='lat' dir='ltr'><strong>Ita</strong></span> <span class='ocrx_word' id='word_1_413' title='bbox 1673 1493 1745 1520; x_wconf 89' lang='lat' dir='ltr'><strong>enim</strong></span> <span class='ocrx_word' id='word_1_414' title='bbox 1768 1492 1807 1520; x_wconf 85' lang='lat' dir='ltr'><strong>l‘e-</strong></span> 
     </span>
    </p>
   </div>
   <div class='ocr_carea' id='block_1_61' title="bbox 1010 1539 1808 1575">
    <p class='ocr_par' dir='ltr' id='par_1_61' title="bbox 1010 1539 1808 1575">
     <span class='ocr_line' id='line_1_61' title="bbox 1010 1539 1808 1575; baseline 0.001 -11"><span class='ocrx_word' id='word_1_415' title='bbox 1010 1543 1075 1565; x_wconf 90' lang='lat' dir='ltr'><strong>runt</strong></span> <span class='ocrx_word' id='word_1_416' title='bbox 1092 1543 1147 1566; x_wconf 89' lang='lat' dir='ltr'><strong>tum</strong></span> <span class='ocrx_word' id='word_1_417' title='bbox 1164 1539 1278 1572; x_wconf 76' lang='lat' dir='ltr'><strong>hlena-a,</strong></span> <span class='ocrx_word' id='word_1_418' title='bbox 1297 1545 1354 1567; x_wconf 88' lang='lat' dir='ltr'><strong>tum</strong></span> <span class='ocrx_word' id='word_1_419' title='bbox 1373 1540 1523 1575; x_wconf 82' lang='lat' dir='ltr'><strong>Menologia</strong></span> <span class='ocrx_word' id='word_1_420' title='bbox 1541 1539 1632 1567; x_wconf 88' lang='lat' dir='ltr'><strong>Sirleti</strong></span> <span class='ocrx_word' id='word_1_421' title='bbox 1649 1544 1677 1567; x_wconf 85' lang='lat' dir='ltr'><strong>et.</strong></span> <span class='ocrx_word' id='word_1_422' title='bbox 1696 1539 1808 1566; x_wconf 85' lang='lat' dir='ltr'><strong>Basilia-</strong></span> 
     </span>
    </p>
   </div>
   <div class='ocr_carea' id='block_1_62' title="bbox 165 1584 1808 1622">
    <p class='ocr_par' dir='ltr' id='par_1_62' title="bbox 165 1584 1808 1622">
     <span class='ocr_line' id='line_1_62' title="bbox 165 1584 1808 1622; baseline 0.002 -10"><span class='ocrx_word' id='word_1_423' title='bbox 165 1584 297 1620; x_wconf 76' lang='lat' dir='ltr'><strong>imagines</strong></span> <span class='ocrx_word' id='word_1_424' title='bbox 315 1585 474 1613; x_wconf 88' lang='lat' dir='ltr'><strong>adoratione</strong></span> <span class='ocrx_word' id='word_1_425' title='bbox 496 1587 705 1621; x_wconf 86' lang='lat' dir='ltr'><strong>prosequimini.</strong></span> <span class='ocrx_word' id='word_1_426' title='bbox 723 1587 874 1622; x_wconf 72' lang='lat' dir='ltr'><strong>Respondit</strong></span> <span class='ocrx_word' id='word_1_427' title='bbox 892 1589 955 1615; x_wconf 89' lang='lat' dir='ltr'><strong>ille:</strong></span> <span class='ocrx_word' id='word_1_428' title='bbox 972 1593 993 1620; x_wconf 78' lang='grc' dir='ltr'>ρ</span> <span class='ocrx_word' id='word_1_429' title='bbox 1011 1593 1075 1612; x_wconf 88' lang='lat' dir='ltr'><strong>num</strong></span> <span class='ocrx_word' id='word_1_430' title='bbox 1099 1585 1133 1612; x_wconf 84' lang='lat' dir='ltr'><strong>ad</strong></span> <span class='ocrx_word' id='word_1_431' title='bbox 1158 1585 1230 1613; x_wconf 88' lang='lat' dir='ltr'><strong>diem</strong></span> <span class='ocrx_word' id='word_1_432' title='bbox 1254 1594 1340 1613; x_wconf 81' lang='lat' dir='ltr'><strong>xxvul</strong></span> <span class='ocrx_word' id='word_1_433' title='bbox 1367 1585 1538 1613; x_wconf 80' lang='lat' dir='ltr'><strong>Novembris.</strong></span> <span class='ocrx_word' id='word_1_434' title='bbox 1565 1585 1633 1613; x_wconf 83' lang='lat' dir='ltr'><strong>Huic</strong></span> <span class='ocrx_word' id='word_1_435' title='bbox 1655 1586 1754 1614; x_wconf 87' lang='lat' dir='ltr'><strong>deinde</strong></span> <span class='ocrx_word' id='word_1_436' title='bbox 1776 1593 1808 1613; x_wconf 76' lang='lat' dir='ltr'><strong>ex</strong></span> 
     </span>
    </p>
   </div>
   <div class='ocr_carea' id='block_1_63' title="bbox 163 1631 954 1666">
    <p class='ocr_par' dir='ltr' id='par_1_63' title="bbox 163 1631 954 1666">
     <span class='ocr_line' id='line_1_63' title="bbox 163 1631 954 1666; baseline 0.004 -7"><span class='ocrx_word' id='word_1_437' title='bbox 163 1631 270 1663; x_wconf 79' lang='lat' dir='ltr'><strong>Nescis,</strong></span> <span class='ocrx_word' id='word_1_438' title='bbox 287 1631 447 1666; x_wconf 86' lang='lat' dir='ltr'><strong>imperator,</strong></span> <span class='ocrx_word' id='word_1_439' title='bbox 463 1632 528 1666; x_wconf 90' lang='lat' dir='ltr'><strong>quid</strong></span> <span class='ocrx_word' id='word_1_440' title='bbox 545 1633 578 1659; x_wconf 81' lang='lat' dir='ltr'><strong>sit</strong></span> <span class='ocrx_word' id='word_1_441' title='bbox 594 1633 698 1660; x_wconf 91' lang='lat' dir='ltr'><strong>cultum</strong></span> <span class='ocrx_word' id='word_1_442' title='bbox 717 1634 858 1661; x_wconf 72' lang='lat' dir='ltr'><strong>relativum</strong></span> <span class='ocrx_word' id='word_1_443' title='bbox 875 1635 954 1662; x_wconf 81' lang='lat' dir='ltr'><strong>exhi-</strong></span> 
     </span>
    </p>
   </div>
   <div class='ocr_carea' id='block_1_64' title="bbox 163 1677 955 1715">
    <p class='ocr_par' dir='ltr' id='par_1_64' title="bbox 163 1677 955 1715">
     <span class='ocr_line' id='line_1_64' title="bbox 163 1677 955 1715; baseline 0.005 -11"><span class='ocrx_word' id='word_1_444' title='bbox 163 1677 239 1710; x_wconf 88' lang='lat' dir='ltr'><strong>bere,</strong></span> <span class='ocrx_word' id='word_1_445' title='bbox 265 1677 330 1712; x_wconf 92' lang='lat' dir='ltr'><strong>quid</strong></span> <span class='ocrx_word' id='word_1_446' title='bbox 354 1685 419 1715; x_wconf 81' lang='lat' dir='ltr'><strong>vero</strong></span> <span class='ocrx_word' id='word_1_447' title='bbox 443 1678 628 1705; x_wconf 86' lang='lat' dir='ltr'><strong>latreuticum.</strong></span> <span class='ocrx_word' id='word_1_448' title='bbox 646 1678 793 1706; x_wconf 83' lang='lat' dir='ltr'><strong>Tumequ</strong></span> <span class='ocrx_word' id='word_1_449' title='bbox 814 1681 847 1707; x_wconf 84' lang='lat' dir='ltr'><strong>ad</strong></span> <span class='ocrx_word' id='word_1_450' title='bbox 873 1681 955 1715; x_wconf 75' lang='lat' dir='ltr'><strong>ﬂagra</strong></span> 
     </span>
    </p>
   </div>
   <div class='ocr_carea' id='block_1_65' title="bbox 164 1722 956 1758">
    <p class='ocr_par' dir='ltr' id='par_1_65' title="bbox 164 1722 956 1758">
     <span class='ocr_line' id='line_1_65' title="bbox 164 1722 956 1758; baseline 0.005 -9"><span class='ocrx_word' id='word_1_451' title='bbox 164 1722 296 1754; x_wconf 76' lang='lat' dir='ltr'><strong>extendit,</strong></span> <span class='ocrx_word' id='word_1_452' title='bbox 320 1727 424 1758; x_wconf 80' lang='lat' dir='ltr'><strong>tergum</strong></span> <span class='ocrx_word' id='word_1_453' title='bbox 443 1728 470 1750; x_wconf 89' lang='lat' dir='ltr'><strong>et</strong></span> <span class='ocrx_word' id='word_1_454' title='bbox 497 1728 591 1757; x_wconf 77' lang='lat' dir='ltr'><strong>peetus</strong></span> <span class='ocrx_word' id='word_1_455' title='bbox 606 1723 712 1751; x_wconf 90' lang='lat' dir='ltr'><strong>bovinis</strong></span> <span class='ocrx_word' id='word_1_456' title='bbox 732 1725 823 1752; x_wconf 88' lang='lat' dir='ltr'><strong>nervis</strong></span> <span class='ocrx_word' id='word_1_457' title='bbox 839 1726 956 1758; x_wconf 71' lang='lat' dir='ltr'><strong>concidi,</strong></span> 
     </span>
    </p>
   </div>
   <div class='ocr_carea' id='block_1_66' title="bbox 164 1768 956 1804">
    <p class='ocr_par' dir='ltr' id='par_1_66' title="bbox 164 1768 956 1804">
     <span class='ocr_line' id='line_1_66' title="bbox 164 1768 956 1804; baseline 0.004 -9"><span class='ocrx_word' id='word_1_458' title='bbox 164 1768 263 1795; x_wconf 79' lang='lat' dir='ltr'><strong>deinde.</strong></span> <span class='ocrx_word' id='word_1_459' title='bbox 271 1775 302 1795; x_wconf 91' lang='lat' dir='ltr'><strong>os</strong></span> <span class='ocrx_word' id='word_1_460' title='bbox 317 1769 389 1796; x_wconf 86' lang='lat' dir='ltr'><strong>saxis</strong></span> <span class='ocrx_word' id='word_1_461' title='bbox 403 1769 533 1796; x_wconf 85' lang='lat' dir='ltr'><strong>contundi</strong></span> <span class='ocrx_word' id='word_1_462' title='bbox 548 1771 694 1804; x_wconf 71' lang='lat' dir='ltr'><strong>praecepit;</strong></span> <span class='ocrx_word' id='word_1_463' title='bbox 714 1775 822 1804; x_wconf 82' lang='lat' dir='ltr'><strong>postera</strong></span> <span class='ocrx_word' id='word_1_464' title='bbox 834 1771 878 1798; x_wconf 87' lang='lat' dir='ltr'><strong>die</strong></span> <span class='ocrx_word' id='word_1_465' title='bbox 891 1771 956 1798; x_wconf 87' lang='lat' dir='ltr'><strong>loris</strong></span> 
     </span>
    </p>
   </div>
   <div class='ocr_carea' id='block_1_67' title="bbox 164 1814 956 1852">
    <p class='ocr_par' dir='ltr' id='par_1_67' title="bbox 164 1814 956 1852">
     <span class='ocr_line' id='line_1_67' title="bbox 164 1814 956 1852; baseline 0.004 -11"><span class='ocrx_word' id='word_1_466' title='bbox 164 1814 292 1848; x_wconf 84' lang='lat' dir='ltr'><strong>ejectum,</strong></span> <span class='ocrx_word' id='word_1_467' title='bbox 310 1819 406 1848; x_wconf 70' lang='lat' dir='ltr'><strong>utpote</strong></span> <span class='ocrx_word' id='word_1_468' title='bbox 430 1814 473 1841; x_wconf 91' lang='lat' dir='ltr'><strong>cui</strong></span> <span class='ocrx_word' id='word_1_469' title='bbox 498 1814 638 1841; x_wconf 73' lang='lat' dir='ltr'><strong>Christum</strong></span> <span class='ocrx_word' id='word_1_470' title='bbox 663 1819 690 1842; x_wconf 90' lang='lat' dir='ltr'><strong>et</strong></span> <span class='ocrx_word' id='word_1_471' title='bbox 715 1824 807 1844; x_wconf 87' lang='lat' dir='ltr'><strong>sacras</strong></span> <span class='ocrx_word' id='word_1_472' title='bbox 823 1818 956 1852; x_wconf 78' lang='lat' dir='ltr'><strong>imagines</strong></span> 
     </span>
    </p>
   </div>
   <div class='ocr_carea' id='block_1_68' title="bbox 163 1861 957 1897">
    <p class='ocr_par' dir='ltr' id='par_1_68' title="bbox 163 1861 957 1897">
     <span class='ocr_line' id='line_1_68' title="bbox 163 1861 957 1897; baseline 0.003 -9"><span class='ocrx_word' id='word_1_473' title='bbox 163 1861 300 1896; x_wconf 78' lang='lat' dir='ltr'><strong>abnegare</strong></span> <span class='ocrx_word' id='word_1_474' title='bbox 316 1869 372 1888; x_wconf 92' lang='lat' dir='ltr'><strong>non</strong></span> <span class='ocrx_word' id='word_1_475' title='bbox 392 1861 585 1896; x_wconf 80' lang='lat' dir='ltr'><strong>persuasisset,</strong></span> <span class='ocrx_word' id='word_1_476' title='bbox 604 1869 700 1887; x_wconf 71' lang='lat' dir='ltr'><strong>rursus</strong></span> <span class='ocrx_word' id='word_1_477' title='bbox 716 1861 890 1897; x_wconf 80' lang='lat' dir='ltr'><strong>ﬂagellatum,</strong></span> <span class='ocrx_word' id='word_1_478' title='bbox 911 1871 957 1890; x_wconf 89' lang='lat' dir='ltr'><strong>ca-</strong></span> 
     </span>
    </p>
   </div>
   <div class='ocr_carea' id='block_1_69' title="bbox 164 1903 956 1942">
    <p class='ocr_par' dir='ltr' id='par_1_69' title="bbox 164 1903 956 1942">
     <span class='ocr_line' id='line_1_69' title="bbox 164 1903 956 1942; baseline 0.001 -8"><span class='ocrx_word' id='word_1_479' title='bbox 164 1907 220 1942; x_wconf 82' lang='lat' dir='ltr'><strong>pite</strong></span> <span class='ocrx_word' id='word_1_480' title='bbox 245 1907 272 1934; x_wconf 91' lang='lat' dir='ltr'><strong>in</strong></span> <span class='ocrx_word' id='word_1_481' title='bbox 297 1913 398 1934; x_wconf 89' lang='lat' dir='ltr'><strong>terram</strong></span> <span class='ocrx_word' id='word_1_482' title='bbox 427 1906 557 1938; x_wconf 78' lang='lat' dir='ltr'><strong>demisso,</strong></span> <span class='ocrx_word' id='word_1_483' title='bbox 574 1906 689 1942; x_wconf 83' lang='lat' dir='ltr'><strong>alligatis</strong></span> <span class='ocrx_word' id='word_1_484' title='bbox 714 1903 829 1942; x_wconf 69' lang='lat' dir='ltr'><strong>pedibus</strong></span> <span class='ocrx_word' id='word_1_485' title='bbox 854 1909 956 1942; x_wconf 85' lang='lat' dir='ltr'><strong>raptari</strong></span> 
     </span>
    </p>
   </div>
   <div class='ocr_carea' id='block_1_70' title="bbox 164 1952 957 1989">
    <p class='ocr_par' dir='ltr' id='par_1_70' title="bbox 164 1952 957 1989">
     <span class='ocr_line' id='line_1_70' title="bbox 164 1952 957 1989; baseline 0 -9"><span class='ocrx_word' id='word_1_486' title='bbox 164 1953 247 1989; x_wconf 82' lang='lat' dir='ltr'><strong>jussit</strong></span> <span class='ocrx_word' id='word_1_487' title='bbox 257 1957 284 1979; x_wconf 86' lang='lat' dir='ltr'><strong>el</strong></span> <span class='ocrx_word' id='word_1_488' title='bbox 299 1952 537 1988; x_wconf 84' lang='lat' dir='ltr'><strong>Constantinopoli</strong></span> <span class='ocrx_word' id='word_1_489' title='bbox 554 1954 663 1988; x_wconf 82' lang='lat' dir='ltr'><strong>publice</strong></span> <span class='ocrx_word' id='word_1_490' title='bbox 679 1953 858 1980; x_wconf 78' lang='lat' dir='ltr'><strong>deridendum</strong></span> <span class='ocrx_word' id='word_1_491' title='bbox 873 1962 957 1988; x_wconf 82' lang='lat' dir='ltr'><strong>expo-</strong></span> 
     </span>
    </p>
   </div>
   <div class='ocr_carea' id='block_1_71' title="bbox 165 1999 956 2035">
    <p class='ocr_par' dir='ltr' id='par_1_71' title="bbox 165 1999 956 2035">
     <span class='ocr_line' id='line_1_71' title="bbox 165 1999 956 2035; baseline 0.003 -9"><span class='ocrx_word' id='word_1_492' title='bbox 165 1999 202 2027; x_wconf 90' lang='lat' dir='ltr'><strong>ni.</strong></span> <span class='ocrx_word' id='word_1_493' title='bbox 214 2000 301 2032; x_wconf 84' lang='lat' dir='ltr'><strong>Quem</strong></span> <span class='ocrx_word' id='word_1_494' title='bbox 315 1999 445 2026; x_wconf 88' lang='lat' dir='ltr'><strong>citissime</strong></span> <span class='ocrx_word' id='word_1_495' title='bbox 455 2000 656 2033; x_wconf 82' lang='lat' dir='ltr'><strong>pcrtrahentes,</strong></span> <span class='ocrx_word' id='word_1_496' title='bbox 666 2004 765 2026; x_wconf 84' lang='lat' dir='ltr'><strong>terram</strong></span> <span class='ocrx_word' id='word_1_497' title='bbox 784 2000 809 2026; x_wconf 90' lang='lat' dir='ltr'><strong>iu</strong></span> <span class='ocrx_word' id='word_1_498' title='bbox 826 2001 956 2035; x_wconf 81' lang='lat' dir='ltr'><strong>raptaudo</strong></span> 
     </span>
    </p>
   </div>
   <div class='ocr_carea' id='block_1_72' title="bbox 165 2038 958 2081">
    <p class='ocr_par' dir='ltr' id='par_1_72' title="bbox 165 2038 958 2081">
     <span class='ocr_line' id='line_1_72' title="bbox 165 2038 958 2081; baseline 0 -7"><span class='ocrx_word' id='word_1_499' title='bbox 165 2047 298 2081; x_wconf 78' lang='lat' dir='ltr'><strong>sanguine</strong></span> <span class='ocrx_word' id='word_1_500' title='bbox 312 2051 537 2081; x_wconf 87' lang='lat' dir='ltr'><strong>consperserunt.</strong></span> <span class='ocrx_word' id='word_1_501' title='bbox 552 2046 591 2073; x_wconf 84' lang='lat' dir='ltr'><strong>ita</strong></span> <span class='ocrx_word' id='word_1_502' title='bbox 611 2046 700 2073; x_wconf 84' lang='lat' dir='ltr'><strong>forum</strong></span> <span class='ocrx_word' id='word_1_503' title='bbox 715 2046 795 2073; x_wconf 79' lang='lat' dir='ltr'><strong>Boris</strong></span> <span class='ocrx_word' id='word_1_504' title='bbox 811 2038 958 2075; x_wconf 73' lang='lat' dir='ltr'><strong>asseculos</strong></span> 
     </span>
    </p>
   </div>
   <div class='ocr_carea' id='block_1_73' title="bbox 164 2092 957 2127">
    <p class='ocr_par' dir='ltr' id='par_1_73' title="bbox 164 2092 957 2127">
     <span class='ocr_line' id='line_1_73' title="bbox 164 2092 957 2127; baseline 0.003 -7"><span class='ocrx_word' id='word_1_505' title='bbox 164 2092 339 2127; x_wconf 85' lang='lat' dir='ltr'><strong>conspiciens</strong></span> <span class='ocrx_word' id='word_1_506' title='bbox 352 2092 451 2126; x_wconf 78' lang='lat' dir='ltr'><strong>aliquis</strong></span> <span class='ocrx_word' id='word_1_507' title='bbox 471 2093 516 2127; x_wconf 94' lang='lat' dir='ltr'><strong>qui</strong></span> <span class='ocrx_word' id='word_1_508' title='bbox 531 2092 612 2120; x_wconf 89' lang='lat' dir='ltr'><strong>modo</strong></span> <span class='ocrx_word' id='word_1_509' title='bbox 633 2093 722 2127; x_wconf 81' lang='lat' dir='ltr'><strong>pisces</strong></span> <span class='ocrx_word' id='word_1_510' title='bbox 736 2098 909 2126; x_wconf 82' lang='lat' dir='ltr'><strong>exonerarat,</strong></span> <span class='ocrx_word' id='word_1_511' title='bbox 924 2095 957 2122; x_wconf 89' lang='lat' dir='ltr'><strong>de</strong></span> 
     </span>
    </p>
   </div>
   <div class='ocr_carea' id='block_1_74' title="bbox 166 2138 957 2174">
    <p class='ocr_par' dir='ltr' id='par_1_74' title="bbox 166 2138 957 2174">
     <span class='ocr_line' id='line_1_74' title="bbox 166 2138 957 2174; baseline 0.004 -9"><span class='ocrx_word' id='word_1_512' title='bbox 166 2138 292 2166; x_wconf 85' lang='lat' dir='ltr'><strong>tormenti</strong></span> <span class='ocrx_word' id='word_1_513' title='bbox 315 2146 397 2166; x_wconf 85' lang='lat' dir='ltr'><strong>causa</strong></span> <span class='ocrx_word' id='word_1_514' title='bbox 421 2139 593 2172; x_wconf 87' lang='lat' dir='ltr'><strong>sciscitatur;</strong></span> <span class='ocrx_word' id='word_1_515' title='bbox 621 2147 651 2167; x_wconf 82' lang='lat' dir='ltr'><strong>re</strong></span> <span class='ocrx_word' id='word_1_516' title='bbox 679 2145 830 2174; x_wconf 82' lang='lat' dir='ltr'><strong>comperta.</strong></span> <span class='ocrx_word' id='word_1_517' title='bbox 853 2141 957 2168; x_wconf 86' lang='lat' dir='ltr'><strong>macelli</strong></span> 
     </span>
    </p>
   </div>
   <div class='ocr_carea' id='block_1_75' title="bbox 164 2180 957 2222">
    <p class='ocr_par' dir='ltr' id='par_1_75' title="bbox 164 2180 957 2222">
     <span class='ocr_line' id='line_1_75' title="bbox 164 2180 957 2222; baseline 0.003 -10"><span class='ocrx_word' id='word_1_518' title='bbox 164 2184 254 2212; x_wconf 85' lang='lat' dir='ltr'><strong>cultro</strong></span> <span class='ocrx_word' id='word_1_519' title='bbox 270 2184 354 2212; x_wconf 91' lang='lat' dir='ltr'><strong>miser</strong></span> <span class='ocrx_word' id='word_1_520' title='bbox 367 2180 488 2219; x_wconf 82' lang='lat' dir='ltr'><strong>arrepto,</strong></span> <span class='ocrx_word' id='word_1_521' title='bbox 514 2185 602 2212; x_wconf 85' lang='lat' dir='ltr'><strong>servis</strong></span> <span class='ocrx_word' id='word_1_522' title='bbox 622 2185 721 2213; x_wconf 89' lang='lat' dir='ltr'><strong>diaboli</strong></span> <span class='ocrx_word' id='word_1_523' title='bbox 747 2185 855 2220; x_wconf 90' lang='lat' dir='ltr'><strong>placere</strong></span> <span class='ocrx_word' id='word_1_524' title='bbox 876 2195 957 2222; x_wconf 77' lang='lat' dir='ltr'><strong>appe-</strong></span> 
     </span>
    </p>
   </div>
   <div class='ocr_carea' id='block_1_76' title="bbox 1009 1631 1809 1660">
    <p class='ocr_par' dir='ltr' id='par_1_76' title="bbox 1009 1631 1809 1660">
     <span class='ocr_line' id='line_1_76' title="bbox 1009 1631 1809 1660; baseline -0.001 -1"><span class='ocrx_word' id='word_1_525' title='bbox 1009 1640 1085 1659; x_wconf 90' lang='lat' dir='ltr'><strong>more</strong></span> <span class='ocrx_word' id='word_1_526' title='bbox 1107 1631 1265 1660; x_wconf 71' lang='lat' dir='ltr'><strong>Graecorum</strong></span> <span class='ocrx_word' id='word_1_527' title='bbox 1283 1631 1368 1660; x_wconf 73' lang='lat' dir='ltr'><strong>additi</strong></span> <span class='ocrx_word' id='word_1_528' title='bbox 1393 1631 1497 1659; x_wconf 81' lang='lat' dir='ltr'><strong>fuerint</strong></span> <span class='ocrx_word' id='word_1_529' title='bbox 1521 1631 1571 1659; x_wconf 88' lang='lat' dir='ltr'><strong>SS.</strong></span> <span class='ocrx_word' id='word_1_530' title='bbox 1590 1632 1686 1658; x_wconf 83' lang='lat' dir='ltr'><strong>Petrus</strong></span> <span class='ocrx_word' id='word_1_531' title='bbox 1709 1637 1736 1658; x_wconf 89' lang='lat' dir='ltr'><strong>et</strong></span> <span class='ocrx_word' id='word_1_532' title='bbox 1753 1631 1809 1658; x_wconf 85' lang='lat' dir='ltr'><strong>An-</strong></span> 
     </span>
    </p>
   </div>
   <div class='ocr_carea' id='block_1_77' title="bbox 1008 1677 1810 1713">
    <p class='ocr_par' dir='ltr' id='par_1_77' title="bbox 1008 1677 1810 1713">
     <span class='ocr_line' id='line_1_77' title="bbox 1008 1677 1810 1713; baseline -0.001 -7"><span class='ocrx_word' id='word_1_533' title='bbox 1008 1678 1105 1708; x_wconf 80' lang='lat' dir='ltr'><strong>dreas,</strong></span> <span class='ocrx_word' id='word_1_534' title='bbox 1122 1686 1154 1705; x_wconf 81' lang='lat' dir='ltr'><strong>ex</strong></span> <span class='ocrx_word' id='word_1_535' title='bbox 1172 1686 1227 1713; x_wconf 89' lang='lat' dir='ltr'><strong>quo</strong></span> <span class='ocrx_word' id='word_1_536' title='bbox 1243 1679 1324 1705; x_wconf 87' lang='lat' dir='ltr'><strong>etiam</strong></span> <span class='ocrx_word' id='word_1_537' title='bbox 1342 1677 1469 1713; x_wconf 80' lang='lat' dir='ltr'><strong>proﬂuxit</strong></span> <span class='ocrx_word' id='word_1_538' title='bbox 1488 1682 1517 1705; x_wconf 87' lang='lat' dir='ltr'><strong>ut</strong></span> <span class='ocrx_word' id='word_1_539' title='bbox 1534 1678 1577 1705; x_wconf 85' lang='lat' dir='ltr'><strong>die</strong></span> <span class='ocrx_word' id='word_1_540' title='bbox 1593 1686 1677 1705; x_wconf 85' lang='lat' dir='ltr'><strong>xxvul</strong></span> <span class='ocrx_word' id='word_1_541' title='bbox 1693 1677 1810 1705; x_wconf 78' lang='lat' dir='ltr'><strong>Novem-</strong></span> 
     </span>
    </p>
   </div>
   <div class='ocr_carea' id='block_1_78' title="bbox 1008 1723 1810 1759">
    <p class='ocr_par' dir='ltr' id='par_1_78' title="bbox 1008 1723 1810 1759">
     <span class='ocr_line' id='line_1_78' title="bbox 1008 1723 1810 1759; baseline -0.001 -8"><span class='ocrx_word' id='word_1_542' title='bbox 1008 1724 1075 1755; x_wconf 86' lang='lat' dir='ltr'><strong>bris,</strong></span> <span class='ocrx_word' id='word_1_543' title='bbox 1091 1731 1145 1757; x_wconf 89' lang='lat' dir='ltr'><strong>quo</strong></span> <span class='ocrx_word' id='word_1_544' title='bbox 1159 1723 1188 1751; x_wconf 85' lang='lat' dir='ltr'><strong>S.</strong></span> <span class='ocrx_word' id='word_1_545' title='bbox 1204 1723 1362 1759; x_wconf 85' lang='lat' dir='ltr'><strong>Stephanus</strong></span> <span class='ocrx_word' id='word_1_546' title='bbox 1373 1723 1471 1751; x_wconf 81' lang='lat' dir='ltr'><strong>Junior</strong></span> <span class='ocrx_word' id='word_1_547' title='bbox 1484 1731 1581 1759; x_wconf 84' lang='lat' dir='ltr'><strong>passus</strong></span> <span class='ocrx_word' id='word_1_548' title='bbox 1595 1728 1648 1755; x_wconf 85' lang='lat' dir='ltr'><strong>est,</strong></span> <span class='ocrx_word' id='word_1_549' title='bbox 1665 1724 1736 1751; x_wconf 89' lang='lat' dir='ltr'><strong>idem</strong></span> <span class='ocrx_word' id='word_1_550' title='bbox 1755 1723 1810 1750; x_wconf 90' lang='lat' dir='ltr'><strong>duo</strong></span> 
     </span>
    </p>
   </div>
   <div class='ocr_carea' id='block_1_79' title="bbox 1009 1769 1810 1805">
    <p class='ocr_par' dir='ltr' id='par_1_79' title="bbox 1009 1769 1810 1805">
     <span class='ocr_line' id='line_1_79' title="bbox 1009 1769 1810 1805; baseline 0.001 -10"><span class='ocrx_word' id='word_1_551' title='bbox 1009 1769 1101 1796; x_wconf 82' lang='lat' dir='ltr'><strong>Sancti</strong></span> <span class='ocrx_word' id='word_1_552' title='bbox 1126 1774 1183 1797; x_wconf 89' lang='lat' dir='ltr'><strong>tum</strong></span> <span class='ocrx_word' id='word_1_553' title='bbox 1211 1769 1238 1796; x_wconf 91' lang='lat' dir='ltr'><strong>in</strong></span> <span class='ocrx_word' id='word_1_554' title='bbox 1265 1770 1386 1802; x_wconf 71' lang='lat' dir='ltr'><strong>lilenmis,</strong></span> <span class='ocrx_word' id='word_1_555' title='bbox 1402 1775 1458 1796; x_wconf 93' lang='lat' dir='ltr'><strong>tum</strong></span> <span class='ocrx_word' id='word_1_556' title='bbox 1485 1770 1513 1797; x_wconf 92' lang='lat' dir='ltr'><strong>in</strong></span> <span class='ocrx_word' id='word_1_557' title='bbox 1540 1769 1623 1796; x_wconf 89' lang='lat' dir='ltr'><strong>variis</strong></span> <span class='ocrx_word' id='word_1_558' title='bbox 1649 1769 1810 1805; x_wconf 80' lang='lat' dir='ltr'><strong>Menologiis</strong></span> 
     </span>
    </p>
   </div>
   <div class='ocr_carea' id='block_1_80' title="bbox 1009 1814 1559 1850">
    <p class='ocr_par' dir='ltr' id='par_1_80' title="bbox 1009 1814 1559 1850">
     <span class='ocr_line' id='line_1_80' title="bbox 1009 1814 1559 1850; baseline 0.002 -10"><span class='ocrx_word' id='word_1_559' title='bbox 1009 1814 1108 1841; x_wconf 74' lang='lat' dir='ltr'><strong>iterum</strong></span> <span class='ocrx_word' id='word_1_560' title='bbox 1123 1815 1280 1841; x_wconf 82' lang='lat' dir='ltr'><strong>recolantur</strong></span> <span class='ocrx_word' id='word_1_561' title='bbox 1296 1816 1390 1850; x_wconf 82' lang='lat' dir='ltr'><strong>(supra</strong></span> <span class='ocrx_word' id='word_1_562' title='bbox 1409 1823 1486 1841; x_wconf 89' lang='lat' dir='ltr'><strong>num.</strong></span> <span class='ocrx_word' id='word_1_563' title='bbox 1504 1815 1559 1847; x_wconf 74' lang='grc'><strong>14).</strong></span> 
     </span>
    </p>
   </div>
   <div class='ocr_carea' id='block_1_81' title="bbox 1044 1859 1810 1896">
    <p class='ocr_par' dir='ltr' id='par_1_81' title="bbox 1044 1859 1810 1896">
     <span class='ocr_line' id='line_1_81' title="bbox 1044 1859 1810 1896; baseline 0 -10"><span class='ocrx_word' id='word_1_564' title='bbox 1044 1860 1070 1887; x_wconf 91' lang='grc'><strong>8.</strong></span> <span class='ocrx_word' id='word_1_565' title='bbox 1089 1860 1126 1887; x_wconf 89' lang='lat' dir='ltr'><strong>De</strong></span> <span class='ocrx_word' id='word_1_566' title='bbox 1155 1860 1231 1887; x_wconf 80' lang='lat' dir='ltr'><strong>Actis</strong></span> <span class='ocrx_word' id='word_1_567' title='bbox 1255 1868 1314 1895; x_wconf 71' lang='lat' dir='ltr'><strong>quire</strong></span> <span class='ocrx_word' id='word_1_568' title='bbox 1347 1861 1509 1895; x_wconf 77' lang='lat' dir='ltr'><strong>subiicimus</strong></span> <span class='ocrx_word' id='word_1_569' title='bbox 1532 1861 1589 1888; x_wconf 61' lang='lat' dir='ltr'><strong>haec</strong></span> <span class='ocrx_word' id='word_1_570' title='bbox 1622 1861 1725 1896; x_wconf 80' lang='lat' dir='ltr'><strong>accipe.</strong></span> <span class='ocrx_word' id='word_1_571' title='bbox 1758 1859 1810 1887; x_wconf 91' lang='lat' dir='ltr'><strong>Du-</strong></span> 
     </span>
    </p>
   </div>
   <div class='ocr_carea' id='block_1_82' title="bbox 1013 1905 1808 1941">
    <p class='ocr_par' dir='ltr' id='par_1_82' title="bbox 1013 1905 1808 1941">
     <span class='ocr_line' id='line_1_82' title="bbox 1013 1905 1808 1941; baseline 0.003 -10"><span class='ocrx_word' id='word_1_572' title='bbox 1013 1905 1092 1940; x_wconf 86' lang='lat' dir='ltr'><strong>plicia</strong></span> <span class='ocrx_word' id='word_1_573' title='bbox 1119 1906 1294 1938; x_wconf 73' lang='lat' dir='ltr'><strong>exhibemus,</strong></span> <span class='ocrx_word' id='word_1_574' title='bbox 1320 1911 1436 1941; x_wconf 85' lang='lat' dir='ltr'><strong>utraque</strong></span> <span class='ocrx_word' id='word_1_575' title='bbox 1453 1906 1548 1934; x_wconf 64' lang='lat' dir='ltr'><strong>Graece</strong></span> <span class='ocrx_word' id='word_1_576' title='bbox 1578 1907 1691 1938; x_wconf 77' lang='lat' dir='ltr'><strong>inedita,</strong></span> <span class='ocrx_word' id='word_1_577' title='bbox 1717 1907 1808 1941; x_wconf 83' lang='lat' dir='ltr'><strong>priora</strong></span> 
     </span>
    </p>
   </div>
   <div class='ocr_carea' id='block_1_83' title="bbox 1012 1951 1808 1986">
    <p class='ocr_par' dir='ltr' id='par_1_83' title="bbox 1012 1951 1808 1986">
     <span class='ocr_line' id='line_1_83' title="bbox 1012 1951 1808 1986; baseline 0.003 -9"><span class='ocrx_word' id='word_1_578' title='bbox 1012 1960 1077 1978; x_wconf 79' lang='lat' dir='ltr'><strong>vero</strong></span> <span class='ocrx_word' id='word_1_579' title='bbox 1090 1952 1172 1978; x_wconf 84' lang='lat' dir='ltr'><strong>etiam</strong></span> <span class='ocrx_word' id='word_1_580' title='bbox 1186 1951 1301 1983; x_wconf 81' lang='lat' dir='ltr'><strong>Latine;</strong></span> <span class='ocrx_word' id='word_1_581' title='bbox 1317 1952 1344 1978; x_wconf 91' lang='lat' dir='ltr'><strong>id</strong></span> <span class='ocrx_word' id='word_1_582' title='bbox 1361 1952 1476 1979; x_wconf 81' lang='lat' dir='ltr'><strong>facimus</strong></span> <span class='ocrx_word' id='word_1_583' title='bbox 1492 1957 1548 1980; x_wconf 87' lang='lat' dir='ltr'><strong>tum</strong></span> <span class='ocrx_word' id='word_1_584' title='bbox 1565 1951 1636 1986; x_wconf 90' lang='lat' dir='ltr'><strong>quod</strong></span> <span class='ocrx_word' id='word_1_585' title='bbox 1658 1953 1808 1986; x_wconf 72' lang='lat' dir='ltr'><strong>posteriora</strong></span> 
     </span>
    </p>
   </div>
   <div class='ocr_carea' id='block_1_84' title="bbox 1008 1997 1809 2032">
    <p class='ocr_par' dir='ltr' id='par_1_84' title="bbox 1008 1997 1809 2032">
     <span class='ocr_line' id='line_1_84' title="bbox 1008 1997 1809 2032; baseline 0.001 -9"><span class='ocrx_word' id='word_1_586' title='bbox 1008 2005 1039 2023; x_wconf 77' lang='lat' dir='ltr'><strong>cx</strong></span> <span class='ocrx_word' id='word_1_587' title='bbox 1056 1997 1108 2024; x_wconf 88' lang='lat' dir='ltr'><strong>illis</strong></span> <span class='ocrx_word' id='word_1_588' title='bbox 1124 2004 1179 2023; x_wconf 93' lang='lat' dir='ltr'><strong>non</strong></span> <span class='ocrx_word' id='word_1_589' title='bbox 1199 1997 1398 2031; x_wconf 82' lang='lat' dir='ltr'><strong>proﬂuxerunt,</strong></span> <span class='ocrx_word' id='word_1_590' title='bbox 1415 1998 1463 2024; x_wconf 83' lang='lat' dir='ltr'><strong>sed</strong></span> <span class='ocrx_word' id='word_1_591' title='bbox 1487 1999 1582 2032; x_wconf 87' lang='lat' dir='ltr'><strong>paucis</strong></span> <span class='ocrx_word' id='word_1_592' title='bbox 1603 1998 1723 2030; x_wconf 87' lang='lat' dir='ltr'><strong>omissis,</strong></span> <span class='ocrx_word' id='word_1_593' title='bbox 1740 2006 1809 2024; x_wconf 88' lang='lat' dir='ltr'><strong>nou-</strong></span> 
     </span>
    </p>
   </div>
   <div class='ocr_carea' id='block_1_85' title="bbox 1009 2043 1809 2078">
    <p class='ocr_par' dir='ltr' id='par_1_85' title="bbox 1009 2043 1809 2078">
     <span class='ocr_line' id='line_1_85' title="bbox 1009 2043 1809 2078; baseline 0.003 -10"><span class='ocrx_word' id='word_1_594' title='bbox 1009 2043 1082 2069; x_wconf 87' lang='lat' dir='ltr'><strong>nulla</strong></span> <span class='ocrx_word' id='word_1_595' title='bbox 1104 2043 1309 2077; x_wconf 86' lang='lat' dir='ltr'><strong>superaddunt;</strong></span> <span class='ocrx_word' id='word_1_596' title='bbox 1325 2047 1383 2070; x_wconf 91' lang='lat' dir='ltr'><strong>tum</strong></span> <span class='ocrx_word' id='word_1_597' title='bbox 1402 2043 1484 2070; x_wconf 86' lang='lat' dir='ltr'><strong>etiam</strong></span> <span class='ocrx_word' id='word_1_598' title='bbox 1501 2043 1574 2078; x_wconf 84' lang='lat' dir='ltr'><strong>quod</strong></span> <span class='ocrx_word' id='word_1_599' title='bbox 1597 2043 1693 2070; x_wconf 85' lang='lat' dir='ltr'><strong>horum</strong></span> <span class='ocrx_word' id='word_1_600' title='bbox 1717 2051 1809 2077; x_wconf 80' lang='lat' dir='ltr'><strong>exem-</strong></span> 
     </span>
    </p>
   </div>
   <div class='ocr_carea' id='block_1_86' title="bbox 1008 2087 1808 2123">
    <p class='ocr_par' dir='ltr' id='par_1_86' title="bbox 1008 2087 1808 2123">
     <span class='ocr_line' id='line_1_86' title="bbox 1008 2087 1808 2123; baseline 0.003 -10"><span class='ocrx_word' id='word_1_601' title='bbox 1008 2088 1067 2122; x_wconf 83' lang='lat' dir='ltr'><strong>plar</strong></span> <span class='ocrx_word' id='word_1_602' title='bbox 1087 2087 1315 2123; x_wconf 80' lang='lat' dir='ltr'><strong>perfectissimum</strong></span> <span class='ocrx_word' id='word_1_603' title='bbox 1340 2088 1413 2116; x_wconf 87' lang='lat' dir='ltr'><strong>nacti</strong></span> <span class='ocrx_word' id='word_1_604' title='bbox 1440 2096 1546 2120; x_wconf 87' lang='lat' dir='ltr'><strong>sumus,</strong></span> <span class='ocrx_word' id='word_1_605' title='bbox 1562 2089 1682 2123; x_wconf 77' lang='lat' dir='ltr'><strong>quinque</strong></span> <span class='ocrx_word' id='word_1_606' title='bbox 1704 2088 1808 2115; x_wconf 84' lang='lat' dir='ltr'><strong>scilicet</strong></span> 
     </span>
    </p>
   </div>
   <div class='ocr_carea' id='block_1_87' title="bbox 1009 2134 1806 2171">
    <p class='ocr_par' dir='ltr' id='par_1_87' title="bbox 1009 2134 1806 2171">
     <span class='ocr_line' id='line_1_87' title="bbox 1009 2134 1806 2171; baseline 0.003 -10"><span class='ocrx_word' id='word_1_607' title='bbox 1009 2134 1074 2162; x_wconf 75' lang='lat' dir='ltr'><strong>Mss.</strong></span> <span class='ocrx_word' id='word_1_608' title='bbox 1108 2134 1233 2162; x_wconf 83' lang='lat' dir='ltr'><strong>codicum</strong></span> <span class='ocrx_word' id='word_1_609' title='bbox 1262 2135 1437 2162; x_wconf 78' lang='lat' dir='ltr'><strong>collationem</strong></span> <span class='ocrx_word' id='word_1_610' title='bbox 1464 2136 1493 2163; x_wconf 93' lang='lat' dir='ltr'><strong>in</strong></span> <span class='ocrx_word' id='word_1_611' title='bbox 1522 2135 1644 2171; x_wconf 81' lang='lat' dir='ltr'><strong>margine</strong></span> <span class='ocrx_word' id='word_1_612' title='bbox 1673 2135 1806 2163; x_wconf 80' lang='lat' dir='ltr'><strong>referens.</strong></span> 
     </span>
    </p>
   </div>
   <div class='ocr_carea' id='block_1_88' title="bbox 1009 2181 1806 2217">
    <p class='ocr_par' dir='ltr' id='par_1_88' title="bbox 1009 2181 1806 2217">
     <span class='ocr_line' id='line_1_88' title="bbox 1009 2181 1806 2217; baseline 0.001 -9"><span class='ocrx_word' id='word_1_613' title='bbox 1009 2181 1181 2209; x_wconf 83' lang='lat' dir='ltr'><strong>Tribuuntur</strong></span> <span class='ocrx_word' id='word_1_614' title='bbox 1199 2181 1257 2208; x_wconf 67' lang='lat' dir='ltr'><strong>haec</strong></span> <span class='ocrx_word' id='word_1_615' title='bbox 1272 2181 1474 2217; x_wconf 78' lang='lat' dir='ltr'><strong>Melaphrastze,</strong></span> <span class='ocrx_word' id='word_1_616' title='bbox 1495 2187 1524 2209; x_wconf 93' lang='lat' dir='ltr'><strong>ut</strong></span> <span class='ocrx_word' id='word_1_617' title='bbox 1547 2182 1648 2209; x_wconf 75' lang='lat' dir='ltr'><strong>diserte</strong></span> <span class='ocrx_word' id='word_1_618' title='bbox 1664 2182 1744 2209; x_wconf 83' lang='lat' dir='ltr'><strong>habet</strong></span> <span class='ocrx_word' id='word_1_619' title='bbox 1761 2182 1806 2209; x_wconf 83' lang='lat' dir='ltr'><strong>Al-</strong></span> 
     </span>
    </p>
   </div>
   <div class='ocr_carea' id='block_1_89' title="bbox 165 2226 1807 2266">
    <p class='ocr_par' dir='ltr' id='par_1_89' title="bbox 165 2226 1807 2266">
     <span class='ocr_line' id='line_1_89' title="bbox 165 2226 1807 2266; baseline -0.001 -8"><span class='ocrx_word' id='word_1_620' title='bbox 165 2236 237 2263; x_wconf 80' lang='lat' dir='ltr'><strong>tens,</strong></span> <span class='ocrx_word' id='word_1_621' title='bbox 249 2238 332 2258; x_wconf 90' lang='lat' dir='ltr'><strong>cursu</strong></span> <span class='ocrx_word' id='word_1_622' title='bbox 346 2231 488 2258; x_wconf 87' lang='lat' dir='ltr'><strong>contendit</strong></span> <span class='ocrx_word' id='word_1_623' title='bbox 505 2235 532 2257; x_wconf 88' lang='lat' dir='ltr'><strong>et</strong></span> <span class='ocrx_word' id='word_1_624' title='bbox 547 2231 673 2258; x_wconf 81' lang='lat' dir='ltr'><strong>dextrum</strong></span> <span class='ocrx_word' id='word_1_625' title='bbox 686 2232 785 2266; x_wconf 86' lang='lat' dir='ltr'><strong>pedem</strong></span> <span class='ocrx_word' id='word_1_626' title='bbox 805 2232 896 2260; x_wconf 85' lang='lat' dir='ltr'><strong>Sancti</strong></span> <span class='ocrx_word' id='word_1_627' title='bbox 912 2233 959 2259; x_wconf 90' lang='lat' dir='ltr'><strong>ab-</strong></span> <span class='ocrx_word' id='word_1_628' title='bbox 976 2226 998 2256; x_wconf 91' lang='lat' dir='ltr'><strong>D</strong></span> <span class='ocrx_word' id='word_1_629' title='bbox 1011 2226 1103 2260; x_wconf 85' lang='lat' dir='ltr'><strong>latius,</strong></span> <span class='ocrx_word' id='word_1_630' title='bbox 1124 2227 1169 2262; x_wconf 93' lang='lat' dir='ltr'><strong>qui</strong></span> <span class='ocrx_word' id='word_1_631' title='bbox 1191 2227 1218 2254; x_wconf 92' lang='lat' dir='ltr'><strong>in</strong></span> <span class='ocrx_word' id='word_1_632' title='bbox 1243 2227 1359 2255; x_wconf 86' lang='lat' dir='ltr'><strong>diatriba</strong></span> <span class='ocrx_word' id='word_1_633' title='bbox 1375 2228 1409 2255; x_wconf 89' lang='lat' dir='ltr'><strong>de</strong></span> <span class='ocrx_word' id='word_1_634' title='bbox 1430 2228 1614 2263; x_wconf 77' lang='lat' dir='ltr'><strong>Symeonibus</strong></span> <span class='ocrx_word' id='word_1_635' title='bbox 1636 2235 1731 2256; x_wconf 80' lang='lat' dir='ltr'><strong>earum</strong></span> <span class='ocrx_word' id='word_1_636' title='bbox 1756 2229 1807 2256; x_wconf 90' lang='lat' dir='ltr'><strong>iui—</strong></span> 
     </span>
    </p>
   </div>
   <div class='ocr_carea' id='block_1_90' title="bbox 162 2277 959 2312">
    <p class='ocr_par' dir='ltr' id='par_1_90' title="bbox 162 2277 959 2312">
     <span class='ocr_line' id='line_1_90' title="bbox 162 2277 959 2312; baseline 0.003 -8"><span class='ocrx_word' id='word_1_637' title='bbox 162 2277 256 2310; x_wconf 72' lang='lat' dir='ltr'><strong>scidit,</strong></span> <span class='ocrx_word' id='word_1_638' title='bbox 274 2277 320 2312; x_wconf 89' lang='lat' dir='ltr'><strong>qui</strong></span> <span class='ocrx_word' id='word_1_639' title='bbox 335 2277 440 2304; x_wconf 85' lang='lat' dir='ltr'><strong>interea</strong></span> <span class='ocrx_word' id='word_1_640' title='bbox 451 2281 574 2304; x_wconf 87' lang='lat' dir='ltr'><strong>sanctam</strong></span> <span class='ocrx_word' id='word_1_641' title='bbox 590 2284 622 2304; x_wconf 88' lang='lat' dir='ltr'><strong>ac</strong></span> <span class='ocrx_word' id='word_1_642' title='bbox 638 2277 746 2304; x_wconf 87' lang='lat' dir='ltr'><strong>beatam</strong></span> <span class='ocrx_word' id='word_1_643' title='bbox 765 2277 884 2305; x_wconf 85' lang='lat' dir='ltr'><strong>animam</strong></span> <span class='ocrx_word' id='word_1_644' title='bbox 906 2279 959 2306; x_wconf 90' lang='lat' dir='ltr'><strong>Do-</strong></span> 
     </span>
    </p>
   </div>
   <div class='ocr_carea' id='block_1_91' title="bbox 166 2322 957 2358">
    <p class='ocr_par' dir='ltr' id='par_1_91' title="bbox 166 2322 957 2358">
     <span class='ocr_line' id='line_1_91' title="bbox 166 2322 957 2358; baseline 0.003 -8"><span class='ocrx_word' id='word_1_645' title='bbox 166 2323 240 2350; x_wconf 87' lang='lat' dir='ltr'><strong>mino</strong></span> <span class='ocrx_word' id='word_1_646' title='bbox 265 2323 385 2351; x_wconf 84' lang='lat' dir='ltr'><strong>tradidit.</strong></span> <span class='ocrx_word' id='word_1_647' title='bbox 411 2322 462 2356; x_wconf 84' lang='lat' dir='ltr'><strong>Qui</strong></span> <span class='ocrx_word' id='word_1_648' title='bbox 489 2331 552 2350; x_wconf 90' lang='lat' dir='ltr'><strong>eum</strong></span> <span class='ocrx_word' id='word_1_649' title='bbox 577 2324 733 2358; x_wconf 86' lang='lat' dir='ltr'><strong>raptabant,</strong></span> <span class='ocrx_word' id='word_1_650' title='bbox 762 2329 793 2351; x_wconf 88' lang='lat' dir='ltr'><strong>ut</strong></span> <span class='ocrx_word' id='word_1_651' title='bbox 820 2328 957 2353; x_wconf 89' lang='lat' dir='ltr'><strong>mortuum</strong></span> 
     </span>
    </p>
   </div>
   <div class='ocr_carea' id='block_1_92' title="bbox 165 2369 959 2405">
    <p class='ocr_par' dir='ltr' id='par_1_92' title="bbox 165 2369 959 2405">
     <span class='ocr_line' id='line_1_92' title="bbox 165 2369 959 2405; baseline 0.003 -9"><span class='ocrx_word' id='word_1_652' title='bbox 165 2378 312 2405; x_wconf 81' lang='lat' dir='ltr'><strong>aspexere,</strong></span> <span class='ocrx_word' id='word_1_653' title='bbox 327 2371 400 2398; x_wconf 87' lang='lat' dir='ltr'><strong>velut</strong></span> <span class='ocrx_word' id='word_1_654' title='bbox 425 2369 490 2405; x_wconf 90' lang='lat' dir='ltr'><strong>quid</strong></span> <span class='ocrx_word' id='word_1_655' title='bbox 513 2370 652 2397; x_wconf 89' lang='lat' dir='ltr'><strong>morticiui</strong></span> <span class='ocrx_word' id='word_1_656' title='bbox 672 2370 698 2397; x_wconf 93' lang='lat' dir='ltr'><strong>in</strong></span> <span class='ocrx_word' id='word_1_657' title='bbox 724 2370 905 2399; x_wconf 69' lang='lat' dir='ltr'><strong>foedissimum</strong></span> <span class='ocrx_word' id='word_1_658' title='bbox 920 2371 959 2398; x_wconf 91' lang='lat' dir='ltr'><strong>lo-</strong></span> 
     </span>
    </p>
   </div>
   <div class='ocr_carea' id='block_1_93' title="bbox 165 2416 956 2451">
    <p class='ocr_par' dir='ltr' id='par_1_93' title="bbox 165 2416 956 2451">
     <span class='ocr_line' id='line_1_93' title="bbox 165 2416 956 2451; baseline 0 -7"><span class='ocrx_word' id='word_1_659' title='bbox 165 2424 227 2444; x_wconf 89' lang='lat' dir='ltr'><strong>cum</strong></span> <span class='ocrx_word' id='word_1_660' title='bbox 243 2416 419 2451; x_wconf 87' lang='lat' dir='ltr'><strong>abjecerunt;</strong></span> <span class='ocrx_word' id='word_1_661' title='bbox 438 2419 517 2444; x_wconf 90' lang='lat' dir='ltr'><strong>nocte</strong></span> <span class='ocrx_word' id='word_1_662' title='bbox 543 2423 608 2443; x_wconf 88' lang='lat' dir='ltr'><strong>vero</strong></span> <span class='ocrx_word' id='word_1_663' title='bbox 634 2417 810 2449; x_wconf 77' lang='lat' dir='ltr'><strong>adventante,</strong></span> <span class='ocrx_word' id='word_1_664' title='bbox 821 2417 956 2444; x_wconf 88' lang='lat' dir='ltr'><strong>sublatum</strong></span> 
     </span>
    </p>
   </div>
   <div class='ocr_carea' id='block_1_94' title="bbox 164 2460 955 2497">
    <p class='ocr_par' dir='ltr' id='par_1_94' title="bbox 164 2460 955 2497">
     <span class='ocr_line' id='line_1_94' title="bbox 164 2460 955 2497; baseline 0.004 -10"><span class='ocrx_word' id='word_1_665' title='bbox 164 2461 275 2496; x_wconf 89' lang='lat' dir='ltr'><strong>quidam</strong></span> <span class='ocrx_word' id='word_1_666' title='bbox 294 2460 437 2489; x_wconf 85' lang='lat' dir='ltr'><strong>orthodoxi</strong></span> <span class='ocrx_word' id='word_1_667' title='bbox 453 2460 560 2489; x_wconf 88' lang='lat' dir='ltr'><strong>tumulo</strong></span> <span class='ocrx_word' id='word_1_668' title='bbox 584 2460 769 2489; x_wconf 87' lang='lat' dir='ltr'><strong>condiderunt</strong></span> <span class='ocrx_word' id='word_1_669' title='bbox 791 2461 818 2488; x_wconf 88' lang='lat' dir='ltr'><strong>in</strong></span> <span class='ocrx_word' id='word_1_670' title='bbox 836 2462 895 2490; x_wconf 88' lang='lat' dir='ltr'><strong>loco</strong></span> <span class='ocrx_word' id='word_1_671' title='bbox 910 2462 955 2497; x_wconf 89' lang='lat' dir='ltr'><strong>qui</strong></span> 
     </span>
    </p>
   </div>
   <div class='ocr_carea' id='block_1_95' title="bbox 165 2506 374 2535">
    <p class='ocr_par' dir='ltr' id='par_1_95' title="bbox 165 2506 374 2535">
     <span class='ocr_line' id='line_1_95' title="bbox 165 2506 374 2535; baseline 0 -1"><span class='ocrx_word' id='word_1_672' title='bbox 165 2506 267 2535; x_wconf 88' lang='lat' dir='ltr'><strong>dicitur</strong></span> <span class='ocrx_word' id='word_1_673' title='bbox 278 2507 374 2535; x_wconf 74' lang='lat' dir='ltr'><strong>Crisis.</strong></span> 
     </span>
    </p>
   </div>
   <div class='ocr_carea' id='block_1_96' title="bbox 199 2563 956 2600">
    <p class='ocr_par' dir='ltr' id='par_1_96' title="bbox 199 2563 956 2600">
     <span class='ocr_line' id='line_1_96' title="bbox 199 2563 956 2600; baseline 0.004 -10"><span class='ocrx_word' id='word_1_674' title='bbox 199 2563 228 2592; x_wconf 89' lang='grc'><strong>’1.</strong></span> <span class='ocrx_word' id='word_1_675' title='bbox 255 2563 285 2591; x_wconf 87' lang='lat' dir='ltr'><strong>In</strong></span> <span class='ocrx_word' id='word_1_676' title='bbox 309 2563 419 2592; x_wconf 54' lang='lat' dir='ltr'><strong>Mentis</strong></span> <span class='ocrx_word' id='word_1_677' title='bbox 434 2564 542 2592; x_wconf 85' lang='lat' dir='ltr'><strong>excusis</strong></span> <span class='ocrx_word' id='word_1_678' title='bbox 555 2564 708 2600; x_wconf 69' lang='lat' dir='ltr'><strong>saepissime</strong></span> <span class='ocrx_word' id='word_1_679' title='bbox 723 2565 839 2594; x_wconf 83' lang='lat' dir='ltr'><strong>diversis</strong></span> <span class='ocrx_word' id='word_1_680' title='bbox 858 2565 956 2593; x_wconf 86' lang='lat' dir='ltr'><strong>diebus</strong></span> 
     </span>
    </p>
   </div>
   <div class='ocr_carea' id='block_1_97' title="bbox 148 2607 956 2646">
    <p class='ocr_par' dir='ltr' id='par_1_97' title="bbox 148 2607 956 2646">
     <span class='ocr_line' id='line_1_97' title="bbox 148 2607 956 2646; baseline 0.006 -12"><span class='ocrx_word' id='word_1_681' title='bbox 148 2607 246 2646; x_wconf 29' lang='lat' dir='ltr'><strong>‘iidem</strong></span> <span class='ocrx_word' id='word_1_682' title='bbox 274 2607 365 2636; x_wconf 89' lang='lat' dir='ltr'><strong>Sauctl</strong></span> <span class='ocrx_word' id='word_1_683' title='bbox 387 2614 639 2637; x_wconf 84' lang='lat' dir='ltr'><strong>commemorantur</strong></span> <span class='ocrx_word' id='word_1_684' title='bbox 663 2609 726 2645; x_wconf 90' lang='lat' dir='ltr'><strong>quia</strong></span> <span class='ocrx_word' id='word_1_685' title='bbox 754 2609 876 2638; x_wconf 88' lang='lat' dir='ltr'><strong>diversos</strong></span> <span class='ocrx_word' id='word_1_686' title='bbox 891 2611 956 2639; x_wconf 83' lang='lat' dir='ltr'><strong>Mss.</strong></span> 
     </span>
    </p>
   </div>
   <div class='ocr_carea' id='block_1_98' title="bbox 163 2653 956 2692">
    <p class='ocr_par' dir='ltr' id='par_1_98' title="bbox 163 2653 956 2692">
     <span class='ocr_line' id='line_1_98' title="bbox 163 2653 956 2692; baseline 0.004 -12"><span class='ocrx_word' id='word_1_687' title='bbox 163 2653 272 2682; x_wconf 85' lang='lat' dir='ltr'><strong>codices</strong></span> <span class='ocrx_word' id='word_1_688' title='bbox 292 2654 411 2683; x_wconf 84' lang='lat' dir='ltr'><strong>editores</strong></span> <span class='ocrx_word' id='word_1_689' title='bbox 425 2655 586 2683; x_wconf 88' lang='lat' dir='ltr'><strong>adhibuere.</strong></span> <span class='ocrx_word' id='word_1_690' title='bbox 601 2655 690 2683; x_wconf 80' lang='lat' dir='ltr'><strong>Aliam</strong></span> <span class='ocrx_word' id='word_1_691' title='bbox 706 2660 796 2683; x_wconf 84' lang='lat' dir='ltr'><strong>tamen</strong></span> <span class='ocrx_word' id='word_1_692' title='bbox 818 2656 899 2692; x_wconf 86' lang='lat' dir='ltr'><strong>hujus</strong></span> <span class='ocrx_word' id='word_1_693' title='bbox 917 2656 956 2683; x_wconf 86' lang='lat' dir='ltr'><strong>rei</strong></span> 
     </span>
    </p>
   </div>
   <div class='ocr_carea' id='block_1_99' title="bbox 163 2701 956 2738">
    <p class='ocr_par' dir='ltr' id='par_1_99' title="bbox 163 2701 956 2738">
     <span class='ocr_line' id='line_1_99' title="bbox 163 2701 956 2738; baseline 0.003 -10"><span class='ocrx_word' id='word_1_694' title='bbox 163 2709 274 2728; x_wconf 82' lang='lat' dir='ltr'><strong>causam</strong></span> <span class='ocrx_word' id='word_1_695' title='bbox 290 2701 412 2737; x_wconf 83' lang='lat' dir='ltr'><strong>assignat</strong></span> <span class='ocrx_word' id='word_1_696' title='bbox 434 2701 640 2738; x_wconf 85' lang='lat' dir='ltr'><strong>Papebrochius</strong></span> <span class='ocrx_word' id='word_1_697' title='bbox 654 2703 722 2738; x_wconf 79' lang='lat' dir='ltr'><strong>(l5),</strong></span> <span class='ocrx_word' id='word_1_698' title='bbox 743 2703 852 2731; x_wconf 65' lang='lat' dir='ltr'><strong>Gl‘iIECOS</strong></span> <span class='ocrx_word' id='word_1_699' title='bbox 875 2703 956 2731; x_wconf 89' lang='lat' dir='ltr'><strong>nimi-</strong></span> 
     </span>
    </p>
   </div>
   <div class='ocr_carea' id='block_1_100' title="bbox 164 2747 957 2782">
    <p class='ocr_par' dir='ltr' id='par_1_100' title="bbox 164 2747 957 2782">
     <span class='ocr_line' id='line_1_100' title="bbox 164 2747 957 2782; baseline 0.004 -9"><span class='ocrx_word' id='word_1_700' title='bbox 164 2753 223 2774; x_wconf 87' lang='lat' dir='ltr'><strong>rum</strong></span> <span class='ocrx_word' id='word_1_701' title='bbox 241 2747 338 2775; x_wconf 89' lang='lat' dir='ltr'><strong>eodem</strong></span> <span class='ocrx_word' id='word_1_702' title='bbox 366 2751 413 2774; x_wconf 89' lang='lat' dir='ltr'><strong>aut</strong></span> <span class='ocrx_word' id='word_1_703' title='bbox 437 2748 563 2782; x_wconf 85' lang='lat' dir='ltr'><strong>sequenti</strong></span> <span class='ocrx_word' id='word_1_704' title='bbox 590 2748 635 2776; x_wconf 89' lang='lat' dir='ltr'><strong>die</strong></span> <span class='ocrx_word' id='word_1_705' title='bbox 661 2755 879 2776; x_wconf 86' lang='lat' dir='ltr'><strong>commemorare</strong></span> <span class='ocrx_word' id='word_1_706' title='bbox 903 2748 957 2776; x_wconf 79' lang='lat' dir='ltr'><strong>fre—</strong></span> 
     </span>
    </p>
   </div>
   <div class='ocr_carea' id='block_1_101' title="bbox 200 2823 955 2861">
    <p class='ocr_par' dir='ltr' id='par_1_101' title="bbox 200 2823 955 2861">
     <span class='ocr_line' id='line_1_101' title="bbox 200 2823 955 2861; baseline 0.003 -10"><span class='ocrx_word' id='word_1_707' title='bbox 200 2823 257 2859; x_wconf 74' lang='lat' dir='ltr'><strong>(lii)</strong></span> <span class='ocrx_word' id='word_1_708' title='bbox 362 2823 566 2861; x_wconf 65' lang='lat' dir='ltr'><strong>Graeco-Mosch</strong></span> <span class='ocrx_word' id='word_1_709' title='bbox 582 2845 590 2856; x_wconf 88' lang='lat'><strong>,</strong></span> <span class='ocrx_word' id='word_1_710' title='bbox 607 2829 625 2851; x_wconf 90' lang='grc' dir='ltr'><strong>ι.</strong></span> <span class='ocrx_word' id='word_1_711' title='bbox 645 2825 653 2851; x_wconf 96' lang='grc'><strong>1</strong></span> <span class='ocrx_word' id='word_1_712' title='bbox 671 2824 742 2858; x_wconf 73' lang='lat' dir='ltr'><strong>Maii,</strong></span> <span class='ocrx_word' id='word_1_713' title='bbox 755 2833 780 2860; x_wconf 88' lang='lat' dir='ltr'><strong>p.</strong></span> <span class='ocrx_word' id='word_1_714' title='bbox 796 2834 840 2852; x_wconf 78' lang='lat' dir='ltr'><strong>vni</strong></span> <span class='ocrx_word' id='word_1_715' title='bbox 853 2830 878 2853; x_wconf 83' lang='lat' dir='ltr'><strong>cl</strong></span> <span class='ocrx_word' id='word_1_716' title='bbox 890 2833 955 2861; x_wconf 83' lang='lat' dir='ltr'><strong>pas-</strong></span> 
     </span>
    </p>
   </div>
   <div class='ocr_carea' id='block_1_102' title="bbox 165 2858 632 2894">
    <p class='ocr_par' dir='ltr' id='par_1_102' title="bbox 165 2858 632 2894">
     <span class='ocr_line' id='line_1_102' title="bbox 165 2858 632 2894; baseline 0 -8"><span class='ocrx_word' id='word_1_717' title='bbox 165 2858 234 2891; x_wconf 86' lang='lat' dir='ltr'><strong>sim;</strong></span> <span class='ocrx_word' id='word_1_718' title='bbox 253 2863 272 2886; x_wconf 89' lang='lat' dir='ltr'><strong>t.</strong></span> <span class='ocrx_word' id='word_1_719' title='bbox 291 2859 311 2886; x_wconf 94' lang='lat' dir='ltr'><strong>ll</strong></span> <span class='ocrx_word' id='word_1_720' title='bbox 328 2859 401 2886; x_wconf 86' lang='lat' dir='ltr'><strong>Maii.</strong></span> <span class='ocrx_word' id='word_1_721' title='bbox 418 2867 445 2894; x_wconf 91' lang='lat' dir='ltr'><strong>p.</strong></span> <span class='ocrx_word' id='word_1_722' title='bbox 463 2859 524 2891; x_wconf 87' lang='grc'><strong>110,</strong></span> <span class='ocrx_word' id='word_1_723' title='bbox 542 2868 570 2887; x_wconf 91' lang='lat' dir='ltr'><strong>n.</strong></span> <span class='ocrx_word' id='word_1_724' title='bbox 589 2861 632 2887; x_wconf 88' lang='grc'><strong>11.</strong></span> 
     </span>
    </p>
   </div>
   <div class='ocr_carea' id='block_1_103' title="bbox 201 2894 657 2930">
    <p class='ocr_par' dir='ltr' id='par_1_103' title="bbox 201 2894 657 2930">
     <span class='ocr_line' id='line_1_103' title="bbox 201 2894 657 2930; baseline 0.002 -10"><span class='ocrx_word' id='word_1_725' title='bbox 201 2894 256 2927; x_wconf 78' lang='grc'><strong>(16)</strong></span> <span class='ocrx_word' id='word_1_726' title='bbox 273 2894 311 2930; x_wconf 74' lang='lat' dir='ltr'><strong>_Dc</strong></span> <span class='ocrx_word' id='word_1_727' title='bbox 327 2894 493 2930; x_wconf 77' lang='lat' dir='ltr'><strong>lilenologiis,</strong></span> <span class='ocrx_word' id='word_1_728' title='bbox 509 2900 573 2924; x_wconf 63' lang='grc' dir='ltr'><strong>(διας</strong></span> <span class='ocrx_word' id='word_1_729' title='bbox 590 2903 616 2929; x_wconf 91' lang='lat' dir='ltr'><strong>p.</strong></span> <span class='ocrx_word' id='word_1_730' title='bbox 631 2896 657 2922; x_wconf 84' lang='lat'><strong>8.</strong></span> 
     </span>
    </p>
   </div>
   <div class='ocr_carea' id='block_1_104' title="bbox 200 2928 788 2966">
    <p class='ocr_par' dir='ltr' id='par_1_104' title="bbox 200 2928 788 2966">
     <span class='ocr_line' id='line_1_104' title="bbox 200 2928 788 2966; baseline 0.005 -10"><span class='ocrx_word' id='word_1_731' title='bbox 200 2930 256 2965; x_wconf 72' lang='lat' dir='ltr'><strong>(li)</strong></span> <span class='ocrx_word' id='word_1_732' title='bbox 272 2928 385 2958; x_wconf 83' lang='lat' dir='ltr'><strong>Baudini</strong></span> <span class='ocrx_word' id='word_1_733' title='bbox 402 2928 471 2959; x_wconf 75' lang='lat' dir='ltr'><strong>codd</strong></span> <span class='ocrx_word' id='word_1_734' title='bbox 486 2928 595 2965; x_wconf 38' lang='lat' dir='ltr'><strong>&#39;Grmci,</strong></span> <span class='ocrx_word' id='word_1_735' title='bbox 609 2935 628 2958; x_wconf 80' lang='lat' dir='ltr'><strong>t.</strong></span> <span class='ocrx_word' id='word_1_736' title='bbox 647 2930 666 2964; x_wconf 87' lang='grc' dir='ltr'>Ι,</span> <span class='ocrx_word' id='word_1_737' title='bbox 682 2939 708 2966; x_wconf 84' lang='lat' dir='ltr'><strong>p.</strong></span> <span class='ocrx_word' id='word_1_738' title='bbox 730 2930 788 2959; x_wconf 82' lang='grc'><strong>150.</strong></span> 
     </span>
    </p>
   </div>
   <div class='ocr_carea' id='block_1_105' title="bbox 1012 2271 1807 2307">
    <p class='ocr_par' dir='ltr' id='par_1_105' title="bbox 1012 2271 1807 2307">
     <span class='ocr_line' id='line_1_105' title="bbox 1012 2271 1807 2307; baseline 0.003 -8"><span class='ocrx_word' id='word_1_739' title='bbox 1012 2272 1079 2299; x_wconf 82' lang='lat' dir='ltr'><strong>tium</strong></span> <span class='ocrx_word' id='word_1_740' title='bbox 1096 2272 1176 2299; x_wconf 61' lang='grc' dir='ltr'>θίγω</span> <span class='ocrx_word' id='word_1_741' title='bbox 1191 2271 1248 2307; x_wconf 83' lang='grc'><strong>(18)</strong></span> <span class='ocrx_word' id='word_1_742' title='bbox 1265 2280 1271 2299; x_wconf 94' lang='lat'>:</span> <span class='ocrx_word' id='word_1_743' title='bbox 1285 2280 1370 2307; x_wconf 85' lang='lat' dir='ltr'><strong>quare</strong></span> <span class='ocrx_word' id='word_1_744' title='bbox 1382 2271 1458 2299; x_wconf 82' lang='lat' dir='ltr'><strong>hunc</strong></span> <span class='ocrx_word' id='word_1_745' title='bbox 1469 2273 1558 2300; x_wconf 92' lang='lat' dir='ltr'><strong>locum</strong></span> <span class='ocrx_word' id='word_1_746' title='bbox 1575 2281 1629 2300; x_wconf 92' lang='lat' dir='ltr'><strong>non</strong></span> <span class='ocrx_word' id='word_1_747' title='bbox 1646 2273 1744 2301; x_wconf 84' lang='lat' dir='ltr'><strong>viderit</strong></span> <span class='ocrx_word' id='word_1_748' title='bbox 1756 2273 1807 2300; x_wconf 80' lang='lat' dir='ltr'><strong>Pa-</strong></span> 
     </span>
    </p>
   </div>
   <div class='ocr_carea' id='block_1_106' title="bbox 1011 2318 1807 2355">
    <p class='ocr_par' dir='ltr' id='par_1_106' title="bbox 1011 2318 1807 2355">
     <span class='ocr_line' id='line_1_106' title="bbox 1011 2318 1807 2355; baseline 0.003 -10"><span class='ocrx_word' id='word_1_749' title='bbox 1011 2318 1070 2354; x_wconf 82' lang='lat' dir='ltr'><strong>gius</strong></span> <span class='ocrx_word' id='word_1_750' title='bbox 1088 2318 1146 2353; x_wconf 86' lang='grc'><strong>(19)</strong></span> <span class='ocrx_word' id='word_1_751' title='bbox 1164 2318 1210 2353; x_wconf 89' lang='lat' dir='ltr'><strong>qui</strong></span> <span class='ocrx_word' id='word_1_752' title='bbox 1228 2323 1310 2352; x_wconf 80' lang='lat' dir='ltr'><strong>negat</strong></span> <span class='ocrx_word' id='word_1_753' title='bbox 1327 2319 1392 2345; x_wconf 83' lang='lat' dir='ltr'><strong>Acta</strong></span> <span class='ocrx_word' id='word_1_754' title='bbox 1407 2318 1451 2345; x_wconf 81' lang='lat' dir='ltr'><strong>illa</strong></span> <span class='ocrx_word' id='word_1_755' title='bbox 1471 2319 1598 2353; x_wconf 87' lang='lat' dir='ltr'><strong>Symeoni</strong></span> <span class='ocrx_word' id='word_1_756' title='bbox 1617 2319 1807 2355; x_wconf 64' lang='lat' dir='ltr'><strong>Metaphrasta:</strong></span> 
     </span>
    </p>
   </div>
   <div class='ocr_carea' id='block_1_107' title="bbox 1011 2364 1808 2401">
    <p class='ocr_par' dir='ltr' id='par_1_107' title="bbox 1011 2364 1808 2401">
     <span class='ocr_line' id='line_1_107' title="bbox 1011 2364 1808 2401; baseline 0.001 -9"><span class='ocrx_word' id='word_1_757' title='bbox 1011 2364 1164 2399; x_wconf 77' lang='lat' dir='ltr'><strong>adiudicata</strong></span> <span class='ocrx_word' id='word_1_758' title='bbox 1181 2364 1275 2393; x_wconf 80' lang='lat' dir='ltr'><strong>fuisse.</strong></span> <span class='ocrx_word' id='word_1_759' title='bbox 1295 2364 1495 2392; x_wconf 87' lang='lat' dir='ltr'><strong>Testimoniqu</strong></span> <span class='ocrx_word' id='word_1_760' title='bbox 1507 2370 1598 2392; x_wconf 86' lang='lat' dir='ltr'><strong>autem</strong></span> <span class='ocrx_word' id='word_1_761' title='bbox 1615 2366 1706 2393; x_wconf 85' lang='lat' dir='ltr'><strong>Allatii</strong></span> <span class='ocrx_word' id='word_1_762' title='bbox 1720 2374 1808 2401; x_wconf 89' lang='lat' dir='ltr'><strong>quan-</strong></span> 
     </span>
    </p>
   </div>
   <div class='ocr_carea' id='block_1_108' title="bbox 1011 2410 1806 2446">
    <p class='ocr_par' dir='ltr' id='par_1_108' title="bbox 1011 2410 1806 2446">
     <span class='ocr_line' id='line_1_108' title="bbox 1011 2410 1806 2446; baseline 0.003 -8"><span class='ocrx_word' id='word_1_763' title='bbox 1011 2415 1067 2438; x_wconf 91' lang='lat' dir='ltr'><strong>tum</strong></span> <span class='ocrx_word' id='word_1_764' title='bbox 1084 2411 1112 2438; x_wconf 94' lang='lat' dir='ltr'><strong>in</strong></span> <span class='ocrx_word' id='word_1_765' title='bbox 1129 2410 1180 2438; x_wconf 85' lang='lat' dir='ltr'><strong>hac</strong></span> <span class='ocrx_word' id='word_1_766' title='bbox 1203 2418 1232 2437; x_wconf 86' lang='lat' dir='ltr'><strong>re</strong></span> <span class='ocrx_word' id='word_1_767' title='bbox 1259 2410 1358 2442; x_wconf 84' lang='lat' dir='ltr'><strong>valeat,</strong></span> <span class='ocrx_word' id='word_1_768' title='bbox 1385 2418 1466 2437; x_wconf 89' lang='lat' dir='ltr'><strong>nemo</strong></span> <span class='ocrx_word' id='word_1_769' title='bbox 1487 2411 1612 2446; x_wconf 83' lang='lat' dir='ltr'><strong>ignorat;</strong></span> <span class='ocrx_word' id='word_1_770' title='bbox 1635 2417 1765 2444; x_wconf 87' lang='lat' dir='ltr'><strong>attamen,</strong></span> <span class='ocrx_word' id='word_1_771' title='bbox 1783 2413 1806 2440; x_wconf 91' lang='lat' dir='ltr'><strong>si</strong></span> 
     </span>
    </p>
   </div>
   <div class='ocr_carea' id='block_1_109' title="bbox 1010 2457 1806 2492">
    <p class='ocr_par' dir='ltr' id='par_1_109' title="bbox 1010 2457 1806 2492">
     <span class='ocr_line' id='line_1_109' title="bbox 1010 2457 1806 2492; baseline 0.004 -8"><span class='ocrx_word' id='word_1_772' title='bbox 1010 2465 1078 2492; x_wconf 90' lang='lat' dir='ltr'><strong>opus</strong></span> <span class='ocrx_word' id='word_1_773' title='bbox 1089 2461 1171 2490; x_wconf 87' lang='lat' dir='ltr'><strong>esset,</strong></span> <span class='ocrx_word' id='word_1_774' title='bbox 1187 2463 1243 2483; x_wconf 86' lang='lat' dir='ltr'><strong>rem</strong></span> <span class='ocrx_word' id='word_1_775' title='bbox 1262 2457 1430 2492; x_wconf 81' lang='lat' dir='ltr'><strong>argumentis</strong></span> <span class='ocrx_word' id='word_1_776' title='bbox 1445 2457 1581 2491; x_wconf 88' lang='lat' dir='ltr'><strong>pluribus,</strong></span> <span class='ocrx_word' id='word_1_777' title='bbox 1598 2465 1629 2485; x_wconf 81' lang='lat' dir='ltr'><strong>ex</strong></span> <span class='ocrx_word' id='word_1_778' title='bbox 1651 2459 1716 2492; x_wconf 77' lang='lat' dir='ltr'><strong>ipsis</strong></span> <span class='ocrx_word' id='word_1_779' title='bbox 1731 2459 1806 2487; x_wconf 81' lang='lat' dir='ltr'><strong>Actis</strong></span> 
     </span>
    </p>
   </div>
   <div class='ocr_carea' id='block_1_110' title="bbox 1008 2503 1807 2539">
    <p class='ocr_par' dir='ltr' id='par_1_110' title="bbox 1008 2503 1807 2539">
     <span class='ocr_line' id='line_1_110' title="bbox 1008 2503 1807 2539; baseline 0 -7"><span class='ocrx_word' id='word_1_780' title='bbox 1008 2503 1173 2539; x_wconf 84' lang='lat' dir='ltr'><strong>desumptis,</strong></span> <span class='ocrx_word' id='word_1_781' title='bbox 1201 2503 1329 2531; x_wconf 85' lang='lat' dir='ltr'><strong>evincere</strong></span> <span class='ocrx_word' id='word_1_782' title='bbox 1359 2511 1513 2539; x_wconf 87' lang='lat' dir='ltr'><strong>possemus.</strong></span> <span class='ocrx_word' id='word_1_783' title='bbox 1546 2504 1613 2531; x_wconf 88' lang='lat' dir='ltr'><strong>Acta</strong></span> <span class='ocrx_word' id='word_1_784' title='bbox 1635 2504 1727 2539; x_wconf 85' lang='lat' dir='ltr'><strong>priora</strong></span> <span class='ocrx_word' id='word_1_785' title='bbox 1759 2513 1807 2532; x_wconf 82' lang='lat' dir='ltr'><strong>ex-</strong></span> 
     </span>
    </p>
   </div>
   <div class='ocr_carea' id='block_1_111' title="bbox 1008 2549 1803 2585">
    <p class='ocr_par' dir='ltr' id='par_1_111' title="bbox 1008 2549 1803 2585">
     <span class='ocr_line' id='line_1_111' title="bbox 1008 2549 1803 2585; baseline 0.001 -8"><span class='ocrx_word' id='word_1_786' title='bbox 1008 2550 1110 2585; x_wconf 85' lang='lat' dir='ltr'><strong>scripta</strong></span> <span class='ocrx_word' id='word_1_787' title='bbox 1124 2555 1230 2578; x_wconf 81' lang='lat' dir='ltr'><strong>suntex</strong></span> <span class='ocrx_word' id='word_1_788' title='bbox 1246 2554 1355 2577; x_wconf 87' lang='lat' dir='ltr'><strong>vetusto</strong></span> <span class='ocrx_word' id='word_1_789' title='bbox 1368 2550 1461 2578; x_wconf 90' lang='lat' dir='ltr'><strong>codice</strong></span> <span class='ocrx_word' id='word_1_790' title='bbox 1473 2549 1650 2578; x_wconf 57' lang='lat' dir='ltr'><strong>Bibliotheca:</strong></span> <span class='ocrx_word' id='word_1_791' title='bbox 1665 2550 1803 2583; x_wconf 66' lang='lat' dir='ltr'><strong>Parisinz,</strong></span> 
     </span>
    </p>
   </div>
   <div class='ocr_carea' id='block_1_112' title="bbox 1008 2595 1806 2632">
    <p class='ocr_par' dir='ltr' id='par_1_112' title="bbox 1008 2595 1806 2632">
     <span class='ocr_line' id='line_1_112' title="bbox 1008 2595 1806 2632; baseline 0.003 -10"><span class='ocrx_word' id='word_1_792' title='bbox 1008 2603 1089 2631; x_wconf 88' lang='lat' dir='ltr'><strong>quem</strong></span> <span class='ocrx_word' id='word_1_793' title='bbox 1107 2595 1137 2622; x_wconf 85' lang='grc' dir='ltr'><strong>Β.</strong></span> <span class='ocrx_word' id='word_1_794' title='bbox 1156 2595 1333 2623; x_wconf 76' lang='lat' dir='ltr'><strong>Montfaucon</strong></span> <span class='ocrx_word' id='word_1_795' title='bbox 1350 2596 1451 2623; x_wconf 62' lang='lat' dir='ltr'><strong>saeculo</strong></span> <span class='ocrx_word' id='word_1_796' title='bbox 1466 2604 1491 2623; x_wconf 84' lang='lat' dir='ltr'><strong>Ix</strong></span> <span class='ocrx_word' id='word_1_797' title='bbox 1506 2596 1637 2623; x_wconf 88' lang='lat' dir='ltr'><strong>adscribit</strong></span> <span class='ocrx_word' id='word_1_798' title='bbox 1652 2596 1721 2632; x_wconf 71' lang='grc'><strong>(20),</strong></span> <span class='ocrx_word' id='word_1_799' title='bbox 1734 2601 1762 2624; x_wconf 90' lang='lat' dir='ltr'><strong>et</strong></span> <span class='ocrx_word' id='word_1_800' title='bbox 1776 2605 1806 2624; x_wconf 81' lang='lat' dir='ltr'><strong>ut</strong></span> 
     </span>
    </p>
   </div>
   <div class='ocr_carea' id='block_1_113' title="bbox 1008 2641 1803 2678">
    <p class='ocr_par' dir='ltr' id='par_1_113' title="bbox 1008 2641 1803 2678">
     <span class='ocr_line' id='line_1_113' title="bbox 1008 2641 1803 2678; baseline 0 -9"><span class='ocrx_word' id='word_1_801' title='bbox 1008 2646 1144 2678; x_wconf 86' lang='lat' dir='ltr'><strong>perpetua</strong></span> <span class='ocrx_word' id='word_1_802' title='bbox 1162 2642 1365 2677; x_wconf 88' lang='lat' dir='ltr'><strong>comparatione</strong></span> <span class='ocrx_word' id='word_1_803' title='bbox 1381 2650 1442 2670; x_wconf 89' lang='lat' dir='ltr'><strong>cum</strong></span> <span class='ocrx_word' id='word_1_804' title='bbox 1453 2641 1670 2677; x_wconf 62' lang='lat' dir='ltr'><strong>Metaphrastaeis</strong></span> <span class='ocrx_word' id='word_1_805' title='bbox 1685 2642 1803 2669; x_wconf 81' lang='lat' dir='ltr'><strong>conferri</strong></span> 
     </span>
    </p>
   </div>
   <div class='ocr_carea' id='block_1_114' title="bbox 1008 2688 1802 2723">
    <p class='ocr_par' dir='ltr' id='par_1_114' title="bbox 1008 2688 1802 2723">
     <span class='ocr_line' id='line_1_114' title="bbox 1008 2688 1802 2723; baseline -0.003 -7"><span class='ocrx_word' id='word_1_806' title='bbox 1008 2688 1126 2723; x_wconf 87' lang='lat' dir='ltr'><strong>possint,</strong></span> <span class='ocrx_word' id='word_1_807' title='bbox 1142 2692 1255 2723; x_wconf 91' lang='lat' dir='ltr'><strong>utraque</strong></span> <span class='ocrx_word' id='word_1_808' title='bbox 1272 2689 1368 2716; x_wconf 88' lang='lat' dir='ltr'><strong>iisdem</strong></span> <span class='ocrx_word' id='word_1_809' title='bbox 1381 2689 1514 2721; x_wconf 89' lang='lat' dir='ltr'><strong>numeris,</strong></span> <span class='ocrx_word' id='word_1_810' title='bbox 1530 2688 1576 2715; x_wconf 85' lang='lat' dir='ltr'><strong>ubi</strong></span> <span class='ocrx_word' id='word_1_811' title='bbox 1591 2688 1687 2715; x_wconf 89' lang='lat' dir='ltr'><strong>eadem</strong></span> <span class='ocrx_word' id='word_1_812' title='bbox 1706 2696 1802 2715; x_wconf 87' lang='lat' dir='ltr'><strong>narra-</strong></span> 
     </span>
    </p>
   </div>
   <div class='ocr_carea' id='block_1_115' title="bbox 1009 2735 1802 2772">
    <p class='ocr_par' dir='ltr' id='par_1_115' title="bbox 1009 2735 1802 2772">
     <span class='ocr_line' id='line_1_115' title="bbox 1009 2735 1802 2772; baseline 0.001 -10"><span class='ocrx_word' id='word_1_813' title='bbox 1009 2735 1120 2769; x_wconf 86' lang='lat' dir='ltr'><strong>bantur,</strong></span> <span class='ocrx_word' id='word_1_814' title='bbox 1134 2735 1314 2771; x_wconf 80' lang='lat' dir='ltr'><strong>signavimus.</strong></span> <span class='ocrx_word' id='word_1_815' title='bbox 1329 2735 1388 2767; x_wconf 86' lang='lat' dir='ltr'><strong>Quo</strong></span> <span class='ocrx_word' id='word_1_816' title='bbox 1405 2740 1495 2762; x_wconf 87' lang='lat' dir='ltr'><strong>autem</strong></span> <span class='ocrx_word' id='word_1_817' title='bbox 1514 2740 1635 2772; x_wconf 85' lang='lat' dir='ltr'><strong>tempore</strong></span> <span class='ocrx_word' id='word_1_818' title='bbox 1649 2736 1802 2771; x_wconf 74' lang='lat' dir='ltr'><strong>consrr&#39;pta</strong></span> 
     </span>
    </p>
   </div>
   <div class='ocr_carea' id='block_1_116' title="bbox 1044 2825 1623 2861">
    <p class='ocr_par' dir='ltr' id='par_1_116' title="bbox 1044 2825 1623 2861">
     <span class='ocr_line' id='line_1_116' title="bbox 1044 2825 1623 2861; baseline 0.002 -10"><span class='ocrx_word' id='word_1_819' title='bbox 1044 2825 1101 2859; x_wconf 91' lang='grc'><strong>(18)</strong></span> <span class='ocrx_word' id='word_1_820' title='bbox 1119 2825 1244 2861; x_wconf 81' lang='lat' dir='ltr'><strong>Allatius,</strong></span> <span class='ocrx_word' id='word_1_821' title='bbox 1259 2825 1291 2861; x_wconf 72' lang='lat' dir='ltr'><strong>de</strong></span> <span class='ocrx_word' id='word_1_822' title='bbox 1307 2825 1498 2861; x_wconf 84' lang='lat' dir='ltr'><strong>Symeouihus,</strong></span> <span class='ocrx_word' id='word_1_823' title='bbox 1514 2834 1541 2861; x_wconf 94' lang='lat' dir='ltr'><strong>p.</strong></span> <span class='ocrx_word' id='word_1_824' title='bbox 1564 2825 1623 2853; x_wconf 68' lang='lat'><strong>13.8.</strong></span> 
     </span>
    </p>
   </div>
   <div class='ocr_carea' id='block_1_117' title="bbox 1044 2859 1692 2895">
    <p class='ocr_par' dir='ltr' id='par_1_117' title="bbox 1044 2859 1692 2895">
     <span class='ocr_line' id='line_1_117' title="bbox 1044 2859 1692 2895; baseline 0 -7"><span class='ocrx_word' id='word_1_825' title='bbox 1044 2860 1100 2895; x_wconf 75' lang='lat' dir='ltr'><strong>(l9)</strong></span> <span class='ocrx_word' id='word_1_826' title='bbox 1119 2861 1148 2887; x_wconf 91' lang='lat' dir='ltr'><strong>lu</strong></span> <span class='ocrx_word' id='word_1_827' title='bbox 1160 2860 1260 2888; x_wconf 82' lang='lat' dir='ltr'><strong>Critica</strong></span> <span class='ocrx_word' id='word_1_828' title='bbox 1275 2859 1394 2890; x_wconf 80' lang='lat' dir='ltr'><strong>Baronii.</strong></span> <span class='ocrx_word' id='word_1_829' title='bbox 1414 2863 1447 2888; x_wconf 85' lang='lat' dir='ltr'><strong>ad</strong></span> <span class='ocrx_word' id='word_1_830' title='bbox 1461 2859 1525 2889; x_wconf 64' lang='lat' dir='ltr'><strong>autf.</strong></span> <span class='ocrx_word' id='word_1_831' title='bbox 1543 2861 1606 2895; x_wconf 75' lang='lat'><strong>76!,</strong></span> <span class='ocrx_word' id='word_1_832' title='bbox 1625 2869 1652 2890; x_wconf 88' lang='lat' dir='ltr'><strong>n.</strong></span> <span class='ocrx_word' id='word_1_833' title='bbox 1665 2860 1692 2888; x_wconf 71' lang='lat'><strong>‘2.</strong></span> 
     </span>
    </p>
   </div>
   <div class='ocr_carea' id='block_1_118' title="bbox 1041 2895 1436 2931">
    <p class='ocr_par' dir='ltr' id='par_1_118' title="bbox 1041 2895 1436 2931">
     <span class='ocr_line' id='line_1_118' title="bbox 1041 2895 1436 2931; baseline 0.003 -9"><span class='ocrx_word' id='word_1_834' title='bbox 1041 2897 1097 2931; x_wconf 71' lang='lat' dir='ltr'><strong>(em</strong></span> <span class='ocrx_word' id='word_1_835' title='bbox 1112 2895 1171 2923; x_wconf 85' lang='lat' dir='ltr'><strong>Bib.</strong></span> <span class='ocrx_word' id='word_1_836' title='bbox 1188 2895 1315 2928; x_wconf 84' lang='lat' dir='ltr'><strong>Coislin.,</strong></span> <span class='ocrx_word' id='word_1_837' title='bbox 1333 2903 1359 2930; x_wconf 72' lang='grc' dir='ltr'><strong>ιι.</strong></span> <span class='ocrx_word' id='word_1_838' title='bbox 1379 2895 1436 2923; x_wconf 72' lang='grc' dir='ltr'><strong>ιδδ.</strong></span> 
     </span>
    </p>
   </div>
  </div>
