2067 3150
255 192 323 224 1087

894 195 1036 226 MENSIS
1055 193 1239 224 OCTOBER.

1828 195 1899 227 108

254 246 356 277 fuerint
372 250 479 278 deliniri
497 252 607 287 nequit;
623 252 689 279 nihil
704 253 776 280 enim
798 252 962 287 reperimus,
977 260 1046 287 [πω-
1060 250 1086 281 Δ
1098 251 1250 278 berrimum
1277 249 1362 277 fuisse
1387 249 1415 276 S.
1445 240 1669 285 martyrem-jam
1702 258 1717 277 a
1735 251 1833 278 sa-rulo
1855 259 1894 280 Ix.

255 300 298 322 ter
317 296 419 323 minimi
438 298 567 324 momenti
590 302 681 325 notam
701 298 921 334 cbronologicam
942 307 976 326 ex
995 306 1048 333 qua

257 345 365 368 constat
392 342 552 376 scriptorem
580 344 648 371 satis
673 344 720 371 diu
756 350 818 379 post
844 345 1048 381 Copronytnum

257 391 368 418 vixisse.
391 391 490 424 Locus,
513 393 559 427 qui
577 401 652 420 num.
667 394 684 420 5
697 394 748 421 sub
774 394 853 422 ﬁnem
874 395 1004 426 occurrit,
1027 394 1050 421 is

257 441 300 464 est
316 436 387 465 :lste
414 445 479 466 vero
505 444 565 466 erat
590 439 833 468 Constantinus...
853 447 934 475 quem
958 440 1050 467 ﬁdeles

257 483 318 517 ejus
340 483 469 516 temporis
486 485 521 519 (οἱ
543 485 573 511 ὲν
593 486 650 516 τοῖς
666 486 726 511 τότε
750 485 866 520 χρόνοις)
885 486 984 512 merito
1001 486 1050 513 sub

259 529 424 563 cognomine
440 529 604 565 Copt'onymi
624 530 802 558 inl'amarunt.
818 530 871 558 Sed
885 540 918 559 ex
935 540 968 559 co
984 532 1051 559 Acta

260 573 304 599 illa
324 574 413 607 priora
433 576 673 606 commendantur.
688 577 760 610 quod
778 577 866 604 locum
886 578 979 605 Sancti
1001 586 1050 605 na-

261 618 389 650 talitium,
407 619 480 646 diem
507 621 641 655 passionis
661 622 767 657 aliaque
786 623 913 658 adjuncta
935 624 1053 658 plurima

260 664 365 691 tniuute
384 665 536 700 proferunt,
556 672 584 693 et
608 675 765 702 quanquam
788 669 979 702 prolixioribus
993 677 1054 697 ver-

258 708 301 735 bis
317 709 452 736 interdum
469 709 499 738 S.
513 716 613 746 martyr
627 711 700 746 loqui
717 712 835 744 videtur,
851 713 946 740 eaden:
961 717 1053 740 tamen

261 754 319 782 fere
343 755 370 782 in
385 755 446 784 aliis
460 757 536 784 Actis
557 762 717 790 occurrunt,
733 766 804 793 saepe
821 759 934 786 vocibus
957 759 1053 787 iisdem

261 803 309 825 aut
325 800 460 828 similibus
480 809 620 836 expressa.
634 802 759 830 Conferri
775 805 802 831 in
825 812 884 832 eam
909 813 966 832 rem
989 813 1055 840 pos-

261 850 325 871 sunt
342 846 449 873 numeri
465 848 636 881 potissimum
653 850 668 876 7
683 854 711 877 et
728 849 770 877 10.
790 850 827 877 Ex
844 850 966 878 locorum
984 851 1056 879 desi-

262 891 403 925 gnatione,
418 897 448 919 ut
463 894 532 920 infra
551 894 663 922 uberius
678 895 849 928 disserimus,
865 901 934 924 etes
953 897 986 924 iis
996 905 1056 932 qua:

1100 295 1240 324 niirrculis
1253 295 1345 322 multis
1361 295 1492 322 claruisse
1508 296 1653 331 colligitur.
1671 295 1808 330 Iosephus
1822 297 1894 324 enim

1100 341 1320 378 hymnographus
1330 349 1422 375 quem,
1434 348 1468 368 ex
1488 341 1562 368 Actis
1577 349 1591 368 a
1606 341 1795 376 I‘apebrochio
1813 341 1839 369 in
1854 342 1898 369 ln-
1910 344 1916 350 '

1101 396 1161 415 rem
1181 387 1250 416 datis
1263 387 1332 422 (ἓῖ).
1346 394 1379 414 eo
1402 386 1503 414 stt-culo
1524 386 1648 414 ﬂoruisse
1672 390 1789 416 constat.
1802 386 1896 413 decem

1101 434 1217 462 diversis
1230 433 1298 461 locis
1313 433 1339 460 in
1357 440 1408 460 suo
1425 432 1538 460 Canone
1550 432 1681 459 miracula
1696 432 1824 463 celebrat,
1837 440 1898 466 qua:

1102 481 1153 508 sub
1170 481 1254 515 ipsius
1275 480 1360 508 oculis
1375 479 1452 514 Cpoli
1472 487 1563 507 coram
1579 478 1670 506 Sancti
1689 478 1792 505 tumulo
1809 483 1898 511 patra-

1102 527 1213 555 bantur.
1232 526 1328 553 Merito
1350 526 1443 561 itaque
1465 530 1494 552 et
1516 525 1544 551 in
1565 524 1695 551 Actorum
1715 523 1792 550 titul:
1809 523 1899 550 Thau-

1103 579 1244 607 matnrgus
1269 572 1360 600 dictus
1386 577 1439 603 est,
1465 576 1492 598 et
1516 572 1544 598 in
1566 571 1711 603 Contacio,
1730 575 1760 597 u'.
1788 574 1898 600 vocant,

1103 619 1188 648 Graeci
1203 619 1298 649 Oﬂ'icii.
1312 619 1460 653 bisjverbis
1474 618 1614 646 extollitur
1630 626 1636 644 :
1663 617 1803 652 Ἐορτάζῖι
1815 617 1901 650 σήμε-

1104 675 1152 702 ρον
1175 667 1190 700 ἡ
1213 665 1394 700 βασιλεύουσα
1419 665 1496 696 πολις
1520 664 1617 699 ἑὶρτὴν
1637 663 1835 698 ὑπέρλαμπρον
1851 661 1901 695 τῆς

1105 711 1268 747 φωτοφόρου
1309 719 1357 738 σου
1409 710 1533 744 μνήμης,
1577 708 1688 735 ἃπασαν
1728 707 1899 740 προσκαλου-

1109 758 1178 793 μένη
1211 757 1289 783 πόλιν
1317 757 1366 782 καὶ
1403 754 1516 791 χώραν’
1542 754 1632 789 χαίρει
1657 754 1712 788 γὰρ
1733 754 1771 784 ὡς
1796 761 1899 788 κεκτη-

1109 804 1179 839 μένη
1206 803 1345 838 θησαυρδν
1371 802 1471 836 μέγαν,
1497 801 1528 827 τὸ
1565 799 1716 826 πολύδθλόν
1741 808 1789 826 σου
1806 799 1902 833 σῶμα,

1111 849 1224 884 Ἀνδρέα
1262 849 1378 882 μάρτυς,
1409 847 1562 882 egomed;
1587 847 1709 881 φωστὴρ.
1727 845 1756 873 ld
1782 845 1905 872 est:lio-

1107 895 1151 923 die
1177 895 1296 922 celebrat
1326 894 1418 929 regina
1446 894 1554 920 urbium
1580 892 1690 927 (Cpolia)
1728 892 1836 918 illustre
1866 892 1903 918 fe-

263 937 290 963 in
308 937 361 964 ﬁne
382 938 511 966 Actorum
536 941 705 972 scribuntur,
726 947 755 969 ut
770 942 864 970 itidem
881 931 1055 970 lnt'eriusidi-
1073 931 1096 958 θλ
1111 948 1182 970 stulti
1215 947 1267 969 tua:
1293 941 1440 978 memoriae,
1459 945 1542 967 totam
1557 947 1711 967 convocans
1725 939 1865 965 civitatein
1876 943 1904 965 et

264 988 355 1014 cetur.
379 985 543 1013 arbitramur
560 995 591 1014 ea
609 987 684 1022 Cpoli
710 989 867 1024 conscripta
883 998 938 1016 non
963 990 1057 1018 fuisse.

268 1029 376 1058 Scimus
398 1036 505 1059 tantum
529 1033 674 1060 maximam
689 1040 794 1069 partem
817 1042 958 1062 saerorum
983 1036 1061 1063 codi-

264 1084 328 1103 cum
344 1077 519 1106 Bibltothecat
542 1078 726 1111 Coisliniante,
742 1086 772 1108 ut
794 1081 820 1108 in
836 1081 999 1110 Praefatione
1019 1088 1060 1110 te-

263 1127 350 1150 statur
367 1123 493 1152 laudatus
517 1124 705 1156 Montl'aucou.
718 1135 752 1154 ex
767 1128 942 1156 monasteriis
959 1129 1061 1157 montis

263 1168 336 1194 Atho
357 1169 502 1204 prodiisse,
528 1176 555 1198 et
577 1171 631 1198 illic
653 1172 717 1200 olim
733 1172 874 1200 brachium
901 1173 930 1201 S.
947 1175 1061 1202 Andreas

264 1213 415 1247 Cretensis,
430 1216 476 1250 qui
494 1217 564 1244 idem
581 1222 623 1244 est
637 1217 754 1246 tortasse
767 1227 799 1246 ac
820 1219 940 1247 Sanctus
955 1227 1060 1253 noster,

263 1265 434 1288 asservatum
464 1262 558 1290 fuisse.
575 1263 632 1296 Qua
651 1264 684 1292 de
700 1273 728 1292 re
745 1266 823 1300 plura
845 1267 906 1294 vide
921 1275 997 1294 num.
1015 1267 1059 1294 57.

299 1306 327 1333 9.
355 1306 569 1342 Mclaphrasten,
595 1310 674 1345 cujus
693 1312 759 1338 Acta
782 1313 904 1340 secundo
925 1313 985 1341 loco
1003 1322 1062 1348 pro-

264 1352 360 1384 dcunt,
376 1354 465 1388 priora
480 1355 523 1381 illa
543 1363 600 1382 non
616 1357 715 1385 vidisse
729 1358 796 1386 satis
810 1364 886 1386 certo
901 1360 980 1387 nobis
994 1367 1062 1387 con-

266 1403 330 1426 stat.
347 1399 407 1434 lpse
425 1401 498 1428 enim
524 1410 575 1429 nec
589 1408 666 1430 ortus
680 1404 780 1436 locum,
800 1413 851 1433 nec
866 1406 939 1433 diem
959 1407 1062 1438 obitus.

265 1451 346 1478 quem
380 1453 466 1480 usque
493 1445 638 1480 diligenter
665 1448 837 1483 inquisivisse
867 1449 909 1476 vel
943 1457 977 1477 ex
1004 1449 1063 1477 Vita

264 1490 294 1516 S.
311 1489 481 1519 Tln-octistes
503 1492 608 1520 Lesbia:
633 1499 740 1522 constat
764 1496 833 1530 (2|),
853 1504 880 1523 tn
905 1497 1063 1524 narratione

265 1543 314 1563 sua
330 1538 513 1573 consignavit.
534 1538 588 1566 Nec
605 1546 736 1575 pneterea
754 1542 818 1568 dum
835 1542 917 1569 vitam
933 1542 998 1570 satis
1016 1551 1062 1570 ac-

264 1589 359 1611 curate
384 1585 513 1621 scriptam
537 1592 634 1614 nactus
654 1593 722 1619 erat,
740 1589 862 1616 ordinem
889 1593 935 1616 aut
958 1590 1055 1624 stylutn
1069 1597 1092 1623 (ξ

265 1632 380 1659 multum
402 1633 548 1661 immutare
563 1641 759 1669 consum-rat;
776 1644 893 1670 eumque
913 1637 984 1670 apud
1002 1645 1059 1664 am-

266 1676 315 1703 bos
331 1678 479 1712 scriptores
497 1679 656 1715 plerumque
674 1681 772 1708 similia
789 1682 870 1710 obvia
880 1682 945 1719 sint,
964 1683 1058 1709 existi-

268 1729 375 1749 mamus
390 1728 535 1758 utrumque
552 1733 586 1752 ex
602 1725 676 1753 Actis
695 1727 907 1762 antiquioribus,
922 1728 969 1755 sed
988 1735 1059 1755 nunc

267 1767 425 1800 deperditis,
442 1777 519 1795 suam
540 1770 726 1798 narrationem
749 1773 899 1805 excepisse,
915 1774 948 1800 iis
960 1773 1060 1800 additis

267 1820 327 1847 qua:
346 1813 457 1842 aliunde
473 1815 599 1851 colligere
623 1822 777 1850 potuerant.
800 1818 996 1853 Metaphrastes
1019 1824 1060 1846 ta-

268 1867 331 1886 men
342 1864 423 1887 aetate
437 1863 571 1894 posterior
585 1863 693 1890 videtur
706 1871 739 1891 ex
751 1871 785 1891 eo
799 1864 870 1899 quod
889 1864 915 1891 in
933 1865 992 1899 ejus
1004 1865 1060 1892 col-

268 1906 432 1933 lectionibus
443 1907 472 1934 S.
487 1908 603 1936 Andreae.
623 1909 681 1937 Vita
697 1910 768 1937 diem
781 1918 824 1937 xtx
836 1910 962 1938 Octobris
981 1918 1061 1938 occu-

267 1955 314 1985 pat
332 1971 339 1983 ,
356 1956 448 1979 noster
461 1957 551 1980 autem
566 1953 694 1988 scriptor,
714 1955 759 1982 ubi
774 1955 857 1982 refert
871 1954 1000 1982 Sanctum
1016 1954 1060 1981 die

267 2003 301 2023 xx
318 2005 426 2030 passum
437 2005 509 2028 esse.
523 1998 592 2025 nihil
605 1999 639 2026 de
660 1999 804 2026 immutato
821 1999 911 2027 cultus
924 1999 968 2026 die
982 2007 1058 2026 cout-

268 2048 421 2075 memorat;
442 2043 490 2071 sed
515 2052 576 2071 cum
593 2044 660 2072 levis
684 2053 714 2072 ca
737 2045 807 2073 ratio
824 2045 906 2072 rideri
925 2049 1017 2080 queat,
1033 2044 1060 2072 id

267 2089 346 2116 aliter
360 2090 539 2122 adstruimus,
557 2091 747 2126 Metaphrasta:
764 2100 861 2126 nempe
885 2091 1061 2118 collectiones

268 2134 337 2162 adeo
359 2140 420 2170 post
442 2136 619 2170 scriptionem
649 2137 720 2164 illico
741 2137 912 2171 pervulgatas
933 2136 1016 2163 fuisse
1032 2140 1062 2163 ut

268 2181 387 2214 priorem
412 2182 572 2216 scriptorem
603 2182 679 2209 illum
707 2183 802 2216 fugere
824 2190 878 2209 non
908 2182 1059 2216 potuerint.

267 2227 334 2260 ρυω
357 2227 438 2263 igitur
455 2229 526 2263 apud
551 2236 614 2255 eum
630 2229 663 2256 de
682 2229 711 2256 S.
725 2228 832 2255 Andrea
859 2229 886 2255 in
902 2228 981 2255 Creta
1001 2235 1060 2255 mo-

1111 988 1271 1024 regionem;
1290 987 1391 1022 jubilat
1403 986 1475 1013 enim
1494 993 1620 1021 magnum
1635 985 1792 1012 thesaurum
1814 984 1904 1017 possi-

1110 1034 1190 1066 dens,
1210 1041 1310 1069 corpus
1321 1032 1518 1060 certaminibus
1542 1030 1701 1066 gloriosum,
1721 1035 1816 1057 sancte
1834 1037 1902 1056 mar-

1111 1086 1153 1118 tyr
1169 1081 1291 1113 Audrea,
1310 1079 1480 1107 orthodoxiae
1491 1079 1596 1105 lumen.
1614 1077 1662 1104 llic
1672 1084 1734 1103 vero
1746 1077 1836 1103 obiter
1847 1085 1905 1103 uio-

1110 1136 1218 1160 nemus,
1239 1127 1261 1155 si
1283 1126 1346 1161 quis
1362 1125 1472 1153 nomina
1488 1132 1520 1152 ex
1546 1124 1701 1151 Grzecorum
1720 1122 1842 1156 Liturgia
1858 1122 1907 1149 de-

1111 1179 1218 1209 sumpta
1235 1181 1290 1201 non
1303 1171 1369 1200 satis
1381 1171 1432 1198 sibi
1451 1177 1514 1198 nota
1530 1170 1573 1197 hic
1586 1169 1748 1199 offenderet,
1762 1177 1828 1195 eum
1847 1169 1906 1195 sin-

1112 1221 1235 1256 gulorum
1248 1218 1458 1246 declarationem
1478 1221 1649 1251 reperturum
1672 1215 1699 1242 iu
1716 1215 1787 1250 Byzci
1803 1215 1906 1241 disser-

1113 1267 1214 1296 tatione
1227 1266 1260 1293 de
1274 1265 1418 1293 Acoluthia
1445 1263 1614 1292 Graecarum,
1627 1269 1687 1296 qua:
1708 1261 1734 1288 in
1753 1260 1838 1287 Junio
1858 1268 1906 1287 no-

1112 1318 1170 1342 stro
1189 1312 1262 1340 edita
1277 1316 1321 1338 est
1335 1310 1391 1346 (9.3)
1405 1331 1412 1342 ,
1429 1309 1581 1344 expeditius
1597 1313 1688 1336 autem
1703 1315 1735 1334 ea
1746 1306 1906 1341 utetur.qui

1113 1358 1230 1386 indicem
1253 1357 1376 1384 ultimum
1398 1364 1413 1383 a
1431 1354 1601 1389 Cliesituiero
1622 1359 1696 1381 tonio
1717 1354 1806 1387 primo
1831 1352 1906 1380 Octo-

1113 1405 1170 1432 bris
1188 1404 1221 1431 ad
1238 1403 1340 1431 calt-cm
1357 1402 1510 1437 subjectum
1528 1401 1657 1428 adhibere
1675 1400 1803 1427 voluerit.

1116 1474 1130 1510 §
1155 1474 1188 1501 ll.
1215 1472 1475 1510 SepIeVmVMartyres
1499 1472 1525 1510 in
1549 1470 1679 1504 pleriaque
1699 1469 1778 1502 fastis
1799 1469 1907 1510 confuse

1149 1504 1255 1543 prolati.
1269 1509 1301 1535 ab
1323 1504 1432 1534 invicem
1449 1507 1657 1543 distinguuntur.
1674 1510 1698 1543 et
1724 1511 1818 1543 eorum
1842 1504 1907 1543 Acte

1149 1538 1261 1572 breuiter
1292 1543 1475 1570 illustrantur.
1514 1538 1707 1568 liersecutt'ont's
1737 1538 1908 1567 Canuantitti

1150 1579 1308 1614 Coprouymi
1321 1578 1404 1604 brevis
1415 1577 1525 1604 historia
1541 1582 1564 1602 et
1580 1576 1746 1601 cltraltutaxis
1759 1575 1906 1600 «.rltibetur.

1147 1627 1189 1653 Η.
1212 1625 1371 1659 Ilosseptem
1387 1623 1511 1652 Sanctos.
1526 1621 1571 1656 qui
1588 1629 1682 1648 omnes
1701 1621 1751 1648 sub
1766 1621 1908 1656 Ceprony-

1110 1681 1155 1700 tno
1170 1672 1242 1699 varia
1267 1675 1412 1701 tormenta,
1430 1674 1457 1697 ct
1469 1673 1595 1700 mortem,
1615 1675 1670 1694 uuo
1691 1671 1820 1701 excepto,
1835 1667 1905 1701 passi

1113 1725 1186 1750 sunt,
1203 1719 1248 1746 hic
1262 1719 1339 1753 juxta
1360 1717 1458 1744 seriem
1477 1716 1612 1744 mensium
1639 1719 1666 1742 et
1679 1715 1785 1741 dierum
1808 1714 1907 1749 quibus

1110 1766 1236 1794 coluntur
1270 1764 1441 1798 subjicimus,
1457 1771 1489 1790 ex
1512 1770 1567 1797 quo
1589 1762 1669 1789 simul
1694 1761 1837 1796 apparebit
1853 1768 1906 1796 quo

1111 1812 1170 1839 loco
1187 1813 1212 1838 in
1229 1819 1313 1845 opere
1324 1814 1419 1837 nostro
1441 1809 1473 1836 de
1491 1809 1524 1835 iis
1544 1812 1633 1835 actutn
1649 1807 1692 1837 sit,
1707 1812 1753 1833 aut
1769 1807 1797 1833 in
1814 1812 1904 1842 poste-

1112 1865 1171 1885 rutn
1187 1857 1322 1893 agendum
1339 1864 1346 1883 :
1361 1864 1368 1883 ι
1386 1855 1433 1882 Die
1458 1862 1513 1883 xm
1533 1853 1632 1881 Martii.
1650 1852 1678 1879 S.
1697 1852 1798 1879 Paulus
1812 1845 1904 1878 ιιιοιιηὲ

1110 1903 1180 1932 chus
1191 1908 1217 1930 ct
1231 1907 1333 1938 martyr
1352 1902 1377 1928 in
1396 1900 1474 1928 Creta
1488 1908 1532 1932 ;—
1553 1907 1595 1926 va
1611 1898 1682 1930 Maii,
1697 1898 1725 1924 S.
1740 1897 1839 1925 Petrus
1853 1896 1904 1924 Ca.

1112 1950 1194 1985 lybita
1211 1954 1238 1975 et
1253 1953 1353 1983 martyr
1366 1947 1392 1974 in
1407 1945 1574 1976 Blacltcrnis,
1592 1953 1677 1979 prope
1692 1943 1799 1978 Cpolim
1820 1952 1864 1974 ;—
1881 1950 1905 1968 IV

1111 1996 1197 2028 Junii,
1225 1994 1253 2022 S.
1279 1993 1399 2021 Joannes
1426 1993 1569 2026 lllonagrite
1595 1989 1783 2024 Ilegumeuus,
1806 1995 1906 2023 martyr

1112 2041 1187 2076 Cpoli
1207 2049 1252 2073 ;—
1264 2047 1310 2066 vm
1323 2038 1408 2073 fJulii,
1424 2038 1453 2064 S.
1469 2037 1568 2064 Paulus
1583 2035 1674 2063 Novus
1691 2041 1794 2069 martyr
1806 2034 1882 2068 Cpoli
1897 2042 1905 2066 ;

1111 2100 1145 2106 —
1168 2095 1201 2113 xx
1219 2084 1352 2116 Octobris,
1371 2084 1400 2110 S.
1427 2083 1549 2110 Andreas
1575 2081 1727 2109 monachus
1754 2079 1905 2110 Cretensis,

1111 2132 1201 2159 dictus
1215 2132 1241 2158 in
1263 2130 1342 2162 Crisi,
1362 2133 1461 2164 martyr
1477 2128 1553 2162 Cpoli
1571 2135 1614 2159 ',—
1632 2133 1716 2153 xxvtu
1733 2125 1861 2153 Octobris
1874 2123 1904 2159 (τ)

1113 2177 1142 2204 S.
1169 2176 1324 2210 Stephanus
1348 2175 1392 2210 qui
1421 2175 1448 2201 in
1478 2173 1620 2208 Sugdaaam
1635 2171 1771 2206 relegatus
1788 2175 1853 2202 est;
1873 2184 1906 2189 --

1113 2230 1196 2250 xxvm
1223 2220 1395 2253 Novembris,
1431 2219 1459 2246 S.
1489 2218 1646 2253 Stephanus
1669 2217 1777 2248 Junior,
1806 2221 1907 2251 martyr

268 2274 399 2301 nasticam
421 2275 503 2302 vitam
526 2274 651 2309 amplexo
669 2278 826 2306 narrantur,
843 2273 906 2301 dein
921 2274 955 2300 de
975 2273 1060 2300 mira-
1077 2267 1098 2293 Ι)
1113 2270 1199 2306 Cpoli.
1218 2284 1254 2289 —
1266 2268 1357 2295 Placet
1371 2271 1398 2294 et
1418 2266 1452 2293 de
1468 2266 1509 2293 his
1528 2264 1656 2292 omnibus
1673 2264 1805 2291 nonnulla
1822 2263 1893 2290 disse

267 2321 336 2349 culis
355 2322 455 2356 quibus
478 2330 541 2349 eum
566 2322 756 2358 Metaphrastae
779 2322 859 2349 etiam
878 2321 1059 2355 temporibus,

268 2366 327 2400 ipso
339 2371 417 2399 teste,
434 2368 460 2395 in
482 2369 548 2396 urbe
561 2369 636 2404 Cpoli
663 2369 734 2397 Deus
747 2368 927 2404 gloriﬁcabat.
943 2367 1062 2402 scriptor

269 2411 339 2438 idetn
360 2412 404 2439 ille
415 2414 489 2448 prior
505 2423 558 2442 non
583 2415 730 2442 omisisset.
746 2414 853 2448 Quibus
879 2415 985 2450 positts,
1000 2422 1062 2442 cum

270 2462 364 2485 notum
387 2458 421 2486 sit
438 2459 639 2494 Metaphrasten
659 2461 749 2488 medio
776 2461 877 2489 saeculo
896 2469 910 2488 κ
926 2460 1061 2492 ﬂoruisse,

271 2502 335 2529 hinc
360 2503 495 2531 deducere
516 2504 580 2531 licet
595 2506 661 2532 Acta
679 2513 739 2540 quae
762 2506 845 2540 priori
868 2505 927 2532 loco
944 2505 1061 2537 edimus,

269 2548 315 2576 illa
328 2553 409 2576 aetate
422 2549 578 2584 antiquiora
595 2558 668 2578 esse.

305 2594 349 2622 10.
363 2594 447 2623 Sicuti
463 2603 495 2622 ex
512 2596 643 2631 Anonymi
657 2597 730 2624 Actis
743 2597 922 2632 Synaxarium
935 2597 1063 2624 Mediola-

270 2649 368 2674 nense,
383 2642 455 2677 quod
479 2650 554 2669 num.
572 2643 588 2670 5
604 2643 756 2676 retulimus,
773 2643 945 2677 desumptum
959 2647 1010 2675 est,
1027 2642 1063 2670 ita

269 2687 336 2715 illud
362 2688 433 2722 quod
457 2688 483 2714 in
511 2688 621 2716 Memeis
642 2689 750 2716 excusis
774 2689 904 2719 occurrit,
923 2698 953 2716 ex
978 2689 1063 2716 Meta-

270 2734 387 2768 phrastae
412 2735 569 2762 narratione
594 2735 734 2763 evidenter
764 2736 903 2771 proﬂuxit.
931 2737 968 2762 Ex
998 2744 1062 2770 quo,

271 2780 341 2807 sicut
364 2788 396 2807 ex
425 2780 516 2807 Sancti
539 2780 632 2809 Oﬂicio
651 2782 723 2817 quod
750 2783 849 2810 ibidem
866 2782 971 2817 legitur,
989 2782 1062 2808 cclc-

309 2878 365 2914 (2l)
379 2879 478 2914 Surius
492 2879 525 2905 ad
545 2888 560 2906 ι
575 2880 656 2908 Nov..
667 2889 693 2914 ι).
706 2880 767 2907 '238.
786 2880 851 2908 cilit.
870 2879 933 2906 lGlt"

309 2913 366 2946 \‘l‘ll
383 2913 414 2939 '|‘.
436 2913 445 2939 l
459 2914 557 2944 Auril.,
572 2923 598 2945 ιι.
612 2915 675 2941 266.

1115 2324 1185 2348 rere,
1202 2323 1235 2343 ex
1261 2314 1360 2350 quibus
1384 2314 1475 2340 lumen
1505 2311 1613 2347 aliquod
1646 2310 1831 2346 persecutioni
1853 2309 1905 2336 C0-

1114 2362 1298 2398 pronymianre
1327 2359 1445 2387 aﬂ'usum
1473 2358 1504 2385 iri
1529 2366 1620 2393 spero.
1643 2357 1680 2384 De
1701 2357 1790 2392 primo
1809 2364 1841 2383 ex
1864 2355 1907 2382 bis

1114 2413 1229 2444 septem,
1243 2414 1341 2441 nempe
1360 2406 1392 2433 de
1409 2405 1439 2432 S.
1457 2404 1540 2431 Paulo
1553 2408 1671 2440 martyre
1692 2403 1718 2430 in
1739 2403 1830 2433 Creta,
1844 2409 1906 2436 cge-

1115 2459 1179 2481 runt
1191 2454 1349 2481 dcccssores
1365 2452 1398 2479 ad
1413 2451 1484 2478 diem
1500 2450 1586 2477 Martii
1604 2450 1754 2476 inditatum
1769 2449 1839 2485 (2-5),
1854 2448 1906 2475 ibi-

1113 2507 1166 2535 que
1181 2508 1214 2527 ex
1229 2500 1302 2526 Actis
1316 2498 1344 2526 S.
1361 2497 1492 2533 Stephani
1505 2496 1638 2527 Junioris,
1658 2503 1673 2523 a
1688 2495 1856 2530 Lipomanuo
1873 2502 1906 2521 ex

1115 2545 1295 2580 lletaplirastc
1310 2544 1407 2571 Latine
1431 2542 1557 2577 vulgatis,
1571 2541 1632 2569 loco
1644 2541 1734 2575 aliquo
1751 2539 1848 2575 insigni
1873 2538 1906 2565 de

1115 2592 1235 2620 S.Paulo
1249 2591 1376 2623 adducto,
1393 2589 1562 2617 concludunt
1576 2596 1638 2615 cmn
1657 2589 1683 2614 in
1695 2588 1782 2622 Cypro
1795 2592 1903 2620 passum

1114 2647 1192 2671 esse;
1208 2634 1305 2665 reruni
1318 2645 1380 2665 eum
1397 2637 1424 2663 in
1450 2637 1506 2671 ipsa
1530 2635 1609 2662 Creta
1624 2642 1736 2669 passum
1752 2641 1812 2660 esse
1828 2631 1905 2659 nobis

1113 2685 1225 2713 omnino
1239 2683 1412 2711 manifestum
1428 2687 1479 2710 est.
1495 2682 1565 2709 Sunt
1578 2681 1650 2709 enim
1666 2681 1698 2708 all
1715 2687 1826 2706 manum
1839 2679 1903 2703 Acta

1113 2731 1235 2765 ejusdem
1249 2730 1380 2765 Stephani
1396 2728 1526 2761 Junioris,
1543 2727 1747 2755 accuratissime
1757 2734 1771 2752 a
1786 2724 1903 2759 quodam

1114 2777 1253 2812 Stephano
1283 2776 1402 2803 Diacono
1430 2774 1597 2809 conscripta.
1619 2773 1687 2800 Dum
1714 2773 1785 2799 hunc
1814 2770 1905 2803 itaqlte

1151 2880 1207 2910 .125)
1225 2878 1257 2906 T.
1275 2877 1296 2904 II
1311 2876 1394 2904 Junii.
1413 2883 1459 2910 p.I
1478 2880 1505 2902 et
1519 2882 1596 2909 seqq.

1169 2914 1207 2943 ΣΙ)
1222 2913 1252 2940 Τ.
1271 2912 1291 2940 ll
1306 2911 1405 2945 Martii,
1424 2919 1449 2945 ῃ.
1466 2911 1529 2938 603.
