2067 3150
203 140 273 170 1089

750 144 837 174 νιτΑ
856 142 886 172 S.
905 142 1070 173 ANDRE/E
1098 144 1139 174 IN
1167 145 1279 176 CHISI.

1769 146 1836 178 illiti

199 202 357 225 narrantem
372 199 459 226 secuti
475 199 650 235 smnus(‘25),
664 200 898 236 deprehendimus
909 200 992 233 illico,
1009 203 1030 231 Λ
1046 202 1237 236 persecutione
1251 210 1310 237 qua:
1332 203 1451 237 praefecti
1478 203 1652 239 imperatoris
1678 203 1794 232 diversis
1810 204 1837 231 iu

200 244 242 271 rel
254 244 333 279 Cypri
345 252 445 271 nomen
462 245 591 273 mendose
609 247 636 273 iii
647 247 772 274 codicem
785 246 946 281 Lipomanni
959 247 993 274 ir-

200 291 319 325 repsisse
335 291 376 318 vel
389 292 477 326 ipsum
502 291 681 328 interpretem
703 293 855 321 oscitantis:
876 300 994 328 arguen-

199 336 263 363 dum
275 344 345 364 esse.
359 337 399 364 En
414 338 551 372 quomodo
564 339 633 366 eain
645 339 673 367 S.
695 339 826 374 Stephani
838 339 993 374 antiquiore

200 382 261 409 Vita
278 389 425 410 narrentur
441 383 507 419 (26).
527 384 619 420 Itaque
637 385 663 412 in
689 386 808 413 medium
824 385 925 420 prodiit
938 387 993 411 An-

199 428 292 456 tonius
304 437 341 468 Iex
366 429 445 457 Creta
471 431 570 464 insula,
582 432 627 466 qui
653 431 687 459 de
704 431 811 459 victima
826 431 881 459 Deo
896 431 993 459 immo-

198 474 250 502 lata
272 475 315 502 liis
329 475 420 503 verbis
434 475 540 504 loculus
554 482 595 504 est
611 487 618 505 :
633 476 776 509 Quomodo
792 478 851 505 sine
867 477 994 513 lacrymis

199 521 306 556 egregia
322 521 428 548 abbatis
443 522 510 557 (quo
522 523 654 550 vocabulo
669 531 724 550 non
747 523 836 551 solum
853 527 992 550 monaste-

199 566 232 593 rii
252 566 464 600 moderatorem,
476 568 533 595 sive
550 568 712 604 ἡγούμενον,
731 569 777 596 sed
791 576 887 596 omnes
899 577 993 596 mona-

183 609 184 613 “
199 612 266 639 chos
282 611 368 639 Graeci
394 613 467 640 illius
487 615 618 649 temporis
635 615 796 650 plerumque
821 615 992 650 nuncupant)

199 657 275 685 Pauli
291 659 440 686 certamina
465 660 493 686 in
516 665 635 688 vestrum
655 666 833 696 conspectum
848 661 991 693 adducam,

200 705 349 732 venerandi
365 704 479 733 Patres?
500 706 545 733 Vir
561 706 606 734 ille
622 715 771 742 generosus
794 715 808 734 a
825 707 993 742 Theophane

199 756 384 786 cognomento
403 751 565 788 Lardotyro,
581 752 676 779 insula:
701 753 898 788 archisatrapa,
917 761 992 780 com-

201 798 366 832 prehensus,
397 798 424 824 in
454 792 612 833 pra-torium
641 798 758 826 lleractii
783 799 992 835 interrogandus

201 843 336 869 adductus
353 848 404 869 est.
418 844 476 870 Etc.
495 845 630 872 Antonius
644 845 735 880 igitur,
755 845 819 872 dum
839 846 934 872 insulae
947 852 991 871 ar-

1044 247 1110 274 loeis
1128 247 1319 275 adhibuerant.
1340 249 1433 284 Itaque
1453 250 1480 277 in
1495 251 1613 278 medium
1634 249 1734 285 prodiit
1750 250 1834 277 Anto-

1043 293 1105 320 nius
1129 301 1162 321 ex
1188 294 1267 322 Creta
1300 294 1388 322 insula
1413 300 1467 323 etc.
1486 295 1557 331 (Cfr.
1581 304 1665 331 supra
1686 303 1761 323 num.
1781 296 1838 330 ll.)

1042 339 1159 368 Aliunde
1185 340 1307 368 inductio
1331 341 1374 368 illa
1399 342 1540 376 Cpolitana
1561 344 1668 376 quinta,
1687 350 1739 377 qua
1770 339 1835 369 novi

1043 386 1165 422 prmfecti
1181 386 1216 414 ad
1239 386 1393 421 prerincias
1422 387 1498 414 missi
1527 393 1600 418 sunt,
1613 390 1738 415 currebat
1752 396 1766 415 a
1786 387 1836 415 Se-

1045 432 1166 467 ptembri
1186 433 1250 460 anni
1265 432 1325 465 766,
1339 433 1372 460 ad
1385 432 1571 468 Septembrem
1587 434 1650 460 anni
1666 434 1728 467 767,
1746 439 1772 461 et
1786 440 1840 469 prte

1044 483 1117 507 terea
1133 484 1238 506 certum
1254 483 1296 506 est
1321 478 1350 507 S.
1375 479 1546 510 Stephanum
1564 479 1616 506 hoc
1629 487 1701 507 anno
1715 479 1777 512 767,
1794 481 1838 508 die

1042 524 1292 552 xxvniNovcmbris
1299 526 1427 561 martyrio
1435 529 1594 552 coronatum
1604 525 1695 552 fuisse.
1708 525 1775 561 Ergo
1786 525 1838 552 sub

1043 571 1100 605 ipsa
1114 571 1262 598 indictione
1272 571 1315 598 illa
1327 571 1373 606 qui
1383 577 1431 599 ita.
1440 576 1502 599 ante
1514 571 1700 606 Septembrem
1711 572 1774 598 anni
1787 571 1836 598 767

1043 617 1354 653 contigeritmartyrium
1369 617 1522 645 S.t’auli'in
1532 618 1665 647 Creta.de
1684 625 1738 652 quo
1754 616 1840 644 Anto-

1043 663 1106 690 nius
1133 663 1177 690 ille
1197 663 1336 691 Cretensis
1361 667 1464 691 uariat.
1479 663 1548 691 Cum
1566 671 1630 690 vero
1642 662 1671 690 S.
1687 663 1788 690 Paulus
1803 663 1836 690 ad

1043 708 1115 735 diem
1133 716 1186 735 xvii
1195 708 1282 735 Martii
1297 708 1322 735 in
1332 708 1488 735 Grecorum
1500 708 1576 736 lastis
1588 711 1753 734 memoretttr
1765 707 1832 743 (3‘5).

1043 753 1112 782 forte
1126 762 1181 781 non
1197 754 1332 781 immerito
1343 755 1395 782 hoc
1405 755 1458 784 dic.
1474 754 1623 782 indictione
1638 753 1744 789 quinta,
1761 761 1834 780 anno

1043 804 1241 834 consequenter
1257 799 1318 832 767,
1329 807 1390 826 eum
1401 806 1509 834 passum
1518 806 1578 825 esse
1588 798 1836 833 pronuntiabiinus.

1081 843 1124 871 l3.
1142 840 1217 871 'Cuni
1246 843 1274 870 S.
1299 844 1382 871 Paulo
1403 843 1437 870 ad
1471 843 1597 870 eumdem
1638 842 1710 870 diem
1739 843 1837 870 colitur

203 889 386 923 chisatrapam
410 894 616 922 commemorat,
633 898 687 917 non
711 891 745 918 de
764 890 852 926 Cypro
865 891 992 925 loquitur,
1010 882 1030 909 Π
1047 890 1076 916 S.
1099 888 1304 916 Tlieosterictus
1322 890 1390 924 (54),
1410 889 1558 916 monachus
1580 888 1737 915 monasterii
1759 887 1839 916 Pele-

203 934 282 968 eujus
295 935 368 961 nulla
387 935 415 961 tit
430 936 534 963 mentio
551 936 579 962 in
597 936 638 963 his
655 936 731 963 Actis
742 936 771 962 ὃ.
789 936 933 971 Stephani,
947 937 994 962 sed

203 979 236 1006 de
251 979 342 1011 Creta,
359 986 393 1006 ex
414 988 467 1014 qua
490 981 632 1013 oriundus,
658 981 763 1015 Cpolim
789 981 909 1007 advenit.
927 979 995 1008 Cum

202 1033 269 1053 vero
284 1034 316 1052 ex
331 1027 427 1053 iisdem
451 1027 527 1054 Actis
547 1027 746 1062 antiquioribus
763 1027 791 1054 ὃ.
811 1027 952 1062 Stephani,
969 1031 997 1053 et

203 1071 421 1106 Metaplirastma,
436 1080 496 1106 qum
519 1072 704 1106 Lipomaniius
720 1072 814 1099 Latine
830 1079 907 1099 versa
921 1072 994 1099 exhi-

203 1117 260 1148 bet,
275 1124 302 1144 et
318 1119 419 1152 reliqua
438 1119 531 1145 omnia
554 1117 746 1152 proﬂuxerint,
763 1118 872 1146 etiamsi
895 1118 997 1146 alicubi

201 1162 282 1197 Cypri
306 1171 406 1190 nomen
435 1164 566 1198 prodiret.
583 1171 616 1190 ex
634 1164 709 1190 Actis
734 1164 936 1198 probatioribus
954 1172 996 1190 re-

203 1209 357 1243 spuendqu
375 1214 460 1236 esset.
477 1209 578 1236 Verum
593 1210 676 1237 dubio
700 1210 788 1236 locum
806 1210 918 1237 omnino
936 1209 998 1236 nul-

203 1253 259 1281 lum
274 1255 413 1290 relinquit,
425 1256 498 1290 quod
511 1255 581 1282 libro
592 1256 682 1290 primo
697 1256 730 1282 de
748 1255 929 1282 Tlieinatibus
940 1256 996 1290 (ἳῖ)

205 1299 290 1327 refert
303 1300 501 1328 Constantinus
518 1302 789 1337 Porpliyrogcnneta,
802 1302 922 1338 Cyprum
943 1302 997 1329 sci-

204 1345 275 1377 licet,
293 1346 326 1372 ab
346 1346 463 1375 Heraclii
489 1340 611 1382 tempore
629 1356 714 1382 usque
734 1349 767 1376 ad
791 1349 923 1375 Basilium
942 1348 997 1375 Ma—

204 1392 346 1424 cedonem,
363 1400 378 1419 a
389 1393 534 1420 Saracenis
549 1393 634 1420 fuisse
646 1399 818 1428 occupatam,
837 1393 865 1421 in
879 1401 995 1428 quorum

203 1443 377 1472 potestatein.
395 1445 548 1474 postquam.
559 1440 658 1467 Basilio
673 1442 834 1475 imperante,
851 1447 900 1475 per
910 1447 996 1467 annos

204 1489 309 1518 septem
339 1485 455 1512 fuissent
477 1485 594 1520 depulsi,
621 1486 721 1512 iterum
744 1486 864 1513 devertit.
883 1486 920 1512 Ex
942 1492 997 1520 quo

204 1530 380 1557 manifestum
395 1536 437 1557 est
450 1531 653 1566 Copronymum
670 1531 760 1566 Cypro
788 1538 931 1566 nunquam
947 1532 997 1557 ini-

1047 938 1123 966 eetai,
1139 934 1166 960 in
1180 934 1243 961 Asia
1265 934 1298 961 ad
1325 934 1529 969 llellespuntem
1548 933 1592 961 siti
1614 933 1682 969 (55),
1697 941 1749 961 non
1764 933 1836 968 quod

1046 987 1079 1008 eo
1095 980 1139 1008 die
1156 980 1257 1007 obierit
1285 981 1360 1015 (nam
1383 981 1569 1008 confessorem
1593 988 1654 1007 cum
1671 980 1765 1007 dicunt
1782 979 1838 1007 Me-

1046 1036 1103 1055 mea
1119 1028 1217 1062 (56)et
1242 1028 1269 1055 in
1295 1035 1360 1061 pace
1388 1026 1548 1062 mortuum),
1570 1027 1616 1054 sed
1644 1027 1716 1061 quod
1741 1026 1836 1054 eodem

1047 1075 1107 1101 loco
1124 1074 1180 1109 (57)
1196 1073 1326 1100 Actorum
1342 1072 1371 1100 S.
1388 1072 1532 1107 Stephani,
1546 1077 1608 1106 post
1634 1072 1735 1098 dictqu
1749 1071 1838 1098 Anto-

1047 1120 1122 1146 nium
1135 1119 1306 1151 Cretensem,
1324 1118 1531 1146 Theosterictus
1551 1118 1734 1144 narrationem
1755 1116 1837 1144 insti-

1048 1169 1114 1197 tuat,
1131 1166 1164 1192 de
1182 1165 1314 1200 martyrio
1337 1164 1447 1199 triginta
1475 1167 1536 1190 crto
1557 1162 1754 1190 monachorum
1780 1170 1838 1189 mo-

1047 1209 1160 1236 nasterii
1189 1217 1243 1235 sui.
1257 1209 1310 1236 llos
1339 1209 1421 1243 igitur
1447 1208 1512 1235 dicit
1539 1215 1553 1234 a
1578 1207 1838 1234 Laehanodraconte

1047 1255 1187 1290 praefecto,
1205 1254 1273 1282 feria
1296 1256 1392 1290 quinta
1409 1256 1436 1282 in
1448 1254 1532 1282 Cana
1551 1254 1668 1286 Domini,
1696 1254 1724 1281 in
1741 1261 1837 1280 mona-

1048 1301 1132 1328 sterio
1163 1309 1214 1329 suo
1249 1301 1382 1329 Pelecette
1414 1300 1630 1336 comprehensos
1656 1307 1839 1334 csse,eoquc

1047 1351 1162 1380 vastato,
1178 1348 1212 1375 ab
1227 1347 1324 1375 eodem
1349 1347 1608 1374 Lachanodraconte
1632 1353 1728 1373 versus
1746 1346 1838 1381 Ephe-

1048 1402 1107 1422 sum
1119 1394 1261 1427 abductos,
1274 1394 1311 1422 ibi
1322 1396 1444 1429 martyrii
1458 1393 1573 1428 palmam
1583 1393 1743 1420 obtinuisse.
1755 1393 1840 1420 Porro

1048 1440 1121 1466 inter
1137 1439 1291 1475 praefectos,
1307 1447 1375 1474 quos
1391 1447 1467 1466 num.
1484 1439 1680 1476 praecedentia
1696 1438 1840 1472 Coprony—

1048 1492 1104 1517 mo,
1114 1485 1263 1512 indicti0ne
1276 1485 1380 1519 quinta,
1394 1484 1420 1511 in
1435 1485 1589 1519 provincias
1604 1484 1701 1511 missos
1714 1491 1773 1510 esse
1794 1483 1838 1510 di-

1048 1531 1147 1562 ximus,
1161 1531 1318 1558 nominatur
1332 1539 1347 1558 a
1360 1530 1526 1565 Theophane
1540 1531 1597 1565 ipse
1611 1530 1838 1557 Laehanodracmi

206 1583 325 1610 perassc,
341 1584 432 1611 neque
456 1578 489 1604 ab
502 1578 622 1604 Antonio
635 1578 680 1604 illo
695 1585 726 1604 cx
746 1577 837 1609 Creta,
851 1578 915 1604 dum
930 1584 995 1604 nar-
1008 1568 1033 1599 ιβ
1050 1576 1104 1607 ille,
1119 1584 1162 1604 cui
1176 1577 1267 1604 thema
1285 1577 1356 1604 Asia:
1370 1577 1482 1604 Minoris
1505 1577 1633 1604 traditum
1650 1577 1753 1608 scribit,
1773 1575 1840 1601 alias

207 1622 340 1649 rationem
355 1630 431 1650 suam
455 1623 580 1657 absolvit,
592 1624 626 1651 de
640 1624 721 1659 Cypri
736 1624 865 1659 praefecto
881 1623 933 1650 dici
947 1631 996 1658 ρο⁴

207 1669 289 1696 tuisse
305 1669 363 1704 (28)
381 1679 387 1696 :
404 1669 450 1698 Sic
476 1675 599 1698 sanctum
616 1671 703 1698 \irum
731 1670 918 1698 holocaustum
936 1670 997 1705 igne

204 1715 296 1742 ell'ecit
313 1723 430 1750 nequam
455 1717 620 1751 imperatore
645 1719 829 1753 (Copronyino
857 1718 996 1751 nimirum)

204 1762 318 1795 nequior
331 1762 484 1796 prxfectus,
498 1763 542 1790 ille
554 1771 653 1798 nempe
670 1763 851 1798 TlieOphaues
867 1763 997 1799 Lardoiy-

205 1816 261 1840 rus,
277 1808 311 1834 de
326 1816 381 1842 quo
393 1815 485 1842 supra.
499 1808 553 1835 Sed
568 1810 602 1836 de
615 1809 695 1836 Creta
709 1810 801 1844 utique
815 1815 921 1844 poterat
931 1809 996 1841 dici,

205 1861 286 1888 quam
303 1854 374 1880 idctii
394 1853 654 1889 Porpliyrogcnncta
672 1855 782 1882 nonnisi
800 1856 852 1882 sub
866 1855 997 1882 Micliaele

207 1898 288 1926 Balbo
303 1907 317 1925 a
336 1898 481 1925 Saracenis
494 1904 601 1933 captam
614 1899 731 1925 affirmat
745 1900 812 1934 (29).

240 1945 283 1973 l2.
303 1944 421 1980 Tempus
447 1945 568 1980 martyrii
586 1952 618 1971 ex
642 1945 820 1980 Theophane,
840 1953 901 1972 cum
922 1945 998 1972 Actis

203 1990 233 2018 S.
249 1991 380 2026 Stephani
395 1991 493 2018 collato
511 1992 550 2018 sic
570 1991 652 2018 statui
670 1996 770 2026 potest.
791 1990 887 2017 Narrat
903 1991 948 2018 ille
963 1991 997 2017 ad

205 2044 306 2063 annum
336 2037 430 2063 mundi
459 2036 540 2069 6257,
568 2036 620 2063 sub
646 2036 796 2063 indictione
811 2041 908 2070 quarta
921 2032 996 2071 (50),

205 2082 410 2118 Copronyinum
423 2083 552 2110 omnibus
566 2082 683 2109 subditis
693 2082 880 2117 juiameulum
893 2090 997 2117 praece-

205 2129 289 2164 pisse.
321 2136 354 2155 ue
390 2129 557 2163 imaginibus
587 2129 792 2156 venerationem
818 2129 995 2162 exhiberem;

205 2183 278 2202 anno
293 2183 358 2202 vero
372 2181 508 2210 sequenti,
525 2175 674 2203 indictione
695 2175 790 2210 quinta
815 2175 882 2210 (3i),
899 2175 997 2209 prer-

204 2229 264 2249 ctos
280 2230 306 2248 In
326 2222 482 2257 provincias
496 2230 543 2248 scu
563 2223 682 2249 themata
698 2222 816 2253 misisse,
827 2222 873 2256 qui
886 2223 994 2248 easdem

205 2268 242 2295 ibi
254 2268 281 2294 in
290 2268 448 2300 monachos,
457 2276 524 2303 quas
540 2269 597 2302 ipse
610 2268 700 2304 Cpoli,
711 2268 824 2296 ederent
837 2267 994 2303 tragmdias.

203 2314 288 2342 Porro
304 2315 441 2347 monachi,
457 2316 502 2350 qui
521 2323 593 2342 auuo
610 2315 659 2342 767
679 2322 741 2342 cum
761 2314 789 2342 S.
811 2315 952 2349 Stephano
967 2314 995 2340 in

203 2367 313 2387 carcere
347 2360 466 2395 praetorii
484 2360 673 2391 versabantur,
691 2360 724 2387 de
743 2359 904 2387 crudelitate
927 2366 995 2394 pra-i-

203 2410 336 2434 tectoruin
363 2407 390 2433 iu
419 2406 566 2441 provinciis
590 2406 707 2441 plurima
748 2409 900 2433 memorant
926 2405 992 2441 (52).

203 2454 271 2481 Cum
288 2458 378 2479 autem
405 2454 524 2487 quadam
542 2453 586 2480 die
603 2460 657 2479 una
672 2460 734 2479 cum
758 2452 855 2479 vinclis
870 2451 930 2478 aliis
945 2451 994 2477 l’a-

205 2500 293 2527 tribus
320 2501 427 2526 sederet
448 2499 489 2526 \ir
517 2503 638 2531 sanctus,
664 2506 755 2526 sermo
781 2502 870 2525 motus
894 2502 935 2526 est
960 2497 994 2525 de

239 2588 296 2624 (25)
313 2588 442 2615 Analecta
455 2588 557 2616 Graeca.
568 2587 653 2621 Paris,
670 2587 748 2619 l688,
764 2595 790 2622 p.
806 2586 867 2614 504.

238 2627 294 2658 (τυ)
312 2624 442 2650 Analecta
456 2624 561 2655 Graeca,
580 2625 632 2651 loo.
648 2624 694 2650 cit.

240 2662 296 2694 (27)
316 2664 387 2686 ιιαιι.
405 2659 508 2689 Boiam,
521 2669 548 2694 p.
565 2659 610 2686 40.

239 2698 295 2729 (28)
313 2696 441 2720 Analecta
455 2693 558 2727 timeo,
574 2704 601 2729 p.
615 2693 676 2722 505.

240 2733 295 2763 tati)
315 2731 350 2755 De
363 2734 464 2756 adunn.
480 2731 560 2763 lmp.,
574 2738 635 2764 cap.
648 2738 714 2757 mi.

238 2767 293 2827 (loti)
309 2764 486 2826 Ἰὲιέςρριηιλὶδ
513 2766 749 2800 Chronugraphia,
779 2765 880 2793 Bonna
905 2765 992 2799 l839,

258 2821 264 2827 .
281 2810 306 2827 υ.
358 2810 383 2827 ί).

204 2805 224 2827 ι.
243 2801 264 2830 Ι,
281 2810 306 2830 υ.
321 2801 383 2827 675.

243 2810 264 2830 ι,
280 2810 306 2835 p.
321 2810 383 2827 οιί).

239 2836 295 2869 (51)
313 2836 391 2866 |btd.,
408 2845 435 2871 p.
455 2835 518 2863 681.

241 2872 295 2907 (32)
313 2873 442 2899 Analecta
458 2871 560 2905 ert‘u,
577 2878 605 2906 p.
622 2871 683 2899 504.

1047 1622 1149 1650 dictum
1162 1622 1381 1651 Thracesiorum.
1394 1623 1541 1658 Perperam
1551 1623 1651 1658 itaque,
1671 1627 1698 1650 ut
1711 1623 1736 1649 id
1752 1623 1840 1649 obiter

1047 1673 1150 1698 notem.
1168 1668 1274 1696 Goarus
1289 1669 1333 1696 hic
1349 1669 1439 1696 thema
1453 1668 1649 1696 Thracensium
1673 1669 1839 1703 interpreta-

1049 1718 1092 1741 tus
1109 1719 1152 1741 est
1171 1714 1246 1749 (58};
1261 1722 1325 1741 nam
1352 1715 1449 1741 horum
1475 1714 1565 1741 thema
1584 1715 1610 1740 in
1632 1713 1738 1748 Europa
1757 1715 1839 1741 situm

1047 1765 1116 1792 erat,
1130 1759 1339 1788 Thracesioruui
1356 1768 1420 1787 vero
1438 1760 1671 1794 complectebatur
1684 1761 1775 1787 Asiam
1789 1759 1822 1786 Mi
1832 1772 1840 1779 -

1048 1813 1153 1833 norem.
1173 1806 1303 1840 Apprime
1322 1813 1353 1832 ea
1367 1805 1522 1841 distinguit,
1537 1806 1620 1832 simul
1639 1813 1734 1833 vocum
1750 1810 1838 1841 etyma

1049 1854 1168 1885 tradens,
1186 1853 1386 1880 Constantinus
1405 1852 1666 1888 Porphyrogenneta
1685 1853 1712 1879 in
1732 1853 1840 1880 laudato

1047 1906 1130 1933 opere
1150 1898 1183 1925 de
1197 1897 1375 1925 Thematibus
1400 1898 1468 1933 (59).
1486 1898 1600 1925 lndirtio
1616 1904 1707 1925 autem
1733 1900 1838 1933 quinta,

1045 1945 1102 1978 jain
1119 1944 1249 1976 indicata,
1272 1944 1430 1978 incipiebat,
1449 1949 1476 1971 ut
1500 1945 1630 1976 diximus,
1647 1953 1662 1971 a
1684 1945 1838 1979 Septembri

1047 1991 1111 2017 anni
1128 1990 1197 2024 766;
1215 1993 1262 2018 sed
1277 1998 1339 2018 cum
1353 1990 1561 2017 Theosterictus
1576 1991 1772 2017 monasterium
1788 1991 1838 2017 Pe-

1048 2038 1139 2064 lecette
1163 2045 1178 2064 a
1208 2036 1479 2068 Lachanodraconte,
1499 2036 1564 2062 feria
1593 2037 1685 2069 quinia
1704 2036 1730 2062 in
1754 2036 1838 2063 Ccena

1048 2083 1165 2115 Domini,
1185 2083 1308 2111 invasum
1332 2087 1436 2115 narret,
1458 2083 1604 2110 dicendum
1627 2082 1678 2108 erit
1704 2081 1732 2109 id
1749 2082 1839 2110 conti-

1047 2131 1118 2166 gisse
1130 2138 1202 2158 anno
1214 2130 1275 2163 767,
1290 2129 1334 2157 die
1356 2137 1399 2157 xvt
1416 2129 1528 2164 Aprilis,
1546 2128 1654 2164 quando
1670 2127 1772 2155 Pascha
1794 2127 1839 2155 die

1047 2184 1103 2203 xix.
1121 2175 1278 2211 Martyrium
1295 2180 1386 2202 autem
1402 2175 1510 2210 triginta
1526 2174 1733 2202 octosOciorum
1748 2173 1838 2200 Theo-

1048 2222 1164 2254 stericti,
1179 2222 1250 2256 quod
1271 2222 1298 2248 in
1325 2221 1425 2255 Ephesi
1448 2220 1570 2255 partibus
1588 2219 1709 2255 contigit,
1726 2218 1838 2254 alligen-

1049 2268 1113 2295 dum
1129 2272 1171 2295 est
1196 2267 1319 2302 profecto
1339 2268 1426 2294 cidem
1449 2274 1522 2293 anno
1542 2266 1604 2297 769*,
1623 2265 1758 2300 siquidem
1774 2269 1838 2292 ante

1047 2313 1128 2341 linem
1144 2313 1305 2340 Novembris
1321 2313 1393 2339 ill-ius
1410 2313 1484 2344 anni,
1494 2311 1520 2339 S.
1535 2311 1674 2346 Stephano
1688 2311 1716 2338 in
1729 2317 1838 2338 carcere

1047 2364 1186 2386 narratum
1204 2358 1264 2385 fuit.
1283 2358 1357 2384 Diem
1369 2357 1489 2392 martyrii
1505 2356 1636 2392 assignari
1651 2355 1720 2382 forte
1737 2354 1837 2390 poteri-

1046 2413 1108 2433 mus
1122 2407 1148 2432 iii
1173 2405 1245 2432 hunc
1271 2404 1393 2432 modum.
1408 2404 1518 2431 Obtinet
1534 2403 1643 2438 quidem
1665 2402 1722 2429 haec
1739 2405 1838 2436 marty-

1046 2460 1106 2479 rmn
1134 2452 1234 2479 cohors
1273 2451 1301 2478 in
1338 2450 1528 2486 Martyrologio
1557 2449 1681 2476 Romano
1709 2449 1782 2476 diem
1799 2455 1838 2475 xu

1044 2499 1177 2531 Januarii,
1205 2498 1238 2525 ad
1262 2504 1342 2534 quem
1369 2498 1526 2524 dccessores
1553 2496 1638 2523 nostri
1661 2495 1695 2522 de
1718 2495 1751 2522 iis
1776 2501 1838 2532 ege-

1079 2590 1137 2626 (εδ)
1155 2589 1187 2626 Τ.
1206 2588 1227 2626 it
1245 2588 1345 2621 Martii,
1361 2586 1463 2623 p.609.

1080 2624 1137 2660 (at)
1155 2624 1223 2652 una.

1082 2659 1138 2696 (55)
1157 2659 1458 2696 'i'.iAprii..p,5o.__
1497 2692 1518 2696 η,
1549 2691 1554 2696 _
1585 2683 1591 2686 .

1058 2690 1137 2737 __(5o)
1152 2696 1201 2738 Ad“
1209 2690 1282 2723 diem
1298 2690 1356 2722 nn"
1369 2693 1471 2725 Martii,
1485 2692 1531 2721 cn
1542 2691 1608 2720 Acta
1623 2690 1685 2725 ss.,
1701 2696 1721 2726 t,
1737 2690 1836 2718 llMar-

1045 2735 1138 2806 minii.)
1150 2731 1260 2801 t1))‘ia9qua
1282 2765 1401 2796 ratione,
1417 2763 1480 2792 vide
1498 2770 1592 2799 supra,
1608 2770 1637 2790 n.
1657 2764 1672 2790 7
1693 2763 1836 2791 Common-

1046 2808 1135 2871 HrtlslS)
1153 2835 1327 2870 Theophun.,
1345 2834 1365 2861 ι.
1379 2843 1418 2867 c.,
1436 2834 1542 2871 p.681.

1081 2869 1137 2904 (59⁷)
1154 2871 1213 2898 Lib.
1232 2869 1250 2904 i,
1267 2871 1352 2897 them.
1372 2879 1411 2904 ui,
1427 2876 1454 2898 et
1465 2869 1511 2897 lib.
1525 2877 1555 2903 ii,
1571 2870 1656 2897 them.
1672 2876 1693 2896 ι.
