2067 3150
223 119 287 149 ιῡοι

219 226 296 249 ctum
316 222 388 249 diem
413 224 586 257 consignatos
601 230 647 249 eos
664 222 808 257 reperisse.
831 220 929 248 Postea
946 229 1010 248 vero

219 268 329 295 eosdem
341 269 437 295 obvios
456 269 612 296 habuerunt
628 269 655 295 in
675 267 876 303 pretiosissimo
887 267 1010 302 Synaxa-

221 314 287 342 rista
311 314 492 347 Cltillletiano,
512 315 544 341 ad
569 315 640 341 diem
664 322 681 340 ιι
705 313 794 347 Junii;
811 321 872 340 nam
899 313 1009 340 eosdem

219 367 289 393 esse,
309 368 343 388 ex
359 361 514 387 narratione
534 360 715 387 Theostericti
744 367 806 386 cum
841 359 1011 394 synaxarista

220 407 267 435 illo
278 407 375 434 collata
385 408 454 443 (41),
464 407 575 435 cuilibet
587 407 762 433 manifestum
779 405 825 433 ﬁet
835 426 844 438 ,
855 413 1009 440 quanquam

220 453 424 481 llenschcniunt
441 459 566 481 nostrum
581 453 607 480 id
626 459 682 480 tum
699 454 792 487 fugere
810 453 909 487 potuit.
925 451 1011 479 Porro

219 500 348 527 laudatus
366 500 550 535 synaxaristes
575 507 628 526 non
653 499 739 526 solum
761 499 794 526 ad
812 499 884 525 diem
902 506 920 525 ιι
936 497 1012 525 Junii

217 553 266 572 eos
277 546 376 581 signat,
387 545 434 572 sed
450 551 579 580 prxterea
593 546 661 572 satis
674 549 770 579 aperte
783 544 903 571 insinuat
921 544 953 570 iis
966 544 1012 572 illo

216 591 260 618 die
281 592 398 626 palmam
415 591 536 626 martyrii
554 591 694 626 obtigisse.
711 591 748 618 Ex
766 591 865 625 quibus
876 590 1013 618 verisimi-

217 637 280 664 liter
295 636 456 664 carificintus
470 637 520 663 hos
533 637 694 669 monachos,
708 644 802 664 mense
816 644 877 662 cum
898 636 1012 663 dimidio

216 687 361 716 postquam
374 683 572 710 monasterium
592 690 673 709 suum
692 682 823 710 Pelecette
837 687 971 709 vastatum
986 686 1014 709 et

217 729 389 756 combustum
423 729 562 759 viderunt.
592 736 676 764 prope
703 729 841 763 Ephesum
866 728 1013 756 suﬂ'ocatos

217 772 313 804 fuisse,
334 774 378 800 die
394 774 501 801 scilicet
519 782 536 801 II
552 773 627 801 Junii
641 775 704 801 antti
719 775 779 802 757.

255 818 299 846 H.
318 818 354 846 De
373 818 402 846 S.
419 820 498 847 Petro
519 820 553 848 de
580 821 746 851 Blachernis,
768 829 849 856 quem
877 830 955 849 num.
980 822 1010 849 ll

867 115 893 145 Μ
901 116 1009 146 ENSIS
1027 114 1212 146 OCTOBER.

220 180 285 202 runt
302 175 369 210 (40),
388 177 436 204 sed
453 177 478 204 hi
495 177 615 204 fatentur
632 183 661 203 se
674 175 701 203 in
719 175 802 202 nullis
819 174 895 202 fastis
907 175 941 202 ad
968 174 1011 202 di-
1025 179 1050 206 Α

1783 113 1850 146 1092

1066 174 1219 210 πτὸμενος)
1246 182 1295 210 pro
1311 174 1412 202 Christi
1436 173 1552 210 imagine
1579 180 1678 206 caesus,
1694 172 1771 200 illum
1797 173 1852 201 Da—

1060 222 1172 249 cianum
1198 226 1226 248 et
1249 222 1487 257 prevaricatorem
1515 221 1600 248 libere
1619 220 1791 255 appellando,
1805 227 1854 246 su-

1059 267 1195 302 blatisque
1210 267 1243 294 ad
1256 267 1341 294 Deum
1358 267 1444 294 oculis
1460 265 1707 298 dicendo,Gratias
1724 266 1772 292 tibi
1790 273 1854 300 ago,

1060 314 1184 347 Domine,
1207 314 1234 341 in
1262 314 1361 341 mediis
1379 313 1523 340 verberum
1551 313 1718 340 cruciatibus
1730 312 1853 347 exspira-

1060 360 1100 387 vit
1111 359 1179 394 (44).
1193 360 1232 387 Ad
1254 360 1312 387 hzec
1326 360 1443 394 primum
1468 359 1639 386 advertimus
1652 366 1726 390 eum,
1738 357 1784 392 qui
1810 357 1854 385 hic

1061 405 1208 439 Dacianus,
1228 406 1254 433 id
1284 411 1326 434 est
1355 410 1516 440 persecutor
1538 405 1709 432 saevissimus
1725 404 1794 438 (45),
1808 412 1856 438 ap-

1061 452 1189 487 pellatur,
1205 460 1219 479 a
1233 452 1418 487 lletaphraste
1431 452 1457 478 in
1475 451 1570 478 eadem
1589 451 1643 478 vita
1655 451 1728 485 apud
1743 450 1854 478 Surium

1061 499 1096 526 ad
1110 499 1182 526 diem
1199 506 1284 526 nvnt
1301 498 1435 525 Novemb.
1449 497 1588 525 lulianum
1614 498 1775 532 Apostatam
1790 497 1855 529 dici,

1062 543 1135 578 quod
1160 543 1323 579 Theophani
1354 551 1468 579 prorsus
1500 551 1652 571 consonum
1677 547 1721 570 est
1752 545 1856 578 (supra

1062 597 1140 618 num.
1157 590 1212 624 14).
1231 590 1333 621 Deinde
1347 591 1449 624 reliqua
1465 589 1556 616 omnia
1574 597 1634 623 qua;
1651 588 1679 616 S.
1699 589 1856 623 Stephanus

1063 642 1158 664 narrat
1170 638 1204 664 de
1220 636 1305 663 Petro
1322 636 1348 662 in
1367 636 1526 663 Blachernis
1542 635 1661 667 incluso,
1676 635 1745 661 nihil
1764 635 1857 662 diver-

1063 690 1123 710 sum
1153 682 1257 709 habent
1277 687 1376 717 praeter
1399 682 1486 709 solum
1512 689 1625 713 nomen,
1643 681 1678 708 ab
1693 681 1729 708 iis
1742 689 1803 715 qua
1823 681 1857 708 de

1063 728 1171 755 Audrea
1186 729 1212 754 in
1227 728 1386 755 Blachernis
1401 728 1524 763 Calybita
1541 727 1638 754 scribit
1661 726 1856 762 Theophanes.

1064 773 1199 801 Praeterea
1218 774 1241 801 si
1258 773 1450 809 Theophanes,
1469 773 1515 801 ubi
1541 774 1574 801 de
1591 773 1672 800 Petro
1687 774 1778 808 stylita
1791 773 1858 800 scri-

1065 819 1106 846 bit
1133 819 1243 855 (n.14),
1269 828 1333 847 vere
1359 820 1468 847 Petrum
1493 819 1520 846 in
1542 819 1702 846 Blacheruis
1721 820 1856 846 inclusum

216 870 278 899 post
293 864 321 891 S.
338 865 452 892 Paulum
461 865 620 893 Cretensem
633 868 785 901 posuimus.
799 868 915 902 plurima
929 869 1010 895 etiam
1027 865 1047 893 Β
1063 866 1229 901 designaret,
1255 875 1316 901 qua:
1344 867 1378 893 de
1403 866 1456 892 isto
1476 872 1634 898 narrantur,
1649 874 1711 893 cum
1743 866 1856 893 historia

217 917 250 938 ex
263 911 338 938 Actis
356 911 386 938 S.
403 911 536 947 Stephani
553 914 740 941 innotescunt.
756 913 960 948 Papebrochius
976 916 1009 942 ad

216 956 290 984 diem
315 965 359 984 xvt
381 957 446 985 Maii
465 959 521 993 (42)
546 967 578 986 ex
605 959 713 986 laudato
735 960 902 994 synaxarista
924 959 974 987 Ms.
992 968 1007 988 a

215 1001 353 1030 Chiﬂletio
377 1009 475 1031 nostro
500 1009 624 1039 accepto,
646 1005 679 1032 de
702 1006 732 1032 S.
761 1005 844 1033 Petro
867 1007 1010 1040 sequentia

223 1049 385 1083 depromit:
407 1050 437 1076 Ὀ
463 1051 491 1076 ἐν
517 1051 684 1086 Βλαχέρναις
709 1051 823 1087 Πέτρος,
848 1052 1009 1087 βουνεύροις

216 1095 388 1128 τυπτόμενος
401 1096 572 1129 niuei-cat;
595 1097 620 1124 id
645 1102 706 1124 est:
724 1097 821 1124 Petrus
837 1098 864 1124 in
883 1097 1010 1125 Blacher-

216 1139 260 1167 nis
275 1140 414 1173 habitans,
431 1141 534 1169 laureis
544 1149 640 1175 caesus,
651 1144 811 1177 martyrium
828 1148 1010 1172 consummat.

217 1183 301 1212 Recte
325 1186 529 1221 Papebrochius
555 1188 667 1223 conjicit
685 1189 728 1216 hic
751 1190 794 1224 agi
820 1189 854 1217 de
879 1189 1011 1217 alterutro

217 1231 333 1258 duorum
351 1238 512 1268 martyrum,
530 1242 600 1268 quos
617 1235 803 1270 Theophanes
816 1236 850 1263 ad
865 1244 968 1263 annum
976 1237 1009 1264 21

216 1281 244 1304 et
257 1277 292 1304 27
311 1278 474 1315 Coprouymi
493 1280 602 1313 refert;
627 1288 662 1308 en
685 1281 767 1316 huius
790 1282 913 1309 historici
928 1282 1010 1310 verba

219 1322 315 1350 Latine
333 1331 409 1351 versa
424 1324 479 1359 (t3)
496 1334 502 1351 :
515 1325 616 1352 Eodem
630 1325 710 1353 etiam
723 1334 795 1353 anno
805 1327 911 1360 (mundi
925 1327 1006 1359 6253.

217 1368 389 1397 Constantini
407 1370 454 1405 21)
470 1371 669 1399 Constantinus
699 1378 858 1406 persecutor
874 1374 1011 1401 Andream

217 1415 399 1442 venerabilem
418 1415 595 1447 monachum.
612 1416 765 1452 Calybitam
780 1418 894 1450 dictum,
908 1419 941 1446 ad
952 1419 1013 1446 Bla-

218 1459 337 1486 chernas
353 1459 535 1492 habitantem,
549 1461 576 1487 in
600 1461 693 1488 Sancti
717 1462 861 1490 Matnantis
874 1464 949 1491 circo
965 1464 1013 1492 lla-

218 1505 294 1541 gellis
318 1506 469 1538 interfecit,
483 1507 557 1542 qttod
579 1507 640 1542 ejus
654 1507 834 1542 impietatem,
850 1517 882 1536 eo
901 1509 1013 1538 Valente

1064 912 1093 940 S.
1111 913 1242 948 Stephani
1259 913 1386 947 componi
1405 920 1459 940 non
1475 917 1597 947 possent.
1615 913 1731 940 Sanctus
1743 912 1857 946 Stepha-

1062 967 1115 986 nus
1126 959 1211 991 enim,
1231 965 1260 986 ut
1283 967 1332 986 suo
1346 959 1407 986 loco
1433 959 1622 993 probabimus,
1639 967 1654 985 a
1676 966 1770 985 mense
1785 957 1857 986 Nov.

1063 1003 1115 1031 763
1130 1012 1215 1037 usque
1228 1004 1261 1031 ad
1277 1005 1358 1031 tinem
1374 1004 1437 1031 antti
1457 1003 1508 1031 766
1524 1005 1551 1031 in
1571 1004 1668 1032 exsilio
1684 1005 1745 1036 fuit,
1762 1010 1790 1032 et
1803 1005 1857 1031 cir-

1063 1051 1130 1078 citer
1141 1051 1174 1078 ab
1186 1051 1297 1078 ineunte
1311 1050 1444 1078 Januario
1463 1052 1514 1078 767
1528 1059 1590 1078 cum
1607 1051 1744 1086 praedictis
1762 1059 1857 1078 mona-

1061 1097 1122 1125 chis
1147 1098 1174 1124 in
1196 1105 1307 1125 carcere
1340 1097 1460 1124 Praetorii
1490 1097 1663 1124 versabatur.
1689 1096 1727 1123 Ει
1755 1098 1856 1131 quibus

1063 1143 1203 1178 probabile
1219 1143 1247 1169 fit
1261 1147 1326 1169 ante
1337 1142 1388 1169 765
1403 1142 1432 1169 8.
1445 1147 1592 1177 martyrem
1609 1143 1734 1174 Petrum,
1751 1142 1784 1168 de
1802 1149 1857 1176 quo

1064 1193 1169 1220 narrat,
1187 1187 1366 1220 occubuisse;
1383 1195 1444 1214 nam
1468 1188 1599 1222 alioquin,
1615 1188 1662 1222 qui
1685 1196 1742 1215 non
1757 1188 1856 1216 melius

1063 1234 1190 1262 monachi
1208 1234 1238 1262 8.
1260 1234 1413 1268 Stephano,
1429 1242 1510 1269 quam
1536 1234 1582 1262 hic
1604 1234 1669 1266 illis.
1693 1235 1855 1270 martyrium

1063 1281 1135 1308 istud
1152 1279 1449 1314 enarrassent?Neque
1466 1280 1497 1306 S.
1511 1279 1633 1307 Andreas
1648 1280 1675 1305 in
1697 1279 1856 1306 Blachemis

1063 1334 1147 1362 prope
1164 1326 1270 1361 Cpolim
1289 1325 1440 1356 habitabat,
1454 1330 1482 1352 ut
1493 1325 1676 1360 Theophanes
1690 1325 1795 1356 scribit.
1808 1325 1856 1352 sed

1063 1380 1095 1400 ex
1111 1371 1191 1399 Creta
1207 1371 1358 1398 adveniens
1377 1371 1410 1398 ad
1433 1370 1599 1398 Blachernas
1615 1377 1645 1397 se
1664 1370 1790 1402 contulit,
1808 1370 1855 1397 ul.i

1063 1418 1254 1453 Copronymus
1270 1418 1297 1444 in
1313 1417 1413 1451 palatio
1437 1424 1487 1443 suo
1504 1416 1562 1443 Divi
1578 1416 1721 1443 Mamantis
1738 1416 1765 1443 in
1783 1423 1857 1443 mar-

1064 1468 1136 1499 tyres
1150 1463 1290 1494 saeviebat,
1304 1463 1468 1497 quibuscum
1482 1461 1555 1488 illico
1572 1466 1664 1488 tentus
1675 1466 1727 1489 est.
1740 1461 1857 1499 Testan-

1065 1498 1110 1536 tur
1125 1509 1150 1536 id
1163 1509 1230 1536 Acta
1242 1513 1270 1535 et
1286 1507 1467 1543 Synaxarium
1484 1514 1567 1541 supra
1585 1507 1701 1534 relatum
1718 1498 1806 1543 (nutu.
1816 1506 1858 1543 5)’.

215 1552 326 1586 juniore
348 1558 376 1580 et
399 1552 509 1580 Juliano
534 1554 662 1586 vocitato,
682 1554 833 1589 arguisset;
849 1555 909 1589 ejus
924 1561 1014 1583 autem
1027 1542 1048 1571 θ
1066 1555 1122 1583 Nec
1142 1556 1224 1582 etiam
1244 1542 1375 1591 tyrannus
1389 1553 1472 1588 jussit
1496 1561 1559 1580 eum
1578 1560 1664 1588 usque
1682 1554 1714 1580 ad
1740 1542 1856 1581 mortem

216 1604 316 1632 corpus
346 1598 374 1625 in
399 1597 531 1625 fluentum
556 1599 653 1635 projici
681 1600 813 1634 iusserat,
830 1601 878 1627 sed
900 1602 1015 1630 Andreae

216 1649 325 1670 sorores
341 1643 430 1678 ipsum
452 1644 609 1677 efferentes,
628 1645 656 1671 in
681 1645 809 1673 Leucadii
833 1647 955 1681 emporio
971 1655 1015 1675 se-

216 1689 334 1723 pultura:
350 1690 527 1716 mandarunt.
541 1690 575 1717 Et
588 1698 665 1717 anno
675 1692 769 1718 tuundi
783 1691 863 1724 6259,
880 1692 1015 1720 Constan-

218 1734 268 1762 tini
288 1734 334 1760 27.
369 1736 496 1762 Ceterum
522 1736 555 1763 ab
576 1737 628 1763 hoc
644 1741 766 1771 tempore
783 1738 878 1772 majori
904 1740 1014 1768 vesania

217 1781 245 1806 in
261 1785 370 1807 sanctas
388 1781 434 1808 Dei
449 1781 587 1808 Ecclesias
613 1782 768 1816 ferebatur;
786 1784 861 1811 misit
876 1785 950 1812 enim
967 1787 1013 1821 qui

216 1824 329 1853 Petrum
355 1828 542 1854 venerabilem
569 1828 689 1863 stylitam
706 1835 720 1854 a
740 1834 816 1863 petra
842 1831 1012 1864 exturbaret,

216 1879 335 1906 eumque
356 1872 531 1908 dogmatibus
547 1874 604 1900 suis
616 1879 806 1909 repugantem,
826 1877 918 1904 vivum
936 1878 1014 1913 pedi-

217 1916 269 1944 bus
284 1917 419 1950 vinctum,
436 1926 467 1946 ac
489 1926 538 1953 per
557 1919 660 1947 medias
678 1920 752 1947 urbis
771 1920 828 1948 vias
842 1927 1011 1956 pertractum

218 1962 244 1989 in
258 1963 365 1998 Pelagia
382 1964 479 1998 projici
503 1965 596 1998 jussit,
611 1965 680 1992 alios
697 1974 761 1993 vero
783 1967 1011 2001 saccisinclusos,

216 2007 335 2044 alligatis
352 2009 478 2043 pedibus,
496 2010 523 2036 in
538 2017 614 2037 mare
631 2011 764 2046 demergi.

255 2055 300 2082 15.
332 2054 514 2090 Synaxaristze
534 2064 587 2083 suo
602 2056 806 2091 Papebrochius
818 2058 932 2087 nimium
946 2060 1012 2087 diﬂi-

215 2101 266 2133 dit,
291 2102 356 2128 dum
386 2101 538 2128 arbitratur
559 2110 621 2129 eum
646 2102 701 2130 duo
718 2103 799 2131 allata
824 2106 953 2140 martyria
983 2106 1010 2133 in

216 2153 302 2174 unum
320 2146 473 2178 conﬂasse;
497 2148 554 2182 ipse
579 2148 652 2174 enim
669 2147 852 2183 Theophanes
867 2151 910 2178 hic
926 2159 1010 2179 unum

1067 1601 1157 1636 flagris
1171 1601 1250 1632 caedi,
1267 1605 1297 1627 ut
1311 1600 1411 1627 iterum
1428 1599 1612 1634 Theophanes
1635 1599 1740 1630 scribit,
1753 1604 1781 1626 et
1793 1600 1857 1626 dein

1067 1647 1094 1674 in
1110 1647 1243 1674 fluentum
1261 1646 1370 1681 projici,
1387 1646 1434 1673 sed
1453 1646 1600 1673 crudeliter
1615 1646 1715 1680 raptari
1729 1653 1777 1680 per
1787 1646 1856 1673 viam

1065 1693 1219 1728 publicam;
1235 1699 1287 1719 nec
1299 1692 1376 1726 Cpoli
1394 1699 1504 1719 sorores
1516 1699 1579 1718 suas
1596 1691 1697 1718 habere
1713 1691 1856 1726 patuitqui

1065 1740 1092 1766 in
1107 1739 1188 1766 Creta
1203 1739 1382 1766 monasticam
1397 1738 1481 1764 vitam
1494 1738 1608 1772 degens,
1628 1737 1693 1764 illuc
1707 1739 1857 1764 advenerat

1065 1789 1095 1812 ut
1108 1785 1210 1812 cultum
1224 1784 1276 1812 SS.
1289 1785 1438 1819 imaginum
1453 1792 1546 1812 coram
1558 1789 1674 1818 tyranno
1686 1783 1857 1815 defenderet;

1065 1837 1156 1864 neque
1169 1830 1278 1857 demum
1294 1830 1320 1856 in
1345 1829 1469 1864 emporio
1485 1828 1612 1855 Leucadii
1633 1828 1666 1854 ad
1685 1828 1762 1854 littus
1780 1828 1857 1854 Asia-

1066 1876 1148 1902 ticum
1164 1875 1287 1910 Bospori,
1304 1875 1426 1901 honestaa
1443 1873 1592 1908 sepultura:
1614 1873 1737 1900 mandari
1756 1874 1855 1907 potuit,

1064 1929 1144 1956 quem
1172 1922 1198 1948 in
1221 1922 1278 1956 ipsa
1297 1921 1375 1952 urbe,
1393 1921 1459 1947 dum
1478 1924 1642 1954 raptaretur,
1659 1920 1856 1954 exspirantem,

1065 1970 1093 1995 in
1108 1968 1198 1995 locum
1218 1967 1452 1998 sordidissimum,
1475 1965 1502 1992 in
1526 1966 1632 2000 Pelagia
1661 1965 1777 1997 scilicet,
1793 1973 1856 1992 cum

1065 2013 1196 2041 maleﬁcis
1211 2015 1362 2048 proiecere,
1378 2019 1515 2047 quemque
1529 2012 1592 2039 dein
1608 2012 1657 2038 viri
1668 2011 1814 2039 orthodoxi
1830 2011 1858 2038 in

1064 2060 1124 2088 loco
1143 2065 1239 2087 sancto
1256 2059 1351 2091 Crisis,
1374 2059 1474 2086 iterum
1493 2057 1520 2084 in
1543 2058 1611 2084 urbe
1634 2057 1704 2091 ipsa,
1717 2059 1850 2091 deposue.

1064 2110 1138 2134 runt.
1163 2106 1228 2137 Qum
1249 2105 1355 2140 singula
1379 2112 1442 2132 cum
1465 2112 1499 2131 ex
1520 2104 1595 2131 Actis
1611 2102 1641 2130 S.
1657 2103 1773 2130 Andreae
1795 2103 1857 2130 luce

1064 2151 1181 2179 clariora
1197 2151 1263 2183 sint,
1277 2150 1456 2178 manifestum
1471 2156 1512 2177 est
1524 2149 1722 2184 Theophanem
1738 2157 1793 2176 non
1808 2149 1857 2176 ad-

221 2197 368 2227 ntartyrem
395 2199 444 2226 pro
466 2193 554 2219 altero
570 2193 673 2228 posuit,
691 2198 720 2220 ut
738 2195 913 2223 manifestum
935 2198 964 2223 fit
979 2204 1012 2226 ex
1029 2208 1050 2234 ι)
1063 2198 1156 2232 juncta
1169 2196 1289 2232 martyrii
1304 2195 1536 2228 immutasse,sed
1557 2195 1615 2222 sola
1631 2194 1742 2222 nomina
1755 2199 1857 2231 marty-

217 2238 378 2266 narratione
392 2237 424 2266 S.
439 2239 572 2273 Stephani
587 2239 720 2272 Junioris,
738 2248 793 2275 qua
810 2242 958 2269 monachos
971 2251 1013 2270 se-

218 2292 281 2312 cum
299 2286 326 2312 in
349 2293 461 2313 carcere
480 2285 603 2313 Praeterii
616 2294 689 2313 anno
704 2287 755 2314 767
771 2287 900 2316 detentos
918 2289 950 2317 ad
965 2298 1014 2325 pa-

220 2331 343 2359 tientiam
361 2333 486 2359 hortatur
503 2342 509 2360 :
525 2331 642 2360 Sanctos
658 2332 719 2361 illos
733 2333 840 2366 Patres,
857 2335 957 2370 inquitI
968 2336 1013 2370 qui

219 2378 291 2412 apud
318 2384 368 2404 nos
391 2378 474 2405 vitam
499 2378 631 2413 martyrio
657 2379 846 2412 absolverunt,
863 2380 1012 2409 imitemur.

219 2423 352 2450 Sanctum
367 2422 444 2449 illutn
458 2425 623 2450 monachum
635 2423 746 2452 Petrum
758 2425 832 2458 dico,
843 2426 869 2453 in
886 2426 1013 2455 Blacher-

218 2468 261 2496 nis
275 2468 410 2496 ittclusum
427 2469 673 2504 (ἐγκεκλεισμένον
695 2480 701 2497 :
725 2471 871 2504 inclusum,
888 2472 989 2501 Gallice
1005 2483 1013 2502 :

219 2515 320 2546 reclus,
338 2522 393 2549 quo
419 2522 502 2541 sensu
530 2515 751 2547 frequentissime
781 2517 838 2544 haec
870 2526 921 2545 vox
949 2527 1013 2554 pro-

218 2561 276 2593 dit;
299 2568 440 2596 perperam
463 2560 544 2596 igitur
575 2560 761 2595 Lipomannus
776 2571 782 2588 :
800 2562 956 2590 Blachernis
985 2565 1013 2591 iu

220 2608 337 2635 vinculis
370 2608 525 2642 conjectum
560 2608 605 2642 qui
636 2612 699 2634 ante
733 2608 910 2643 imperatoris
950 2618 1015 2638 cott-

220 2659 343 2690 spectum
361 2653 537 2681 intolerandis
564 2655 644 2680 houm
667 2654 759 2681 nervis
775 2654 942 2690 (βουνεύροις
968 2665 1014 2683 τυ-

257 2722 312 2756 (40)
328 2721 360 2748 Τ.
376 2721 386 2748 1
403 2721 528 2755 Januar.,
546 2729 572 2756 p.
593 2721 655 2749 7J7.

257 2722 313 2791 (4οζ
328 2722 360 2748 Τ.
376 2722 386 2748 1
403 2722 528 2755 Januar.,
546 2729 572 2756 p.
593 2722 655 2749 7J7.

257 2757 297 2792 (ιι
331 2756 363 2783 Τ.
381 2757 389 2782 l
406 2756 490 2789 Junii,
505 2765 532 2792 p.
550 2757 611 2784 168.
628 2757 685 2784 Cir.
704 2762 723 2785 ι.
737 2757 747 2785 l
762 2758 890 2789 Januar.,
907 2758 924 2784 l.
945 2767 969 2784 (ν.
987 2763 1014 2785 et

220 2792 349 2819 Analecta
362 2789 466 2823 Graeca,
480 2800 506 2825 p.
523 2791 584 2819 505.

258 2802 506 2860 ἱᾚὲῗῗῗιῖῗῖῖξξῖζ

1067 2250 1127 2271 rum
1144 2242 1358 2276 transposuisse.
1375 2242 1464 2276 Atque
1483 2241 1540 2268 haec
1557 2241 1667 2271 iterum,
1684 2247 1739 2267 non
1755 2240 1856 2271 dicam,

1065 2289 1271 2321 confirmantur,
1287 2288 1335 2315 sed
1360 2294 1424 2314 vere
1446 2286 1669 2314 demonstrantur
1684 2293 1718 2313 ex
1743 2286 1776 2313 iis
1796 2293 1858 2320 qua

1066 2335 1148 2362 habet
1159 2333 1341 2369 Menologium
1358 2332 1450 2360 Basilii
1466 2333 1498 2359 ad
1513 2339 1598 2359 xxvttt
1608 2331 1770 2359 Novembris
1782 2336 1858 2367 post-

1065 2389 1146 2416 quam
1173 2381 1207 2408 de
1233 2380 1261 2407 S.
1289 2380 1428 2414 Stephano
1463 2378 1575 2405 Juniore
1600 2377 1665 2413 egit.
1684 2376 1814 2404 Similiter
1829 2381 1858 2404 et

1067 2427 1098 2454 S.
1121 2427 1245 2454 Andreas
1268 2427 1306 2461 (in
1324 2425 1405 2459 Crisi)
1423 2425 1542 2455 vinctus,
1563 2428 1752 2458 raptatusque,
1769 2430 1785 2449 e
1802 2421 1857 2449 vita

1065 2474 1192 2502 excessit.
1211 2472 1245 2499 At
1258 2477 1369 2499 sanctus
1392 2470 1489 2498 Petrus
1506 2469 1551 2505 (de
1576 2469 1745 2503 Blachernis)
1758 2468 1785 2495 in
1798 2475 1858 2495 car-

1065 2528 1156 2548 cerem
1177 2520 1253 2555 prius
1266 2518 1417 2552 conjectus,
1430 2516 1530 2543 deinde
1552 2515 1677 2546 eductus,
1693 2514 1793 2541 tamdiu
1809 2513 1858 2540 ila-

1067 2567 1143 2602 gellis
1161 2566 1287 2597 caeditur,
1307 2564 1395 2592 donec
1420 2563 1547 2597 spiritum
1573 2561 1629 2588 Deo
1650 2560 1771 2588 tradidit.
1785 2559 1855 2587 Num

1065 2617 1156 2639 autern
1174 2611 1204 2638 S.
1217 2610 1340 2637 Andreas
1354 2609 1450 2644 Stylita
1469 2608 1522 2636 dici
1538 2606 1634 2642 possit,
1651 2607 1722 2634 infra
1738 2605 1856 2641 inquiri-

1066 2666 1135 2685 mus.
1152 2658 1189 2685 De
1202 2657 1331 2693 Calyhitas
1353 2663 1418 2683 vero
1442 2654 1683 2690 cognominevcum
1698 2653 1775 2689 plura
1791 2658 1857 2679 con-

1101 2726 1157 2762 (45)
1171 2725 1347 2762 Theophan.,
1363 2729 1384 2751 t.
1403 2723 1548 2762 l._p._667.

1100 2759 1157 2794 (at)
1174 2759 1257 2788 Anal.’
1269 2759 1372 2791 Graeca.
1386 2767 1412 2794 p.
1431 2759 1493 2786 507.

1101 2796 1156 2831 (45)
1174 2795 1230 2823 Cfr.
1247 2801 1266 2823 t.
1283 2795 1304 2823 ιι
1318 2793 1402 2828 Junii,
1416 2802 1444 2827 ζ).
1463 2793 1525 2827 788,
1543 2802 1570 2820 tt.
1584 2793 1611 2821 9.
