2067 3150
168 137 235 168 101).}

725 129 811 160 VITA
831 129 862 159 S.
883 127 1047 157 ANDRE/E
1070 127 1109 156 IN
1129 128 1243 158 CRlSI.

1728 129 1795 161 1094

165 191 278 228 gesserit
306 188 454 217 Bollandus
478 187 510 215 ad
535 187 606 214 diem
634 194 666 213 xv
691 185 825 218 Januarii,
847 184 892 212 ubi
920 185 953 211 de
972 199 992 225 Α
1019 185 1178 216 Ι¹Ιλοῡω,ειιὶ
1195 192 1264 212 unus
1281 193 1367 213 annus
1379 185 1516 214 detractus
1529 191 1571 214 est
1584 186 1651 221 (49),
1668 194 1753 222 usque
1763 188 1796 214 ad

164 238 269 265 luanne
288 235 420 270 Ca'lybita,
434 234 499 261 satis
509 233 561 260 erit
577 233 620 260 hic
630 231 730 259 dixisse
748 230 813 258 illud
827 238 843 258 a
857 231 953 257 vocula

167 277 294 317 Κᾶλὺΰη,
313 288 373 316 quae
397 285 438 307 ast
469 279 606 315 tugurium
632 277 786 312 signiticat,
808 276 954 303 deductum

167 330 263 360 fuisse,
279 328 317 355 ita
338 332 366 354 ιιι
384 326 520 360 Calybites
535 325 578 352 ille
594 324 629 352 sit
645 324 690 359 qui
709 324 737 351 in
757 323 863 358 tugurio
880 321 956 349 habi-

167 380 214 403 tat.
231 373 316 407 Quam
331 377 405 401 recte
432 380 497 399 vero
521 371 550 398 S.
573 371 670 398 Petrus
698 369 749 397 hoc
776 373 957 404 cognomento

168 421 332 456 insigniatur
348 427 428 455 quem
449 419 476 446 S.
492 418 647 452 Stephanus
664 416 781 452 appellat
802 416 853 443 Τὸν
872 416 956 447 ὅσιον,

167 467 213 492 τὸν
243 467 273 492 ὲν
301 465 469 500 Βλαχέρναις
495 463 743 498 ὲγκεκἌεισμὲνον,
774 462 845 489 sicut
870 461 957 496 ipsum

169 512 197 538 S.
219 511 388 546 Stephanum
416 509 599 545 Theophanes
625 509 693 536 dicit
708 517 714 535 :
731 508 776 534 τὸν
800 507 958 542 ἕγκλειστον

169 557 233 584 ιντο.
246 559 285 589 εις
308 557 355 583 τὸν
371 556 448 590 ἄγων
463 556 606 589 Αὺξέντιον
619 553 715 589 (quod
735 561 834 581 nomen
858 553 959 580 montis

169 606 231 635 est),
248 611 328 630 nemo
342 610 395 629 non
412 602 487 628 videt
505 601 574 635 (1&5).

206 647 249 674 16.
277 647 331 674 Sed
357 646 493 681 quomodo
514 645 696 680 Theophanes
717 645 744 672 in
770 645 841 672 hanc
859 645 955 672 confu-

170 695 274 721 sionem
290 693 421 733 devenit?
445 692 499 718 Nos
523 692 601 718 aliam
628 698 738 718 causam
756 698 811 718 non
833 690 960 717 novimus

171 740 221 766 nisi
238 739 310 773 quod
327 743 392 766 tunc
408 738 566 764 adolescens
580 737 660 764 fuerit
674 736 761 768 valde,
776 741 805 763 ut
823 735 880 770 ipse
896 743 960 770 pro-

171 785 210 812 dit
225 785 258 811 ad
278 784 310 810 A.
325 783 356 810 C.
379 782 430 809 765
445 782 508 818 (ipsi
526 790 627 809 annum
647 781 740 808 mundi
757 780 838 815 6255)
853 780 916 807 dum
933 780 960 806 in

171 830 238 856 mari
256 829 340 864 glacie
363 827 512 855 constricto
526 834 586 854 cum
613 827 704 861 pueris
721 834 750 854 se
774 827 871 853 lusisse
887 833 961 852 com-

1009 238 1109 258 annum
1138 230 1262 257 ultimum
1289 230 1466 268 Coprouymi,
1480 232 1525 260 ubi
1548 240 1624 258 error
1640 233 1797 267 praecedens

1006 284 1078 304 novo
1096 283 1189 303 errore
1205 276 1305 311 tegitur
1319 276 1388 310 (50),
1404 278 1446 304 vel
1461 285 1547 305 annos
1559 279 1652 305 mundi
1671 279 1712 305 vel
1725 279 1795 305 indi-

1007 322 1111 348 ct'ones
1125 325 1255 356 perpetuo
1275 321 1440 354 claudicare,
1456 321 1582 357 idemque
1603 323 1635 350 de
1651 323 1797 358 Theopha-

1007 365 1050 392 nis
1072 367 1262 394 emendatione
1287 367 1434 402 specialem
1456 368 1602 396 diatribam
1625 370 1709 397 edidit
1728 369 1795 405 (51).

1008 420 1039 440 ex
1053 415 1104 447 q'ua
1118 412 1312 447 Theophanem
1329 421 1409 440 suum
1421 414 1567 448 plurimum
1582 422 1680 443 ornare
1696 416 1797 443 doctis-

1009 459 1068 486 simi
1086 459 1205 486 editores
1217 458 1377 487 Bonnenses
1390 460 1447 495 (52)
1461 461 1623 494 potuissont.
1637 460 1737 488 Verum
1747 461 1797 488 hoe

1009 505 1069 533 loco
1086 510 1178 532 manet
1193 506 1277 533 altera
1294 506 1338 533 via
1350 511 1477 533 accurate
1492 514 1582 533 annos
1597 508 1679 534 tnodo
1692 507 1798 535 indica-

1009 555 1051 578 tos
1077 551 1110 578 ad
1139 559 1219 578 teram
1250 551 1388 586 vulgarem
1418 552 1588 586 reducendi;
1618 553 1799 588 Theophanes

1010 597 1082 624 enim
1102 597 1135 624 ad
1149 605 1252 624 annum
1270 597 1350 630 6252,
1365 597 1410 633 qui
1428 606 1530 625 annum
1544 599 1663 634 martyrii
1681 599 1753 626 Petri
1765 600 1798 627 de

1011 643 1171 672 Itlachernis
1200 645 1357 673 immediate
1373 646 1522 680 praecessit,
1539 645 1664 680 eclipsim
1680 646 1798 681 aliquam

1012 690 1077 717 solis
1092 690 1299 725 diligentissime
1316 691 1458 727 consiguat
1470 691 1512 718 his
1531 692 1632 725 verbis,
1650 699 1683 719 ex
1698 693 1801 720 versio-

1012 744 1046 763 ne
1062 736 1155 764 Goari.
1185 737 1342 772 Apparente
1368 737 1431 764 solis
1450 737 1558 764 defectu
1572 738 1675 765 mensis
1687 738 1799 774 Augusti

1013 783 1056 810 die
1074 783 1180 810 decimo
1201 784 1307 818 quinto,
1331 783 1396 810 feria
1414 789 1499 816 suta,
1515 784 1582 811 hora
1605 784 1657 811 diei
1683 785 1799 816 decima,

1014 837 1086 856 anno
1101 830 1215 864 proinde
1235 829 1296 862 760,
1317 834 1347 856 ut
1361 837 1393 857 ex
1407 829 1505 856 tabulis
1531 830 1722 857 astrononiicis
1736 836 1801 857 con-

172 880 315 902 memorat.
343 874 373 900 In
402 873 570 900 monasterio
597 877 722 899 versatus
746 872 801 908 (47)
824 872 918 907 procul
945 880 960 899 a
977 881 997 908 η
1012 878 1064 902 stat
1082 875 1149 910 (53).
1163 873 1196 901 Et
1211 874 1273 908 quia
1297 881 1386 901 annus
1402 875 1495 901 mundi
1509 874 1579 902 6253
1593 874 1668 910 Cpoli
1688 875 1799 909 incepit,

171 920 258 955 Cpoli,
275 919 417 954 diligenter
431 918 552 953 quidem.
572 922 601 945 ut
619 919 644 944 iu
662 926 711 945 suo
727 918 859 953 prooemio
877 922 961 945 testa-

173 970 216 992 tur
233 964 288 997 (4⁸)
306 963 442 990 volumina
461 963 577 998 plurima
600 963 775 996 examinavit,
792 964 839 991 sed
860 964 895 991 de
917 972 959 991 re-

172 1010 298 1037 centibus
311 1016 365 1036 non
382 1009 479 1040 multa,
497 1013 525 1035 ut
550 1009 676 1040 arbitror,
693 1015 839 1044 congerere
856 1007 960 1043 potuit;

172 1055 295 1090 sequitur
319 1054 345 1081 in
363 1054 406 1081 his
428 1055 588 1090 plerumque
613 1054 780 1081 Breviarium
803 1054 961 1089 Nieephori,

172 1101 216 1135 qui
230 1100 326 1127 Photio
350 1100 480 1135 probatus
503 1100 619 1135 scriptor
634 1100 744 1133 dicitur,
759 1100 806 1128 sed
829 1100 851 1127 is
874 1100 961 1127 histo-

171 1147 251 1178 riam,
265 1154 320 1173 non
339 1146 586 1182 chronographiam
613 1151 661 1174 aut
683 1147 796 1174 annales
811 1147 961 1174 contexuit.

171 1192 267 1220 Causis
283 1196 374 1220 autem
389 1193 490 1220 erroris
511 1192 585 1220 illius
597 1192 770 1227 assignandis
786 1193 847 1220 ideo
858 1193 961 1220 diutius

171 1239 347 1275 mitteremus,
372 1238 444 1273 quod
468 1238 495 1265 in
518 1238 649 1273 martyrio
673 1238 702 1265 S.
718 1237 849 1274 Stephani
869 1239 962 1274 lapsus

173 1284 272 1312 iterum
287 1284 432 1310 nonnullos
450 1283 602 1317 admiserit,
616 1288 645 1311 ut
662 1283 694 1310 ad
711 1291 795 1310 xxvm
810 1282 878 1312 Nov.
896 1283 962 1310 ube-

172 1330 229 1358 rius
243 1330 360 1358 dicetur.
382 1329 452 1362 Quid
477 1329 560 1365 igitur
581 1329 689 1361 mirum,
705 1329 769 1356 dum
797 1329 822 1356 iu
842 1328 960 1361 Menaeis,

172 1376 200 1402 in
216 1375 376 1410 Meuologiis
397 1375 557 1410 caeterisque
581 1375 657 1402 fastis
677 1372 780 1402 Gra:ci's
800 1374 914 1402 Δηὼ-επ
931 1374 962 1401 il-

172 1422 226 1448 lius
239 1421 366 1456 Calybitze
384 1421 549 1448 mentionem
563 1421 790 1455 qualemcumque
804 1420 962 1456 diligentius

171 1467 386 1502 quuircremus,
403 1467 476 1494 nulla
492 1474 542 1494 nos
558 1475 670 1502 usquam
692 1467 774 1502 hujus
789 1466 961 1502 cognominis

173 1513 287 1548 vestigia
303 1513 383 1540 obvia
407 1513 556 1540 habuisse?
570 1512 807 1540 Commemoratur
820 1518 910 1540 tamen
927 1513 961 1540 ab

172 1545 297 1586 omnibus
314 1559 340 1585 S.
357 1559 478 1586 Andreas
489 1559 637 1585 monachus
654 1559 704 1586 sub
715 1558 890 1594 Copronymo
901 1566 960 1593 pas-
975 1545 996 1574 θ

173 1612 220 1631 sus
234 1608 261 1631 et
275 1604 434 1639 plerumque
446 1604 526 1631 verba
543 1604 568 1630 in
579 1603 649 1630 Crisi
664 1609 849 1638 apponuntur.
862 1604 961 1639 Depre-

175 1650 324 1676 henderant
337 1650 442 1677 scilicet
457 1650 543 1677 Graeci
557 1650 687 1676 fastorum
705 1649 862 1683 scriptores.
879 1657 961 1684 quam

173 1695 338 1731 Theophane
353 1696 538 1723 all'erehantur
555 1703 615 1722 cum
629 1695 736 1722 cmteris
752 1695 925 1728 testimoniis,
939 1696 961 1723 si

175 1742 265 1768 minus
282 1742 486 1772 historicorum.
498 1747 525 1768 at
545 1748 619 1768 certe
635 1741 880 1777 hagiographorum
895 1749 961 1768 cou-

175 1792 246 1814 stare
266 1795 321 1814 non
342 1795 433 1821 posse,
448 1792 476 1814 et
492 1787 554 1814 ideo
569 1787 735 1822 Theophane
752 1787 894 1818 derelicto,
913 1787 961 1822 Sy-

175 1833 284 1860 nmaria
299 1840 346 1859 sua
361 1833 451 1867 potius
467 1840 498 1859 ex
513 1833 697 1866 Metaphraste
711 1833 805 1860 aliisve
830 1834 960 1859 Actorum

174 1878 366 1912 scriptoribus,
393 1882 422 1904 ut
449 1882 576 1904 ea‘terum
599 1877 758 1911 plerumqtle
783 1885 960 1910 consuevere,

176 1923 334 1958 depromere
348 1923 514 1950 maluerunt.
531 1922 618 1949 Latini
634 1929 649 1949 e
661 1921 799 1949 contrario
815 1922 960 1957 Theopha-

175 1976 236 1995 nem
251 1973 297 1995 aut
314 1969 374 2003 ejus
389 1969 566 2003 interpretem
579 1967 690 1995 Paulqu
705 1967 852 1993 Diarouum
864 1966 960 1998 secuti,

175 2012 238 2039 inde
253 2021 312 2047 qua:
327 2021 341 2040 a
360 2014 449 2048 priore
466 2012 579 2039 confusa
596 2012 706 2039 fuerant
725 2011 907 2039 retinuerunt.

210 2068 253 2094 17.
285 2068 319 2095 Ut
336 2073 426 2095 autem
450 2068 483 2094 ad
500 2068 586 2103 ipsum
600 2069 713 2104 gaunum
733 2067 873 2102 utriusque
888 2075 961 2094 mar-

176 2113 249 2150 tyrii,
267 2114 338 2141 Petri
355 2122 454 2149 nempe
470 2119 498 2142 et
512 2114 636 2147 Audrea‘,
655 2115 707 2147 iam
724 2114 905 2150 indagandum
918 2121 963 2141 ac-

176 2161 314 2194 cedamus,
340 2161 379 2188 sie
406 2160 580 2196 Theophanis
611 2161 691 2188 verba
714 2168 790 2188 nulli.
821 2161 855 2187 H
878 2160 961 2188 relata

175 2210 371 2240 consequenter
387 2206 420 2233 ad
438 2206 510 2233 dicta
525 2197 738 2241 interpretamur
754 2215 761 2232 :
777 2206 856 2233 Auno
867 2206 960 2233 mundi

175 2250 254 2281 62.55.
270 2259 317 2277 seu
335 2251 366 2278 21
385 2251 547 2287 Copronymi
576 2251 690 2286 contigit
714 2252 884 2286 martyrium,
905 2259 960 2278 non

177 2302 205 2322 ut
220 2296 401 2332 Theophanes
424 2297 529 2330 scribit,
555 2298 669 2324 Andrea:
693 2296 822 2332 Calybitat
849 2298 875 2322 in
899 2296 960 2323 Bla-

175 2343 296 2375 chernis,
314 2343 362 2369 sed
380 2342 452 2369 Petri
468 2342 596 2378 Calyhitaz
609 2343 637 2369 in
653 2342 829 2375 Blacheruis;
847 2348 873 2369 et
888 2350 960 2370 anno

175 2388 268 2414 mundi
287 2388 366 2421 6259,
385 2388 548 2423 Copronymi
575 2393 664 2414 autem
679 2388 724 2421 27,
747 2392 906 2422 martyrium
932 2389 960 2414 in

175 2434 335 2466 quihusdam
356 2434 454 2466 simile,
472 2437 518 2460 sed
533 2434 667 2460 diversam
695 2438 810 2460 mortem
827 2438 855 2460 et
869 2434 960 2468 sepul-

176 2486 263 2507 turam
280 2487 376 2509 nactus
390 2486 433 2509 est
454 2482 483 2509 S.
498 2482 632 2513 Andreas,
648 2482 692 2516 qui
708 2489 721 2508 a
737 2482 885 2516 sepulturae
900 2482 960 2509 loco

175 2527 262 2553 dictus
279 2532 320 2554 est
335 2527 360 2553 in
372 2527 452 2554 Crisi.
470 2528 505 2554 De
518 2535 598 2554 annis
611 2536 625 2554 a
637 2527 803 2562 Theophane
817 2528 960 2563 assignatis

174 2574 333 2608 jannludum
364 2573 551 2601 llensehenius
588 2574 742 2601 adverterat
781 2573 816 2601 ab
844 2574 959 2608 imperio

213 2639 267 2679 (μέ)
285 2639 658 2679 ΪιιυφνΙιεμιιτοιιοΞΓε-Εειὶ-ι.
672 2639 770 2679 Bonna,
788 2643 807 2666 t.
825 2639 885 2679 l,‘p_.
896 2639 958 2666 67d.

215 2675 269 2708 et?)
287 2675 315 2700 lu
332 2676 391 2708 ejus
404 2674 473 2706 Vita,
491 2681 510 2703 t.
528 2674 549 2702 ll
564 2675 663 2708 Martii,
676 2683 702 2710 p.
719 2675 782 2707 220,
801 2683 829 2701 ιι.
848 2675 878 2702 ιι
894 2680 956 2710 ctp.

176 2709 238 2735 217.
258 2715 314 2735 not.
326 2709 353 2735 It.

217 2717 238 2738 ι.
258 2717 314 2735 ιιυι.
326 2717 353 2736 κ.

212 2745 268 2779 (ιδ)
282 2745 422 2780 ιίροςνοίιη
438 2753 465 2780 p.
483 2746 510 2772 ὅ.

214 2780 270 2816 (te)
285 2779 320 2816 _'l‘.
334 2778 367 2807 Ill
382 2778 480 2813 Martii,
492 2789 521 2816 p.
537 2780 596 2815 vui,
614 2789 642 2809 ιι.
658 2781 699 2808 l7.

213 2815 267 2849 (50)
284 2814 364 2850 lbid.,
382 2823 410 2850 ρ.
429 2824 466 2849 Ix,
482 2814 511 2844 ιῖ.
526 2816 568 2843 18.

209 2850 269 2882 (bl)
282 2849 363 2884 lbid.,
377 2849 402 2884 p.
419 2860 437 2878 ι.

1013 928 1044 947 ex
1071 928 1146 948 tnore
1162 919 1330 952 Graecorum,
1344 927 1437 947 mense
1455 919 1610 955 Septembri
1635 920 1698 947 anni
1720 919 1801 956 760

1012 970 1043 994 ut
1065 974 1152 1001 usque
1174 966 1213 993 ad'
1234 966 1421 1002 Septembrem
1450 967 1514 993 anui
1548 966 1595 993 761
1624 967 1779 995 decurreret
1793 987 1800 1000 ,

1013 1012 1110 1040 exinde
1135 1011 1274 1046 probabile
1299 1012 1328 1039 ﬁt
1346 1012 1374 1040 S.
1397 1011 1507 1039 Petrum
1530 1012 1563 1039 de
1582 1011 1739 1040 Blachernis
1756 1019 1801 1041 ot:—

1013 1058 1098 1084 cisum
1118 1063 1178 1084 eSse
1196 1057 1239 1084 die
1253 1065 1297 1083 xvi
1315 1057 1375 1083 Maii
1389 1057 1452 1084 dicti
1475 1058 1539 1084 anni
1556 1057 1615 1084 761.
1629 1057 1703 1084 Diem
1724 1058 1799 1086 illum

1011 1104 1085 1130 enim
1119 1103 1238 1138 assignat
1275 1103 1483 1138 antiquissimus
1522 1103 1712 1138 Synaxaristes
1747 1103 1798 1131 Ms.

1012 1157 1092 1185 quem
1106 1148 1310 1184 Papebrochius
1325 1156 1339 1175 a
1358 1148 1493 1175 Cltimctio
1525 1153 1618 1176 nostro
1642 1149 1668 1175 in
1687 1148 1802 1185 collegio

1013 1195 1170 1224 Divionensi
1187 1195 1395 1222 exscribendum
1409 1195 1525 1230 accepit.

1048 1243 1093 1270 18.
1112 1244 1207 1270 Annus
1223 1242 1343 1277 martyrii
1367 1243 1396 1270 S.
1425 1243 1544 1270 Andreas
1570 1243 1598 1270 in
1619 1243 1687 1271 Crisi
1712 1243 1800 1277 dupli-

1013 1289 1081 1316 citer
1097 1288 1199 1323 inquiri
1229 1294 1261 1314 ac
1289 1287 1371 1315 statui
1398 1292 1498 1322 potest.
1518 1288 1625 1315 Primus
1649 1289 1745 1316 modus
1759 1295 1801 1316 est

1012 1335 1062 1363 iste
1090 1343 1096 1362 :
1129 1333 1281 1361 Memorant
1309 1333 1479 1368 Nicephorus
1507 1334 1564 1369 (54)
1596 1339 1625 1361 et
1656 1334 1801 1369 Theopha-

1012 1389 1062 1408 nes
1077 1381 1134 1416 (55)
1152 1380 1239 1407 varias
1249 1380 1414 1415 Copronymi
1431 1380 1622 1415 expeditiones
1641 1381 1802 1416 plerumque

1013 1427 1104 1455 felices
1117 1427 1144 1454 in
1163 1426 1300 1460 Bulgaros,
1314 1431 1342 1453 at
1351 1433 1431 1461 quam
1442 1426 1590 1453 indictione
1603 1432 1698 1462 quarta
1709 1435 1803 1454 mense

1011 1474 1141 1502 Januario
1167 1473 1298 1507 suscepit,
1325 1480 1397 1499 anno
1414 1472 1543 1500 nimirum
1571 1473 1631 1506 766,
1647 1473 1744 1501 iisdem
1762 1478 1803 1500 te-

1014 1519 1100 1546 stibus
1126 1518 1312 1545 infelicissima
1338 1517 1406 1549 fuit;
1425 1524 1458 1545 ex
1481 1525 1533 1552 qua
1559 1525 1658 1553 nempe
1686 1518 1802 1553 turpiter

1013 1562 1190 1589 meuseJulio
1208 1569 1335 1589 reversus
1348 1567 1399 1594 est,
1425 1570 1456 1589 ac
1472 1561 1564 1590 furore
1581 1563 1698 1597 quodam
1709 1571 1802 1591 corre-

1013 1613 1087 1644 ptus,
1104 1609 1214 1636 saevitia:
1232 1608 1259 1635 in
1278 1608 1426 1635 monachos
1441 1615 1473 1635 ac
1486 1613 1640 1636 sanctarum
1653 1609 1802 1645 imaginum

1013 1655 1131 1682 cultores
1148 1654 1293 1689 tragmdias
1317 1654 1399 1681 edere
1412 1654 1504 1689 cmpit.
1527 1653 1627 1682 Eadem
1655 1655 1804 1682 indictione

1009 1701 1195 1735 juramentum
1211 1700 1245 1727 ab
1261 1699 1389 1726 omnibus
1414 1699 1533 1727 subditis
1548 1700 1673 1735 exegisse
1691 1700 1802 1732 dicitur,

1012 1753 1065 1780 quo
1081 1745 1287 1773 venerationem
1317 1744 1482 1779 imaginibus
1496 1744 1524 1771 in
1544 1750 1684 1779 posterum
1702 1753 1731 1773 se
1748 1752 1803 1773 non

1012 1791 1183 1818 exhibituros
1205 1798 1264 1818 esse
1280 1790 1458 1825 sponderent.
1477 1790 1562 1817 l'orro
1571 1791 1629 1818 btet:
1653 1791 1759 1826 singula
1776 1791 1803 1818 in

1011 1837 1087 1865 Actis
1103 1837 1204 1864 nostris
1223 1836 1346 1871 utrisque
1370 1836 1534 1871 reperimus.
1559 1835 1598 1864 lbi
1625 1836 1677 1864 sub
1694 1844 1769 1863 num.
1787 1838 1805 1864 8

1012 1885 1071 1918 ipse
1096 1883 1285 1918 Coprouymus
1310 1883 1376 1910 dicit
1402 1891 1431 1910 se
1462 1884 1604 1910 decretum
1630 1883 1727 1910 tulisse
1750 1891 1805 1918 quo

1013 1930 1150 1965 plectendi
1170 1934 1245 1962 sunt,
1262 1929 1419 1964 quicunque
1432 1929 1564 1964 imagines
1590 1934 1802 1957 venerarentur.

1014 1976 1080 2003 Dein
1095 1983 1173 2002 num.
1190 1975 1224 2001 10
1238 1974 1361 2009 arguitur
1375 1983 1390 2002 a
1404 1975 1433 2002 S.
1449 1976 1556 2002 Andr-ea
1572 1975 1645 2009 quod
1663 1975 1762 2002 bellum
1775 1975 1803 2002 in

1014 2022 1148 2049 Barbaros
1168 2021 1326 2056 ordiuisque
1348 2021 1450 2056 politici
1473 2021 1737 2047 administrationem
1753 2028 1802 2047 ne~

1012 2067 1138 2104 glexerit,
1157 2075 1188 2095 ac
1208 2067 1355 2102 superbum
1376 2066 1496 2093 animum
1523 2066 1549 2092 in
1572 2066 1739 2094 Christianos
1756 2066 1804 2093 de-

1012 2119 1166 2142 monstrare
1195 2113 1332 2140 statuerit.
1357 2112 1491 2139 Praeterea
1510 2119 1585 2139 num.
1601 2111 1617 2138 6
1640 2116 1668 2138 et
1689 2111 1715 2145 7,
1737 2112 1802 2139 dum

1014 2160 1043 2188 S.
1062 2161 1182 2187 Andreas
1211 2160 1329 2194 primum
1358 2166 1449 2185 coram
1481 2158 1647 2193 imperatore
1664 2158 1801 2192 apparuit,

977 2219 999 2249 υ
1013 2205 1164 2241 permultos
1181 2206 1284 2233 invenit
1299 2205 1443 2240 qutestioui
1467 2204 1616 2239 subjectos.
1641 2203 1734 2231 nervis
1753 2203 1802 2231 bu-

1012 2252 1084 2279 bulis
1096 2259 1192 2283 cassos,
1212 2251 1353 2277 oculorum
1374 2250 1520 2277 eilossione
1534 2250 1679 2281 cruciatos,
1695 2249 1802 2283 aliaque

1012 2297 1110 2324 similia
1126 2304 1230 2331 passos,
1247 2303 1307 2330 quae
1320 2303 1333 2321 a
1354 2295 1461 2322 duobus
1473 2295 1609 2330 praedictis
1624 2294 1803 2328 scriptoribus

1012 2347 1075 2370 ante
1097 2339 1286 2368 indictiouenr
1302 2346 1424 2375 quartam
1451 2348 1585 2374 nusquam
1613 2345 1800 2372 recensentur,

1011 2389 1058 2415 sed
1071 2395 1101 2414 ea
1112 2387 1260 2414 indicrione
1272 2385 1367 2412 iisdem
1377 2392 1446 2420 pene
1473 2385 1563 2412 verbis
1577 2386 1712 2420 descripta
1725 2391 1800 2417 sunt,

1013 2433 1050 2460 uti
1065 2438 1092 2459 et
1108 2432 1237 2466 deinceps
1252 2430 1354 2466 pluries
1370 2430 1437 2466 (56).
1453 2431 1491 2457 Ex
1508 2431 1551 2457 his
1566 2431 1647 2465 igitur
1661 2437 1734 2458 recte
1744 2437 1800 2458 sta-

1013 2481 1113 2507 tuimus
1129 2483 1192 2506 ante
1223 2477 1402 2504 indictionem
1421 2477 1492 2503 illam
1507 2477 1545 2509 id,
1568 2483 1610 2504 est
1623 2482 1685 2504 ante
1699 2485 1801 2504 annum

1013 2526 1063 2553 766
1080 2526 1108 2553 S.
1123 2525 1238 2552 Andreas
1254 2523 1411 2558 martyrium
1428 2530 1481 2549 non
1494 2522 1651 2558 contigisse.

1047 2572 1090 2600 t9.
1110 2572 1186 2599 A’ter
1214 2570 1321 2603 modus,
1344 2577 1397 2605 quo
1419 2570 1538 2605 pressius
1556 2577 1657 2596 annum
1679 2568 1800 2605 martyrii

1046 2639 1102 2675 (52)
1117 2635 1527 2675 Theophanisﬂghronographia
1536 2643 1567 2662 ex
1585 2634 1744 2662 recensione
1754 2634 1797 2663 J0.

1010 2672 1142 2702 Classeni.
1159 2673 1259 2700 Bonna:
1273 2672 1352 2700 1859.

1047 2709 1104 2744 (55)
1121 2709 1216 2744 Artde
1232 2706 1631 2744 vérrifalesdates,édit.1783,
1648 2710 1666 2732 ι.
1681 2705 1702 2738 l,
1715 2713 1741 2739 p.
1755 2705 1800 2732 66.

1047 2741 1107 2779 (54)
1123 2743 1151 2770 S.
1177 2742 1322 2779 Nicephm'i
1353 2742 1427 2769 Patr.
1447 2741 1525 2775 Cpol.
1551 2741 1720 2774 Breviarum,
1746 2744 1800 2767 etc.

1011 2778 1084 2808 Edit.
1099 2778 1200 2810 Boun.,
1211 2785 1238 2812 p.
1250 2778 1282 2804 77
1299 2782 1327 2804 et
1340 2785 1415 2812 seqq.

1045 2815 1102 2850 (55)
1119 2813 1183 2850 hoc.
1202 2811 1262 2850 eit.,
1279 2817 1298 2840 t.
1313 2812 1334 2844 l,
1347 2820 1376 2850 p.
1389 2811 1452 2850 69f.

1048 2820 1102 2850 [55)
1119 2820 1183 2840 hoc.
1202 2820 1262 2844 ρει..
1279 2820 1298 2840 ι.
1314 2820 1334 2844 ι,
1389 2820 1452 2839 ovi.

1048 2850 1104 2886 (56)
1120 2849 1295 2884 'l‘heophan.,
1314 2853 1333 2875 t.
1359 2868 1366 2881 ,
1385 2855 1412 2882 p.
1430 2847 1480 2875 677
1499 2851 1527 2874 et
1546 2853 1623 2882 seqq.
