2067 3150
253 143 321 174 mils

893 137 1034 167 MENSIS
1054 134 1238 166 OCTOBER.

1816 129 1885 162 ltf-ﬁ

251 200 280 225 s.
299 197 414 224 Andreae
428 194 644 223 determinamus
661 194 706 221 hic
721 199 763 220 est
783 191 988 227 :Theopliancs
1008 190 1041 217 ad
1055 194 1079 224 Α
1093 187 1293 217 Grammaticus
1318 186 1429 218 Suidas.
1446 185 1556 214 tradunt
1581 185 1615 213 ad
1640 186 1736 214 Divum
1763 185 1886 214 Hamas-

251 252 351 272 annuni
367 243 436 270 6259
450 249 511 269 atra:
527 240 681 271 mundanw,
697 244 726 266 ut
741 239 842 266 dictum
860 242 902 264 est
917 245 993 264 mini.
1008 237 1041 263 H

251 295 278 318 et
296 290 340 322 i7,
358 289 518 325 martyrium
545 287 572 314 S.
598 287 670 314 Petri
691 286 788 320 stylitie
802 292 866 312 eum
888 283 916 310 S.
933 283 1041 310 Andrea

251 334 423 367 commutati,
440 336 655 364 commemorat;
672 331 721 358 sed
747 330 779 358 ad
793 330 920 357 eumdem
940 336 1041 356 annum

251 381 331 408 etiam
349 379 528 406 indictioneni
545 377 676 413 signavit,
696 375 769 411 quod
798 375 864 402 satis
884 374 1043 409 frequenter

251 427 360 462 quidem
373 425 449 457 facit,
464 433 517 452 non
537 429 627 451 tamen
652 423 764 457 tibique.
780 420 895 454 Quando
910 426 1000 446 autem
1017 418 1043 445 id

252 472 326 502 facit.
344 472 440 506 l'agius
453 471 552 505 aliique
568 470 721 505 gravissimi
746 469 895 504 scriptores
924 473 979 492 non
991 465 1044 492 du-

252 518 341 544 bitant
358 517 537 543 indietionem
555 523 609 550 prie
630 522 683 542 aera
696 514 868 541 Antiocheua
886 510 1042 543 admittere,

253 571 305 598 qua
323 562 508 598 Theophanes
527 563 622 593 utitur,
636 562 700 588 licet
723 560 885 596 profiteatur
906 565 935 585 se
961 563 1043 584 a-ram

252 607 315 635 Julii
330 609 449 635 Al‘rieani
465 607 596 635 adbibere
604 607 673 642 (57).
691 606 753 633 Mihi
767 611 857 632 tamen
873 608 1043 638 compertum

253 659 295 683 est
310 661 390 681 atram
403 654 547 689 aliquoties
563 660 635 680 recte
648 651 774 688 proferri,
793 659 854 678 cum
877 656 991 677 errouea
1004 648 1044 675 in-

253 700 384 732 dictione,
404 699 522 734 exenipli
538 707 620 727 causa
637 699 670 726 ad
684 706 729 726 an.
754 697 834 729 6253,
849 701 878 724 ut
891 704 922 723 ei
938 695 1044 730 adjecta

253 747 365 782 eclipsis
385 747 552 774 indicatione
582 746 759 774 inanifesuim
783 749 835 772 est.
850 744 929 770 l‘atet
943 742 1045 770 nihilo-

253 792 344 819 minus
359 799 433 819 recte
451 793 551 827 egisse.
566 793 612 826 qui
629 792 793 819 iiidictiones
815 789 963 817 universiin
977 796 1045 823 pra:-

253 837 386 864 tulerunt.
403 837 443 864 Ad
470 837 543 864 hunc
559 837 642 872 igitur
656 844 758 863 annum
777 835 847 862 6259
862 833 1045 868 Theophanes

1093 238 1147 261 tem
1166 238 1276 268 pontem
1304 233 1388 260 fuisse
1414 232 1557 260 duodecim
1584 231 1734 259 fomitibus
1757 238 1888 260 constan-

1094 284 1164 311 tem;
1184 279 1276 306 multae
1293 279 1365 306 enim
1391 286 1468 312 aqua:
1488 286 1521 305 eo
1544 277 1711 305 deﬂuebant.
1738 278 1887 314 Theoplizic

1093 333 1143 352 iies
1158 325 1252 360 igitur,
1269 334 1330 352 cuin
1351 324 1386 352 de
1408 324 1510 352 ﬂuento
1534 325 1717 352 determinato
1746 326 1886 360 loquatur,

1094 375 1124 398 ut
1138 376 1212 406 patet
1225 379 1256 398 ex
1271 371 1378 406 adjecto
1395 371 1511 398 articulo
1533 371 1583 406 τῷ,
1601 371 1650 399 has
1671 379 1757 405 aquas
1781 374 1814 398 ad
1842 372 1888 399 Di-

1095 426 1159 444 vum
1174 417 1337 445 Mamantem
1354 417 1498 453 designat;
1517 418 1569 445 nisi
1596 417 1668 445 forte
1687 418 1779 445 sinum
1802 418 1889 446 Cera-

1096 463 1197 496 tinum,
1215 464 1260 498 qui
1274 472 1307 491 ex
1325 463 1447 499 Bosporo
1461 471 1557 491 versus
1580 464 1758 491 Occidentem
1779 472 1808 491 se
1825 472 1890 499 por-

1096 509 1169 545 rigit,
1187 509 1304 537 voluerit
1327 510 1492 545 signiﬁcare.
1523 510 1561 537 Ita
1579 510 1746 538 intellexisse
1772 510 1888 539 Goarius

1096 556 1212 589 videtur,
1239 555 1285 591 qui
1312 556 1393 583 vertit
1412 555 1545 582 ﬂuentum
1575 556 1660 582 maris
1689 556 1766 590 (65):
1793 565 1886 584 verum

1097 601 1187 637 ῥεῦμα
1210 601 1244 628 de
1267 601 1358 628 ﬂuviis
1373 608 1523 636 eorumque
1536 601 1637 635 impetu
1660 601 1769 633 dicitur.
1783 610 1838 629 non
1854 603 1889 630 de

1096 648 1159 675 sinu
1174 648 1274 681 maris;
1303 655 1393 683 neque
1420 648 1515 679 etiam,
1533 649 1556 675 si
1583 647 1653 675 sinui
1682 648 1811 676 Ceratizio
1836 649 1889 677 hoc

1097 701 1197 721 nomen
1216 694 1289 729 apud
1307 694 1473 730 Byzantinos
1501 696 1650 730 scriptores
1676 695 1828 730 obtigisset,
1861 695 1889 723 id

1096 740 1226 776 Gyllium,
1247 741 1380 776 Cangium
1403 741 1472 776 (64),
1499 741 1623 775 aliosque
1649 741 1774 776 fugisset.
1801 740 1889 768 Porro

1096 786 1176 813 docet
1195 786 1311 821 Gyllius,
1329 786 1460 820 templum
1475 790 1502 812 et
1517 786 1622 813 circum
1648 785 1706 812 Divi
1731 785 1888 818 Mamantis,

1099 833 1137 860 uti
1155 838 1180 861 et
1199 834 1330 868 palatium
1347 834 1381 860 ab
1397 841 1430 861 eo
1446 834 1563 865 dictum,
1589 834 1641 860 sita
1670 833 1754 860 fuisse
1774 833 1801 859 in
1827 833 1890 860 Bla-

253 882 432 910 indictionein
467 883 555 918 signat
583 883 625 909 his
650 881 743 909 verbis
773 881 856 915 (58):
878 879 935 906 Hoc
962 885 1046 911 anno,
1065 873 1224 913 Bchernis,
1250 884 1327 906 extra
1359 887 1454 906 muros
1482 879 1600 906 civitatis
1632 879 1700 915 (65).
1733 879 1891 906 Blachema

253 928 357 956 mensis
385 928 511 955 Octobris
535 929 578 955 die
601 931 690 961 sexto,
715 927 865 955 indictione
893 931 968 953 sexta
992 930 1044 952 etc.

253 973 355 1002 Verum
372 975 429 1002 lucc
446 975 558 1001 indictio
572 981 634 1001 cum
651 981 723 1000 anno
739 972 809 1000 6259
826 979 887 1000 a'rie
903 971 1048 998 mundana

255 1028 309 1047 non
326 1021 485 1052 concordat,
503 1028 564 1047 eum
580 1028 613 1046 ex
630 1020 722 1055 regula
741 1018 770 1046 S.
786 1018 894 1045 Maximi
909 1017 1047 1053 (ἕψεται

255 1067 380 1094 addenda
401 1067 437 1093 sit
455 1067 556 1096 unitas,
572 1066 636 1094 dein
652 1065 787 1093 divisione
800 1065 924 1092 instituta
941 1071 989 1098 per
1002 1063 1046 1096 l5,

254 1113 327 1147 quod
356 1113 490 1147 reliquum
517 1118 570 1144 est,
596 1111 776 1138 indietioncni
806 1109 914 1137 eﬂicere
937 1109 1045 1136 debeat.

252 1157 338 1184 Porro
353 1158 403 1185 hac
414 1157 544 1185 ineihudo
559 1158 603 1185 hic
613 1165 668 1185 non
681 1164 739 1189 sex,
752 1157 799 1184 sed
809 1158 927 1192 quinque
943 1159 1046 1183 tantum

252 1205 420 1232 obtinemus.
440 1205 622 1232 Nihilominus
646 1204 827 1232 indictionem
851 1203 895 1231 hic
912 1208 985 1230 recte
1000 1203 1048 1230 ad-

253 1249 349 1281 scribi,
365 1249 468 1283 duplici
483 1249 525 1276 via
544 1250 677 1276 firmatur.
695 1248 799 1281 Primo,
812 1248 876 1282 quia
901 1245 1048 1282 Theopha-

253 1301 303 1321 nes
330 1295 364 1320 ad
389 1301 491 1321 annum
520 1299 705 1329 sequentem,
735 1293 887 1320 indictione
911 1292 1045 1326 septima,

253 1339 350 1366 scribit
367 1339 437 1366 diem
453 1347 460 1366 i
479 1340 580 1375 Aprilis
598 1340 682 1367 fuisse
706 1340 778 1366 diem
793 1338 903 1366 Salibali
924 1338 998 1372 ((50);
1014 1344 1047 1364 ex

253 1392 307 1420 quo
322 1386 498 1413 manifestum
525 1391 587 1417 est,
605 1386 782 1413 indictionem
807 1385 880 1412 illam
901 1385 1046 1419 septimam

252 1436 327 1458 recte
343 1431 479 1464 adscribi;
497 1439 561 1467 ergo
582 1437 609 1459 et
619 1432 653 1459 ad
667 1432 866 1466 priceedentem
881 1435 954 1458 recte
970 1436 1047 1458 sexta

253 1477 389 1511 adscripta
405 1480 457 1504 est.
474 1476 607 1504 Praeterea
619 1478 652 1504 ad
667 1477 737 1503 hanc
749 1476 928 1504 indictionem
942 1480 1047 1502 sextam

253 1522 344 1557 signat
361 1521 545 1558 Theophanes
564 1530 666 1549 annum
680 1523 800 1557 primum
813 1522 944 1557 Stephani
957 1529 1046 1557 papae;

253 1568 328 1603 atqui
348 1576 444 1604 reapse
462 1569 622 1604 Sti-plianus
636 1569 681 1601 ΙΙΙ,
701 1569 753 1596 hac
776 1569 939 1601 indictione,
954 1576 1048 1596 mense

251 1615 375 1649 Augusto
399 1615 503 1641 electus
527 1619 569 1642 est
589 1614 657 1649 (61).
681 1615 727 1641 Sic
750 1615 868 1642 stabilita
898 1614 1049 1641 indictione

252 1667 305 1695 qua
319 1667 415 1694 passus
431 1666 473 1686 est
488 1660 517 1686 S.
534 1660 657 1686 Andreas
684 1659 711 1686 in
731 1660 810 1686 Crisi.
825 1668 875 1695 pro
888 1667 943 1695 quo
959 1659 1050 1687 Theo-

254 1706 359 1740 phanes
373 1705 484 1732 Petrum
501 1706 534 1732 de
557 1705 715 1732 Blacliernis
730 1705 809 1738 dixit,
827 1705 909 1733 facile
932 1706 989 1740 ipse
1001 1713 1050 1732 an-

253 1757 306 1777 nus
333 1751 450 1777 cruitur.
474 1751 582 1777 Etenim
609 1751 635 1777 in
664 1751 738 1778 Actis
773 1751 875 1778 nostris
900 1752 1048 1786 prioribus,

255 1796 415 1832 martyrium
440 1797 586 1830 contigisse
607 1796 706 1823 dicitur
728 1796 772 1824 die
802 1805 835 1823 xx
860 1796 994 1830 Octobris,
1015 1805 1047 1825 ex

253 1849 312 1876 quo
327 1841 414 1876 palam
434 1841 463 1868 fit
479 1841 544 1868 iilud
563 1849 634 1868 anno
650 1841 700 1868 767
715 1842 878 1876 aﬂigendum
893 1849 963 1869 esse.

287 1887 334 1915 20.
363 1889 457 1914 Annus
473 1888 595 1923 martyrii
614 1888 643 1915 S.
662 1888 778 1916 Andrca
800 1888 828 1915 in
842 1888 912 1916 Crisi
934 1895 988 1915 uno
1011 1893 1049 1915 te-

254 1941 323 1962 nore
338 1942 400 1962 eum
417 1934 464 1961 illo
489 1942 542 1969 quo
559 1942 655 1969 passus
681 1939 724 1962 est
748 1934 776 1962 S.
806 1935 907 1962 Petrus
935 1935 968 1961 de
986 1934 1047 1962 Bla-

258 1980 380 2013 chernis,
397 1981 610 2008 constituendus
626 1981 687 2013 fuit,
704 1981 766 2009 licet
789 1981 920 2008 nonnulla
937 1981 970 2008 de
1001 1989 1048 2016 po—

255 2027 373 2053 stcriore
400 2032 497 2054 sancto
527 2027 640 2054 dicenda
665 2028 814 2062 supersint.
842 2027 948 2063 Corpus
976 2028 1046 2061 ejus,

256 2078 400 2107 postquam
419 2071 446 2098 in
464 2072 539 2098 circo
568 2071 629 2099 Divi
658 2071 803 2100 Mamantis
823 2072 914 2108 ﬂagris
936 2072 1049 2099 interfe-

255 2123 317 2145 ctus
346 2122 398 2150 est,
424 2118 623 2155 projiciendiiin
653 2123 713 2145 erat
741 2120 767 2145 in
788 2117 919 2146 ﬂuentum
954 2121 1048 2154 (supra

258 2171 336 2190 nunt.
355 2163 389 2190 ﬂ
405 2167 493 2198 seqq.)
509 2164 538 2190 tv
555 2164 593 2199 τῷ
611 2165 741 2199 ῥεύματι,
760 2169 789 2192 ιιι
801 2166 984 2200 Ἰἰιοοριιςιιιεε
1008 2166 1048 2192 lo-

1099 927 1172 952 enim
1189 926 1293 953 audivit
1306 926 1397 952 omnis
1413 925 1498 960 legio,
1515 933 1576 959 qua:
1589 924 1661 951 inter
1676 924 1804 959 angulum
1818 923 1891 960 ϐρο-

1099 971 1133 998 lis
1150 971 1350 999 occidentalem
1368 975 1395 998 et
1425 971 1515 997 sinum
1544 970 1704 997 Ceratinuui
1729 970 1813 1004 jacet,
1835 977 1890 1004 quo

1099 1018 1160 1045 sinu
1175 1017 1271 1044 civitas
1287 1024 1302 1044 a
1326 1016 1522 1051 Septontrione
1550 1016 1704 1049 clauditur;
1736 1015 1780 1043 hic
1807 1015 1889 1043 etiam

1099 1063 1234 1091 decimam
1261 1069 1385 1097 quartam
1412 1062 1504 1097 Cpolis
1538 1063 1676 1098 regionem
1709 1061 1792 1089 fuisse
1816 1061 1890 1088 idem

1099 1110 1201 1145 Gyllius
1215 1109 1368 1137 constituit.
1389 1109 1427 1136 De
1439 1109 1506 1136 locis
1525 1108 1578 1136 illis
1593 1108 1670 1143 plura
1694 1107 1794 1135 videsis
1818 1107 1891 1143 apud

1098 1155 1318 1190 Papebroeliiuin
1337 1154 1372 1181 ad
1385 1155 1456 1181 diem
1470 1162 1515 1181 xvi
1531 1153 1592 1180 Maii
1618 1153 1674 1188 (66)
1704 1157 1732 1180 et
1761 1153 1789 1180 in
1821 1160 1891 1187 ιιι-ξιξ-

1099 1202 1174 1229 claro
1187 1209 1270 1236 opere
1288 1200 1382 1236 Cangii
1408 1200 1593 1235 quod'Cpolis
1614 1199 1769 1227 Christiana
1794 1199 1892 1226 inscri-

1099 1248 1174 1276 bitur
1189 1247 1257 1283 (67).

1133 1293 1177 1320 21.
1196 1292 1354 1327 Emporium
1381 1291 1518 1322 Leucadii,
1535 1290 1563 1318 in
1578 1298 1632 1326 quo
1660 1296 1770 1317 sorores
1794 1288 1823 1316 S.
1838 1288 1891 1316 Pe-

1101 1337 1135 1364 tri
1152 1337 1185 1364 de
1201 1335 1362 1364 Blachernis
1388 1336 1449 1370 ejus
1471 1339 1572 1370 corpus
1600 1335 1779 1370 sepelierunt,
1800 1334 1892 1362 diver—

1101 1392 1161 1411 suin
1178 1391 1231 1410 non
1244 1387 1287 1410 est
1302 1390 1316 1409 a
1333 1383 1394 1410 loco
1413 1390 1495 1417 quem
1513 1382 1657 1417 Dionysius
1676 1381 1841 1417 Byzantinus
1861 1381 1890 1409 in

1098 1430 1206 1464 Anaplo
1220 1428 1333 1464 Ecspori
1352 1429 1412 1463 (68)
1431 1428 1577 1464 Lycadium
1605 1429 1824 1463 promontorium
1848 1428 1891 1455 di-

1099 1476 1146 1509 cit,
1159 1481 1274 1511 eratque
1291 1476 1318 1503 in
1333 1475 1424 1503 littore
1448 1474 1573 1502 orientali
1599 1474 1725 1509 BospOii,
1752 1482 1806 1501 non
1828 1482 1892 1509 pro-

1100 1523 1144 1550 cul
1161 1531 1175 1549 a
1191 1522 1353 1559 Chi'ysopoli
1368 1522 1462 1549 situm.
1477 1521 1590 1548 Constat
1606 1521 1632 1547 id
1649 1521 1747 1548 iterum
1759 1529 1791 1547 ex
1804 1519 1893 1547 Chro—

1102 1570 1173 1598 nieis
1193 1570 1336 1605 Symeonis
1356 1569 1475 1604 Magistri
1490 1568 1558 1604 (69),
1570 1567 1677 1603 Georgii
1691 1568 1817 1595 monachi
1832 1567 1889 1603 (70)

1102 1621 1130 1643 et
1147 1616 1346 1643 cotitinnatoris
1361 1615 1488 1650 aiionyini
1503 1614 1679 1649 Theophanis
1695 1613 1763 1649 (7i).
1790 1615 1892 1649 Empo-

1102 1662 1135 1689 rii
1153 1666 1244 1688 autem
1261 1662 1385 1693 nomine,
1401 1661 1471 1696 quod
1485 1661 1552 1687 locis
1564 1660 1596 1686 ad
1613 1667 1687 1686 mare
1703 1659 1762 1686 sitis
1779 1660 1892 1694 potissi-

1101 1715 1176 1734 mum
1192 1707 1274 1734 tribui
1295 1712 1388 1734 notum
1403 1711 1454 1738 est,
1469 1714 1524 1733 non
1539 1705 1686 1740 improprie
1714 1705 1758 1732 hic
1777 1705 1892 1740 insigni-

1104 1758 1160 1780 tur.
1182 1753 1268 1780 l‘orio
1283 1754 1357 1780 locus
1378 1753 1450 1780 idem
1468 1753 1589 1785 omnino,
1608 1752 1743 1787 siquidem
1760 1753 1793 1779 ad
1813 1761 1892 1779 cum-

1102 1798 1163 1826 ιιι-ιιι
1181 1807 1283 1825 anitum
1307 1797 1405 1825 similia
1423 1798 1524 1832 ubique
1544 1798 1577 1824 de
1602 1805 1635 1824 eo
1658 1802 1855 1827 memorantur.
1877 1806 1893 1825 a

1105 1843 1242 1879 Symeone
1255 1849 1282 1870 et
1297 1842 1405 1870 Joanne
1418 1841 1534 1877 Scylitza
1559 1841 1715 1870 Leucatiuui
1731 1844 1806 1870 audit
1823 1843 1892 1878 (72).

1100 1897 1116 1917 a
1133 1889 1240 1916 caeteris
1252 1897 1319 1916 vero
1333 1889 1482 1921 Leucates;
1499 1889 1676 1923 quamobrem
1698 1889 1842 1916 manifeste
1857 1890 1892 1916 de

1102 1943 1136 1964 eo
1154 1936 1194 1971 agi
1212 1936 1332 1968 videtur,
1346 1935 1380 1962 ad
1401 1935 1471 1962 diem
1488 1943 1552 1962 xxiii
1568 1934 1644 1968 Julii,
1661 1935 1706 1962 ubi
1722 1936 1756 1963 de
1771 1935 1800 1964 S.
1813 1936 1893 1964 Anna

1100 1983 1130 2010 ὲν
1149 1982 1188 2018 τῷ
1205 1983 1334 2019 Δεύκατῃ
1349 1982 1444 2009 Pinius
1469 1987 1563 2010 noster
1594 1982 1704 2010 disserit
1732 1983 1800 2018 (75).
1827 1983 1894 2010 Pro-

1104 2029 1271 2056 montorium
1292 2029 1366 2056 enim
1395 2029 1528 2056 Leucatas
1553 2028 1595 2055 vel
1626 2028 1776 2056 Leueactas
1806 2037 1893 2064 prope

1103 2076 1290 2104 Nicomediam
1306 2076 1333 2102 in
1350 2074 1487 2110 Bithynia,
1501 2079 1528 2102 ut
1541 2079 1639 2102 caetera
1652 2075 1770 2107 mittam,
1783 2077 1894 2112 longius

1105 2130 1120 2149 a
1135 2122 1211 2156 Cpoii
1226 2122 1352 2149 dissitum
1367 2117 1428 2153 fuit,
1443 2128 1524 2155 quam
1548 2125 1577 2148 ut
1597 2121 1660 2148 illuc
1689 2121 1718 2148 S.
1751 2122 1829 2149 Anna
1857 2123 1892 2149 ad

1102 2168 1296 2203 imperatorem
1314 2167 1446 2194 Basilium
1468 2165 1654 2199 Macedonem,
1677 2175 1692 2194 a
1712 2176 1767 2203 quo
1791 2169 1893 2196 dicitur

258 2210 363 2244 quitur,
378 2210 426 2236 sed
442 2210 502 2244 ejus
515 2217 623 2237 sorores
637 2210 726 2245 ipsum
751 2211 907 2244 eﬂerentes,
930 2211 957 2238 in
976 2211 1047 2238 Leu-
1063 2217 1086 2245 1)
1103 2214 1129 2240 in
1148 2219 1277 2247 spousam
1295 2213 1477 2247 expostulata,
1492 2219 1521 2240 se
1534 2212 1683 2241 conferret.
1697 2212 1782 2241 Nobis
1798 2219 1891 2242 autem

256 2257 342 2284 cadiae
359 2259 483 2292 emporio
498 2257 645 2292 sepultura:
664 2257 841 2284 mandarunt.
858 2258 942 2290 Quale
963 2258 1046 2285 fuerit

257 2304 332 2331 istud
359 2303 507 2336 ﬂuentum,
536 2303 616 2331 facile
640 2304 776 2339 colligitur
803 2312 836 2331 ex
858 2304 1045 2340 Topographia

255 2350 399 2384 Cpolilana
426 2350 498 2378 Petri
516 2350 609 2386 Gyllii,
625 2352 696 2386 apud
711 2359 791 2386 quem
820 2351 867 2378 lib.
892 2359 916 2378 iv
941 2359 1000 2386 cap.
1018 2359 1044 2377 \‘l

250 2398 315 2430 _hazc
328 2397 454 2431 leguntur
470 2397 525 2432 (62)
545 2405 552 2424 :
570 2397 630 2424 Non
648 2397 768 2424 historici
796 2396 887 2428 modo,
904 2396 951 2424 sed
962 2396 1043 2424 etiam

292 2464 349 2499 (57)
367 2465 506 2497 Petavius,
523 2466 560 2493 De
575 2466 700 2494 doctrina
718 2471 883 2500 temporum,
897 2465 937 2493 Ad
951 2471 1046 2493 aucta-

256 2499 339 2536 riuin,
355 2505 422 2536 ete._,
438 2501 486 2536 lib.
508 2509 567 2534 vui,
581 2509 641 2536 cap.
660 2510 666 2529 i
688 2507 715 2528 et
731 2499 782 2534 iv,,
805 2506 824 2528 t.
847 2501 889 2533 Ill,
903 2509 930 2535 p.
953 2501 1003 2528 l53
1020 2506 1047 2528 et

256 2535 300 2562 '15.
317 2535 388 2562 Edit.
405 2534 553 2570 Andwerp.
568 2534 799 2570 (Amsteloduni)

291 2570 348 2607 (58)
364 2570 504 2607 Ϊιιεοριιη
516 2572 569 2607 loc.
584 2572 644 2601 cit..
659 2580 684 2607 p.
698 2572 760 2598 681.

290 2606 348 2643 (56)
361 2606 498 2643 ᾓςιενιιιε,
517 2606 570 2643 loc.
587 2608 646 2640 eit.,
660 2606 725 2643 cap.
741 2616 765 2643 vi,
784 2615 812 2643 ι).
834 2608 896 2636 161.

291 2640 348 2678 (60)
363 2641 505 2678 :i‘lieuph.,
522 2641 574 2678 Ioc.
591 2643 651 2675 cit.,
712 2642 775 2668 686.

291 2677 347 2711 (6|)
362 2675 496 2704 Baronius
507 2682 534 2704 et
549 2677 656 2712 Pagius,
667 2675 703 2705 ad
719 2685 763 2705 an.
778 2675 841 2711 768,
861 2686 936 2707 num.
954 2679 977 2706 1.

255 2711 350 2772 mg?)
365 2711 485 2739 Gronovi
502 2711 638 2748 Antiqiiit.
651 2712 751 2746 Crine,
772 2719 791 2742 t.
805 2715 849 2748 Vl,
867 2716 920 2742 col.
938 2715 1008 2742 5525
1022 2718 1050 2741 et

293 2782 352 2819 (iiii)
367 2781 484 2819 Theoph
500 2803 507 2816 ,
525 2783 580 2812 loc.
594 2784 654 2817 eit.,
667 2792 695 2819 p.
712 2784 776 2812 667.

364 2817 421 2857 (_.'l'r.
441 2817 717 2857 tanienflossarium
730 2820 852 2847 Graecum
866 2821 898 2847 νο
913 2819 1013 2855 ῥεῦμα.

277 2851 350 2885 dli-3)
369 2851 398 2878 L.
415 2862 453 2886 c.,
468 2855 520 2881 col.
535 2855 605 2881 53‘22
619 2859 646 2881 ct
661 2862 736 2888 seqq.

1101 2268 1156 2287 non
1173 2259 1270 2286 inutile
1291 2259 1377 2286 visum
1391 2263 1443 2291 est,
1456 2259 1538 2286 situm
1554 2259 1674 2294 Eniporii
1700 2260 1783 2292 illius.
1813 2261 1893 2297 cuqu

1104 2306 1266 2340 frequenter
1281 2304 1420 2341 Byzantini
1432 2305 1580 2340 scriptores
1596 2306 1757 2339 meminere,
1779 2306 1823 2334 hic
1841 2315 1891 2334 ae-

1103 2356 1197 2378 ciirate
1215 2351 1365 2385 assignare.
1382 2350 1514 2378 Addimus
1534 2350 1632 2382 solum,
1650 2351 1677 2378 in
1702 2356 1834 2386 quantum
1857 2360 1892 2379 ex

1100 2397 1198 2433 Gyllio,
1215 2397 1319 2432 Cangio
1331 2400 1359 2423 et
1373 2396 1481 2423 erudito
1495 2397 1650 2431 geographo
1666 2397 1808 2425 llammers
1820 2398 1889 2434 (Π),

1135 2466 1191 2501 (66)
1206 2465 1238 2492 τ.
1255 2464 1288 2492 ιιι
1303 2464 1377 2496 Maii,
1391 2472 1418 2501 ρ,
1439 2463 1502 2501 625,

1133 2499 1192 2537 (67)
1209 2501 1326 2537 ιιικιν,
1344 2508 1370 2534 p.
1386 2499 1430 2532 δ’ὁ,
1448 2508 1477 2526 n.
1490 2499 1518 2532 6,
1532 2503 1560 2526 ct
1583 2507 1610 2535 ι).
1630 2500 1691 2534 lii,
1707 2508 1735 2528 ιι.
1753 2501 1788 2534 3;
1801 2501 1850 2530 lib.
1869 2511 1891 2536 I,

1332 2569 1465 2603 Grouov.,
1488 2570 1543 2597 loe.
1566 2570 1628 2603 eit.,
1651 2570 1704 2598 col.
1729 2571 1797 2599 520!
1823 2573 1841 2601 d
1863 2579 1892 2602 et

1100 2608 1171 2638 5205
1186 2608 1214 2634 ii.

1138 2643 1195 2677 (ϐυ)
1211 2641 1262 2670 Ed.
1278 2642 1378 2674 Bonn.,
1391 2649 1419 2676 p.
1431 2640 1493 2677 721.

1137 2676 1192 2714 (70)
1210 2677 1259 2714 Ed.
1272 2678 1369 2714 Bonn.,
1385 2685 1412 2712 p.
1431 2676 1494 2714 ειη.

1136 2711 1192 2749 (71)
1212 2713 1263 2749 Ed.
1276 2711 1420 2747 Βοιιιι.,⁷ςι.
1436 2711 1502 2749 584.

1139 2750 1195 2784 (72)
1210 2748 1331 2783 Cangius
1345 2749 1371 2774 in
1388 2748 1461 2774 notis
1475 2748 1507 2774 ad
1525 2748 1624 2778 Zonar.
1647 2749 1700 2778 Ed.
1712 2750 1798 2778 Paris.
1816 2755 1835 2778 t.
1853 2751 1889 2784 ll,

1102 2785 1196 2856 ν’(ξθξ)
1207 2819 1239 2847 T.
1256 2819 1276 2847 v
1289 2818 1365 2850 Julii,
1379 2826 1404 2856 ιι.
1419 2819 1481 2856 486.

1138 2854 1194 2890 (74)
1215 2855 1367 2887 Ilanimers,
1377 2854 1481 2889 Cpolis.
1495 2855 1587 2884 Pi'sth.
1608 2857 1686 2890 1822,
1703 2865 1730 2892 p.
1744 2857 1807 2886 298.
