2067 3150
244 175 310 205 12117

243 279 470 315 llpttnograpltus
485 289 557 309 anno
569 283 620 310 8M
632 284 688 318 jam
706 286 781 320 Cpoli
795 288 946 317 sacerdotio
963 289 1026 317 fun-

241 333 308 360 gens
325 325 450 361 (l4l),ac
464 329 563 355 sacculo
574 331 696 364 sequenti
713 331 910 367 Mctaphrastes
923 336 1026 371 magni-

242 372 292 398 lice
316 373 458 404 extollunt,
485 374 588 401 nullutn
611 383 642 403 ea
668 385 892 412 commemorent,
918 387 965 409 aut
991 383 1026 410 de

241 415 294 443 illis
313 424 347 443 ne
371 418 482 445 verbuut
502 420 610 453 quidem
634 422 781 455 proferant.
810 423 837 450 Si
861 433 932 452 enim
949 427 1024 461 (Ipoli

240 462 359 496 scriptor
379 463 506 491 Actorum
532 465 661 501 degisset,
677 477 729 495 non
754 478 787 496 eo
809 471 888 497 tnodo
908 473 1024 506 patroci-

240 508 316 535 nium
334 508 360 536 S.
386 509 500 538 Andreae
529 511 581 538 sibi
603 520 765 547 apprecatus
791 516 871 546 foret.
887 518 939 544 tale
958 519 1023 546 illud

239 562 340 589 rogans
366 555 480 588 scilicet,
506 558 583 591 quale
606 558 632 585 id
659 561 838 594 experiuntur
862 564 906 596 qui
931 565 1025 592 coiunt

239 605 312 626 luant
342 608 447 629 sacram
475 602 633 630 memoriam
662 609 689 631 et
714 606 830 633 loculum
848 608 1022 642 reliquiarum

238 651 345 672 tttarum
365 653 538 674 venerantur.
556 647 632 676 Nunc
645 657 677 676 ex
691 650 801 678 Canoue
817 652 844 679 S.
862 652 974 688 Joseplti
992 663 1023 683 ea

237 690 398 717 exhibemus
416 699 476 725 quae
491 691 518 718 S.
537 692 652 720 Andrea:
667 693 797 722 miracula
814 697 1022 731 commendant;

236 735 284 762 sed
296 735 414 762 ultimam
425 735 508 763 Odant
523 737 565 764 cui
579 737 812 775 hymnographus,
825 741 851 768 in
865 748 1023 777 perpetuam

236 782 421 809 veneratione
445 790 498 810 sua:
524 785 694 818 memoriam,
717 795 816 815 nomen
844 796 891 823 per
911 791 1024 817 acrosti-

237 828 345 855 ehidem
369 829 491 856 intexere
507 830 605 862 suevit,
620 832 753 866 integram
769 834 910 868 vertimus,
929 837 1022 864 eadem

237 873 419 900 aerostichide
435 879 553 902 servata.
569 876 727 904 Advertisse
752 879 834 905 etiam
855 881 966 914 iuverit,
985 883 1022 909 uti

236 923 382 952 postrema:
398 920 460 948 huic
478 921 550 953 οδω,
566 922 602 948 ita
618 923 724 950 caeteris
736 925 863 952 omnibus
885 934 1019 956 annexum

236 972 297 991 esse
316 964 494 994 Theotocium
515 975 562 995 seu
581 969 742 996 versiculum
764 970 791 997 in
811 972 941 999 honorem
959 973 1023 1001 Dei-

235 1018 318 1044 paraz,
335 1011 406 1045 quod
428 1012 481 1046 jam
508 1018 571 1041 ante
593 1014 744 1050 Josephum
773 1016 912 1044 factitabat
936 1018 1023 1046 Theo-

235 1055 351 1090 phanes,
367 1057 466 1092 aliique
480 1059 676 1095 hymnogrnphi
692 1061 798 1095 Graeci;
815 1069 843 1090 ut
859 1064 893 1090 ita
913 1064 1022 1097 planum

237 1102 283 1128 ﬁat
294 1107 395 1136 quanta
411 1102 509 1136 Graeci,
528 1112 542 1130 a
560 1105 680 1133 Romana
703 1109 766 1135 sede
783 1109 898 1137 necdum
913 1111 1021 1143 divulsi,

235 1151 345 1181 quanta.
360 1147 481 1182 inquam,
503 1150 528 1176 in
546 1150 573 1178 Β.
594 1150 729 1186 Virginem
756 1154 900 1183 devotione
921 1156 1024 1190 polluc-

236 1193 302 1220 rint.
333 1192 371 1220 Ex
396 1193 438 1223 his
460 1195 581 1223 Canticis
606 1204 763 1233 exrerptum
794 1205 835 1228 est
861 1203 1021 1237 opusculum

235 1237 444 1272 Wanguereckii
472 1241 556 1268 nostri
581 1243 623 1269 cui
652 1243 747 1271 titulus
765 1254 771 1271 :
790 1245 879 1274 Pietas
904 1247 1021 1276 Mariana

235 1283 403 1317 (inecorum,
420 1290 447 1313 et
458 1285 607 1315 Maraccius
618 1296 696 1316 suum
709 1290 815 1318 Mariale
827 1301 858 1320 ex
877 1294 956 1322 unius
967 1295 1022 1322 fere

237 1328 265 1353 ὃ.
281 1327 394 1363 JOSepbi
418 1330 535 1365 hymnis,
550 1333 602 1360 etsi
627 1336 752 1368 permulti
767 1337 855 1365 adhuc
880 1339 906 1365 in
924 1339 1021 1368 biblio-

236 1373 323 1400 thecis
347 1377 524 1412 manuscripti
547 1378 720 1412 delitescunt.
742 1383 907 1411 concinnare
921 1387 1018 1420 potuit.

234 1418 279 1446 55.
305 1419 413 1448 Sanitas
428 1430 460 1449 ex
483 1428 508 1451 te
530 1425 586 1452 sive
603 1426 664 1453 vivo
678 1427 777 1461 adhuc,
794 1429 851 1457 sive
872 1431 927 1464 jam
949 1440 1021 1459 mor-

272 1472 330 1501 tuo,
343 1473 470 1504 tanquam
492 1479 522 1498 ex
540 1471 613 1499 fonie
640 1474 666 1501 in
683 1481 797 1508 :rgrotos
819 1477 921 1510 deﬂuit,
938 1479 1019 1506 verbo

269 1512 363 1539 divino
377 1519 484 1548 puteus,
502 1522 593 1543 sancte
609 1518 729 1552 Andrea,
745 1520 789 1554 qui
808 1521 918 1555 spiritus
930 1522 1019 1557 impu-

267 1565 312 1586 ros
326 1559 446 1593 deponis,
466 1566 493 1588 et
514 1562 634 1590 Creatori
651 1568 698 1591 tuo
711 1565 841 1594 inclamas
859 1577 866 1595 :
883 1568 921 1595 Tu
945 1569 1019 1597 solus

267 1611 390 1638 sanctus,
406 1607 529 1637 Domine.
544 1611 597 1638 Oilc
613 1611 641 1643 5,
656 1615 772 1648 tropario
786 1615 812 1642 2.

235 1650 323 1679 Suave
347 1653 463 1686 spirans.
481 1656 564 1683 odore
587 1658 729 1692 virtutum,
744 1661 789 1687 ubi
814 1669 887 1689 nunc
902 1662 977 1697 jaces
992 1664 1018 1691 in

270 1699 405 1732 sepulcro.
431 1701 509 1729 Pater
530 1709 634 1736 sancte,
652 1705 755 1732 vultum
779 1706 899 1735 lietiﬁcas
925 1717 1018 1737 eorum

270 1744 315 1776 qui
331 1745 478 1774 confidenti
494 1748 575 1775 corde
587 1749 624 1776 Te
639 1750 812 1778 adeunt.0de
823 1753 838 1779 1
853 1758 920 1788 trop.
937 1754 964 1780 2.

233 1785 342 1814 Pt-ccati
370 1791 496 1817 tenebras
520 1792 698 1825 abltorruisti.
724 1795 814 1828 Pater,
843 1802 870 1824 et
894 1785 1019 1827 libidinis

269 1840 367 1866 expers
380 1839 408 1862 ut
427 1836 537 1864 lucerna
566 1839 739 1873 splenduisti,
762 1843 807 1876 qui
838 1843 870 1870 ad
892 1850 1017 1873 sanctum

271 1878 403 1905 tumulum
430 1884 505 1907 tuum
530 1883 693 1911 accedentes
723 1886 869 1919 splendore
900 1889 1018 1917 curatio-

269 1931 345 1954 num.
362 1924 416 1952 Deo
430 1926 520 1958 dante,
542 1928 687 1957 illuminas.
706 1931 770 1958 Ode.
786 1932 812 1965 5,
831 1938 864 1960 tr.
885 1934 908 1961 1.

233 1969 280 1996 Βυὶ
297 1970 484 1999 habitaculum
498 1973 585 2002 factus
600 1983 640 2007 es,
656 1976 744 2009 Pater,
760 1979 806 2013 qui
820 1987 913 2008 sancte
927 1981 1016 2009 vixisti

268 2019 293 2042 et
316 2019 442 2052 pugnasti
463 2019 588 2054 fortiter;
610 2029 683 2049 nunc
705 2031 768 2051 vero
790 2025 815 2052 in
839 2034 1016 2057 monumento

263 2060 349 2095 jaces,
375 2065 466 2091 salvus
491 2070 517 2092 et
548 2066 755 2101 indissolubilis,
785 2075 946 2100 cunctorum
966 2074 1015 2102 sol-

268 2115 334 2136 vens
353 2110 460 2137 morbos
481 2111 608 2139 ﬁdelium.
626 2114 679 2140 Ode
695 2115 722 2147 5,
739 2120 772 2142 tr.
788 2116 813 2143 2.

230 2153 263 2180 Ut
280 2155 369 2190 magni
388 2156 469 2190 pretii
496 2157 641 2186 thesaurus
660 2159 848 2196 absconditus,
874 2164 960 2192 oculis
984 2166 1014 2192 ﬁ-

267 2200 380 2233 deliunt,
401 2201 491 2234 Pater,
514 2204 676 2232 manifestus
692 2205 780 2233 factus
793 2214 833 2239 es,
849 2213 875 2236 et
894 2210 1011 2238 miracu-

263 2245 296 2271 lis
316 2246 386 2273 ditas
399 2254 494 2274 omnes
508 2249 552 2283 qui
571 2250 665 2277 colunt
682 2255 717 2278 te.
733 2252 787 2280 Ode
800 2252 825 2286 6,
841 2258 874 2280 tr.
892 2255 917 2281 5.

227 2290 346 2324 Spiritus
363 2296 425 2319 tuus
443 2293 533 2320 divitia
556 2297 803 2324 communicatione
827 2299 1011 2334 prtefulgidus,

264 2337 398 2365 mirabilis
428 2338 546 2371 Audrea.
575 2341 680 2367 stellam
707 2341 822 2369 lucidam
855 2345 960 2371 cunctis
988 2350 1013 2374 te

262 2381 396 2412 exhibuit.
418 2389 445 2410 et
468 2385 568 2419 ubique
603 2386 742 2414 miraculis
769 2388 889 2416 illustras
921 2390 1012 2419 ﬁdeles

263 2427 449 2455 collaudantes
467 2435 501 2456 te.
519 2430 572 2457 Otle
590 2432 614 2463 7,
631 2437 665 2459 tr.
681 2434 705 2459 5.

228 2471 327 2498 Contra
345 2473 485 2500 Christum
513 2475 538 2501 in
565 2477 666 2504 rabiem
695 2478 811 2514 abrepti,
830 2485 858 2506 ut
877 2481 939 2509 ferte
964 2483 1012 2510 be-

262 2519 320 2545 stia:
343 2523 368 2545 te
385 2519 512 2546 trucidari
536 2522 695 2556 jusserunt;
714 2532 796 2559 quare
823 2532 963 2562 raptautes
984 2534 1011 2557 et

262 2564 399 2592 credentes
431 2570 457 2593 te
489 2566 514 2593 in
553 2567 711 2596 barathrum
741 2571 926 2606 proiecerunt,
963 2576 1010 2610 qui

262 2611 299 2638 ita
315 2612 434 2640 veritatis
452 2613 612 2641 manifestus
627 2621 728 2651 martyr
756 2617 842 2645 iactus
856 2626 895 2646 es.
914 2620 970 2649 Ode
982 2622 1009 2655 8,

259 2662 294 2684 tr.
310 2657 338 2684 2.

223 2703 358 2740 Prodigiis
368 2705 471 2738 ﬁdeles,
490 2710 617 2742 tanquatn
634 2709 746 2744 ﬂuento,
761 2710 866 2745 irrigas,
880 2718 906 2740 et
920 2713 1007 2749 fugas,

259 2751 300 2777 vir
321 2753 408 2786 beate,
430 2754 557 2788 nequitia:
580 2755 703 2790 spiritus,
719 2762 745 2784 et
768 2758 911 2794 languores
926 2761 1007 2794 tollis,

259 2850 332 2888 (tu)
347 2852 376 2888 ῖ.
396 2852 405 2879 l
422 2853 519 2887 April..
533 2863 558 2888 ρ.
571 2854 633 2886 269.
650 2863 677 2882 n.
699 2856 739 2883 ιδ.

262 2884 334 2920 (ιη)
350 2884 509 2924 l’achymer,
526 2884 544 2915 ι’.
563 2888 593 2921 11,
613 2884 638 2926 [δ’.
654 2890 687 2917 55
703 2891 718 2918 (1
737 2896 762 2917 et
775 2891 836 2919 606.

887 184 1028 214 ΜΕΝὸΙὸ
1048 185 1217 220 OCTOBER

242 234 315 273 quod
344 234 449 262 scilicet
474 243 507 262 ex
531 239 570 264 tot
593 237 740 271 miraculis,
765 248 825 275 quae
843 241 872 268 S.
891 242 1064 278 JosephusA

1795 197 1861 230 1108

1115 249 1161 282 qui
1183 257 1198 275 a
1225 249 1334 276 Christo
1351 250 1405 278 Deo
1433 256 1527 279 nostro
1552 253 1725 281 curationum
1745 256 1860 290 gratiam

1111 295 1217 322 ccelitus
1231 297 1367 331 accepisti.
1381 296 1434 324 Ode
1453 297 1480 330 8,
1494 304 1527 327 Ir.
1544 299 1571 326 5.

1422 354 1475 381 Ode
1493 355 1520 382 9.

1076 396 1151 427 ldeo.
1179 397 1259 425 Pater
1287 405 1389 431 sancte,
1417 408 1498 428 Clll‘Su
1524 406 1571 428 tuo
1603 408 1803 435 consummato,
1833 409 1861 431 et

1111 443 1262 470 orthodoxa
1279 444 1330 472 ﬁde
1346 445 1506 473 intemerato
1522 452 1637 479 servata,
1664 448 1727 482 quia
1751 449 1859 475 certasti

1111 489 1240 523 legitime,
1259 498 1388 518 coronam
1409 492 1544 524 duplicetur
1574 493 1693 526 desuper
1716 494 1858 527 accepisti.

1111 539 1139 560 ut
1161 540 1262 570 martyr
1277 536 1404 567 invictus,
1422 542 1451 564 ut
1466 542 1555 564 asceta
1570 539 1703 573 egregius.

1075 578 1247 607 Odoril‘erum
1266 585 1295 608 ut
1322 582 1419 614 lilium,
1450 584 1479 609 u't
1507 591 1580 616 rosa,
1605 584 1699 616 Pater,
1731 584 1758 611 in
1780 589 1859 619 prato

1109 625 1209 652 divinae
1228 634 1351 654 asceseos
1368 627 1494 660 ﬂoruisti,
1511 633 1539 655 ut
1554 629 1656 656 cedrus
1679 636 1762 656 suave
1778 630 1859 657 redo-

1111 671 1162 701 les.
1181 677 1328 707 martyrum
1350 673 1520 707 splendorem
1545 675 1674 709 adeptus,
1698 675 1778 703 beate
1803 676 1860 703 An-

1110 718 1185 751 drea,
1200 719 1394 746 monachorum
1413 719 1508 747 decus.

1074 764 1165 798 Signis
1181 769 1208 791 et
1229 765 1361 798 portentis
1388 766 1487 792 merito
1509 766 1635 798 celebris,
1661 768 1781 794 omnium
1807 768 1859 795 sub

1110 811 1198 837 oculis
1215 811 1413 838 indissolubiiis
1437 820 1542 843 manes.
1564 813 1643 840 beate
1667 813 1785 847 Andrea,
1812 814 1858 849 qui

1111 861 1230 883 mentem
1246 856 1384 884 illuminas
1413 858 1465 885 ﬁde
1487 858 1593 886 ardenti
1615 859 1772 888 adeuntium
1791 866 1815 888 te
1830 865 1858 887 et

1039 920 1060 950 Β
1109 903 1304 937 gratulantium
1321 903 1381 930 tibi.

1076 949 1145 975 Ecoe
1171 949 1243 976 diem
1268 949 1395 976 festivum
1416 954 1442 976 et
1458 955 1580 978 sanctam
1615 952 1858 987 suavissimamque

1108 995 1266 1022 memoriam
1283 999 1357 1022 luam
1376 996 1545 1024 celebrantes
1571 998 1664 1031 hodie,
1691 999 1749 1030 tibi,
1766 1000 1857 1033 Pater,

1106 1049 1168 1068 cum
1186 1041 1283 1068 ﬁducia
1301 1041 1449 1069 clamamus
1468 1051 1474 1069 :
1489 1042 1578 1070 Sacris
1602 1044 1635 1071 ad
1652 1044 1736 1072 Deum
1762 1053 1858 1080 preca-

1108 1086 1227 1113 tionibus
1243 1086 1306 1118 tuis,
1324 1087 1358 1114 ab
1373 1088 1446 1114 ontni
1458 1088 1647 1116 vicissitudine
1663 1090 1725 1118 vitxe
1739 1091 1856 1118 liberare

1108 1138 1158 1158 nos
1177 1131 1306 1166 digneris.

1377 1189 1552 1217 Tlteotacium.

1072 1244 1224 1280 Phosphori
1253 1246 1321 1277 veri,
1355 1247 1401 1280 qui
1428 1247 1520 1274 lumen
1558 1248 1619 1275 tulit
1656 1249 1684 1275 in
1725 1249 1856 1277 mundum

1106 1291 1252 1326 splendore
1268 1291 1393 1324 Deitatis,
1406 1298 1434 1320 et
1450 1293 1610 1328 ignorantia!
1629 1294 1755 1322 tenebras
1780 1295 1857 1330 fuga.

1109 1336 1146 1362 vit
1158 1336 1185 1362 in
1199 1345 1300 1369 :evum,
1322 1337 1424 1364 \iscera
1441 1343 1496 1369 tua,
1526 1339 1682 1366 castissima
1701 1339 1791 1376 Virgo,
1809 1341 1858 1368 ha-

1109 1381 1259 1408 bitaeulum
1275 1382 1346 1410 facta
1366 1388 1444 1415 sunt;
1462 1384 1522 1411 ideo
1537 1385 1719 1417 gloriﬁcamus
1735 1392 1770 1414 te.

1109 1426 1153 1453 56.
1185 1426 1234 1453 llic
1259 1427 1435 1455 exscribenda
1459 1428 1549 1455 forent
1584 1429 1772 1465 Metaphrasta:
1797 1440 1858 1459 vcr-

1071 1472 1116 1504 ba,
1144 1473 1242 1507 quibus
1277 1478 1402 1506 testatur,
1419 1482 1470 1501 suo
1498 1475 1580 1502 etiam
1611 1482 1747 1511 tempore,
1770 1479 1856 1505 nemi-

1072 1525 1135 1545 nem
1166 1520 1263 1546 morbo
1293 1525 1341 1547 aut
1372 1521 1443 1547 male
1472 1522 1655 1557 qualicunque
1689 1530 1854 1559 correptum,

1073 1564 1166 1592 Sancti
1183 1566 1318 1593 tumulum
1333 1567 1432 1594 adiisse
1447 1567 1511 1602 quin
1530 1569 1679 1596 remedium
1707 1570 1769 1597 itide
1782 1576 1856 1598 retu-

1073 1610 1153 1644 lerit;
1170 1612 1216 1646 qui
1246 1612 1322 1647 Cpoli
1345 1613 1447 1648 degens
1475 1614 1511 1640 ita
1539 1614 1654 1641 ﬁdenter
1678 1623 1732 1642 non
1762 1616 1857 1644 t‘uissnt

1072 1658 1201 1685 coneives
1236 1658 1381 1690 allocutus,
1411 1659 1463 1685 Illle
1501 1660 1692 1694 frequentibus
1717 1661 1856 1688 miraculis

1072 1702 1101 1729 S.
1126 1703 1250 1731 Andreas
1278 1705 1397 1732 ﬁdelium
1425 1705 1553 1740 pietatem
1578 1712 1787 1734 remunerassct.
1806 1707 1855 1735 Ve-

1071 1756 1143 1780 rum.
1162 1750 1204 1776 bis
1226 1750 1326 1782 missis,
1340 1758 1402 1777 eum
1421 1751 1446 1777 in
1465 1751 1537 1778 Actis
1551 1751 1609 1786 ejus
1624 1759 1651 1778 n.
1678 1752 1708 1778 17
1727 1753 1777 1787 legi
1795 1761 1856 1787 pos-

1070 1796 1136 1829 sint,
1151 1796 1185 1823 de
1204 1796 1289 1823 Crisis
1317 1796 1377 1824 loco
1393 1797 1437 1824 cui
1465 1805 1572 1824 sacrum
1600 1798 1697 1833 pignus
1719 1799 1853 1826 creditum

1070 1846 1120 1874 est,
1139 1842 1261 1876 qumdam
1281 1842 1445 1877 proferenda
1472 1848 1546 1870 sunt.
1564 1844 1592 1871 ln
1618 1845 1693 1871 Actis
1718 1845 1852 1879 utrisque,

1069 1889 1116 1916 sed
1134 1889 1159 1915 in
1178 1889 1393 1924 Metaphrastreis
1415 1890 1555 1921 disertius,
1575 1890 1651 1918 locus
1676 1891 1721 1918 ille
1742 1896 1854 1919 sanctus

1068 1933 1180 1961 dicitur.
1204 1934 1267 1961 Fuit
1298 1935 1334 1962 ihi
1357 1935 1459 1962 scilicet
1484 1936 1691 1968 monasterium,
1714 1937 1757 1963 cui
1782 1945 1855 1964 anno

1068 1980 1176 2007 circiter
1206 1980 1286 2012 1281,
1313 1988 1345 2007 ex
1375 1980 1480 2008 Possini
1511 1982 1596 2008 nostri
1626 1982 1731 2008 calculo
1765 1982 1850 2015 (112),

1068 2025 1188 2052 Παυιιληιι
1215 2027 1455 2054 Protovcstiarissa
1479 2028 1645 2062 peramplam
1671 2033 1698 2055 et
1724 2028 1851 2062 exquisiti

1068 2072 1175 2099 artiﬁcii
1193 2073 1279 2099 mdem
1307 2073 1418 2106 adjetit.
1436 2073 1507 2099 Alibi
1528 2081 1594 2100 vero
1614 2073 1801 2109 Pachymercs.
1818 2083 1852 2102 ex

1067 2118 1192 2152 ejusdem
1208 2119 1314 2146 l‘ossini
1330 2119 1569 2153 interpretatione,
1584 2120 1620 2146 ita
1637 2119 1693 2147 fere
1707 2120 1827 2154 loquitur
1843 2129 1850 2146 :

1066 2164 1171 2190 abdidit
1187 2171 1216 2191 se
1232 2163 1378 2199 Gregorius
1398 2165 1552 2199 patriarcha
1574 2164 1601 2191 in
1627 2165 1851 2193 monasteriolum

1066 2209 1191 2237 Aristinre
1205 2209 1318 2241 dictum,
1333 2210 1490 2244 contiguum
1507 2211 1673 2238 monasterio
1692 2211 1720 2238 S.
1737 2212 1851 2240 Andrea:

1068 2255 1094 2281 in
1123 2254 1205 2287 Crisi,
1223 2255 1350 2282 viciniam
1379 2256 1406 2282 in
1436 2256 1497 2284 talis
1520 2256 1627 2283 delectu
1656 2257 1708 2284 loci
1733 2265 1852 2290 sequens

1065 2300 1316 2328 Protovestiarisste
1329 2300 1466 2329 Raulatnat
1485 2302 1511 2328 in
1529 2310 1562 2329 eo
1574 2302 1604 2329 S.
1625 2303 1740 2330 Andreae
1755 2311 1850 2330 mona-

1065 2347 1150 2373 sterio
1181 2347 1305 2382 degentis
1325 2355 1338 2373 a
1366 2355 1418 2381 qua
1443 2347 1559 2382 benigne
1586 2347 1729 2375 fovebatur
1761 2349 1848 2382 (H3).

1064 2393 1134 2420 Num
1154 2393 1236 2428 igitur
1257 2393 1293 2420 ob
1315 2394 1442 2421 viciniam
1471 2395 1601 2422 utriusvis
1621 2395 1734 2422 istorum
1755 2404 1850 2423 mona-

1064 2439 1212 2466 steriorum
1229 2439 1313 2466 Crisis
1324 2440 1400 2467 locus
1411 2444 1531 2471 sanctus,
1541 2441 1595 2474 jam
1611 2441 1673 2468 inde
1688 2447 1783 2469 octavo
1796 2450 1847 2469 sm-

1063 2484 1125 2511 culo
1138 2485 1210 2512 dicta
1224 2484 1269 2517 sit,
1286 2484 1394 2511 deﬁniri
1412 2493 1465 2512 non
1483 2490 1590 2519 potest;
1619 2494 1671 2513 nos
1701 2487 1781 2514 aliam
1803 2495 1847 2521 ap-

1065 2530 1223 2564 pellationis
1255 2537 1364 2557 causam
1403 2538 1457 2557 non
1492 2527 1655 2558 detexitnus.
1694 2532 1778 2559 Porro
1813 2540 1845 2558 cx

1063 2577 1154 2611 priore
1167 2575 1345 2612 Parbymeris
1360 2575 1478 2610 allegalo
1491 2576 1551 2604 loco
1569 2577 1711 2609 discimus,
1739 2577 1847 2604 Raulm-

1062 2629 1135 2653 nattt,
1155 2620 1283 2648 feminam
1299 2621 1391 2648 tuultis
1408 2621 1480 2648 tertii
1499 2621 1597 2648 decimi
1614 2622 1705 2649 swcnli
1731 2622 1847 2657 seriptm

1062 2667 1137 2694 ribus
1152 2666 1329 2699 celebratam,
1346 2666 1375 2694 S.
1390 2667 1504 2694 Andreze
1524 2667 1700 2703 magniﬁcum
1715 2667 1843 2702 templum

1061 2713 1223 2745 suscitasse;
1242 2713 1285 2740 cui
1310 2711 1442 2739 Maximus
1469 2713 1604 2740 Planudes
1624 2713 1783 2746 monachus,
1797 2713 1843 2748 qui

1061 2764 1117 2786 tmn
1133 2759 1262 2793 temporis
1277 2758 1384 2786 vivebat
1399 2758 1474 2793 (ut)
1491 2763 1518 2786 et
1532 2767 1563 2786 ex
1589 2759 1747 2794 biographis
1763 2759 1843 2786 inno~

1097 2859 1167 2891 (I15)
1184 2859 1248 2895 μορ.
1269 2862 1315 2888 cit.
1333 2869 1359 2895 p.
1380 2866 1413 2892 89
1426 2868 1450 2888 e.

1095 2895 1168 2929 (Hi)
1187 2894 1324 2931 Pachyno,
1335 2894 1359 2923 ⁷1.
1375 2903 1400 2923 c.
1415 2903 1442 2932 p.
1463 2895 1512 2925 l66
1525 2903 1549 2923 ε.

1883 478 1887 494 1
