2047 3150
204 173 274 206 “65

773 174 1008 205 MARTYRIUM
1030 175 1060 206 S.
1086 176 1250 206 ARTEMH

1766 174 1834 207 1166

201 227 289 262 ὀργὴν
303 227 574 264 καταψηφιζόμενος.
584 228 728 255 Βασιλεύει
737 229 828 255 τοίνυν
840 230 854 255 ὁ
866 229 990 259 Κώνσταε

1052 231 1134 258 totius
1143 230 1310 264 Occidentis,
1327 233 1394 261 duas
1411 238 1500 269 partes
1514 234 1540 261 in
1558 240 1638 260 unam
1654 231 1833 267 conjungensv

202 272 246 305 ἐφ’
263 271 329 306 ὅλης
352 274 400 306 τῆς
416 273 546 308 ἑσπερίου
562 273 648 308 ἀρχῆς
660 293 667 306 ,
687 274 735 305 τὰς
751 273 798 300 δύο
813 273 993 308 κληροδοσίας

201 320 242 348 εἰς
272 317 302 344 ἓν
333 318 466 353 συνάψας,
493 319 540 346 καὶ
570 320 636 353 μίαν
663 319 750 354 ἀρχὴν
777 319 921 354 ἀμφότερα
949 319 993 345 θέ-

202 372 293 399 μενος.

237 408 274 436 E'.
296 411 334 436 οὐ
354 410 437 442 πολὺς
456 411 519 446 ἑνῆν
541 410 652 446 καιρὸς,
679 410 724 437 καὶ
757 411 771 437 ὁ
796 410 925 441 Κώνστσς
951 410 990 441 εἰς

202 455 314 490 κώμους
349 456 398 483 καὶ
425 457 511 492 μέθας
540 457 739 488 ὶναποκλίνας.
764 456 813 483 καὶ
830 456 990 486 ἀλλοκότους

202 501 318 536 ἔρωτας,
338 501 468 537 ῥᾳθύμως
481 502 532 537 τὴν
547 503 612 537 ὃλην
633 502 898 538 ἀρχὴνδιεπέττευε,
924 509 988 528 τοσ-

200 547 279 574 οῦτον
305 547 444 582 βασιλείας
461 548 577 582 μέγεθος
591 548 800 584 ἐξορχούμενος.
818 546 991 574 Ἐπιὸουλεύ-

200 601 260 620 εται
275 593 422 629 τοιγαροῦν
435 593 482 620 καὶ
491 594 572 625 αὐτὸς
588 594 738 629 παράτινος
748 594 803 620 τῶν
816 592 989 628 στρατηγῶν,

202 639 315 674 ὀνόματι
329 639 512 673 Μαγνεντὶου,
527 640 574 666 καὶ
593 639 663 674 μετὰ
677 640 726 674 τῆς
752 639 892 674 βασιλείας
905 647 991 674 προσ-

201 684 352 711 απόλλυσιν
369 686 417 711 καὶ
431 685 460 712 τὺ
475 684 537 721 ζῇν.
555 685 658 712 Τούτου
668 685 809 717 πεσόντος,
826 687 921 720 κρατεῖ
939 685 990 719 τῆς

199 731 313 766 ἀρχῆςὸ
329 731 511 765 Μαγνέντιος.
531 731 592 766 μεθ’
613 729 644 758 οὗ
665 731 714 766 τῆς
738 731 897 766 τυραννίδος
928 740 990 758 συν-

201 777 369 804 επελάϐοντο
407 778 584 810 Νεπωτιανδς
608 778 656 804 καὶ
687 778 865 814 Βρεττανίων.
897 779 988 805 Ταῦτα

201 822 294 857 μαθὼν
309 823 322 849 ό
338 822 530 855 Κωνστάντιος
544 824 578 850 ὲκ
591 823 645 850 τῶν
659 823 710 858 τῆς
724 823 842 858 ἀδελφῆς
857 823 990 858 γραμμά-

200 877 264 899 των.
296 869 407 904 ἀπάρας
433 869 466 896 ὲκ
495 870 546 904 τῆς
580 871 738 905 Ἀνατολῆς,
768 871 814 897 καὶ
842 871 910 906 πρὸς
939 870 988 906 τὴν

1047 281 1074 302 et
1089 283 1121 302 ex
1139 277 1274 304 ambobus
1287 286 1370 306 unum
1387 279 1489 307 faciens
1502 279 1656 314 imperium.

1083 409 1113 435 Υ.
1134 409 1192 437 Non
1207 411 1322 438 mullum
1337 411 1490 440 intercessit
1506 413 1647 447 temporis,
1660 418 1688 440 et
1699 412 1833 440 Constans

1045 456 1078 481 ait
1094 457 1309 484 comessationes
1324 457 1465 485 declinans
1477 462 1505 486 et
1517 458 1673 490 ebrietates,
1690 463 1717 484 et
1728 458 1832 485 alienos

1045 507 1162 530 amores,
1183 500 1302 535 segniter
1322 500 1477 528 universum
1489 502 1599 536 gerebat
1615 501 1771 536 imperium.
1784 509 1832 536 per

1046 543 1136 570 ludum
1150 550 1177 571 et
1187 545 1358 573 saltationem
1371 551 1472 574 tantam
1486 547 1584 574 molem
1600 547 1749 574 sustinens.
1762 547 1832 581 Ergo
1855 568 1860 574 .

1045 589 1069 616 ei
1086 594 1217 624 parantur
1232 591 1336 618 insidim
1351 600 1366 619 a
1381 592 1499 627 quodam
1517 593 1587 620 duce
1611 593 1756 623 exercitus.
1780 599 1832 619 no-

1044 636 1118 664 mine
1131 635 1296 671 Magnentio,
1311 642 1413 666 etcum
1429 639 1544 674 imperio
1563 640 1645 667 simul
1661 646 1769 673 quoque
1791 639 1832 665 ri-

1045 686 1098 709 tam
1114 683 1225 711 amittit.
1247 683 1314 711 Cum
1341 684 1364 712 is
1380 685 1534 717 cecidisset,
1553 685 1696 719 imperium
1718 689 1834 719 occupat

1043 726 1225 761 Magnentius.
1240 736 1302 756 cum
1319 738 1374 764 quo
1389 729 1470 758 simul
1486 730 1645 758 invaserunt
1660 730 1831 766 tyrannidem

1043 771 1212 808 Nepotianus
1245 779 1273 802 et
1299 775 1470 804 Brettanion.
1501 777 1563 804 Haec
1590 784 1651 804 cum
1681 776 1832 810 act-cpisset

1043 817 1220 845 Constantius
1231 827 1262 846 ex
1277 819 1374 846 litteris
1384 820 1487 848 sororis
1501 825 1528 848 et
1544 821 1578 848 ab
1589 820 1700 848 Oriente
1711 821 1831 847 venisset

1043 862 1076 889 ad
1093 862 1281 895 Occidentem,
1297 865 1368 892 bello
1381 873 1478 892 manus
1488 865 1609 893 conserit
1625 873 1685 892 cum
1700 865 1751 892 illis
1764 871 1789 892 et
1803 864 1830 892 vi

209 915 345 950 Ἑσπέραν
369 916 516 951 γενόμενος
530 937 538 949 ,
568 917 700 943 συνάπτει
727 916 797 952 πρὸς
818 916 990 951 ἀμφοτέρους

1043 907 1118 938 vicit.
1135 915 1196 935 cum
1215 909 1373 937 Brettanion
1389 909 1422 937 ad
1440 917 1502 937 eum
1519 910 1674 937 defecisset.
1691 908 1751 942 Quo
1768 909 1831 943 qui-

201 959 321 997 πόλεμον
343 962 390 989 καὶ
415 963 487 990 κατὰ
514 964 616 999 κράτος
630 965 704 999 νικᾷ,
722 963 768 990 τοῦ
787 964 990 999 Βρεττανίωνος

199 1008 269 1044 πρὸς
285 1009 368 1036 αὐτὸν
384 1009 582 1042 ἀποκλίναντος
593 1032 601 1043 ,
625 1010 670 1036 ὅτε
688 1010 736 1037 καὶ
754 1009 785 1036 τὸ
803 1010 851 1036 τοῦ
871 1009 989 1045 σταυροῦ

198 1056 312 1090 σημιῖον
329 1055 458 1090 μέγιστόν
471 1064 501 1082 τε
517 1058 563 1083 καὶ.
579 1056 674 1088 δεινῶς
699 1056 817 1090 ὲκφανὲν
839 1056 922 1089 ἅπαν,
952 1056 990 1087 ὡς

199 1101 440 1136 ὑπιραστράπτειν
461 1102 500 1137 τῷ
522 1102 742 1138 καταπληκτικῷ
764 1101 816 1137 τῆς
839 1102 938 1137 αἴγλης
959 1102 990 1128 τὸ

199 1145 249 1181 τῆς
265 1146 375 1182 ἡμέρας
392 1146 451 1181 φῶς
465 1147 512 1174 ἐπὶ
532 1147 586 1173 τῶν
617 1147 813 1182 Ἱεροσολύμων
828 1147 908 1182 ὤφθη
926 1147 990 1182 περὶ

200 1191 297 1227 τρίτην
322 1191 398 1227 ὥραν
423 1193 543 1228 μάλιστα
559 1193 610 1228 τῆς
630 1194 738 1229 ἡμέρας
751 1195 800 1229 τῆς
816 1193 914 1228 ἑορτῆς
939 1194 990 1227 τῆς

198 1237 350 1273 λεγομένης
368 1239 559 1274 Πεντηκοστῆ;
582 1240 744 1273 ἑστηκυίας,
759 1239 852 1275 διῆκον
867 1240 921 1266 ἀπὸ
941 1238 988 1266 τοῦ

198 1284 319 1319 Κρανίου
335 1285 503 1320 καλουμένου
518 1286 613 1317 τόπου,
635 1286 702 1320 ἄχρι¹
716 1286 762 1312 καὶ
782 1285 829 1312 τοῦ
847 1285 990 1317 Ἐλαιῶνος

199 1331 291 1365 ὅρους,
309 1331 371 1358 ὅθεν
387 1332 510 1367 ὑπῆρχεν
525 1331 539 1358 ὁ
551 1333 646 1367 Σωτὴρ
661 1332 711 1368 τὴν
726 1332 862 1368 ἀνάληψιν
875 1333 991 1366 ποιησά-

201 1384 292 1411 μενος.
314 1378 419 1412 Κρατεῖ
436 1379 526 1404 τοίνυν
544 1378 594 1412 τῆς
617 1377 758 1413 βασιλείας
787 1378 989 1412 Κωνστάντιος,

199 1423 253 1449 τῶν
276 1423 324 1450 τοῦ
349 1425 469 1459 μεγάλου
495 1425 703 1451 Κωνσταντίνου
731 1425 798 1452 υιῶν
825 1426 905 1460 μόνος
921 1425 990 1451 ὐπο-

198 1470 329 1505 λειφοείς,
349 1471 487 1502 Ἀτενίσας
503 1471 548 1497 οὖν
566 1471 634 1506 πρὸς
651 1472 682 1498 τὸ
697 1471 747 1507 τῆς
758 1471 846 1507 ἀρχῆς
862 1471 989 1507 μέγεθος,

199 1516 245 1542 ml
265 1517 422 1549 ἰλιγγιάσας
442 1517 490 1544 ἅτε
505 1517 536 1552 δὴ
556 1517 701 1551 ἄνθρωπος
715 1517 765 1551 ὢν,
791 1519 839 1545 καὶ
865 1519 903 1555 μὴ
919 1519 988 1555 ἔχων

197 1564 242 1590 τὶἰι
267 1565 299 1590 ὲκ
322 1564 369 1590 τοῦ
392 1564 487 1598 γένους
506 1564 580 1598 αὐτῷ
600 1564 803 1596 συνασπίζοντα
819 1572 826 1579 '
841 1564 903 1592 οὔτε
931 1567 986 1601 γὰρ
1001 1586 1023 1614 c

197 1609 274 1645 αὑτῷ
288 1611 353 1642 παῖς
369 1610 502 1644 ἑγεγόνιι,
520 1609 582 1636 οὔτε
600 1618 642 1641 τις
657 1611 713 1636 τῶν
726 1611 850 1645 ἀδελφῶν
876 1613 988 1640 κατελέ-

198 1658 292 1684 λειπτο
307 1666 314 1673 ·
334 1658 382 1685 καὶ
408 1657 502 1690 δείσας
521 1658 558 1693 μή
573 1666 615 1690 τις
629 1658 704 1692 αὐτῷ
719 1658 800 1685 πάλιν
817 1659 988 1693 ἐπανασταίη

199 1705 341 1740 τύραννος,
375 1705 523 1732 σκέπτεται
551 1705 607 1732 τῶν
637 1705 777 1740 συγγενῶν
805 1714 865 1731 τινα
894 1705 988 1732 λαὸεῑν

200 1752 367 1787 σύγκληρον.
384 1752 431 1778 καὶ
445 1752 494 1785 τῆς
512 1751 654 1787 βασιλείας
671 1752 859 1788 ὑπασπιστὴν,
871 1753 886 1778 ὂ
897 1752 929 1787 δὴ
941 1754 988 1779 καὶ

199 1798 347 1832 πεποίηκε,
365 1797 464 1824 Γάλλον
478 1797 524 1823 τὸν
545 1797 692 1824 Ἰουλιανοῦ
719 1798 833 1831 ἀδελφὺν
861 1798 988 1833 Καίσαρα

199 1843 387 1879 ποιησάμενος
404 1842 537 1878 ’ἀνεψιὸς
562 1837 595 1869 τι
621 1843 692 1878 πρὸς
724 1844 826 1879 πατρὸς
850 1844 865 1870 ό
889 1844 991 1876 Γάλλος

201 1889 276 1925 αὐτῷ
293 1897 300 1904 ·
317 1889 508 1921 Κωνστάντιος
532 1888 588 1924 γὰρ
614 1889 628 1915 ὁ
649 1888 754 1915 Γάλλου
770 1889 818 1916 καὶ
841 1889 989 1916 Ἰουλιανοῦ

200 1936 303 1972 πατὴρ,
337 1935 450 1969 autem
480 1933 515 1970 ἦν
542 1933 751 1962 Κωνσταντίνου
777 1934 826 1960 τοῦ
857 1934 989 1969 μεγάλου.

201 1981 302 2008 Τοῦτον
315 1979 364 2008 οὖν
379 1982 408 2007 ιν
420 1981 460 2017 τῷ
473 1981 580 2017 Σιρμίῳ
598 1981 858 2016 προχειρισάμενος,
873 1982 993 2014 γυναῖκά

202 2036 232 2054 τι
252 2027 328 2062 αὑτῷ
348 2027 477 2061 ζιύγνυσι
499 2027 550 2063 τὴν
573 2026 673 2054 ἑαυτοῦ
697 2026 816 2062 ἀδελφὴν
840 2027 990 2054 Κωνσταν-

201 2074 272 2107 τίαν,
290 2073 408 2105 πίστεως
424 2074 471 2100 καὶ
485 2073 663 2110 βεϐαιότητος
679 2073 760 2109 χάριν
771 2092 780 2106 ,
794 2073 843 2100 καὶ
855 2073 990 2108 ἄρχοντας

200 2120 276 2156 σὺτῷ
289 2121 398 2148 δίδωσιν
414 2120 494 2152 αὐτὸς
511 2121 687 2155 καταστήσας
702 2127 709 2135 ·
725 2119 756 2147 οὐ
775 2120 829 2156 γὰρ
844 2121 942 2155 ἐκείνῳ
957 2130 989 2156 γε

1042 953 1104 980 dem
1123 958 1244 989 tempore
1268 955 1376 990 signum
1393 956 1482 983 crucis
1503 957 1661 987 maximum,
1677 960 1703 982 et
1717 955 1830 982 mirifice

1041 1006 1186 1034 apparens,
1203 999 1272 1026 adeo
1296 1005 1326 1027 ut
1343 1000 1496 1027 admirabili
1519 999 1665 1034 splendore
1689 1003 1830 1033 superaret

1041 1045 1128 1073 lucem
1145 1045 1209 1077 diei.
1233 1046 1320 1072 visum
1338 1051 1380 1073 est
1403 1045 1598 1080 Hierosolymis
1623 1045 1695 1072 circa
1723 1044 1828 1071 tertiam

1042 1091 1136 1118 horam
1150 1091 1216 1123 diei,
1234 1100 1296 1119 cum
1313 1096 1386 1120 esset
1399 1092 1459 1120 dies
1471 1093 1568 1122 festus.
1582 1091 1628 1126 qui
1645 1090 1746 1118 dicitur
1758 1090 1829 1117 Pen-

1043 1143 1154 1170 tecoste,
1186 1139 1370 1174 pertingensa
1390 1139 1460 1171 loco,
1487 1139 1533 1173 qui
1559 1137 1662 1165 dicitur
1685 1136 1828 1168 Calvaria‘,

1041 1192 1127 1219 usque
1141 1185 1174 1211 ad
1191 1191 1311 1212 montem
1326 1185 1435 1218 Oliveti,
1449 1186 1521 1212 unde
1535 1185 1586 1212 fuit
1601 1188 1758 1219 assumptus
1779 1191 1829 1210 no-

1041 1235 1098 1258 ster
1125 1230 1261 1258 Salvator.
1291 1230 1436 1266 Imperium
1462 1238 1525 1266 ergo
1552 1235 1626 1257 tenet
1642 1229 1828 1260 Constantius,

1042 1278 1152 1304 relictus
1162 1278 1235 1305 solus
1249 1285 1280 1304 ex
1297 1278 1387 1312 magni
1403 1276 1574 1304 Constantini
1594 1276 1666 1304 filiis.
1680 1275 1749 1303 Cum
1765 1284 1830 1311 ergo

1040 1324 1073 1351 ad
1090 1324 1195 1358 imperii
1213 1323 1430 1359 magnitudinem
1446 1323 1584 1351 deﬁxisset
1599 1323 1704 1353 oculos.
1719 1326 1746 1350 et
1764 1322 1830 1350 cali-

1040 1375 1140 1406 gasset,
1162 1375 1192 1397 ut
1211 1370 1257 1405 qui
1275 1375 1349 1404 esset
1362 1370 1454 1403 homo,
1477 1374 1503 1397 et
1528 1377 1584 1396 non
1601 1369 1715 1396 haberet
1734 1376 1766 1396 ex
1781 1376 1830 1396 suo

1040 1424 1151 1452 genere,
1167 1416 1213 1452 qui
1239 1424 1301 1444 eum
1316 1416 1477 1444 defenderet
1495 1417 1594 1451 (neque
1616 1417 1690 1444 enim
1705 1417 1729 1443 ei
1749 1419 1830 1442 natus

1040 1461 1129 1489 fuerat
1146 1461 1227 1492 ﬁlius.
1244 1468 1333 1496 neque
1344 1465 1513 1488 remanserat
1524 1460 1622 1496 aliquis
1633 1469 1665 1488 ex
1678 1460 1830 1492 fratribus‘,

1040 1512 1068 1536 et
1083 1509 1202 1540 timeret,
1218 1515 1253 1535 ne
1270 1507 1296 1534 in
1313 1515 1375 1534 eum
1391 1515 1486 1534 rursus
1503 1507 1601 1542 aliquis
1617 1507 1771 1541 insurgeret
1789 1512 1831 1542 1)·‹

1040 1563 1153 1587 rannus,
1170 1554 1264 1582 statuit
1283 1562 1314 1581 ex
1331 1553 1454 1589 cognatis
1471 1554 1588 1589 aliquem
1605 1554 1730 1588 accipere
1744 1554 1794 1581 COil
1805 1563 1831 1578 r-

1040 1601 1146 1633 redem,
1163 1605 1191 1629 et
1208 1600 1314 1636 imperii
1341 1600 1514 1628 defensorem
1532 1608 1539 1627 :
1556 1600 1629 1635 quod
1653 1599 1737 1627 etiam
1754 1599 1829 1626 fecit.

1038 1648 1106 1676 Nam
1128 1655 1190 1675 cum
1204 1646 1310 1674 Gallum
1324 1646 1425 1674 Juliani
1440 1646 1556 1674 fratrem
1584 1645 1678 1673 Sirmti
1694 1645 1829 1673 Caesarem

1037 1697 1159 1722 creasset
1175 1694 1245 1728 (erat
1272 1698 1363 1720 autem
1380 1693 1405 1720 ei
1425 1692 1516 1720 Gallus
1530 1693 1660 1728 patruelis
1674 1702 1680 1719 :
1697 1692 1832 1720 Constan-

1039 1740 1092 1766 tius
1103 1739 1189 1770 elim,
1204 1738 1272 1765 Galli
1288 1743 1316 1765 et
1328 1738 1430 1765 Juliani
1443 1744 1529 1773 pater,
1543 1738 1627 1766 frater
1641 1737 1729 1765 fuerat
1740 1740 1831 1774 magni

1037 1784 1232 1820 Constantini),
1245 1783 1268 1811 ei
1281 1784 1327 1812 dat
1341 1792 1465 1816 uxorem,
1476 1792 1553 1812 suam
1564 1792 1686 1812 sororem
1698 1783 1832 1812 Constan-

1041 1833 1118 1864 tiam,
1135 1836 1166 1859 ut
1182 1839 1226 1860 res
1240 1837 1315 1860 esset
1329 1831 1438 1858 firmior
1453 1835 1481 1858 et
1502 1831 1619 1864 cautior,
1639 1835 1666 1858 ct
1689 1831 1792 1865 praebet
1808 1831 1832 1857 ei

1040 1879 1226 1914 magistratus,
1240 1885 1309 1913 quos
1321 1878 1379 1912 ipse
1391 1877 1572 1905 constituerat
1593 1879 1661 1912 (non
1672 1877 1746 1905 enim
1757 1877 1834 1905 Gallo

1039 1925 1139 1953 licebat
1153 1924 1181 1951 id
1200 1923 1251 1952 sibi
1273 1930 1425 1955 assumere,
1439 1931 1503 1951 cum
1515 1928 1592 1952 esset
1608 1924 1722 1958 Casu),
1738 1924 1834 1952 Domi-

1043 1969 1147 1997 tianum
1171 1969 1280 2003 quidem
1297 1973 1325 1995 et
1348 1967 1522 1995 Thalassium
1543 1968 1671 1995 emittens
1689 1967 1834 2003 praefectos

1043 2016 1203 2053 praetorios.
1222 2014 1354 2042 Montium
1369 2021 1460 2042 autem
1477 2014 1663 2050 imperatoriis
1678 2015 1833 2050 praeﬁciena

1044 2063 1208 2094 rationibus.
1221 2069 1302 2097 quem
1317 2061 1399 2089 etiam
1414 2062 1534 2089 solemus
1547 2068 1644 2089 vocare
1657 2065 1832 2097 quaestorem.

1044 2115 1072 2138 et
1084 2110 1164 2138 simul
1179 2117 1242 2137 eum
1255 2108 1339 2136 etiam
1357 2116 1461 2136 ornans
1474 2108 1577 2137 honore
1592 2107 1714 2137 Patricii.

199 2169 292 2203 ἐφεῖτο
319 2167 440 2203 Καίσαρι
467 2167 542 2194 ιντι·
566 2167 718 2194 Θαλάσσιον
747 2166 798 2202 μὲν
822 2167 987 2200 ἀποστείλας
1018 2169 1138 2204 ἔπαρχον
1149 2167 1337 2204 πραιτωρίων,
1361 2167 1478 2194 Μόντιον
1500 2167 1529 2194 δὲ
1544 2167 1592 2194 ἐπὶ
1615 2168 1669 2196 τῶν
1685 2168 1834 2204 βασιλικῶν

201 2214 387 2248 πραγμάτων.
404 2212 434 2239 ὃν
455 2213 504 2239 καὶ
521 2212 693 2247 κοιαίστωρα
713 2212 807 2239 καλεῖν
823 2211 895 2239 οἶδεν
911 2213 924 2239 ό
941 2213 1030 2248 λόγος,
1050 2214 1107 2250 ἃμα
1129 2215 1175 2241 καὶ
1190 2214 1336 2248 πατρίκιον
1353 2213 1449 2241 τοῦτον
1466 2215 1598 2250 τιμήσας.

237 2263 284 2296 ς’.
307 2262 337 2289 '0
351 2261 379 2288 δὲ
392 2261 493 2293 Γάλλος
505 2261 543 2293 ὡς
559 2261 622 2287 τότε
644 2261 721 2296 παρὰ
737 2261 785 2288 τοῦ
799 2262 990 2288 κωνσταντίου

1085 2262 1126 2290 Vl.
1157 2263 1250 2292 Gallus
1275 2268 1379 2295 autem,
1407 2269 1437 2291 ut
1462 2263 1509 2300 qui
1536 2268 1602 2291 tunc
1627 2271 1642 2291 a
1671 2264 1834 2292 Constantio

202 2308 339 2344 πεμφθεὶς
355 2309 402 2334 ἐπὶ
418 2308 466 2342 τῆς
481 2307 579 2343 Ἐῲας,
596 2309 687 2342 εῐχιτο
701 2307 754 2333 τῶν
766 2307 946 2342 πραγμάτων,
962 2307 990 2333 ὃν

201 2354 302 2380 αὐτίκα
319 2353 451 2387 μαθόντες
463 2353 488 2378 οἱ
505 2354 608 2388 Πέρσαι
622 2352 689 2388 προς
702 2353 869 2387 Ἀντιόχειαν
885 2353 985 2387 ἀφικόι

203 2409 296 2436 μενον,
316 2399 550 2436 κατωρῤώδησαν,
569 2401 629 2426 νέον
644 2407 674 2426 τε
695 2399 776 2426 αὑτὸν
792 2399 840 2425 καὶ
853 2399 991 2435 θερμουρ-

201 2449 250 2482 γδν
261 2449 300 2480 είς
314 2449 348 2474 τὰ
363 2447 434 2483 ἔργα
452 2447 612 2482 πυθόμενοι,
627 2446 674 2473 καὶ
694 2446 744 2473 οὐκ
763 2446 803 2473 ἔτι
826 2447 992 2482 inmitem-:0

201 2495 252 2529 τὴν
269 2495 315 2520 ἐπὶ
330 2496 392 2526 τοὺς
411 2493 564 2528 Ῥωμαίους
581 2493 714 2525 ἐξέλασιν,
731 2493 778 2519 καὶ
803 2494 817 2520 ό
837 2493 886 2528 μὶν
906 2494 934 2520 ἔν
957 2495 990 2529 τῇ

209 2541 360 2576 Ἀντιοχείᾳ
371 2541 419 2574 τῆς
437 2540 536 2574 Συρίας
553 2537 586 2574 ἦν
603 2539 641 2570 ὡς
659 2539 826 2574 δεδήλωται,
844 2539 990 2566 Κωνστάν-

201 2596 257 2619 me;
275 2588 302 2614 δὲ
321 2589 349 2614 ὲν
363 2589 396 2623 τῇ
417 2587 538 2622 Ἐσπέρᾳ
559 2587 676 2621 καθίστη
699 2585 733 2612 τὰ
755 2586 918 2622 πράγματα,
945 2588 991 2613 καὶ

202 2633 262 2660 τότε
281 2634 313 2669 δὴ
338 2634 467 2669 μάλιστα,
495 2633 625 2667 καθαρῶς
648 2631 786 2668 ἡσύχασεν
802 2632 819 2666 ἠ
843 2631 992 2667 Ῥωμαίων

203 2680 276 2715 ἁρχὴ
293 2683 360 2716 πρὸς
372 2681 534 2715 ἀμφοτέρων
550 2679 750 2715 φυλαττομένη.
765 2679 821 2706 Καὶ
835 2678 921 2705 ταῦτα
943 2678 993 2713 μὲν

203 2727 300 2754 τοῦτον
327 2728 389 2762 ἔσχε
417 2728 463 2754 τὸν
491 2728 601 2762 τρόπον.
625 2727 655 2752 Ὀ
685 2726 714 2753 δὲ
740 2725 858 2757 Γάλλος,
876 2725 924 2761 τὴν
944 2724 992 2752 τοῦ

204 2773 347 2808 Καίσαρος
372 2774 582 2808 ἀμφιασάμενος
608 2772 766 2807 ἁλουργίδα,
792 2773 839 2798 καὶ
863 2772 914 2806 ἠδη
939 2771 993 2797 τῶν

203 2819 320 2854 πρώτων
331 2820 380 2853 τῆς
392 2818 530 2854 βασιλείας
540 2819 692 2854 ἀρξάμενος
703 2818 855 2845 ἐπιϐαίνειν
868 2817 991 2853 βαθμῶν,

202 2866 253 2892 οὐκ
264 2866 361 2900 ἔμενεν
376 2866 423 2892 ἐπὶ
442 2865 492 2900 τῆς
510 2866 640 2900 τοιαύτης
664 2865 777 2900 γνώμης
798 2865 844 2890 καὶ
862 2863 991 2894 πίστεως,

204 2910 237 2947 ἦς
251 2912 321 2947 πρὸς
334 2912 380 2939 τὸν
394 2912 584 2939 Κωνστάντιον
601 2912 759 2946 ἐποιήσατο,
778 2910 991 2945 βασιλικώτερον

1043 2309 1144 2337 missus
1161 2315 1236 2337 esset
1249 2309 1281 2336 ad
1297 2308 1449 2342 Orienteml
1462 2315 1522 2337 erat
1549 2309 1670 2336 intentus
1690 2309 1774 2336 rebus
1786 2317 1833 2344 εαξη

1044 2357 1147 2384 rendis.
1165 2356 1252 2389 Quem
1272 2364 1333 2384 eum
1359 2357 1477 2391 primum
1499 2356 1670 2391 accepissent
1683 2356 1773 2384 Persae
1786 2365 1832 2385 ve-

1043 2402 1119 2430 nisse
1136 2402 1320 2436 Antiochiam,
1338 2405 1436 2430 timore
1457 2407 1523 2430 sunt
1543 2403 1643 2435 affecti.
1668 2411 1731 2431 cum
1753 2403 1834 2430 audi-

1044 2445 1149 2473 vissent
1178 2454 1240 2473 eum
1263 2454 1323 2474 esse
1335 2447 1476 2481 juvenem,
1506 2451 1534 2475 et
1561 2447 1595 2475 ad
1626 2455 1671 2475 res
1698 2450 1832 2483 gerendas

1043 2498 1133 2519 acrem
1149 2496 1175 2518 et
1188 2492 1388 2524 vehementem,
1402 2500 1451 2520 nec.
1470 2493 1721 2528 feceruntamplius
1733 2501 1831 2521 excur—

1044 2537 1148 2564 sionem
1170 2537 1195 2564 in
1218 2545 1297 2573 agros
1312 2538 1507 2565 Romanorum.
1526 2539 1559 2566 Et
1577 2539 1621 2566 ille
1646 2538 1755 2574 quidem
1773 2543 1832 2565 erat

1044 2582 1197 2610 Antiochia;
1219 2583 1314 2618 Syrise,
1344 2588 1374 2610 ut
1400 2588 1541 2612 ostensum
1570 2589 1628 2618 est;
1655 2586 1832 2612 Constantius

1043 2634 1136 2656 autem
1155 2637 1198 2657 res
1215 2630 1399 2658 constituebat
1419 2631 1446 2658 in
1460 2631 1609 2659 Occidente
1624 2641 1631 2658 :
1652 2637 1679 2659 et
1693 2637 1758 2659 tunc
1773 2636 1832 2659 era:

1044 2675 1161 2702 maxime
1178 2676 1302 2710 quietum
1329 2675 1513 2704 Romanorum
1536 2676 1691 2711 imperium,
1710 2682 1740 2704 ut
1758 2677 1832 2712 quod

1044 2722 1078 2748 ab
1087 2721 1208 2756 utrisque
1216 2722 1410 2750 custodiretur.
1423 2722 1456 2749 Et
1471 2723 1528 2750 haec
1540 2723 1648 2758 quidem
1659 2723 1739 2751 modo
1749 2723 1832 2750 modo

1045 2775 1075 2794 se
1095 2768 1241 2795 habebant.
1256 2767 1348 2795 Gallus
1367 2773 1456 2795 autem
1476 2777 1539 2796 cum
1560 2769 1676 2798 Caesaris
1699 2771 1833 2797 induisset

1046 2820 1206 2848 purpuram,
1235 2818 1263 2840 et
1285 2814 1340 2848 jam
1381 2815 1511 2850 cmpisset
1550 2816 1700 2843 ascendere
1728 2816 1833 2850 primos

1045 2859 1145 2894 gradus
1165 2858 1282 2894 imperii,
1300 2867 1354 2886 non
1372 2861 1473 2888 mansit
1489 2861 1517 2888 in
1539 2861 1633 2888 eadem
1656 2862 1791 2888 sententia
1806 2866 1834 2889 et

1047 2906 1107 2938 ﬁde,
1121 2914 1202 2941 quam
1213 2906 1330 2933 dederat
1345 2906 1517 2941 Constantio,
1537 2908 1618 2936 nimis
1645 2916 1694 2943 pro
1716 2908 1833 2941 impexio
