2047 3150
177 183 246 216 1173

756 186 991 218 M'ARTYRIUM
1014 189 1046 219 S.
1067 189 1243 221 ARTEMII.

1742 186 1754 219 1
1760 187 1814 219 171"

174 241 262 277 ἀρχὴν
275 241 404 276 ιφαίνετο
417 241 451 268 ἐκ
463 241 519 269 τῶν
530 241 614 269 αὑτοῦ
629 243 760 270 διαϐολῶν
769 264 776 275 ,
800 245 847 271 τὸν
860 244 968 272 ᾶπαντα

1027 246 1157 275 invectus.
1183 247 1284 275 Ambos
1307 256 1424 282 namque
1446 247 1645 276 Chalcedonam
1672 246 1756 278 misit,
1782 252 1811 274 et

173 289 211 323 τῷ
226 288 322 323 Γάλλῳ
346 288 427 322 φόνον
450 290 703 325 σνγκειρασάμενος
718 299 726 306 ’
750 291 856 317 Παῦλον
875 291 903 318 δὲ
921 291 967 318 τὸν

174 334 281 361 Σπανὶν
308 335 349 365 είς
375 334 439 366 τοὺς
471 334 649 369 ὑπογραφέας
676 336 724 362 τοῦ
757 336 891 371 βασιλέως
923 345 968 363 τε-

173 381 284 412 λοῦντα,
305 380 374 415 πυρὶ
398 381 595 416 παραδίδωσιν,
625 382 663 413 ὥς
676 382 762 409 πολλὰ
783 383 816 417 δὴ
836 382 911 418 μάλα
927 383 968 419 τῷ

175 427 270 462 Γάλλῳ
285 423 540 461 ἐμπικρανάμενον.
566 427 687 460 Τούτους
710 429 760 464 μὲν
783 428 830 455 οὗν
846 430 968 465 ἀμφοτέ-

177 482 241 509 ρους
258 473 299 503 εἰς
316 473 366 509 τὴν
383 473 544 509 Χαλκηδόνα
555 474 714 509 διαπέμψας
727 495 734 506 ,
750 475 809 501 ἐκεῖ
824 477 857 510 τῇ
873 477 942 502 οῑκεί
952 485 969 511 ᾳ

175 518 238 553 δίκῃ
256 517 357 551 ὑπάγει
387 518 542 554 ἑκάτερον,
568 519 659 546 ἀνεῖλε
686 519 714 546 δὲ
739 521 788 547 καὶ
805 521 970 548 Γαυδέντιον

182 563 339 599 στρατηγὸν
349 564 401 599 τῆς
419 564 558 600 ’Δφρικῆς
571 586 579 598 ,
598 566 644 592 καὶ
660 565 758 598 ἄλλους
778 567 853 598 τινὰς
876 567 970 593 ὁπόσοι

175 618 202 637 τι
215 611 255 642 εἰς
270 610 352 637 αὑτὸν
368 612 606 647 πεπαρῳνήκεσαν
617 620 624 627 ·
645 612 713 640 ἀλλὰ
729 608 842 645 τούτους
855 614 906 648 μὲν
927 614 972 640 διὰ

177 656 353 692 γραμμάτων
368 657 493 689 ἐκόλασε,
514 657 560 684 τὸν
583 658 613 684 δὲ
640 658 688 685 τοῦ
702 659 822 694 Χριστοῦ
844 660 972 695 μάρτυρα

177 703 223 728 καὶ
247 703 372 735 γενναῖον
398 703 519 739 ἀθλητὴν
540 704 683 740 ’Δρτέμιον
719 705 800 737 αὐτὸς
823 706 858 732 δι’
873 706 971 732 ἑαυτοῦ

179 749 211 775 ὲν
222 748 377 785 ’Δντιοχείᾳ
398 749 497 784 παρὼν
521 750 569 776 καὶ
586 751 708 787 παρόντα
722 751 766 778 διὰ
781 752 832 786 τὴν
849 753 889 783 εἰς
903 753 973 786 Χρι-

179 794 241 821 στδν
256 795 415 830 ὁμολογίαν,
431 796 625 831 ἀπανθρώπως
636 798 760 830 ἐκόλασε,
774 798 821 824 καὶ
834 799 884 833 τῆς
895 807 972 833 nam

179 840 263 875 ούσης
291 841 373 867 αὑτὸν
390 842 591 876 ἀπεγύμνωσεν
606 843 743 876 ἐξουσίας,
764 844 801 879 μὴ
821 844 912 879 φέρων
925 844 974 879 τὴν

180 886 263 912 αὐτοῦ
282 887 441 922 παρρησίαν
458 890 505 915 καὶ
528 889 665 916 ἔνστασιν.
694 890 724 916 '0
742 891 796 925 γὰρ
818 890 971 923 Ἰουλιανὸς,

179 932 216 963 ὡς
229 932 386 967 δεδήλωται,
403 935 451 969 τὴν
463 935 518 961 τῶν
537 936 683 970 Ῥωμαίων
698 936 881 972 περιθέμενος
897 937 974 972 βασι-

180 977 265 1011 λείαν,
282 978 433 1012 ἐσπούδαζε
448 981 567 1015 μάλιστα
588 982 634 1008 τὸν
657 982 838 1018 Ἐλληνισμδν
858 984 975 1019 ἐπανορ-

182 1023 258 1051 θοῦν.
276 1024 424 1061 Πανταχοῦ
440 1027 532 1053 τοίνυν
548 1028 704 1063 γράμματα
726 1029 952 1064 διαπεμπόμενος
965 1050 972 1062 ,

180 1070 291 1098 ἐκέλευε
319 1072 354 1098 τὰ
378 1072 483 1100 τούτων
507 1075 611 1109 τεμένη
635 1075 683 1101 καὶ
700 1076 763 1107 τοὺς
785 1076 894 1111 βωμοὺς
924 1077 972 1104 ἀν-

184 1117 280 1152 ιστᾷν,
301 1118 371 1153 μετὰ
389 1118 491 1154 πολλῆς
513 1119 579 1155 ὅσης
594 1121 644 1154 τῆς
659 1121 778 1156 σπιυδῆς
797 1130 826 1148 τι
842 1123 889 1149 καὶ
905 1131 974 1157 προ-

180 1162 293 1197 θυμίας,
314 1164 363 1191 καὶ
380 1164 447 1196 ὅσας
468 1166 482 1192 ό
505 1165 593 1201 μέγας
617 1167 826 1200 Κωνστανττνος
843 1169 904 1201 ταῖς
927 1170 973 1195 ὲκ-

1020 290 1073 319 illic
1089 298 1237 327 utrumque
1252 300 1302 320 suo
1316 293 1407 320 affecit
1419 293 1562 329 supplicio.
1576 292 1714 321 latorfeeit
1727 293 1816 321 etiam-

1019 338 1203 367 Gaudentium
1233 339 1330 367 ducem
1353 340 1490 368 exercitus
1511 340 1619 373 Africze,
1630 345 1658 368 et
1677 339 1811 375 quosdam

1017 386 1097 418 alios,
1117 385 1164 420 qui
1180 386 1204 414 ci
1222 386 1431 414 insultarerant.
1449 386 1501 414 Sed
1525 394 1572 415 eos
1595 386 1705 422 quidem
1720 387 1820 422 puniit'

1020 440 1070 468 per
1098 432 1219 466 litteras;
1249 432 1350 461 Christi
1373 437 1463 460 autem
1489 438 1634 468 martyrem
1662 438 1690 461 et
1714 433 1810 461 fortem

1020 479 1150 507 athletam
1164 480 1328 514 Artemium,
1342 480 1401 515 ipse
1418 488 1467 515 per
1482 487 1512 507 se
1527 479 1677 507 Antiochia!
1691 487 1813 515 presens

1021 531 1183 560 praesentem
1200 531 1314 562 propter
1326 526 1428 555 Christi
1441 526 1645 554 confessionem
1661 527 1812 554 inhumane

1022 572 1121 606 puniit.
1150 577 1178 599 et
1195 581 1238 604 ea,
1257 580 1338 608 quam
1369 573 1498 605 habebat,
1523 572 1642 608 privavit
1666 577 1811 608 potestate,

1012 626 1076 646 'non
1095 618 1185 646 ferens
1200 619 1260 653 ejus
1275 618 1382 646 dicendi
1398 619 1553 647 libertatem
1570 624 1598 646 et
1619 619 1811 646 constantiam.

1022 663 1147 691 Iulianus
1166 664 1250 696 enim.
1268 672 1341 696 cum,
1358 669 1388 692 nt
1403 669 1543 692 ostensum
1556 670 1609 697 est,
1626 666 1813 694 Romanorum

1024 715 1183 745 usurpasset
1207 711 1364 746 imperium,
1389 711 1508 738 maxime
1542 711 1669 738 studebat
1692 711 1814 746 gentium

1024 763 1146 783 errorem
1163 756 1190 782 in
1204 763 1283 783 suum
1298 756 1387 783 locum
1402 756 1558 784 restituere.
1574 755 1602 782 In
1616 763 1712 783 omnes
1724 756 1815 790 itaque

1024 806 1115 837 partes
1133 801 1248 829 m'ttens
1267 802 1372 829 litteras
1394 802 1507 836 jubebat
1530 802 1642 829 deorum
1672 802 1771 837 templa
1788 806 1815 828 et

1025 848 1120 874 altaria
1135 853 1262 882 prompto
1277 853 1306 874 et
1326 847 1408 874 alacri
1434 848 1519 875 animi
1547 848 1637 875 studio
1656 848 1769 879 exstrui,
1788 853 1816 875 et

1025 901 1202 929 quoscunque
1222 894 1327 921 reditus
1353 901 1469 928 magnus
1480 893 1677 922 Constantinus
1693 895 1817 922 attribuit

1024 940 1162 973 ecclesiis,
1178 944 1206 968 et
1221 940 1281 976 ejus
1294 940 1364 967 ﬁlius
1384 939 1570 973 Constantius,
1592 947 1640 968 eos
1654 941 1766 974 ademit,
1789 946 1817 968 et

1024 984 1133 1020 templis
1146 984 1319 1012 consecravit
1336 983 1482 1016 idolorum,
1498 991 1547 1018 pro
1569 984 1716 1018 episcopis,
1741 991 1817 1018 pres-

1025 1030 1125 1067 byteris
1138 1034 1165 1057 et
1180 1029 1317 1062 diaconis,
1341 1029 1516 1056 constituens
1538 1029 1666 1061 aedituos,
1691 1036 1817 1063 asperso-

1023 1085 1078 1108 res.
1103 1076 1242 1104 sacriﬁcos
1257 1080 1284 1103 et.
1307 1075 1497 1110 canephoros,
1521 1079 1549 1102 et
1564 1081 1733 1109 quzecunque
1764 1081 1817 1100 no-

1024 1124 1097 1151 mina
1122 1131 1201 1159 nugze
1219 1124 1366 1158 imponunt
1387 1121 1540 1157 gentilium.
1565 1121 1628 1148 Haec
1653 1119 1762 1155 quidem
1790 1123 1817 1146 ot

1026 1168 1078 1196 alia
1098 1169 1201 1196 ﬁebant
1215 1167 1465 1202 Constantinopoli.

181 1206 309 1242 κλησίαις
335 1209 487 1245 προσόδους
514 1210 661 1246 ἀπένειμε,
690 1212 738 1238 καὶ
757 1213 771 1239 ὸ
789 1212 886 1239 τούτου
927 1213 985 1244 υίὸς
1016 1212 1215 1246 Κωνστάντιος,
1248 1214 1353 1243 ταύτας
1380 1212 1500 1247 ἀφελὼν,
1528 1212 1586 1243 τοῖς
1612 1211 1667 1238 τῶν
1695 1210 1816 1238 τίδώλων

180 1256 255 1286 ναοῖς
268 1254 432 1291 ἀφιέρωσιν,
447 1256 507 1283 ἀντ’
519 1257 678 1284 ἐπισκόπων
700 1259 747 1284 καὶ
773 1258 971 1294 πρεσϐυτέρων
1002 1261 1050 1287 καὶ
1067 1260 1201 1287 διακόνων
1224 1259 1400 1294 καταστήσας
1425 1259 1571 1294 ζακόρους,
1588 1259 1636 1285 καὶ
1653 1257 1820 1292 νεωκόρους.

183 1300 231 1327 καὶ
253 1301 366 1336 ῥάντας,
384 1302 432 1329 καὶ
448 1301 533 1335 θύτας
544 1323 552 1336 ,
583 1304 632 1330 καὶ
646 1304 839 1339 κανηφόρους,
855 1305 902 1331 καὶ
915 1305 982 1337 ὅσας
997 1307 1012 1332 ὸ
1038 1306 1180 1341 summa;
1199 1305 1279 1337 ὕθλος
1299 1305 1460 1341 ιπιφημίζει
1487 1304 1694 1341 προσωνυμίαις.
1717 1303 1814 1332 Ταῦτα

184 1347 234 1382 μὲν
253 1347 300 1374 καὶ
317 1348 400 1383 ἔτερα
422 1347 601 1383 διεπράττετο
620 1349 691 1376 κατὰ
713 1349 766 1386 τὴν
793 1351 1094 1379 Κωνσταντινούπολιν.

221 1393 270 1421 IB'.
282 1395 361 1422 Μετὰ
377 1395 406 1422 δὲ
417 1395 506 1423 ταῦτα
523 1396 642 1431 μητέρος
660 1396 744 1423 αὑτοῦ
764 1396 879 1432 ἀδελφὸν
892 1397 974 1434 ῑχων,

184 1440 330 1468 Ὶουλιανὸν
345 1442 479 1477 τοῦνομα.
501 1442 552 1478 τὴν
573 1443 621 1469 τοῦ
648 1444 869 1479 Χριστιανιτμοῦ
882 1445 975 1472 πίστιν

184 1487 228 1514 διὰ
258 1488 308 1524 τὴν
329 1488 435 1514 ἐκείνου
463 1489 543 1524 χάριν
568 1490 784 1525 ἐξομοσάμενον,
803 1492 851 1517 καὶ
871 1492 974 1525 πολλὴν

185 1533 255 1568 ὑπὲρ
283 1534 331 1560 τοῦ
355 1535 538 1569 Ἑλληνισμοῦ
559 1535 716 1571 προθυμίαν
737 1536 974 1572 ἐπιδεικνύμενον,

1064 1400 1122 1428 XII.
1139 1400 1204 1428 Post
1221 1401 1280 1428 Iuec
1304 1405 1396 1428 autem
1418 1408 1479 1428 cum
1506 1399 1602 1427 matris
1625 1406 1682 1426 sua
1708 1397 1820 1425 haberet

1030 1446 1153 1478 fratrem,
1168 1447 1279 1474 nomine
1296 1446 1444 1478 Julianum,
1470 1445 1516 1480 qui
1535 1450 1565 1472 ut
1586 1445 1624 1472 illi
1649 1444 1818 1479 gratificare-

1030 1499 1083 1526 tur,
1099 1494 1301 1521 Christianismi
1331 1493 1410 1521 [idem
1438 1492 1623 1527 abiuraverat,
1652 1496 1680 1519 et
1704 1499 1754 1526 pro
1776 1498 1820 1519 er-

1030 1549 1092 1568 rore
1123 1541 1246 1576 gentium
1277 1540 1437 1569 ostendebat
1476 1543 1632 1574 promptum
1666 1543 1694 1565 et
1730 1538 1820 1565 alacre

184 1579 303 1614 ἄρχοντα
317 1579 364 1615 τῆς
381 1579 453 1615 ἑῴας
479 1581 509 1607 ὃν
536 1581 650 1608 καλοῦσι
678 1582 789 1617 κόμητα
808 1582 976 1618 ἐξέπεμψεν,

1029 1587 1113 1614 animi
1135 1587 1269 1621 studium,
1296 1587 1387 1614 emisit
1418 1585 1538 1613 Orientis
1566 1590 1710 1615 rectorem,
1738 1591 1820 1619 quem

185 1624 388 1659 ἐντειλάμενος,
414 1626 448 1653 τὰ
477 1626 527 1661 μὲν
555 1627 609 1654 τῶν
630 1627 787 1664 ἐκκλησιῶν
824 1629 978 1664 πράγματα

186 1669 289 1697 κακοῦν
310 1680 339 1697 τε
363 1671 410 1698 καὶ
437 1672 624 1709 διαφθείρειν,
647 1674 788 1709 πανταχοῦ
802 1674 832 1701 δὲ
861 1675 908 1701 καὶ
934 1675 979 1702 διὰ

187 1717 276 1752 πάσης
293 1717 364 1750 ἰδέας
373 1718 419 1745 τὸν
437 1719 617 1755 Ἐλληνισμὸν
632 1720 726 1754 αὔξειν
740 1729 770 1747 τε
781 1721 829 1748 καὶ
840 1721 978 1758 ἐπαίρειν.

192 1761 222 1788 '0
235 1762 263 1789 δὲ
275 1764 446 1798 ἀφικόμενος
460 1766 490 1792 ὲν
505 1765 657 1802 ’Δντιοχείᾳ
665 1768 796 1802 ἐπειρᾶτο
806 1767 907 1803 μείζων
924 1768 979 1796 τῶν

186 1808 390 1842 ἐντεταλμένων
403 1811 459 1841 τοῖς
484 1810 576 1846 ἔργοις
594 1814 748 1847 φαίνεσθαι,
766 1816 813 1841 καὶ
836 1815 869 1850 δὴ
892 1824 979 1850 προσ-

186 1855 348 1889 αφαιρεῖται
373 1854 424 1889 μὲν
457 1856 554 1883 πασῶν
572 1858 626 1884 τῶν
644 1859 800 1894 ἐκκλησιῶν
820 1862 930 1889 ἅπαντα
944 1863 979 1889 τὰ

187 1900 329 1937 κειμήλια,
345 1902 397 1929 ὅσα
405 1902 434 1929 ὲν
445 1903 559 1938 ἀργύρῳ
574 1913 603 1929 τε
618 1905 663 1931 καὶ
680 1906 774 1940 χρυσῷ
792 1907 840 1932 καὶ
853 1909 980 1942 στωικοῖς

187 1948 332 1983 ὑφάσμασι
346 1948 469 1982 διετέλει,
487 1951 629 1977 ἀποκλείει
647 1951 676 1978 δὲ.
691 1953 739 1979 καὶ
756 1953 805 1984 τὰς
820 1953 978 1988 ἐκκλησίας,

186 1994 234 2020 τοῦ
256 1995 293 2030 μή
328 2003 390 2023 τινα
417 1997 558 2033 είσφοιτᾷν
580 1998 609 2024 ἐν
636 1998 734 2029 αὐταῖς
762 1998 847 2034 εὐχῆς
874 1998 978 2032 ἕνεκα,

189 2040 300 2076 κλεῖθρα
323 2042 370 2068 καὶ
392 2044 519 2078 μυχνοὺς
541 2045 597 2074 τοῖς
614 2044 733 2070 πολῶσιν
745 2044 894 2071 ἐπιϐαλών.
922 2045 979 2071 Kal.

188 2086 274 2113 ταῦτα
290 2088 342 2122 μὲν
367 2088 439 2115 κατὰ
462 2089 512 2125 τὴν
525 2089 664 2124 Ἀντιόχου
688 2090 767 2117 πόλιν
782 2099 788 2105 ·
810 2091 824 2116 ὁ
836 2091 885 2125 τῆς
902 2091 981 2117 Ἀνα-

187 2130 268 2165 τιιλῆς
298 2131 391 2167 ἄρχων
417 2134 570 2168 εἰργάζετο,
600 2135 614 2161 ὁ
636 2134 664 2161 δὲ
686 2135 811 2169 βασιλεὺς
825 2135 979 2168 Ἰουλιανὸς,

189 2176 229 2203 ἑ-ι
253 2178 324 2205 κατὰ
339 2178 388 2213 τὴν
400 2179 691 2208 Κωνσταντινοὺπολιν
709 2180 810 2208 διεῖλκέ
830 2190 893 2208 τινα
917 2183 982 2218 χρό-

190 2231 245 2255 νον,
257 2223 291 2250 τὰ
301 2224 330 2250 ὲν
340 2224 428 2260 ταύτῃ
441 2225 592 2260 κρατύνεις,
605 2228 645 2258 είς
656 2228 725 2262 ὅπερ
740 2227 848 2263 ἐνόμιζε
862 2229 981 2263 μάλιστα

188 2271 221 2304 τῇ
238 2269 362 2305 βασιλεία
369 2271 530 2307 συμφέρειν,
544 2273 591 2300 καὶ
605 2274 670 2305 ὅπος
684 2275 697 2301 ὁ
716 2274 892 2310 Ἑλληνισμὸς
906 2275 980 2310 αὐτῷ

191 2317 260 2352 πρὸς
294 2318 324 2344 τὺ
356 2319 566 2354 μεγαλειὸτερον
595 2320 697 2356 ἐξαρθῇ
732 2321 844 2347 σκοπῶν
873 2330 902 2347 τε
934 2322 979 2348 καὶ.

191 2365 466 2400 πραγματευόμενος.
485 2366 571 2401 Ἀρας
586 2364 632 2392 οὖν
647 2368 678 2393 ἐκ
694 2368 743 2401 τῆς
759 2369 980 2394 Κωνσταντινου-

192 2411 295 2443 πόλεως
312 2411 361 2438 σὺν
373 2412 456 2438 παντὶ
480 2411 519 2446 τῷ
544 2413 652 2448 στρατῷ
676 2413 725 2450 τὴν
745 2414 791 2440 ἐπὶ
807 2414 856 2448 τῆς
881 2415 980 2449 Supini;

190 2459 311 2484 ἐποιεῖτο
324 2458 393 2485 ὀδόν.

228 2504 275 2531 II".
290 2504 410 2531 Διελϐὼν
417 2505 508 2532 τοίνυν
520 2505 630 2533 ἃπασαν
646 2506 694 2540 τὴν
707 2506 843 2540 Φρυγίαν,
853 2507 900 2533 καὶ
912 2507 983 2542 πρὸς

190 2551 239 2585 τὴν
253 2550 370 2586 ἐσχάτην
384 2552 470 2585 αὐτῆς
482 2552 560 2578 πόλιν
573 2552 603 2578 τὺ
614 2553 782 2584 καλούμενον
792 2552 899 2579 Ἰκόνιον
913 2562 981 2579 κατ-

191 2597 325 2632 αντήσας,
363 2598 484 2630 ἐξέκλινε
502 2598 551 2634 τὴν
580 2599 717 2633 Ἰσαυρίαν
739 2598 981 2631 καταλιπών.,Καὶ

190 2646 236 2669 τὸν
254 2643 402 2679 λεγόμενον
415 2645 523 2680 Ταῦρον
542 2645 720 2680 ὺπεραναὸὰς
741 2653 747 2660 ³
770 2643 852 2680 ἦλθεν
867 2645 912 2671 ἐπὶ
930 2647 981 2677 τὰς

192 2689 285 2721 πᾶλεις
300 2689 350 2724 τῆς
365 2690 503 2724 Κιλικίας,
521 2690 567 2717 καὶ
586 2691 625 2725 τῷ
638 2690 763 2725 ’σταθμῷ
784 2691 980 2725 προσπελάσας

191 2734 230 2769 τῷ
246 2735 276 2760 ὲν
293 2735 371 2770 Ἰσσῷ
387 2736 471 2763 αὐτοῦ
489 2745 540 2762 που
555 2738 726 2771 κατασκηνοῖ
737 2757 744 2768 ,
769 2736 815 2763 τὸν
838 2737 869 2763 ὲκ
888 2738 982 2764 Μακε-

191 2781 281 2811 Ξονίας
307 2781 481 2815 Ἀλέξανδρον
499 2783 689 2817 μιμησάμενος
707 2792 714 2799 ⁸
736 2783 830 2809 αὐτόθι
854 2783 909 2817 γὰρ
933 2784 981 2810 κά.-

192 2827 280 2857 κεῖνος
298 2827 325 2852 ἐν
345 2826 422 2861 Ἰσσῷ
447 2827 493 2853 τὸν
511 2829 576 2861 πρὸς
592 2830 704 2864 Δαρεῖον
716 2830 762 2855 τὸν
779 2829 891 2864 Περσῶν
902 2830 980 2864 βασι-

193 2872 241 2900 λὲα
257 2873 438 2908 συνεκρότησε
454 2873 583 2907 πόλεμον,
598 2877 645 2901 καὶ
661 2874 754 2901 τοῦτον
767 2875 893 2911 νικήσας,
924 2875 983 2902 ἐπί-

195 2927 281 2954 σημον
306 2919 350 2947 τὸν
377 2919 459 2947 τόπον
477 2920 643 2954 εἰργάσατο·
666 2921 770 2948 ἐκεῖθεν
797 2922 842 2948 τὸν
865 2922 980 2949 Ἱππικὸν

1028 1638 1128 1660 vocant
1143 1633 1282 1664 comitem,
1295 1633 1396 1667 jubens
1411 1636 1441 1660 ut
1450 1639 1492 1659 res
1507 1631 1615 1666 quidem
1641 1630 1819 1658 ecclesiarum

1030 1683 1142 1706 vexaret
1158 1683 1186 1706 et
1199 1679 1337 1713 perderet,
1354 1678 1455 1713 ubique
1467 1682 1557 1705 autem
1577 1682 1604 1704 et
1625 1676 1700 1703 omni
1716 1676 1821 1703 ratione

1029 1733 1151 1752 errorem
1167 1725 1289 1760 gentium
1309 1729 1422 1760 augeret
1435 1728 1463 1751 et
1487 1723 1640 1751 extolleret.
1667 1722 1713 1749 Ille
1740 1721 1822 1757 igitur

1030 1779 1091 1799 cum
1105 1771 1227 1799 venisset
1243 1770 1431 1803 Antiochiam,
1456 1771 1608 1797 conabatur
1627 1768 1717 1803 reipsa
1744 1767 1822 1803 plura

1031 1822 1170 1853 praestare,
1203 1825 1283 1852 quam
1308 1817 1332 1844 ei
1366 1817 1455 1844 fuerat
1478 1816 1651 1851 imperatum.
1676 1815 1709 1842 Et
1735 1814 1823 1841 eccle-

1031 1864 1079 1890 siis
1094 1864 1203 1898 quidem
1220 1864 1310 1891 aufert
1325 1870 1497 1898 quaacunque
1523 1862 1661 1889 habebant
1688 1860 1820 1895 pretiosa,

1032 1914 1085 1936 tam
1101 1910 1128 1936 in
1145 1915 1258 1945 argento
1274 1914 1300 1937 et
1313 1918 1390 1942 auro,
1410 1917 1491 1944 quam
1509 1909 1537 1935 in
1564 1908 1659 1936 sericis
1676 1908 1823 1935 vestimen-

1031 1955 1075 1982 tis.
1092 1955 1255 1987 Quinetiam
1276 1956 1378 1983 claudit
1391 1955 1532 1985 ecclesias,
1552 1962 1588 1981 ne
1600 1955 1699 1989 quisin
1717 1962 1764 1981 eas
1777 1954 1821 1981 in-

1031 2002 1190 2037 grederetur
1220 2002 1351 2036 precandi
1380 2009 1473 2032 causa,
1499 2000 1625 2028 claustris
1652 2004 1679 2026 et
1697 2000 1823 2027 vectibus

1030 2049 1121 2084 ianuis
1133 2049 1275 2083 impositis.
1291 2049 1324 2075 Et
1338 2049 1397 2076 haec
1411 2048 1522 2084 quidem
1535 2048 1688 2075 Antiochiae
1703 2048 1823 2075 faciebat

1033 2102 1124 2122 comes
1148 2094 1280 2122 Orientis.
1310 2094 1460 2129 Imperator
1486 2099 1578 2121 autem
1601 2094 1727 2122 Julianus
1749 2095 1820 2121 (‘on-
1874 2105 1880 2110 -

1033 2139 1212 2175 stantinopoli
1231 2141 1343 2175 aliquod
1358 2141 1448 2168 adhuc
1468 2140 1628 2168 morabatur
1647 2145 1765 2175 tempus,
1779 2147 1822 2167 res

1032 2186 1198 2215 confirmans
1210 2191 1237 2215 et
1254 2188 1445 2220 corroborans,
1463 2192 1545 2222 prout
1562 2187 1587 2215 ei
1610 2186 1728 2214 maxime
1739 2193 1822 2221 expe-

1032 2232 1091 2261 dire
1108 2232 1249 2270 videbatur
1261 2232 1375 2268 imperio
1393 2242 1399 2259 :
1415 2236 1442 2260 et
1466 2237 1496 2260 ut
1519 2239 1599 2260 error
1620 2230 1741 2267 gentium
1765 2238 1823 2259 ma-

1033 2279 1132 2314 gniﬁce
1163 2279 1360 2311 extolleretur,
1393 2278 1572 2306 considerans
1608 2282 1635 2305 et
1662 2284 1821 2312 procurans.

1033 2324 1128 2352 Postea
1159 2332 1225 2352 vero
1248 2325 1391 2352 discedens
1410 2324 1650 2358 Constantinopoli
1677 2330 1740 2350 cum
1762 2322 1823 2350 uni-

1033 2378 1112 2396 verso
1131 2370 1264 2402 exercitu,
1284 2370 1336 2396 iter
1347 2369 1462 2397 faciebat
1480 2370 1508 2396 in
1521 2368 1639 2404 Syriam.

1068 2506 1139 2534 XI'J.
1164 2506 1231 2533 Cum
1255 2506 1345 2540 itaque
1369 2505 1524 2533 universam
1551 2505 1716 2539 pervasisset
1739 2504 1823 2539 I‘hry-

1032 2553 1112 2587 giam,
1128 2556 1155 2579 et
1173 2552 1206 2579 ad
1223 2552 1281 2586 ejus
1302 2551 1423 2578 ultimam
1441 2551 1561 2578 venisset
1590 2551 1740 2582 civitatum,
1762 2558 1822 2584 quae

1033 2603 1146 2626 vocatur
1159 2598 1290 2630 Iconium,
1306 2598 1452 2626 declinavit
1467 2598 1560 2626 relicta
1581 2597 1695 2625 Isauria.
1710 2597 1742 2623 Et
1759 2604 1822 2623 cum

1033 2645 1165 2677 Taurum,
1178 2645 1223 2679 qui
1236 2644 1347 2676 dicitur.
1365 2648 1531 2679 superasset,
1550 2643 1625 2671 venit
1647 2643 1681 2670 ad
1697 2642 1822 2669 civitates

1032 2691 1143 2719 Cilicia).
1163 2691 1232 2718 Cum
1248 2698 1313 2718 vero
1338 2691 1501 2718 accessisset
1525 2690 1558 2717 ad
1581 2690 1738 2720 stationem,
1762 2696 1823 2722 qiue

1032 2743 1075 2765 est
1090 2739 1117 2765 in
1134 2738 1198 2768 Isso.
1215 2737 1268 2765 illic
1282 2740 1501 2768 castrametatur,
1516 2735 1691 2763 Macedonem
1708 2735 1822 2762 Alexan-

1033 2785 1112 2812 drum
1127 2785 1260 2811 imitatus.
1284 2783 1350 2810 Nam
1372 2783 1418 2810 ille
1437 2790 1546 2818 quoque
1561 2782 1586 2809 in
1614 2782 1669 2809 Isso
1686 2789 1748 2808 cum
1771 2781 1825 2808 Da-

1034 2829 1075 2856 rio
1092 2837 1154 2864 rege
1171 2829 1315 2855 Persarum
1341 2828 1479 2855 commisit
1505 2827 1640 2862 praelium.
1664 2826 1724 2858 Quo
1740 2826 1821 2857 victo,

1035 2875 1123 2902 locum
1142 2874 1259 2901 reddidit
1277 2873 1419 2909 insignem.
1448 2874 1523 2900 Illinc
1550 2873 1641 2900 sinum
1673 2872 1824 2899 transmisit

1034 2921 1158 2954 Issicnm,
1173 2924 1198 2948 et
1215 2920 1289 2948 venit
1307 2920 1488 2952 Antiochiam,
1506 2920 1572 2946 iram
1598 2919 1705 2952 spirans
1727 2918 1824 2945 advcr‘
