2047 3150
200 167 270 199 1179

833 163 973 194 MENSIS
992 163 1174 194 OCTOBER.

1763 162 1832 200 1180

202 222 271 249 curii
288 221 388 254 verbis,
402 230 463 257 qua:
481 231 496 249 a
511 222 587 251 vobis
602 223 712 258 quidem
728 223 756 250 in
770 223 875 250 honore
890 222 985 250 haben-

1048 223 1158 258 σαπρῶν
1169 231 1198 249 τε
1213 223 1259 249 καὶ
1273 222 1411 250 ὁδωδὸτων
1421 222 1521 258 Ἐρμοῦ
1539 222 1681 257 ῥημάτων,
1697 222 1752 250 τῶν
1768 222 1834 259 παρ’

203 276 256 299 tur,
270 268 325 302 jam
341 273 432 296 autem
449 269 495 296 diu
510 274 573 297 ante
590 273 756 305 putrucrunt
770 275 796 298 et
810 268 994 297 cllluxerunt?

200 312 295 347 Neque
313 313 386 341 enim
403 314 437 342 de
452 315 521 342 vivis
533 315 573 343 fas
585 320 627 343 est
643 323 738 351 rogare
753 321 876 343 mortuos
891 315 935 348 iis,
946 314 992 349 qui

201 368 234 387 ex
250 360 351 388 divinis
366 361 483 396 eloquiis
497 362 598 390 habent
623 370 701 390 veros
721 368 864 398 martyres,
880 362 925 397 qui
942 362 991 389 ad-

199 411 313 434 \‘entum
329 407 429 435 Christi
447 413 475 436 et
492 409 661 436 divinitatem
676 409 907 444 praeuuntiarunt.

234 496 316 524 XVII.
338 497 503 534 Pythagoras
528 505 630 532 autem,
647 501 693 535 qui
718 507 799 528 secta:
825 501 924 528 halica!
940 501 990 529 fuit

197 547 293 570 auctor
308 548 334 571 et
352 545 490 580 princeps,
507 546 572 581 quid
598 555 725 582 magnum
747 552 775 574 et
797 547 987 575 admirandqu

197 586 272 620 fecit,
288 592 330 615 ter
345 588 371 616 in
390 590 470 616 vitam
488 591 637 624 productus
648 592 659 618 ?
670 591 711 618 Au
728 592 800 626 quod
811 600 873 619 cum
890 592 989 620 fuisset

197 631 339 667 Olympiae.
355 637 384 661 ut
396 642 445 662 vos
456 635 557 666 dicitis.
575 644 690 663 aureum
704 645 784 664 suum
799 636 887 665 femur
898 643 989 665 osten-

197 679 237 707 dit
254 680 456 709 Hellanodieis?
479 680 525 709 Vel
542 681 616 717 quod
638 682 808 718 mugientem
831 684 927 711 bovem
944 691 988 711 sa-

197 725 387 754 criﬁcaturus:
407 727 507 760 llabet,
523 729 622 764 inquit,
638 730 757 757 animam
770 731 819 757 viri
838 730 903 758 mihi
919 731 987 758 ami-

197 772 310 806 cissimi,
334 778 361 801 et
385 782 434 809 per
458 776 591 810 mugitum
616 785 658 804 me
679 777 780 805 salutat
803 777 916 805 infelix?
933 778 986 805 Seu

195 819 268 852 quod
294 821 424 855 aquilam,
443 830 504 856 qua:
529 823 644 851 sublime
660 823 777 857 volabat,
794 833 843 859 per
861 825 986 853 incanta-

197 866 299 894 tiousm
315 867 378 896 fecit
393 869 491 896 cadere
507 869 534 896 in
548 871 669 898 terram?
685 870 747 898 llaec
762 871 893 899 miracula
909 871 985 902 fecit,

197 921 258 939 eum
273 918 346 941 esset
369 913 498 950 Olympia:
515 921 555 943 ter
569 918 678 952 genitus
693 917 868 953 Pythagoras,
889 919 987 946 insano

197 959 289 993 gloriae
303 967 395 988 amore
411 967 517 996 captus.
536 968 564 990 et
582 963 687 991 visione
701 965 759 992 haec
778 967 988 1000 apprehendens

198 1009 239 1031 ter
256 1005 359 1040 infelix,
374 1008 420 1042 qui
434 1009 645 1043 quaternionem
669 1010 862 1045 jusjurandum
883 1013 988 1040 consti-

196 1052 298 1084 tuebat,
315 1058 342 1080 et
356 1061 418 1081 eum
436 1055 545 1083 dicebat
559 1056 661 1084 fontem
680 1062 793 1085 αξιοι-ηαξ
807 1065 924 1092 naturae,
940 1060 987 1095 qui

195 1098 272 1126 fabas
285 1099 392 1127 colebat
418 1106 530 1136 propter
553 1110 622 1137 quas
640 1103 732 1138 periit,
750 1112 813 1132 eum
827 1105 886 1134 suis
906 1101 986 1135 fami-

195 1144 308 1172 liaribus
319 1145 401 1173 simul
412 1148 567 1181 expulsusa
582 1149 750 1178 Tarentinis.
767 1151 835 1178 Nam
848 1159 911 1178 cum
925 1152 986 1179 nol-

194 1189 231 1218 let
249 1191 356 1220 caleare
370 1193 469 1226 locum,
484 1194 579 1230 iniquo
594 1195 662 1224 faba:
680 1202 760 1224 erant
777 1197 918 1232 dispersa,
935 1199 988 1227 ibi-

193 1235 256 1262 dem
271 1237 438 1265 iuterficitur
462 1247 524 1266 eum
541 1240 722 1270 familiaribus
739 1246 767 1270 et
783 1242 936 1278 discipulis,
959 1249 987 1272 et

194 1285 366 1314 consumitur
384 1287 418 1315 ab
442 1288 572 1316 inimicis.
590 1289 704 1318 Theano
726 1296 819 1320 autem
842 1292 901 1327 ejus
917 1300 988 1321 uxor

193 1333 221 1355 et
244 1329 387 1366 discipula,
412 1340 474 1360 cum
501 1334 586 1362 nollet
609 1335 701 1364 dicere
723 1344 846 1370 causam,
873 1343 986 1372 propter

194 1383 275 1409 quam
294 1376 353 1404 faba
370 1386 424 1406 non
442 1386 600 1414 vescuntur,
628 1383 685 1417 ipsa
710 1391 830 1418 quoque,
852 1384 875 1411 ei
893 1384 985 1419 lingua

194 1426 345 1456 amputata.
366 1424 521 1459 perimitur.

228 1513 321 1542 XVIII.
346 1515 408 1543 llaec
421 1522 486 1544 sunt
505 1519 660 1553 sapientum
685 1519 910 1554 philosophorum
929 1521 984 1555 pri-

1045 267 1110 302 ὑμῖν
1134 269 1318 304 τιμωμένων,
1339 269 1390 305 ήδη
1411 268 1467 303 πρὸ
1484 268 1583 296 πολλοῦ
1606 268 1766 303 σεσηπότων
1784 269 1833 296 καὶ

1043 314 1276 350 ἁπερῤυηχότωνς
1310 314 1371 341 οὐδὲ
1395 314 1450 350 γὰρ
1467 315 1542 342 ὅσιον
1561 315 1626 350 περὶ
1645 314 1700 341 τῶν
1723 315 1834 346 ζώντων

1043 360 1151 396 ἐρωτᾷν
1168 361 1232 392 τοὺς
1245 362 1370 396 νεκροὺς,
1386 361 1544 396 ἓχοντας”ὲκ
1560 361 1615 387 τῶν
1631 360 1771 394 θεοσόφων
1785 361 1832 387 λο-

1043 408 1111 439 γίων
1127 408 1191 439 τοὺς
1209 407 1323 441 ἀληθεῖς
1345 407 1487 442 μάρτυρας
1500 427 1507 439 ,
1536 407 1560 434 οἳ
1579 407 1629 442 τὴν
1644 407 1692 433 τοῦ
1713 406 1832 442 Χριστοῦ

1042 454 1194 490 παρουσίαν
1212 463 1241 480 τε
1259 453 1308 480 καὶ
1327 453 1445 488 θεότητα
1466 453 1720 487 προκατήγγειλαν.

1079 499 1128 527 ΙΖ’.
1147 500 1311 535 Πυθαγόρας
1324 499 1353 527 δὲ
1366 500 1380 526 ὁ
1393 499 1444 533 τῆς
1464 498 1600 533 Ἰταλικῆς
1619 499 1761 534 κατάρξας
1787 499 1825 525 αἷ-

1042 546 1144 581 ρέσεως
1168 546 1195 573 τί
1221 548 1292 581 μέγα
1315 547 1362 573 καὶ
1381 546 1540 581 θαυμαστὸν
1565 546 1595 572 ὲν
1611 545 1651 580 τῷ
1682 544 1732 579 βίῳ
1748 553 1833 580 προσ-

1041 591 1197 626 παραχθεὶς
1214 592 1416 627 ἀπειργάσατο,
1443 591 1460 626 ἢ
1476 591 1518 618 ὅτι
1540 593 1570 617 ὲν
1594 590 1733 624 Ὀλυμπίᾳ
1755 590 1832 624 γενό-

1044 646 1137 673 μενος,
1153 638 1190 669 ὡς
1215 639 1295 672 ὑμεῖς
1321 645 1400 672 φατε,
1414 638 1533 674 χρυσοῦν
1555 638 1600 664 τὸν
1624 636 1723 664 ἑαυτοῦ
1742 637 1831 672 μηρὸν

1038 687 1096 716 τοῖς
1111 685 1313 718 Ἑλλανοδίκαις
1328 686 1451 719 ὑπέδειξε
1464 695 1472 719 ;
1489 686 1536 712 καὶ
1551 685 1616 721 βοῦν
1634 684 1748 712 θύεσθαι
1768 683 1833 719 μὲλ-

1038 732 1119 758 λοντα
1137 733 1331 767 μυκησάμενον
1344 741 1352 749 ·
1378 733 1496 768 Ἀνδρος,
1514 732 1678 768 ἐφη,ψυχὴν
1694 732 1756 766 ἐμοὶ
1773 731 1834 765 φιλ·

1038 779 1122 806 τὰτου
1137 779 1281 814 κέκτηται,
1302 781 1351 806 καὶ
1370 779 1414 806 διὰ
1441 780 1489 807 τοῦ
1510 780 1673 815 μυκήματος
1696 787 1833 814 προσαγο-

1039 824 1116 860 ρεύει
1132 833 1166 859 με
1184 826 1198 851 ὁ
1219 825 1404 860 ταλαίπωρος,
1415 825 1465 852 καὶ
1481 825 1561 852 ἀετὸν
1579 825 1608 851 ιν
1630 824 1694 859 ὕψει
1709 833 1834 850 καταπε-

1040 871 1154 907 τόμενον
1167 871 1201 899 δι’
1221 872 1328 908 ἐπῳδῆς
1344 872 1513 899 καταπεσεῖν
1534 872 1580 898 ἐπὶ
1598 871 1650 906 γῆς
1672 870 1806 905 πεποίηκε
1821 879 1828 902 ;

1042 919 1136 945 Ταῦτα
1156 919 1170 945 ὀ
1182 919 1242 953 τρὶς
1253 919 1396 953 γεννηθεὶς
1411 917 1634 953 ὲθαυματούργει
1649 918 1679 944 ἐν
1694 916 1833 951 Ὀλυμπίᾳ

1041 966 1194 1000 γενόμενος,
1214 965 1371 1000 δοξομανῶν
1386 965 1434 992 καὶ
1460 964 1696 999 φαντασιούμενος
1717 965 1730 990 ὸ
1749 971 1831 998 τρισ-

1039 1011 1144 1044 ἅθλιος,
1161 1013 1174 1038 ὁ
1187 1012 1237 1047 τήν
1251 1013 1405 1046 τετρακτὺν
1419 1011 1502 1046 ὅρκον
1520 1010 1663 1045 τιθέμενος
1697 1010 1745 1036 καὶ
1764 1010 1830 1036 ταί-

1039 1067 1090 1092 την
1111 1059 1224 1092 φάσκων
1242 1059 1335 1093 πηγὴν
1366 1057 1481 1084 ἀεννάου
1503 1057 1622 1091 φύσεως.
1647 1058 1661 1084 ὁ
1675 1057 1737 1087 τοὺς
1761 1056 1830 1083 κυά-

1041 1113 1109 1139 μους
1123 1104 1283 1139 σεεόμενος,
1304 1104 1337 1131 δι’
1354 1104 1401 1137 οὓς
1421 1104 1547 1132 ἀπώλετο
1572 1104 1642 1139 μετὰ
1668 1103 1724 1131 τῶν
1745 1101 1830 1130 αὐτοῦ

1038 1151 1177 1186 ἑταίρων,
1201 1151 1256 1178 ὑπὸ
1277 1151 1334 1178 τῶν
1357 1151 1534 1185 Ταραντίνων
1567 1149 1801 1183 συνελαυνόμενος
1817 1156 1826 1165 ο

1039 1198 1077 1232 μὴ
1105 1196 1269 1232 βουλόμενος
1290 1197 1347 1232 γὰρ
1369 1197 1415 1223 τὸν
1440 1197 1522 1224 τόπον
1546 1196 1682 1230 πατῆσαι,
1704 1197 1733 1222 ὲν
1747 1192 1770 1230 ᾧ
1801 1195 1826 1221 οι

1039 1243 1141 1277 κύαμοι
1166 1243 1335 1279 ἐσπαρμένοι
1367 1242 1529 1278 ιτύγχανον,
1562 1241 1646 1269 αὐτοῦ
1669 1241 1740 1276 μετὰ
1771 1241 1827 1267 τῶν

1037 1288 1156 1323 ἑταίρων
1185 1288 1234 1316 καὶ
1263 1288 1395 1324 μαθητῶν
1416 1287 1640 1323 κατασφάττεται
1655 1308 1663 1319 ,
1693 1286 1741 1314 καὶ
1770 1286 1827 1312 τῶν

1037 1335 1143 1370 ἐχθρῶν
1162 1335 1268 1369 γίνεται
1289 1334 1489 1370 παρανάλωμα.
1517 1333 1614 1361 Θεανὼ
1636 1333 1664 1360 δὲ
1684 1334 1700 1368 ή
1725 1332 1824 1359 τούτου

1037 1381 1144 1416 γαμετὴ
1160 1382 1207 1408 καὶ
1224 1381 1383 1417 μαθήτρια.
1398 1381 1436 1416 μὴ
1462 1380 1582 1407 θέλουσα
1594 1379 1643 1414 τὴν
1660 1378 1752 1405 αἰτίαν
1763 1387 1828 1404 κατ-

1037 1428 1126 1453 ειτεῖν
1153 1426 1187 1453 δι’
1208 1427 1242 1462 ἣν
1256 1426 1300 1454 τδν
1315 1426 1422 1462 κύαμον
1435 1425 1486 1452 οὐκ
1497 1425 1630 1455 ἐσθίουσι.
1642 1425 1692 1460 τὴν
1703 1424 1827 1459 γλῶτταν

1037 1472 1206 1507 ὲκτμηθεῖσα
1218 1473 1368 1507 πρότερον,
1385 1473 1431 1499 καὶ
1440 1472 1510 1507 αὑτὴ
1537 1471 1772 1506 προσαπόλλυται.

1074 1517 1126 1545 lll'.
1149 1517 1245 1544 Ταῦτα
1261 1518 1315 1544 τῶν
1334 1517 1426 1551 σοφῶν
1450 1517 1605 1550 φιλοσόφων
1629 1515 1665 1542 τὰ
1691 1516 1828 1550 προτερή-

194 1560 300 1595 vilegia,
318 1561 363 1596 qui
386 1562 428 1590 bis
445 1567 473 1590 et
499 1567 540 1590 ter
565 1569 630 1592 sunt
651 1565 747 1599 geniti,
766 1570 795 1593 ut
813 1567 871 1601 ipse
890 1567 981 1594 dixisti

1039 1573 1123 1599 ματα,
1140 1565 1194 1591 τῶν
1212 1565 1253 1595 δίς
1265 1564 1313 1590 καὶ
1328 1564 1388 1598 τρὶς
1402 1563 1588 1598 γεννηθέντων
1599 1564 1637 1595 ὡς
1650 1562 1732 1594 αὐτὸς
1762 1563 1827 1597 ἐρη-

192 1607 322 1634 m'atorie.
355 1608 400 1635 Illa
429 1613 520 1636 autem
551 1610 680 1638 suutmei
708 1611 809 1639 Christi
842 1612 983 1646 miracula,

194 1658 306 1687 propter
322 1655 430 1688 generis
446 1655 558 1682 humani
581 1657 695 1684 salutem
717 1662 745 1684 et
770 1658 981 1686 restitutionem.

193 1699 226 1726 lit
242 1699 406 1734 Pythagoras
421 1701 530 1735 quidem
547 1706 575 1729 et
590 1702 741 1730 Mercurius
765 1703 908 1731 hominum
922 1704 983 1730 ani-

193 1751 250 1771 mas
265 1744 406 1772 deducunt
429 1746 462 1773 ad
485 1747 650 1780 profundum
673 1747 833 1780 inferorum,
852 1749 984 1783 quasdam

193 1798 286 1817 earum
303 1791 556 1827 transmigrationes
570 1797 597 1820 et
614 1793 797 1821 traductiones
809 1794 984 1822 inti-educen-

194 1842 245 1868 tes,
262 1836 409 1871 aliquando
425 1837 533 1872 quidem
550 1838 578 1865 in
599 1839 727 1867 animalia
750 1840 865 1868 rationis
888 1848 985 1876 exper-

193 1882 228 1909 tia
257 1887 284 1909 et
296 1882 396 1910 bestias
411 1891 458 1913 eas
475 1884 668 1912 traducentes:
686 1885 831 1920 aliquando
850 1890 940 1914 autem
955 1887 983 1914 in

193 1927 280 1962 pisces
293 1932 320 1955 et
332 1929 453 1963 plantas;
470 1933 497 1956 et
512 1929 579 1957 alias
592 1929 723 1964 quasdam
739 1931 927 1959 revocationes
956 1937 984 1960 et

191 1974 311 2003 ambitus
334 1975 478 2011 ﬁngentes.
494 1975 622 2004 Christus
643 1981 746 2010 autem,
768 1982 799 2005 ut
816 1977 887 2005 Deus
903 1986 984 2006 verus

190 2027 221 2049 et
235 2026 364 2054 aeternus,
388 2029 451 2049 cum
468 2022 588 2050 animam
611 2022 724 2051 fecisset
746 2023 938 2057 immortalemI
955 2029 984 2052 et

192 2069 262 2097 ειτηίί
279 2072 418 2103 expertem
439 2068 542 2101 divino,
558 2068 605 2103 qui
619 2068 671 2096 fuit
683 2069 718 2096 ab
733 2069 824 2102 initio,
842 2070 941 2106 spiritu
956 2076 985 2099 et

193 2114 386 2145 insulllatione,
403 2114 513 2150 quando
527 2114 677 2142 fabricatus
694 2115 745 2142 fuit
758 2115 878 2150 primum
895 2116 984 2145 homi-

192 2169 255 2189 nem
269 2163 311 2196 (ut
332 2161 429 2193 divini,
455 2167 483 2189 et
500 2169 570 2196 quos
594 2169 676 2189 nemo
699 2167 790 2197 potest
811 2164 982 2198 calumniari,

193 2208 317 2236 referunt
329 2207 390 2235 libri
404 2206 509 2240 Mosis),
524 2213 585 2234 eam
602 2215 697 2235 rursus
707 2215 758 2243 per
772 2208 982 2238 inobedientiam

194 2254 307 2289 lapsam,
326 2257 353 2281 et
367 2253 557 2288 deceptionem
567 2254 716 2289 serpentis,
730 2255 776 2289 qui
791 2254 871 2283 aﬂ‘ert
885 2256 984 2284 animis

194 2301 319 2333 exitium,
336 2300 393 2336 ipse
406 2299 520 2328 veniens
531 2300 559 2328 in
573 2305 686 2334 terram,
700 2305 728 2329 et
743 2301 770 2328 in
782 2309 815 2329 ea
832 2303 944 2337 degens,
957 2308 985 2330 et

195 2349 266 2375 viam
281 2348 376 2375 salutis
390 2347 471 2375 nobis
485 2347 644 2380 ostendens,
661 2355 709 2383 per
718 2348 883 2383 baptismum
898 2353 926 2376 et
940 2356 984 2376 re-

193 2393 392 2420 surrectionem
404 2400 419 2420 a
432 2393 549 2421 mortuis
561 2393 596 2420 ab
609 2393 705 2422 inferis
719 2394 828 2422 reduxit
839 2394 873 2422 ad
887 2394 982 2424 caelos.

196 2439 227 2465 Iit
242 2446 335 2465 rursus
348 2439 461 2465 veniens
473 2439 506 2466 ad
520 2439 698 2472 judieaudum
715 2440 791 2468 vivos
803 2446 832 2469 et
848 2446 980 2475 mortuos,

194 2483 276 2511 faciet
291 2490 404 2518 surgere
420 2490 544 2518 corpora,
555 2487 584 2511 et
592 2484 741 2520 eonjunget
756 2486 814 2514 suis
829 2487 985 2520 animabus,

193 2536 220 2560 et
239 2530 334 2558 reddet
349 2529 498 2559 unicuique
517 2529 669 2558 secundum
687 2539 736 2560 sua
752 2540 836 2568 opera
849 2534 868 2561 ¹.

228 2679 298 2707 XIX.
322 2679 384 2708 Haec
400 2688 463 2708 cum
479 2686 580 2716 martyr
592 2681 688 2709 fuisset
701 2682 918 2718 philosophatus,
932 2684 983 2710 iui-

194 2725 396 2760 quusJulianus
409 2735 416 2754 :
431 2725 643 2762 Videte,inquit,
654 2727 705 2755 viri
720 2727 835 2756 Romani
845 2734 873 2756 et
884 2729 981 2761 Graeci.

193 2769 270 2796 httiic
283 2769 446 2799 sceleratum
461 2775 489 2799 et
515 2773 712 2800 eXSeerandum
730 2773 880 2807 hominem,
897 2782 983 2808 quan-

194 2819 236 2842 tas
256 2823 289 2843 ex
305 2816 406 2845 Grecis
427 2817 578 2852 disciplinis
603 2819 698 2847 etfudit
714 2827 798 2855 nugas
818 2820 844 2847 in
860 2824 981 2848 nostram

233 2896 271 2924 ⁸1,
291 2895 354 2925 Cor.
372 2907 397 2928 ν,
417 2899 456 2925 l0.

1035 1611 1182 1646 τόρευσας,
1199 1611 1316 1638 κάκεῖνα
1342 1610 1390 1637 τοῦ
1412 1610 1481 1645 ἐμοῦ
1500 1609 1621 1645 Χριστοῦ
1637 1607 1827 1642 ὲπὶ.σωτηρίᾳ

1035 1658 1082 1683 καὶ
1092 1657 1243 1691 ἀνακλήσει
1255 1656 1302 1683 τοῦ
1320 1656 1374 1683 τῶν
1395 1655 1549 1692 ἀνθρώπων
1571 1655 1666 1690 γένους
1677 1656 1710 1682 τὰ
1724 1662 1824 1690 τερατ-

1034 1704 1210 1739 ουργήματα.
1248 1703 1303 1730 Καὶ
1324 1703 1488 1738 Πυθαγόρας
1505 1703 1555 1737 μὲν
1578 1702 1625 1728 καὶ
1643 1700 1749 1736 Ἐρμῆς
1774 1699 1826 1731 τὰς

1036 1750 1091 1777 τῶν
1107 1749 1155 1777 ἀνθ
1163 1749 1263 1785 ρώπων
1274 1749 1366 1784 ψυχὰς
1394 1750 1434 1781 εἰς
1449 1749 1494 1776 τὸν
1511 1748 1575 1784 ᾅδου
1597 1747 1725 1783 πυθμένα
1741 1747 1829 1774 κατά-

1039 1806 1132 1831 γουσι,
1152 1796 1381 1832 μετεμψυχὼσεις
1399 1796 1431 1831 δή
1455 1804 1534 1828 τινας
1553 1796 1602 1823 καὶ
1618 1794 1826 1830 μεταγγισμοῦς

1037 1844 1266 1880 παρεισάγοντες,
1282 1843 1350 1869 ποτὲ
1367 1843 1417 1878 μὲν
1429 1843 1470 1874 είς
1486 1842 1572 1876 ἄλογα
1590 1841 1649 1873 ζῶα
1667 1841 1716 1868 καὶ
1743 1840 1826 1876 θηρία

1035 1890 1137 1922 ταύτας
1151 1888 1401 1925 μεταϐιϐάζοντες,
1418 1889 1484 1916 ποτὲ
1495 1889 1524 1916 δὲ
1541 1890 1582 1920 εἰς
1599 1888 1677 1923 ἰχθῦς
1689 1887 1738 1914 καὶ
1753 1887 1826 1922 φυτὰ

1036 1939 1083 1966 καὶ
1112 1938 1199 1969 ἄλλας
1226 1937 1306 1969 τινὰς
1332 1936 1574 1971 ὲπανακυκλήσεις
1603 1936 1653 1963 καὶ
1682 1934 1826 1970 περιόδους

1036 1985 1233 2016 κατασπῶντες
1262 1985 1350 2016 αὐτὰς
1377 1984 1426 2011 καὶ
1455 1983 1704 2020 ἀπορραπιζοντες.
1744 1981 1773 2009 ’0
1798 1980 1827 2007 δὲ

1035 2031 1165 2067 Χριστὸς,
1181 2030 1246 2058 καθ’
1263 2030 1278 2057 δ
1289 2030 1357 2062 Θεὸς
1371 2031 1505 2065 ὑπάρχων
1521 2029 1626 2064 ἀληθὴς
1641 2029 1690 2056 καὶ
1705 2028 1826 2059 αἰώνιος,

1036 2077 1172 2104 ἀθάνατον
1206 2077 1292 2113 αὐτὴν
1320 2077 1369 2104 καὶ
1402 2077 1499 2112 ἀγήρω
1541 2075 1754 2106 κατασκευάσας
1787 2073 1830 2108 τῷ

1036 2124 1166 2159 ἁπαρχῆς
1195 2122 1335 2157 πνεύματι
1362 2122 1427 2157 θείῳ
1452 2122 1500 2148 καὶ
1525 2123 1720 2157 ἔμφυσήματι,
1744 2120 1830 2154 ἡνίκα

1035 2170 1080 2196 τὴν
1099 2169 1210 2204 πρῶτον
1226 2168 1448 2204 ἐδημιούργησεν
1473 2168 1630 2203 ἄνθρωπον,
1646 2169 1685 2199 ὡς
1706 2167 1735 2194 αι
1754 2167 1828 2194 θεῖαι

1036 2215 1085 2242 καὶ
1113 2213 1271 2249 ἁδιάὃλητοι
1301 2213 1348 2240 τοῦ
1373 2214 1498 2246 Μωσέως
1524 2213 1612 2248 βίὸλοι
1637 2212 1801 2246 διασαφοῦσι
1818 2231 1827 2243 ,

1037 2261 1176 2289 πεσοῦσαν
1190 2260 1272 2287 πάλιν
1285 2260 1330 2286 διὰ
1343 2261 1397 2295 τῆς
1412 2259 1561 2294 παρακοῆς
1581 2259 1631 2286 καὶ
1648 2259 1698 2293 τῆς
1717 2257 1827 2292 ἀπάτης

1034 2309 1081 2336 τοῦ
1099 2307 1275 2343 ψυχοφθόρου
1297 2306 1446 2342 δράκοντος
1465 2305 1551 2332 ἐλθὼν
1570 2306 1618 2332 ἐπὶ
1644 2305 1695 2340 γῆς
1710 2304 1758 2330 καὶ
1778 2311 1829 2329 πο-

1034 2355 1232 2388 λιτευσάμενος
1262 2354 1312 2381 καὶ
1345 2352 1492 2386 ὑποδείξας
1516 2353 1583 2388 ἡμῖν
1598 2352 1659 2378 ὁδὸν
1687 2350 1827 2386 σωτηρίας

1034 2402 1078 2428 διὰ
1090 2401 1137 2428 τοῦ
1153 2401 1343 2437 βαπτίσματος
1359 2400 1470 2436 καὶτῆς
1487 2400 1518 2426 ὲκ
1534 2399 1641 2434 νεκρῶν
1659 2397 1743 2424 αὐτοῦ
1760 2398 1828 2423 ἀνα-

1035 2448 1169 2480 στάσεως,
1190 2448 1223 2474 ὲκ
1236 2447 1296 2481 ίτῶν
1318 2446 1367 2473 τοῦ
1391 2446 1456 2481 ᾂδου
1473 2444 1622 2480 πυθμένων
1638 2444 1678 2475 είς
1693 2442 1828 2478 οὐρανοὺς

1034 2495 1138 2530 ταύτην
1164 2494 1338 2528 ἐπανήγαγε,
1367 2494 1416 2520 καὶ
1446 2493 1528 2520 πάλιν
1555 2491 1706 2527 ἐρχόμενος
1733 2490 1829 2525 κρῖναι

1034 2541 1141 2574 ζῶντας
1164 2540 1213 2567 καὶ
1231 2539 1358 2574 νεκροὺς,
1372 2537 1594 2572 ὲξιναστήσειτὰ
1616 2536 1744 2570 σώματα,
1775 2535 1823 2561 καὶ

1035 2587 1148 2622 συνάψει
1161 2588 1223 2618 ταῖς
1237 2586 1345 2613 ἑαυτῶν
1359 2586 1461 2620 ψυχαῖς
1472 2606 1480 2618 ,
1502 2584 1550 2611 καὶ¹
1563 2583 1700 2610 ἀποδώσει
1715 2581 1824 2616 ἑκάστῳ

1035 2633 1106 2660 κατὰ
1123 2632 1157 2659 τὰ
1171 2627 1241 2667 ἔργα
1256 2631 1353 2658 αὐτοῦ.

1068 2679 1110 2706 ΙΘ.
1126 2678 1220 2705 Ταῦτα
1231 2678 1280 2705 τοῦ
1298 2677 1438 2713 μάρτυρος
1457 2676 1705 2712 φιλοσοφήσαντας,
1730 2675 1745 2700 ὁ
1769 2681 1822 2700 πι-

1035 2726 1151 2760 ράνομος
1173 2724 1316 2756 Ἰουλιανός
1334 2733 1340 2740 ·
1363 2724 1474 2759 Ὁρᾶτε,
1489 2724 1550 2758 ἔφη.
1568 2723 1668 2758 ἄνδρες
1690 2721 1824 2755 Ῥωμαῖοι

1033 2772 1226 2807 καὶἜλληνες,
1236 2771 1343 2798 τουτονὶ
1354 2771 1402 2797 τὸν
1419 2770 1591 2805 παλαμναῖον
1606 2768 1654 2796 καὶ
1668 2768 1821 2803 ἀλιτήριον,

1036 2821 1116 2846 πόσον
1132 2819 1163 2846 ἐκ
1178 2818 1232 2845 τῶν
1247 2816 1394 2854 ἑλληνικῶν
1413 2817 1584 2852 μαθημάτων
1604 2815 1678 2842 κατὰ
1693 2815 1742 2849 τῆς
1755 2815 1824 2850 ἡμι-
