2047 3150
249 132 318 163 ιζθὸ

897 127 1037 158 MENSIS
1056 127 1238 160 OCTOBEB.

1815 126 1883 158 1196

244 188 386 214 admirans
397 186 524 221 martyris
539 185 640 212 variam
647 185 866 221 aemultiplicem
879 179 1029 214 dactrmam

1095 181 1251 221 mlayuﬁé:
1274 184 1321 211 τοῦ
1339 184 1477 220 μάρτυρος
1489 186 1536 212 καὶ
1553 185 1622 221 πρὸς
1637 185 1784 221 ἁπόκριςιν
1810 186 1882 212 ἐτοι-

244 238 271 260 et
299 233 332 260 ad
356 232 577 268 respondi-nilum
595 231 765 259 facilitatem.
790 230 838 259 Cui
859 239 952 259 rursus
966 227 1034 259 dicit

244 278 342 305 Christi
360 282 460 313 martyr
482 285 488 305 :
508 277 820 312 Diuiitte,oimperator,
832 277 888 312 jam
898 277 1032 304 mortuam

231 326 270 351 ‘et
282 324 391 351 fetidam
401 323 522 359 gentium
535 323 695 358 religionem
723 323 766 358 (ea
779 323 913 357 enimjam
927 323 972 351 diu
984 331 1033 358 pu-

232 370 336 404 ‘truit),
347 373 375 396 et
389 369 489 396 accede
504 369 536 396 ad
546 368 686 396 Christum
698 377 704 395 :
714 373 756 395 est
768 369 838 396 enim
851 369 984 404 benignus
1005 373 1034 396 et

243 416 371 448 clemens,
391 419 419 442 et
435 419 461 442 te
478 423 532 442 non
554 414 677 449 repellet,
697 414 719 441 si
735 414 845 442 ducaris
858 414 1030 449 poenitentia.

243 462 295 489 Sed
313 462 371 489 ﬁeri
384 469 437 488 non
452 465 568 496 poterat,
584 464 614 487 ut
641 464 742 494 martyr
761 460 900 487 resisteret
921 459 1031 495 impetui

239 506 350 539 “animat,
367 515 427 541 qum
439 507 509 533 mala
523 507 613 533 libens
628 513 658 533 ac
669 506 763 532 volens
777 505 943 540 sequebatur
954 526 961 538 ,
982 513 1033 533 nec

243 559 272 581 ut
296 547 646 586 revo‘ca‘rétanimannqua:
670 559 719 578 sua
738 557 837 586 sponte
858 552 987 579 tendebat
998 553 1032 579 ad

245 599 398 626 interitum.
418 592 544 625 lulianus
563 598 637 624 enim
657 597 713 632 jam
737 597 782 624 diu
805 596 917 632 quidem
940 598 1032 624 animo

244 644 400 679 parturiens
413 643 508 670 falsam
527 643 649 677 gentium
668 640 840 677 religionem,
860 650 941 676 quam
965 646 1032 669 con-

247 695 360 726 ceperat
384 690 410 716 in
433 689 507 716 lonia
527 696 558 714 ex
577 695 625 714 sua
664 688 856 722 congressione
874 690 936 715 ctim
950 687 1033 715 Maxi‘

243 743 288 762 mo
313 734 394 770 Tyrio
420 733 599 769 philosopho,
620 733 743 768 quandiu
765 734 874 768 quidem
891 738 1030 768 superstes

243 781 295 808 fuit
316 781 377 815 ejus
398 779 494 812 frater,
515 783 542 806 et
564 784 625 814 post
643 779 732 813 ipsum
756 778 944 811 Constantius,
963 779 1031 806 nihil

243 834 326 854 ausus
355 830 398 853 est
417 825 526 860 aperire
547 830 659 860 propter
680 825 787 852 illorum
815 830 929 853 metum.
952 825 1031 852 Post—

242 880 324 908 quam
341 876 432 899 autem
459 871 477 898 ii
498 879 513 898 e
532 871 603 898 vivis
619 874 807 904 excesserunt,
822 870 880 905 ipse
899 877 962 897 vero
975 871 1031 905 jam

243 926 334 946 rerum
357 918 511 953 potiretur,
537 921 604 943 tunc
619 916 676 951 ipse
697 923 726 943 se
741 921 834 951 aperte
855 923 968 948 exuens,
988 923 1031 943 re-

242 969 324 999 pente
344 968 401 991 toto
414 963 497 989 animi
514 962 605 990 studio
622 962 714 997 erupit
738 963 771 990 ad
785 963 906 998 gentium
925 963 1032 990 vanita-

244 1015 309 1036 tem.
345 1008 499 1043 Respondit
523 1009 615 1043 itaque
641 1008 750 1043 martyri
772 1016 779 1035 :
808 1009 944 1041 Quoniam
971 1017 1030 1035 mea

242 1056 325 1082 verba
340 1054 549 1090 contempsisti,
571 1062 587 1082 ο
610 1054 772 1082 sceleratum
789 1059 883 1088 caput.
898 1062 981 1081 ausus
1001 1063 1031 1082 es

244 1105 334 1128 autem
364 1101 408 1127 vel
433 1099 523 1127 facere
542 1099 710 1134 periculum,
735 1103 766 1126 ut
787 1104 965 1126 converterer
997 1102 1030 1127 ad

244 1145 382 1178 eumdem,
400 1145 433 1172 ad
449 1151 529 1179 quem
550 1149 590 1176 tu,
612 1144 714 1172 Christi
741 1145 860 1177 cultum,
881 1153 931 1180 ego
961 1153 1031 1179 quo-

244 1199 299 1226 que
319 1196 344 1218 te
363 1190 454 1226 dignis
471 1191 553 1217 rebus
578 1190 696 1217 vicissim
721 1191 927 1218 remunerabor.
949 1190 1032 1217 Juhet

244 1238 336 1273 itaque
360 1237 424 1265 exui
443 1241 600 1272 martyrem,
617 1241 643 1263 et
659 1236 766 1264 subulis
796 1236 894 1264 ferreis
911 1238 1032 1264 canden-

245 1285 317 1312 tibus
334 1285 392 1319 ejus
405 1284 487 1311 latera
508 1283 617 1318 conligi,
634 1287 662 1310 et
682 1283 768 1309 acutis
787 1282 894 1309 tribulis
919 1283 1029 1309 dorsum

244 1331 304 1365 ejus
322 1331 418 1366 pungi.
441 1335 468 1357 et
489 1329 636 1364 disrumpi,
658 1328 722 1356 dum
755 1330 875 1364 supinus
901 1329 1030 1356 trahitur.

244 1377 294 1404 llis
312 1381 403 1403 autem
416 1376 615 1411 quamprimum
632 1375 725 1407 illatis,
745 1379 804 1402 erat
817 1375 842 1402 ei
855 1375 961 1405 eadem,
974 1375 1030 1402 sic-

246 1429 277 1450 ut
291 1423 377 1458 prius,
409 1422 573 1450 constantia.
603 1421 694 1448 Multis
711 1421 804 1456 itaque
821 1421 896 1448 horis
911 1428 940 1447 se
958 1429 1031 1447 mar-

246 1475 303 1505 tyre
317 1469 422 1496 fortiter
432 1472 546 1504 gerente
564 1467 590 1494 in
609 1467 763 1498 tormentis,
785 1473 812 1494 et
828 1466 928 1493 nullam
951 1466 1032 1492 emit<

245 1521 321 1543 tente
340 1523 432 1542 vocem
458 1519 504 1541 aut
517 1514 660 1550 gemitum,
684 1517 798 1540 mmstus
816 1513 862 1540 ille
877 1517 904 1539 ct
920 1512 1007 1539 tristis
1023 1533 1030 1544 ,

246 1563 375 1594 tanquam
402 1559 508 1590 victus,
539 1557 659 1584 surrexit
687 1564 702 1584 e
732 1556 879 1589 tribunali,
909 1561 935 1583 et
953 1556 1032 1591 jubet

246 1611 396 1640 martyrem
424 1611 519 1630 rursus
542 1602 640 1630 abduci
667 1603 694 1628 in
722 1609 873 1633 carcerem,
895 1607 922 1629 et
943 1609 1032 1636 neque

247 1659 345 1686 panem
373 1658 460 1684 neque
472 1657 568 1684 aquam
592 1648 616 1676 ei
632 1648 745 1683 praeberi
758 1669 766 1679 ,
796 1655 846 1676 nec
865 1655 1034 1683 qumcunque

247 1696 282 1723 ad
299 1695 400 1722 victum
415 1699 527 1722 sumunt
542 1694 677 1721 homines.
700 1693 761 1727 Ipse
784 1699 873 1720 autent
891 1694 1032 1728 profectus

245 1746 290 1768 est
302 1741 335 1767 ad
352 1739 503 1774 liaphnem,
520 1739 566 1773 qui
579 1743 621 1766 est
635 1738 788 1766 Antiochia:
827 1739 903 1766 locus
930 1739 1032 1774 jucun-

247 1785 386 1812 dissimus.

281 1923 390 1952 XXXII.
427 1923 505 1951 Circa
517 1922 636 1951 mediam
663 1929 755 1951 autem
778 1928 886 1952 noctem
919 1930 1032 1960 apparet

246 1971 374 1998 Christus
395 1970 506 2005 martyri
528 1970 615 1997 oranti
645 1969 672 1996 in
698 1970 839 2002 custodia,
855 1970 977 1997 animum
1006 1971 1032 1998 ei

246 2015 360 2049 addens,
383 2020 410 2043 et
427 2023 456 2043 se
471 2023 532 2042 cum
551 2023 585 2043 eo
607 2015 720 2042 omnino
736 2015 858 2042 futurum
887 2016 1030 2050 pollicens,

246 2068 275 2091 et
287 2063 403 2090 dicens;
426 2061 568 2094 Quomodo
588 2061 645 2096 ipse
668 2068 710 2088 me
728 2061 871 2088 confessus
883 2063 956 2089 fuisti
982 2071 1013 2089 eo
1026 2077 1032 2083 -

246 2117 304 2136 ram
320 2109 476 2136 hominibus
490 2115 572 2142 super
587 2113 697 2140 terram,
719 2115 770 2142 ego
782 2115 891 2142 quoque
906 2113 932 2135 te
946 2108 1032 2135 confi-

247 2156 324 2182 tebor
347 2161 438 2181 coram
461 2153 540 2180 Patre
564 2159 645 2184 meo,
665 2152 710 2186 qui
735 2157 776 2179 est
804 2153 832 2179 in
859 2153 946 2180 oculis.
971 2153 1032 2181 lltrc

246 2208 308 2228 cum
331 2204 433 2234 martyr
454 2198 588 2225 audiisset
606 2205 622 2224 a
637 2197 761 2229 Domino,
785 2197 907 2230 confidit,
926 2204 955 2225 et
973 2203 1028 2226 tota

245 2251 326 2274 nocte
349 2245 434 2272 Deum
454 2243 632 2280 glorificavit,
651 2248 678 2270 ct
692 2244 716 2269 ei
730 2243 785 2278 egit
804 2243 913 2278 gratias.
933 2243 956 2269 A
971 2244 1029 2278 pla—

245 2292 288 2326 gis
303 2291 376 2317 enim
389 2289 447 2316 suis
460 2296 487 2316 et
504 2289 664 2316 vulneribus
676 2292 789 2322 repente
806 2288 854 2314 fuit
872 2289 1012 2316 relaxatus
1022 2309 1029 2322 ,

244 2337 312 2364 adeo
330 2340 360 2363 ut
378 2344 412 2362 ne
434 2336 529 2363 vihicis
547 2335 656 2369 quidem
679 2335 821 2368 vestigium
836 2340 982 2370 appareret
1003 2335 1029 2362 in

245 2386 341 2409 sancto
355 2381 415 2415 ejus
430 2388 556 2415 corpore.
582 2380 674 2414 Spatio
690 2385 780 2407 autem
797 2380 952 2415 quindecim
970 2381 1030 2407 die-

245 2434 307 2454 rum
335 2426 436 2453 mansit
458 2426 571 2453 omnino
589 2427 700 2460 jejunus
723 2426 751 2452 in
765 2434 885 2458 carcere,
909 2427 1030 2454 nutritus

245 2479 316 2506 pane
331 2471 500 2505 angelorum,
526 2478 575 2497 seu
601 2471 686 2506 gratia
711 2470 778 2498 boni
791 2471 919 2506 Spiritus.
944 2471 1029 2498 .lulia-
1046 2488 1055 2491 μ

244 2525 297 2545 nus
320 2523 385 2543 vero
402 2523 474 2548 cum,
491 2516 561 2543 sicut
583 2515 712 2549 diximus,
739 2517 860 2544 venisset
877 2518 1030 2552 Daphnem,

245 2562 379 2590 sacrificia
403 2562 515 2597 parabat
539 2562 670 2596 Apollini,
693 2570 807 2597 sperans
826 2563 884 2590 fore
900 2568 929 2591 ut
944 2564 978 2591 ab
998 2571 1031 2591 eo

244 2610 300 2636 cito
326 2608 464 2643 acciperet
485 2615 627 2642 responsa.
645 2607 757 2642 Daphne
780 2613 823 2635 est
841 2608 1028 2636 suburbanum

244 2654 404 2686 Antiochize,
430 2654 512 2681 situm
538 2654 565 2680 in
595 2654 654 2688 ejus
678 2653 743 2681 locis
767 2653 921 2686 altioribus,
936 2660 964 2682 et
991 2660 1031 2682 te.

243 2706 317 2728 (tum
339 2707 420 2727 omne
443 2706 529 2735 genus
545 2699 708 2726 arboribus:
729 2707 782 2734 quo
797 2699 824 2726 in
842 2699 902 2727 loco
922 2705 949 2727 et
964 2701 1030 2728 alia~

235 2753 304 2777 rum
321 2747 450 2772 arborum
464 2750 491 2772 et
508 2745 659 2780 priesertim
680 2752 874 2779 cupressorum
885 2765 892 2778 ,
910 2747 1027 2774 maxima

235 2791 295 2822 [ηιι
321 2791 440 2824 plantata
462 2791 617 2823 multitudo,
644 2791 860 2825 pulchritudine.
882 2792 1027 2821 altitudine

234 2836 489 2882 ethniagttittttlittei
504 2844 674 2876 nequaquam
707 2838 858 2866 imitabilis.
883 2839 1028 2868 Labuntur

1086 233 1211 267 μότατον.
1230 232 1300 267 Πρὸς
1316 231 1345 257 ὃν
1364 231 1441 258 πάλιν
1455 232 1469 257 ὁ
1482 231 1527 257 τοῦ
1543 231 1661 266 Χριπτοῦ
1677 232 1782 267 μάρτυς
1802 232 1880 266 φηᾱὶ,

1085 278 1181 311 Ἂὶρες,
1197 273 1218 303 ὦ
1239 275 1361 312 βασιλεῦ,
1381 276 1430 311 τὴν
1457 277 1555 311 νεκρὰν
1573 276 1623 311 ἤδη
1644 277 1692 302 καὶ
1716 274 1883 312 ὲξῳδηκυῖαν

1082 321 1136 347 τῶν
1157 322 1292 356 Ἑλλήνων
1315 321 1464 356 θρησκείαν
1489 319 1570 356 (αῦτη
1581 321 1635 356 γὰρ
1650 322 1697 347 καὶ
1713 321 1766 356 πρὸ
1780 321 1878 348 πολλοῦ

1085 368 1212 403 σέσηπε),
1231 367 1278 394 καὶ
1293 367 1424 403 πρόσελθε
1439 367 1478 402 τῷ
1495 367 1617 402 Χριστιῖν
1636 368 1812 403 μακρόθυμος
1826 370 1881 404 γάρ

1083 415 1142 440 ἐστι
1158 415 1204 441 καὶ
1221 414 1422 449 φιλάνθρωπος,
1450 413 1497 440 καὶ
1524 414 1574 440 οὺχ
1593 413 1733 440 ἁπὼσεταί
1750 423 1779 440 σε
1794 423 1879 449 μετα-

1089 459 1268 495 μελούμενον.
1285 460 1355 486 Ἀλλ’
1365 460 1414 486 οὐκ
1427 457 1460 496 ἦν
1470 459 1524 494 ἄρα
1540 459 1652 494 γνώμης
1665 460 1880 495 ὲθελοκακοὺσης

1082 506 1219 540 ἀντισχεῖν
1231 507 1282 533 τὸν·
1290 507 1416 542 μάρτυρα
1431 507 1491 537 ταῖς
1504 506 1603 540 ὁρμαῖς
1612 526 1619 538 ,
1637 506 1692 532 οὐδ’
1707 507 1878 533 ἀνακαλέσα-

1086 552 1149 578 σθαι
1158 552 1247 587 ψυχὴν
1259 552 1417 587 αὑτομόλως
1430 551 1573 587 χωροῦσαν
1588 551 1656 586 arpi);
1667 554 1714 587 τὴν
1727 553 1877 579 ἀπώλειαν.

1089 595 1119 622 '0
1146 597 1201 632 γὰρ
1235 598 1398 630 Ἰουλιανὸς,
1431 598 1516 624 πάλαι
1541 597 1588 624 τὸν
1611 593 1792 632 Ἔλληνισμδν
1808 599 1881 625 κατὰ

1081 641 1171 677 ψυχὴν
1195 642 1312 674 ὠδίνων,
1331 644 1362 668 ὲκ
1375 640 1431 668 τῶν
1445 643 1474 668 ἐν
1497 638 1584 677 Ἰωνίᾳ
1615 643 1772 677 γενομένων
1800 643 1878 677 αὐτῷ

1085 687 1153 720 μετὰ
1168 686 1222 713 τῶν
1235 688 1306 722 ἀμφὶ
1317 685 1362 713 τδν
1380 685 1505 722 Μάξιμον
1536 687 1691 722 φιλοσόφων
1717 688 1879 719 συνουσιῶν,

1083 733 1126 768 ἐφ’
1137 733 1198 760 ὅσον
1212 732 1262 768 μὲν
1272 734 1316 760 ὅτι
1332 732 1445 768 ἀδελφὸς
1456 733 1532 769 αὐτῷ
1547 734 1655 769 περιῆν,
1669 735 1715 760 καὶ
1727 733 1785 769 μετ’
1799 734 1880 761 αὐτὸν

1083 779 1283 811 Κωνστάντιὸς,
1305 781 1318 805 ὁ
1332 779 1360 806 δὲ
1377 780 1454 806 οὐδὲν
1478 779 1676 815 παραγυμνοῠν
1694 780 1805 816 ἐθάρρει
1834 781 1879 807 διὰ

1083 824 1114 849 τὸ
1133 823 1162 854 ἐξ
1178 824 1291 850 ἐκείνων
1302 823 1373 856 ὄζος,
1389 825 1449 850 ἐπεὶ
1461 825 1489 851 δὲ
1502 821 1576 851 οὗτοι
1589 825 1618 857 ἐξ
1629 825 1782 860 ἀνθρώπων
1796 823 1879 860 ἦσαν,

1047 864 1068 894 Β
1085 868 1167 899 αὐτὸς
1181 868 1209 894 δὲ
1224 869 1279 895 τῶν
1299 870 1472 905 πραγμάτων
1499 871 1549 905 ἥϐη
1580 871 1674 904 κύριος
1706 868 1750 905 ἦν,
1773 872 1834 897 τότε
1846 871 1878 906 δὴ

1083 915 1123 945 εἰς
1143 915 1173 940 τὸ
1190 915 1307 950 φανερὸν
1326 916 1587 950 ἀπαμφιασάμενος,
1602 917 1703 947 πάσαις
1725 916 1823 951 ἀθρόον
1837 917 1877 948 εἰς

1081 959 1130 984 τὸν
1148 959 1323 994 Ἐλληνισμὸν
1339 959 1475 996 ἐξερράγη
1484 962 1543 992 ταῖς
1559 961 1733 996 πρηθυμίαις.
1752 961 1879 996 Ἀιὶτιεκρῖ⁴

1082 1013 1146 1030 νλτο
1161 1005 1307 1039 τοιγαροῦν
1323 1006 1389 1040 πρὸς
1405 1006 1451 1031 τὸν
1466 1007 1606 1041 μάρτυρα,
1629 1006 1705 1032 Ἐπεὶ
1714 1007 1777 1037 τοὺς
1795 1008 1879 1042 ἐμοὺς

1082 1049 1230 1083 ἑφαύλισας
1247 1050 1354 1084 λόγους,
1365 1047 1387 1077 ὦ
1402 1052 1473 1086 κακὴ
1485 1052 1602 1086 κεφαλὴ,
1623 1052 1776 1087 ἐτόλμησας
1791 1052 1818 1079 δὲ
1831 1053 1878 1080 καὶ

1082 1095 1196 1121 καθεῖνα
1225 1097 1333 1131 πεῖραν,
1349 1096 1419 1123 ὥστε
1435 1097 1503 1131 πρὸς
1520 1097 1549 1123 τὸ
1572 1098 1653 1124 αὐτόν
1671 1107 1711 1124 σοι
1735 1098 1782 1124 τοῦ
1811 1099 1879 1134 Χρι-

1084 1142 1248 1175 στιανισμοῦ
1282 1143 1363 1174 σέὃας
1396 1143 1571 1177 μεταϐαλεῖν,
1601 1143 1879 1179 ἀντιφιλοτιμήσομαι

1085 1194 1128 1212 σοι
1150 1186 1228 1220 κάγὼ
1250 1189 1306 1218 τοῖς
1323 1188 1409 1220 ἀξίοις
1436 1188 1556 1223 ῥήμασι.
1571 1188 1689 1215 Κεὶεύει
1703 1188 1794 1215 τοίνυν
1811 1191 1887 1219 dum.

1082 1232 1254 1266 γυμνοῦσθαι
1270 1233 1316 1259 τὴν
1335 1234 1462 1268 μάρτυρα
1477 1234 1524 1260 καὶ
1542 1234 1669 1266 σούό).αις
1685 1235 1811 1270 σιδηραῖς
1828 1244 1875 1262 πε-

1082 1281 1314 1313 πδρικτωμεναις
1330 1280 1379 1310 τὰς
1393 1279 1512 1314 πλευρὰς
1533 1279 1616 1306 αὐτοῦ
1645 1280 1875 1316 διαπερονᾶσθαι,

1082 1325 1129 1350 7.1".
1148 1324 1193 1350 τὶν
1209 1324 1293 1351 νῶτον
1307 1325 1388 1351 αὑτοῦ
1406 1326 1541 1361 τριϐόλοις
1558 1326 1631 1357 ὀξέσι
1659 1327 1877 1354 κατακεντᾱσθαι

1082 1370 1130 1395 καὶ
1144 1369 1359 1405 διαῤῥήγνυσθαι
1371 1371 1520 1406 συρόμενον
1532 1371 1638 1398 ὕπτιον.
1652 1371 1759 1399 Τούτων
1768 1373 1794 1399 δὲ
1806 1373 1875 1408 πρὸς

1082 1413 1164 1448 τάχος
1201 1414 1406 1449 ἐπενεχθέντων
1418 1415 1456 1450 τῷ
1478 1417 1609 1451 μάρτυρι,
1622 1418 1639 1452 ἡ
1655 1417 1725 1452 αὺτὴ
1741 1419 1875 1453 καρτερία

1083 1457 1121 1495 ἦν
1134 1460 1221 1496 αὐτῷ,
1237 1462 1363 1496 καθάπερ
1378 1461 1410 1497 δὴ
1425 1462 1514 1488 καὶτὸ
1530 1463 1672 1498 πρότερον.
1693 1464 1755 1490 Ἐπὶ
1765 1465 1877 1497 πολλαῖς

1083 1508 1130 1534 οὖν
1147 1509 1205 1540 ταῖς
1219 1508 1304 1545 ὥραις
1331 1511 1390 1542 ταῖς
1406 1511 1536 1545 βασάνοις
1549 1511 1662 1544 ταύταις
1677 1513 1876 1548 ἐγκαρτεροῦν-

1084 1563 1130 1586 τος
1144 1554 1191 1581 τοῦ
1206 1556 1355 1591 μάρτυρος,
1377 1557 1424 1583 καὶ
1443 1557 1511 1592 μηδὲ
1531 1558 1596 1592 μίαν
1622 1559 1713 1593 φωνὴν
1729 1559 1746 1594 ἢ
1762 1567 1876 1593 στεναγ-

1086 1600 1137 1635 μὸν
1167 1602 1306 1636 ἀφιέντος,
1335 1604 1460 1638 κατηφὴς
1501 1604 1604 1635 ἐκεῖνος
1637 1605 1684 1631 καὶ
1714 1606 1877 1640 σκυθρωπὸς

1084 1646 1179 1682 ὢππερ
1189 1648 1356 1682 ἡττώμενος,
1368 1649 1498 1684 ἐξανέστη
1511 1649 1557 1676 τοῦ
1571 1649 1676 1684 βήματο
1686 1660 1700 1682 ·,
1713 1650 1760 1676 καὶ
1768 1650 1875 1676 κελεύ;ι

1084 1693 1130 1719 τὸν
1143 1695 1271 1728 μάρτυρα
1282 1694 1364 1721 πάλιν
1379 1695 1426 1722 ἐπὶ
1443 1695 1492 1730 τὴν
1513 1696 1623 1730 ειρκτην
1640 1697 1810 1730 ἀπαχθῆναι,
1826 1696 1875 1723 καὶ

1086 1740 1153 1773 μήτε
1173 1739 1262 1774 ίᾶρτον
1288 1742 1357 1775 μήτε
1393 1740 1465 1776 ὕδωρ
1481 1741 1555 1776 αὺτῷ
1577 1743 1793 1777 παρασχεθῆναι,
1810 1742 1875 1777 μηδ’

1084 1784 1133 1810 ὅσα
1149 1785 1216 1819 πρὸς
1235 1785 1266 1810 τὸ
1282 1785 1332 1820 ζῇν
1351 1786 1606 1821 μεταλαμὸάνουσιν
1619 1787 1769 1822 ἄνθρωποι.
1787 1789 1874 1818 Atiae;

1083 1829 1112 1855 δὲ
1131 1831 1179 1856 ἐπὶ
1209 1830 1260 1866 τὴν
1280 1832 1390 1867 Δάφνην
1405 1831 1551 1867 ἐξώρμησε
1568 1833 1618 1867 τῆς
1651 1833 1818 1869 ’Δντιοχειας
1844 1835 1874 1861 τὸ

1083 1875 1273 1910 χαριέστατον.

1120 1921 1182 1947 ΛΒ’.
1196 1922 1265 1957 Περὶ
1278 1923 1306 1949 δὲ
1325 1923 1410 1957 μέσας
1440 1924 1540 1957 νύκτας
1555 1926 1602 1952 ἐπὶ
1623 1926 1672 1961 τῆς
1689 1926 1813 1961 φυλακῆς
1825 1926 1871 1953 εὑ-

1085 1967 1192 2002 χομένῳ
1209 1969 1248 2002 τῷ
1265 1968 1398 2004 μάρτυρι,
1415 1970 1429 1995 ὸ
1443 1970 1559 2006 Χριστος
1574 1972 1758 2005 ἐπιφαίνεται,
1771 1972 1873 2006 θάρσος

1085 2020 1114 2038 τε
1131 2013 1246 2045 ἐντιθεὶς
1263 2014 1310 2040 καὶ
1329 2016 1448 2042 συνεῖναι
1464 2016 1539 2050 αὑτῷ
1554 2017 1682 2050 καθάπαξ
1703 2018 1872 2052 mani-.116.

1085 2067 1176 2093 μενος,
1190 2059 1295 2095 Ὥσπερ
1307 2061 1400 2094 αὐτὸς,
1410 2061 1507 2095 λέγων,
1519 2062 1697 2098 ὡμολόγησάς
1713 2073 1746 2097 με
1755 2064 1872 2090 ἐνώπιον

1083 2105 1137 2130 τῶν
1152 2105 1304 2141 ἀνθρώπων
1321 2107 1367 2132 ἐπὶ
1392 2108 1442 2142 τῆς
1464 2108 1527 2143 γῆς,
1556 2109 1715 2144 ὁμολογήσω
1744 2110 1822 2143 κάγὼ
1839 2110 1870 2136 σι

1085 2151 1203 2177 ἐνώπιον
1219 2151 1267 2178 τοῦ
1278 2153 1383 2187 Πατρός
1397 2161 1447 2187 μου
1460 2154 1506 2180 τοῦ
1524 2155 1553 2180 ἐν
1565 2156 1620 2187 τοῖς
1630 2157 1764 2190 οὐρανοῖς.
1777 2157 1872 2182 Ταῦτα

1047 2201 1066 2226 l')
1081 2196 1095 2221 ὀ
1111 2196 1214 2230 μάρτυ,
1230 2197 1349 2229 ἀκούσας
1366 2200 1441 2234 παρὰ
1452 2200 1564 2235 Κυρίου,
1579 2201 1726 2237 ἐθάρσησε,
1741 2203 1789 2229 καὶ
1804 2203 1871 2238 παρ’

1083 2240 1147 2275 ὅλην
1168 2241 1250 2267 νύκτα
1267 2242 1414 2278 δοξολογῶν
1429 2243 1472 2280 ἦν,
1486 2247 1534 2272 καὶ
1549 2247 1662 2282 χάριτας
1679 2247 1818 2282 ὁμολογῶν
1831 2249 1870 2283 τῲ

1082 2286 1151 2321 Θεῷ.
1173 2286 1277 2322 Ἀνείθη
1296 2289 1350 2323 γὰρ
1365 2291 1396 2315 εκ
1410 2290 1464 2315 τῶν
1481 2291 1593 2325 πληγῶν
1608 2294 1655 2318 καὶ
1679 2295 1733 2318 των
1748 2295 1871 2328 τραυμὰο

1081 2341 1135 2358 των
1146 2333 1228 2359 αὑτοῦ
1257 2335 1435 2370 παραχρῆμα,
1462 2335 1532 2363 ὥστε
1549 2338 1614 2372 μηδὲ
1639 2338 1771 2372 μὼλωπος
1797 2339 1871 2373 [χνος

1081 2379 1110 2405 ἐν
1124 2379 1161 2414 τῷ
1190 2380 1259 2415 ἁγιῳ
1272 2381 1353 2407 αὑτοῦ
1381 2382 1581 2409 ἐντετυπῶσθαι
1599 2382 1714 2417 σώματι.
1741 2383 1869 2418 Ἦμερόιν

1081 2423 1108 2449 δὲ
1141 2425 1338 2451 πεντεκαίδεκα
1367 2425 1576 2461 διαγενομένων,
1600 2426 1693 2458 ἄσιτος
1720 2427 1810 2461 ἔμεινε
1838 2428 1869 2452 τὸ

1083 2470 1213 2504 παράπαν
1230 2472 1258 2496 ὲν
1275 2472 1304 2505 τῇ
1321 2471 1427 2506 εἱρκτῇ,
1445 2472 1567 2505 ἀγγέλων
1583 2473 1668 2507 ἄρτῳ,
1686 2472 1734 2498 εἴτ’
1754 2470 1802 2499 οὖν
1816 2474 1867 2507 χά-

1083 2523 1139 2549 ριτι
1152 2515 1198 2541 τοῦ
1213 2515 1316 2549 ἀγαθοῦ
1332 2517 1500 2552 τρεφόμενος
1518 2517 1686 2551 Πνεῦματος.
1708 2517 1737 2543 ’0
1751 2518 1780 2543 δὲ
1800 2517 1869 2543 Ἰου-

1082 2561 1182 2593 λιανὸς,
1199 2563 1244 2588 ἐπὶ
1264 2562 1313 2597 τὴν
1328 2563 1436 2597 Δάφνην
1458 2563 1616 2598 γενόμενος,
1632 2562 1725 2598 ὥσπερ
1751 2563 1869 2598 ἔφημεν,

1082 2607 1175 2638 ουσία,
1191 2605 1224 2643 ἦν
1244 2608 1453 2643 ἑτοιμαζόμενος
1464 2608 1503 2643 τῷ
1523 2608 1680 2641 Ἀπόλλωνι,
1691 2607 1801 2640 εὔελπις
1818 2607 1869 2640 ὢν,

1082 2655 1128 2680 καὶ
1142 2654 1203 2685 τοὺς
1215 2654 1260 2680 ὑπ’
1276 2654 1358 2680 αὑτοῦ
1372 2654 1511 2689 χρησμοὺς
1524 2654 1592 2689 ταχὺ
1609 2654 1747 2686 δέξασθαι.
1769 2655 1802 2680 Ἠ
1815 2655 1869 2682 Δά-

1081 2707 1135 2734 φνη
1154 2700 1182 2726 δὲ
1208 2700 1369 2735 προάστειον
1386 2701 1444 2726 ἐστι
1463 2700 1514 2735 τῆς
1546 2700 1723 2735 Ἀντιοχείας,
1747 2701 1794 2726 ἐπὶ
1812 2701 1869 2726 τῶν

1082 2744 1255 2780 ὑψηλοτέρων
1276 2746 1361 2781 αὐτῆς
1385 2746 1491 2781 χωρίων
1519 2746 1655 2781 κείμενον,
1678 2747 1771 2772 ἆλσεςι
1798 2755 1868 2772 παν-

1080 2791 1163 2824 τοίοις
1182 2792 1334 2828 συνηρεφές
1346 2800 1353 2808 ·
1372 2793 1436 2819 ἔνθα
1455 2792 1508 2818 τῶν
1522 2801 1551 2819 τε
1567 2792 1656 2820 ἄλλων
1680 2795 1788 2820 πάντων
1802 2793 1868 2818 δέν-

1082 2838 1165 2874 δρων,
1176 2839 1223 2867 καὶ
1237 2838 1269 2874 δὴ
1286 2839 1334 2866 καὶ
1349 2839 1522 2876 κυπαρίττων
1547 2840 1640 2875 ἔξοχόν
1658 2849 1683 2868 τι
1699 2839 1866 2875 πεφύτευται
