2047 3150
174 105 236 139 ποι

818 105 907 136 νΙΤΛ
928 105 958 135 S.
972 103 1127 135 ABERCII

1723 102 1790 136 1:22

175 165 303 197 εξιόντος,
320 164 336 198 ὴ
355 163 436 198 ὲνάτη
451 162 502 197 τῆς
524 162 631 198 ἡμέρας
643 161 701 197 ὥρα
729 161 794 197 πρὸς
820 161 850 188 τδ
879 160 955 191 τέλος

1007 161 1075 193 cius,
1094 168 1165 188 nona
1181 161 1247 189 hora
1263 161 1316 189 diei
1333 161 1407 188 finita
1431 160 1455 188 ei
1479 168 1588 196 quoque
1609 160 1688 188 affert
1709 161 1789 188 ﬁnem

169 211 218 246 ἥδη
235 210 368 245 γινομένη
379 230 387 241 .
401 209 478 242 τέλος
492 210 567 244 αὐτῷ
591 209 637 236 καὶ
653 209 692 244 τῷ
714 208 768 235 τῶν
797 207 883 242 λόγων
907 207 955 233 hr-

171 258 241 292 ἁγει,
268 257 315 283 καὶ
332 257 453 284 διέλυσεν
468 258 497 283 ἐν
514 259 620 288 τούτοις
632 255 682 290 τὴν
696 255 816 290 ὁμιλίαν,
831 255 880 290 τῆς
895 263 956 280 συν-

171 303 252 338 ⁴ὴθους
269 303 350 329 αὐτὸν
376 301 531 338 προσευχῆς
548 302 689 337 ἑλκούσης,
702 301 857 337 είςὸμιλίαν
871 301 955 335 ἄλλην

170 348 216 374 τοῦ
233 348 414 382 ποθουμένου.
436 348 467 376 '0
483 348 533 382 μὲν
549 347 597 374 οὖν
621 348 721 382 ἀνέστη
746 346 795 374 καὶ
810 346 860 377 τὰς
878 346 954 380 ἱερὰς

170 392 277 422 ικείνας
292 393 385 427 χεῖρας
398 393 455 423 τοῖς
469 392 562 424 κακῶς
577 392 685 426 ἔχουσιν
711 391 829 423 ἐπιθεὶς,
856 390 954 416 ἔσϐεσέ

168 443 197 464 τε
214 438 305 468 αὐτοῖς
315 438 364 469 τὰς
379 437 474 469 ὀδύνας
486 437 532 464 καὶ
550 437 617 473 πρὸς
631 437 739 464 τελείαν
756 437 863 470 ὑγίειαν
873 437 956 462 ἐπαν-

168 485 282 518 ήγαγεν.
315 481 381 509 Εἶτα
408 484 491 510 πᾶσιν
509 483 693 518 ἐπευξάμενος
721 492 750 510 τε
774 485 824 510 καὶ
840 482 954 516 εὐλογή-

170 534 228 560 σας,
245 527 314 554 ἀλλὰ
331 527 384 562 μὴν
400 528 447 554 καὶ
469 527 517 554 τοῦ
535 528 565 554 ὲν
579 528 676 564 Κυρίῳ
692 528 844 562 φιλήματος
870 535 953 562 μετα-

168 575 240 606 ῐοῦς,
253 573 300 600 καὶ
316 571 371 600 οἶόν
384 583 444 600 τινα
459 574 594 610 σφραγῖδα
616 574 695 600 τοῦτο
709 575 801 605 αὐτοῖς
825 573 931 603 ἐπιθεὶς
945 592 952 605 ,

168 620 239 646 ὥστε
267 620 358 651 καλῶς
386 619 558 654 φυλαχθῆναι
581 620 659 655 παρὰ
685 620 792 650 τούτοις
816 619 849 645 τὰ
877 619 954 652 εἰρη-

170 665 239 700 μένα
250 685 257 696 ,
273 665 365 692 οἴκαδε
401 664 450 690 σὺν
468 666 524 696 τοῖς
536 665 660 698 ἀδελφοῖς
674 663 771 699 ἐχώρει
783 671 790 679 ·
806 663 837 690 το
847 664 875 690 δὲ
890 664 955 697 πλῆ-

169 711 213 741 θος
244 709 455 743 ἐπηκολούθουν,
483 709 530 736 καὶ
561 709 745 744 βαπτισθῆναι
776 709 822 735 ὑπ’
847 710 953 735 ἐκείνου

169 756 284 782 ἐδέοντο.
307 755 335 781 '0
348 756 375 781 δὲ
391 755 552 790 ἀποδέχεται
571 755 620 790 μὲν
640 755 671 780 τὸ
693 754 846 789 πρόθυμον,
859 755 953 790 ὥσπερ

169 801 253 833 εἰκὸς,
268 801 359 836 πολλῷ
382 801 492 827 πλείονα
507 801 555 828 καὶ
571 801 652 832 αὖτἰς
669 801 738 836 ἔχων
753 802 781 827 ὲν
805 800 892 836 τούτῳ
905 801 954 835 τὴν

169 846 341 882 προθυμίαν·
356 847 417 872 ἐπεὶ
438 846 465 871 5‘:
483 846 520 882 μὴ
537 846 585 873 καὶ
608 847 642 872 τὰ
656 848 704 881 τῆς
733 846 808 881 ὦρας
838 847 953 881 συμϐαί-

168 901 248 919 νοντα
275 890 320 926 ἦν,
339 893 380 924 είς
401 892 449 924 τὴν
463 892 558 926 αὔριον
583 893 614 918 τὸ
632 892 773 927 βάπτισμα
796 892 954 920 ἀνεϐάλετο.

168 937 200 963 Οί
219 938 268 971 μὲν
285 936 335 963 οὖν
347 936 440 963 πολλοὶ
453 937 554 963 τούτων
569 938 608 972 τῷ
625 937 719 972 θερμῷ
741 937 823 971 ἔρωτι
845 936 891 962 τοῦ
908 936 956 970 βα-

138 985 141 989 ’
168 984 332 1017 πείσματος,
343 982 402 1009 οὐδὲ
409 983 555 1018 τὴνόἷκαδε
565 983 737 1018 ὑποστροφὴν
749 983 954 1018 ὑπομείναντες,

169 1029 253 1055 αὐτοῦ
271 1037 322 1055 που
340 1029 416 1065 παρὰ
430 1029 460 1055 τὸ
474 1029 611 1064 δωμάτιον
627 1030 826 1065 ἐκοιμήθησαν.
843 1029 954 1063 Ἐπειδὴ

167 1075 196 1101 δὲ
213 1072 247 1110 ἦν
261 1075 292 1101 ὲκ
308 1076 398 1109 μέσων
411 1075 528 1108 νυκτῶν,
544 1076 557 1102 ὁ
576 1075 703 1102 τοσοῦτον
726 1076 755 1101 ὲν
770 1075 861 1110 χάριτι
884 1075 956 1109 λάμ-

167 1119 222 1154 ψας
260 1120 410 1154 ’Λὸέρκιος,
432 1119 653 1155 προσευξάμενος
669 1120 707 1155 τῷ
734 1119 794 1155 Θεῷ
807 1120 891 1152 ἔξεισι
906 1119 956 1154 τῆς

169 1166 272 1197 οἰκίας,
288 1167 335 1192 καὶ
353 1166 397 1192 τὸν
412 1166 491 1200 ὄχλον
519 1165 705 1201 περιεστῶτας
733 1175 762 1192 τε
779 1166 827 1192 καὶ
852 1166 956 1200 ὑπομέ-

168 1222 267 1244 νοντας
282 1214 461 1248 θεασάμενος,
477 1214 510 1240 τὰ
526 1214 639 1248 ὄμματα
665 1215 704 1244 είς
732 1214 865 1248 οὐρανοὺς
888 1215 956 1240 ἁνα-

169 1259 254 1294 σχὼν,
277 1259 437 1294 Εὐχαριστῶ
454 1269 505 1291 σοι,
523 1261 648 1286 Δέσποτα
663 1261 711 1286 καὶ
726 1260 786 1292 Θεὲ,
810 1257 898 1291 εἶπεν,
915 1261 955 1286 ὅτι

171 1314 207 1340 με
223 1305 268 1331 τὸν
287 1306 405 1340 ποιμένα
421 1305 474 1332 τῶν
499 1306 555 1332 σῶν
574 1306 694 1340 λογικῶν
709 1306 855 1340 προϐάτων
872 1306 954 1340 ἠλέη-

169 1358 233 1384 σις,
247 1352 294 1377 καὶ
306 1353 351 1377 τὸν
377 1351 573 1386 ἀγρυπνοῦντα
590 1351 652 1378 καθ’
667 1351 746 1386 ἡμῶν
762 1352 854 1383 λύκον,
871 1359 953 1386 κεχη-

168 1397 234 1422 νότα
249 1397 337 1431 μάτην
351 1397 506 1429 ἀπέδειξας,
533 1398 580 1423 καὶ
597 1397 646 1432 τὴν
659 1397 874 1423 διασπασθεῖσαν
901 1397 956 1422 ἀπὸ

167 1445 219 1478 τῆς
232 1442 361 1477 ἀληθείας
379 1443 427 1468 τοῦ
453 1443 580 1477 ποιμνίου
599 1444 696 1478 μοῖραν
713 1443 879 1475 ἁνεκαλέσω,
908 1445 955 1469 καὶ

1006 206 1114 233 dicendi
1141 215 1148 233 :
1171 212 1198 234 et
1219 206 1245 233 in
1277 207 1319 234 his
1345 205 1425 234 solvit
1457 210 1621 238 sermduem.
1653 208 1790 234 consuetis

1005 252 1132 286 precibus
1149 259 1210 279 eum
1223 251 1397 280 trahentibus
1410 253 1442 279 ad
1463 253 1546 279 alium
1569 261 1723 280 sermonem
1744 253 1792 279 lia-

1005 297 1124 324 bendum
1145 305 1207 324 cum
1225 305 1270 330 eo,
1282 305 1362 331 quem
1378 298 1559 325 desiderabat.
1575 298 1623 325 llle
1639 304 1704 334 ergo
1727 306 1790 325 sur-

1006 343 1135 375 rexit;et
1160 350 1223 370 eum
1251 350 1343 370 sacras
1367 350 1464 370 manus
1482 344 1655 378 imposuisset
1679 345 1723 376 iis,
1743 346 1788 379 qui

1006 388 1077 414 male
1095 396 1125 415 se
1145 388 1292 419 habebant,
1309 393 1337 415 et
1351 395 1444 415 eorum
1465 389 1596 416 exstinxit
1620 389 1738 421 dolores,
1763 394 1791 416 ct

1004 433 1037 459 ad
1060 435 1208 467 perlectam
1224 432 1333 460 reduxit
1354 434 1509 460 sanitatem.
1527 433 1628 461 Deinde
1644 441 1705 461 cum
1721 434 1791 461 bene

992 479 1136 504 ’πορείας
1167 482 1240 504 esset
1269 477 1404 509 omnibus,
1434 482 1461 504 et
1495 478 1687 511 benedixisset,
1725 480 1789 514 quin

1006 523 1088 549 etiam
1117 523 1212 550 osculo
1228 523 1253 549 in
1286 523 1401 550 Domino
1431 523 1618 558 impertiisset,
1645 529 1673 551 et
1708 525 1790 552 veluti

1004 568 1140 602 quoddam
1158 568 1329 604 signaculum
1342 569 1383 596 eis
1401 570 1586 604 imposuisset,
1603 574 1632 597 ut
1649 577 1710 604 quae
1720 570 1791 597 dicta

1005 618 1081 647 sunt,
1098 620 1173 642 recte
1188 615 1222 642 ab
1238 615 1276 641 eis
1289 615 1506 647 custodirentur,
1527 615 1638 642 domum
1662 616 1717 643 ibat
1730 623 1790 643 cum

1005 661 1136 688 fratribus
1158 670 1164 687 :
1184 660 1331 687 multitudo
1358 667 1448 688 autem
1475 669 1537 688 eum
1563 663 1739 696 sequebatur,
1766 666 1793 688 et

1004 708 1125 742 rogabat.
1141 711 1171 734 ut
1197 707 1230 734 ab
1251 707 1297 734 illo
1317 707 1513 741 baptizaretur.
1531 708 1579 735 llle
1604 713 1696 735 autem
1720 708 1793 736 acri-

1004 753 1044 788 pit
1064 753 1186 788 quidem.
1209 757 1238 780 ut
1256 761 1305 788 par
1318 757 1388 785 erat,
1412 759 1565 788 promptum
1589 762 1684 781 eorum
1707 754 1792 781 animi

1005 799 1138 831 studium,
1153 799 1211 833 ipse
1229 807 1337 833 quoque
1366 799 1393 825 in
1419 807 1452 826 eo
1476 799 1580 826 habens
1605 800 1684 835 longe
1704 800 1791 834 majo-

1007 852 1075 876 rem,
1091 852 1171 879 quam
1182 845 1199 871 ii
1211 844 1358 875 habebant,
1372 844 1454 871 animi
1465 845 1630 872 alacritatem
1648 854 1655 872 :
1669 847 1715 872 sed
1726 852 1793 880 quo-

1007 891 1079 917 niam
1101 898 1155 917 non
1168 895 1227 917 erat
1239 895 1346 926 tempus
1363 891 1541 924 conveniens,
1557 892 1720 924 baptistnum
1741 891 1793 919 dif-

1007 937 1059 963 fert
1079 936 1105 963 in
1127 936 1198 963 diem
1220 941 1392 975 sequentem.
1417 937 1505 971 Atque
1527 938 1603 964 multi
1634 938 1743 973 quidem
1759 945 1793 965 ex

1007 982 1041 1008 iis
1059 986 1171 1016 propter
1189 989 1316 1016 magnum
1336 982 1462 1017 baptismi
1482 983 1658 1015 desiderium,
1675 991 1736 1011 cum
1759 991 1795 1012 no

1006 1027 1116 1054 domtun
1136 1027 1244 1061 quidem
1270 1027 1358 1054 redire
1388 1028 1595 1059 sustinuissent.
1623 1029 1795 1057 dormierunt

1007 1073 1062 1100 illic
1090 1081 1176 1108 prope
1208 1074 1412 1101 domunculam.
1441 1074 1510 1102 Cum
1531 1080 1621 1102 autem
1651 1081 1794 1103 cssetme-

1007 1120 1080 1146 dium
1103 1120 1204 1150 noctis,
1230 1120 1316 1154 gratia
1350 1120 1527 1154 resplendens
1557 1122 1701 1154 Abercius,
1730 1129 1792 1149 cum

1008 1164 1091 1191 Deum
1109 1170 1237 1200 precatus
1254 1165 1360 1197 fuisset,
1376 1173 1390 1192 e
1406 1166 1487 1192 domo
1503 1167 1641 1200 egreditur
1657 1174 1663 1192 :
1687 1171 1715 1194 et
1731 1175 1791 1194 cum

1006 1211 1254 1238 circumsistctttem
1277 1211 1389 1238 vidisset
1408 1212 1526 1244 turbam,
1552 1216 1580 1239 et
1599 1213 1792 1244 sust‘nentcm.

1005 1257 1120 1284 sublatis
1139 1258 1165 1284 in
1178 1257 1262 1284 ctelus
1277 1257 1362 1284 oculis
1383 1266 1389 1285 :
1410 1258 1466 1292 Ago
1480 1257 1527 1284 tibi
1547 1259 1657 1294 gratias,
1680 1257 1792 1286 Domine

1007 1303 1089 1335 Deus,
1119 1303 1219 1338 inquit,
1247 1303 1318 1337 quod
1349 1303 1477 1330 misertus
1500 1303 1537 1331 sis
1567 1304 1631 1336 mei,
1659 1304 1704 1338 qui
1732 1311 1791 1331 Sum

1005 1354 1100 1384 pastor
1117 1354 1224 1376 tuarum
1240 1349 1332 1377 ovium
1358 1350 1473 1376 rationis
1491 1355 1648 1384 compotum
1668 1359 1675 1377 τ
1693 1354 1730 1382 et,
1746 1351 1792 1385 qui

1007 1396 1033 1422 in
1051 1403 1100 1423 nos
1117 1395 1255 1431 vigilabat.
1273 1396 1366 1429 lupum
1382 1395 1484 1422 frustra
1516 1395 1636 1422 hiantem
1664 1396 1793 1423 reddide-

1007 1440 1056 1472 ris,
1075 1445 1103 1467 et
1118 1448 1132 1467 a
1148 1441 1262 1468 veritate
1282 1440 1415 1468 divulsam
1438 1441 1508 1467 hanc
1521 1441 1609 1476 gregis
1625 1447 1730 1476 partem
1746 1448 1792 1468 re-

170 1489 221 1522 τῆς
239 1489 284 1514 διὰ
297 1488 345 1514 τοῦ
371 1488 562 1523 βαπτίσματος
578 1488 714 1520 υἱοθεσίας
734 1489 784 1523 ἠδη
811 1488 954 1523 κατηξίου.

1007 1487 1125 1519 vocaris,
1145 1491 1173 1514 et
1196 1487 1252 1521 jam
1279 1487 1396 1514 filiorum
1425 1488 1571 1522 adoptione
1597 1488 1717 1523 digneris
1744 1496 1793 1523 per

169 1533 266 1560 Ταῦτα
294 1533 334 1569 τῷ
359 1534 413 1560 τῶν
438 1534 507 1560 ὃλιυν
534 1534 598 1567 Θεῷ
611 1534 773 1568 διαλεχθεὶς,
799 1534 954 1561 ἀκολουθεῖν

169 1579 246 1614 αὐτῷ
263 1579 332 1615 πρὸς
347 1580 397 1614 τὴν
421 1579 571 1614 ὲκκλησίαν
591 1580 622 1606 τὸ
640 1580 742 1614 πλῆθος
758 1581 953 1615 προτρέπεται.

175 1623 286 1658 Ἐπειδὴ
301 1624 330 1650 δὲ
342 1625 472 1658 ἀφίκοντο
485 1625 547 1660 ἢδη,
561 1625 611 1656 τὰς
623 1626 750 1660 συνήθεις
768 1627 859 1658 αὐτοῖς
873 1627 955 1660 εὐχὰς

169 1670 304 1703 ἐπειπὼν,
319 1671 418 1697 τελειοῖ
447 1670 485 1705 τῷ
503 1670 673 1705 βαπτίσματι
696 1671 796 1705 ἄνδρας
821 1680 956 1698 πεντακο-

170 1717 247 1746 σίους
261 1716 306 1741 τὸν
326 1716 455 1750 ἀριθμόν,
482 1717 574 1743 πολλοὶ
590 1716 637 1743 οὖν
662 1721 737 1753 παρὰ
756 1718 801 1743 τὸν
816 1718 901 1752 ἄνδρα
924 1718 956 1744 τὸ

169 1761 219 1788 ἀπ’
235 1762 339 1787 ἐκείνου
355 1763 511 1797 συνέρρεον,
529 1764 558 1788 οὗ
577 1764 626 1798 τῆς
645 1765 767 1799 μεγάλης
792 1765 873 1798 μόνον
887 1765 957 1800 Φρυ-

170 1807 235 1841 γίας
250 1807 298 1833 καὶ
311 1808 360 1842 τῆς
376 1809 531 1842 περιχώρου
556 1810 657 1844 πάσης,
673 1810 741 1836 ἀλλὰ
757 1812 804 1836 καὶ
828 1811 884 1837 ὅσοι
908 1812 956 1846 τὴν

175 1853 271 1880 Ἀσίαν
286 1852 386 1887 ᾠκουν,
399 1854 456 1879 ὅσοι
472 1861 501 1879 τε
515 1856 546 1888 τῇ
561 1856 658 1889 Λυδίᾳ,
677 1857 724 1881 καὶ
739 1857 796 1882 ὅσοι
811 1858 844 1890 τῇ
863 1858 956 1892 Καρίᾳ

171 1901 233 1930 ταῖς
249 1899 393 1935 ἐπαρχίαις
408 1901 573 1936 ἐπεδήμουν.
592 1902 645 1927 Καὶ
669 1902 723 1936 γὰρ
737 1902 780 1928 διὰ
803 1903 892 1938 πάσης
907 1903 956 1929 πό-

170 1946 240 1976 λεως
253 1947 316 1980 περὶ
333 1945 415 1972 αὑτοῦ
427 1946 504 1980 λόγος
519 1947 629 1982 ἐχώρει,
642 1948 672 1973 οὺ
687 1948 764 1978 κενὸς
783 1948 821 1973 ὢν
840 1951 887 1974 καὶ
903 1949 956 1982 μά-

172 1999 247 2022 ταιος
264 1993 311 2018 καὶ
325 1991 368 2018 διὰ
385 1991 464 2018 τοῦτο
477 1993 523 2018 καὶ
539 1993 683 2027 σϐεσθῆναι
697 1993 727 2019 τὸ
742 1994 822 2028 τάχος
837 1994 955 2028 δυνάμε-

172 2046 217 2070 νος
230 2056 239 2070 ,
255 2037 324 2063 ἀλλὰ
349 2037 449 2072 πολλὴν
465 2039 533 2072 ἒχων
558 2039 608 2074 τὴν
631 2039 727 2074 ῥώμην
748 2040 801 2065 οπο
823 2039 872 2074 τῆς
890 2041 956 2074 άλη-

171 2084 258 2115 θειας.
275 2084 425 2119 Συνέῤῥεον
450 2085 540 2110 τοίνυν
564 2084 628 2119 παρ’
646 2085 735 2116 αὑτὸν,
763 2085 786 2111 οἱ
814 2086 862 2119 μὲν
884 2085 955 2112 ὥστε

170 2130 208 2156 τὰ
225 2130 347 2165 σωτήρια
364 2129 534 2164 διδαχθῆναι,
555 2130 579 2155 ol
593 2129 621 2156 δὲ
637 2131 684 2156 καὶ
701 2131 756 2157 τῶν
776 2131 955 2166 ἐνοχλούντων

170 2176 362 2211 ἀπαλλαγῆναι
387 2176 465 2206 ὅσους
491 2175 590 2210 δηλαδὴ
614 2176 692 2207 νόσος
722 2177 817 2208 ἐπίεζέ
834 2178 955 2212 τις,ήτι

172 2222 220 2248 καὶ
238 2221 301 2248 ἄλλο
319 2221 428 2254 κατεῖχε
451 2221 547 2247 κακόν.
561 2218 616 2247 Ἦν
639 2222 694 2256 γὰρ
706 2222 808 2254 διδάξαι
836 2224 881 2249 τὸν
906 2223 956 2257 τῆς

172 2267 301 2302 ἀληθείας
313 2267 391 2299 λόγον
407 2266 579 2300 δεξιώτατος,
604 2269 651 2293 καὶ
674 2268 868 2294 οἰκειώσασθαι
893 2271 956 2299 τοὺς

173 2314 337 2350 προσιόντας
350 2313 394 2339 διὰ
409 2312 526 2347 Χριστὸν
537 2312 722 2347 ἑτοιμότατος,
741 2314 788 2340 καὶ
804 2313 957 2347 ἀπαλλάξαι

174 2360 269 2387 κακῶν
282 2359 422 2390 ὀξύτατος.

205 2404 243 2432 Θ’.
275 2405 379 2437 Ὀλίγαι
408 2403 475 2436 γοῦν
502 2403 641 2438 παρῆλθον
669 2404 783 2439 ἡμέραι,
812 2405 860 2430 καὶ
891 2406 955 2437 to);

174 2452 379 2488 πρεσϐυτέρους
402 2450 450 2476 καὶ
467 2450 619 2482 διακόνους,
638 2451 706 2485 πρὸς
721 2451 750 2476 δι
777 2451 825 2477 καὶ
839 2452 889 2486 τὴν
903 2453 957 2478 λοι-

175 2500 229 2535 «qv
242 2498 412 2531 ἀδελφότητα
433 2496 612 2532 παραλαϐὼν,
626 2498 745 2531 πρόεισι,
768 2499 816 2524 καὶ
840 2499 957 2530 καθίσας

175 2546 214 2576 εις
232 2546 316 2580 ὅνπερ
341 2543 431 2570 εἰώθει
457 2543 549 2575 τόπον,
576 2541 670 2577 ὥσπερ
700 2543 738 2570 ἐκ
756 2552 829 2575 τινος
846 2545 956 2580 ἡδίστης

176 2591 269 2627 πηγῆς
283 2591 317 2617 τὰ
331 2589 488 2625 γλυκύτατα
502 2588 551 2623 τῆς
564 2588 740 2621 διδασκαλίας
762 2590 856 2625 ῥεῖθρα
868 2592 957 2625 προΐει

173 2638 221 2665 τοῦ
238 2639 384 2673 στόματος.
407 2636 453 2663 Ἐν
465 2635 556 2670 τούτῳ
577 2635 606 2662 δὲ
619 2630 756 2671 προσῆλθε
769 2645 812 2668 τις
835 2637 887 2663 ὑπὸ
901 2646 958 2672 χει-

177 2684 294 2720 ραγωγῷ
322 2684 390 2717 γυνὴ
415 2682 471 2708 τῶν
510 2682 663 2716 ἐπιφανῶν,
683 2683 876 2718 ἐκκεκομμένη
891 2685 956 2716 τοὺς

175 2731 353 2764 όῳθαλμοὺς,
375 2729 460 2762 ὄνομα
487 2728 639 2763 Φρύγελλα,
665 2728 838 2761 Εὑξεινιανοῦ
866 2732 957 2766 μήτηρ

176 2777 341 2806 Ποπλίωνος.
363 2775 394 2800 '0
412 2775 441 2800 δὶ
455 2774 490 2810 ἦν
502 2775 558 2801 τῶν
574 2775 651 2810 παρὰ
667 2776 708 2811 τῷ
731 2775 913 2812 αὐτοκράτορι
927 2786 956 2803 τε

176 2823 224 2850 καὶ
237 2824 268 2859 τῇ
284 2822 360 2849 πόλει
386 2822 471 2858 πάσῃ,
489 2822 538 2853 τὰς
556 2821 667 2857 πρώτας
695 2822 812 2856 ἑχόντων
832 2823 914 2857 τιμὰς
939 2825 953 2850 ὀ

1007 1534 1183 1568 baptismum.
1209 1533 1272 1560 Haec
1289 1541 1352 1560 eum
1376 1534 1490 1560 dixisset
1512 1534 1567 1561 Deo
1590 1534 1791 1567 universorum,

1004 1581 1083 1614 jubet
1099 1579 1299 1607 multitudinem
1319 1587 1380 1607 eum
1407 1580 1484 1614 sequi
1508 1580 1540 1606 ad
1553 1581 1706 1607 ecclesiam.
1723 1581 1791 1608 Cum

1007 1631 1098 1653 autem
1116 1626 1171 1661 jam
1199 1626 1349 1658 venissent,
1375 1627 1515 1653 consuetis
1544 1626 1624 1654 dictis
1652 1627 1791 1662 precibus,

1007 1671 1143 1705 baptismo
1157 1671 1245 1697 initiat
1259 1671 1332 1698 viros
1346 1678 1460 1698 numero
1475 1672 1650 1706 quingentos.
1671 1673 1708 1699 Ex
1726 1673 1791 1700 hinc

1007 1720 1098 1742 autem
1114 1715 1190 1742 multi
1213 1715 1247 1743 ad
1273 1715 1348 1743 illum
1374 1716 1557 1748 confluebant.
1576 1725 1630 1744 non
1646 1718 1732 1745 solum
1759 1726 1792 1745 cx

1007 1768 1104 1796 magna
1125 1760 1250 1796 Phrygia,
1268 1768 1294 1788 et
1312 1761 1440 1789 universa
1465 1762 1581 1789 finitima
1604 1764 1726 1798 regione.
1745 1764 1792 1791 sed

1007 1807 1088 1834 etiam
1102 1807 1147 1841 qui
1160 1808 1248 1834 Asiam
1261 1808 1430 1840 habitabant,
1443 1813 1470 1835 et
1487 1809 1532 1843 qui
1545 1810 1679 1844 degebant
1691 1810 1717 1836 in
1729 1818 1792 1844 pro-

1007 1852 1104 1878 vinciis
1113 1851 1196 1887 Lydia
1206 1857 1233 1879 et
1243 1853 1333 1880 Caria.
1351 1854 1455 1881 Etenim
1468 1861 1515 1888 per
1531 1855 1684 1882 universam
1696 1856 1792 1883 civita-

1008 1901 1060 1923 tem
1075 1897 1108 1924 de
1127 1897 1185 1930 ipso
1201 1899 1328 1924 manabat
1341 1906 1441 1930 sermo,
1455 1902 1500 1933 qui
1517 1908 1571 1926 non
1589 1905 1647 1927 crat
1662 1908 1748 1927 vanus
1766 1905 1794 1927 et

1007 1942 1100 1969 inanis
1122 1947 1149 1968 et
1171 1943 1234 1969 ideo
1250 1943 1304 1970 cito
1319 1948 1424 1978 poterat
1438 1945 1585 1980 exstingui,
1624 1946 1670 1972 sed
1697 1946 1742 1981 qui
1759 1953 1791 1973 ex

1007 1989 1123 2015 veritate
1144 1996 1254 2024 magnas
1268 1989 1385 2017 habebat
1400 1990 1481 2017 vires.
1501 1991 1541 2017 Ad
1565 1999 1627 2017 eum
1644 1999 1707 2027 ergo
1725 1999 1792 2018 con-

1007 2034 1137 2067 fluebant,
1153 2036 1198 2062 alii
1214 2035 1323 2070 quidem
1349 2041 1378 2062 ut
1399 2036 1536 2064 discerent
1558 2045 1618 2071 qure
1636 2042 1716 2064 erant
1746 2045 1792 2065 sa-

1008 2081 1117 2112 lutaria,
1135 2081 1179 2108 alii
1196 2086 1286 2108 autem
1300 2086 1330 2108 ut
1343 2082 1524 2109 liberarentur
1544 2083 1578 2110 ab
1597 2083 1640 2114 iis,
1663 2091 1722 2118 qua:
1751 2085 1792 2111 eis

1008 2127 1160 2155 efferebant
1189 2128 1341 2155 molestiam
1373 2137 1380 2156 :
1413 2137 1480 2163 quos
1513 2130 1617 2156 scilicet
1654 2131 1793 2165 premebat

1010 2174 1132 2205 morbus,
1149 2176 1294 2201 autetiam
1318 2175 1427 2209 aliquod
1452 2175 1524 2202 aliud
1554 2176 1663 2204 tenebat
1680 2177 1791 2204 malum.

1007 2219 1073 2246 Erat
1087 2220 1158 2246 enim
1179 2221 1338 2255 aptissimus
1356 2220 1390 2248 ad
1417 2220 1568 2248 docendum
1584 2222 1698 2248 verbum
1720 2223 1794 2249 veri-

1009 2266 1081 2296 tatis,
1100 2270 1126 2291 et
1152 2265 1344 2299 paratissimus
1369 2265 1518 2292 familiares
1544 2266 1656 2294 Christo
1678 2267 1792 2295 reddere

1008 2319 1065 2343 eos,
1081 2311 1128 2346 qui
1144 2311 1320 2338 accedebant.

1044 2412 1090 2440 IX.
1118 2412 1202 2440 Pauci
1235 2413 1293 2440 dies
1320 2413 1520 2449 praterierunt.
1550 2424 1612 2443 cum
1644 2419 1794 2454 assumptis

1009 2457 1174 2493 presbyteris
1191 2463 1219 2486 et
1242 2459 1381 2493 diaeonis,
1406 2465 1434 2487 et
1458 2461 1559 2496 reliqua
1589 2470 1717 2498 praeterea
1739 2465 1794 2492 fra-

1010 2505 1148 2538 ternitate,
1182 2505 1303 2540 procedit
1321 2514 1328 2532 :
1347 2509 1374 2532 et
1401 2506 1500 2534 sedens
1517 2507 1542 2534 in
1563 2516 1596 2535 eo
1609 2509 1680 2540 loco,
1694 2511 1720 2537 in
1736 2518 1790 2545 quo

1009 2555 1200 2583 censueverat,
1225 2555 1353 2585 tanquam
1370 2559 1402 2578 ex
1419 2552 1510 2587 aliquo
1526 2553 1601 2580 fonte
1615 2555 1790 2589 suavissimo,

1009 2603 1042 2625 ex
1055 2605 1102 2624 ore
1115 2596 1256 2631 profundit
1281 2597 1410 2625 det-trina:
1429 2596 1530 2626 fluenta
1552 2601 1722 2628 suavissima.
1745 2601 1790 2628 ln-

1008 2648 1082 2670 terea
1097 2648 1187 2670 autent
1203 2643 1319 2670 accessit
1335 2643 1451 2670 adducta
1468 2643 1581 2672 illustris
1605 2646 1727 2680 quasdam
1750 2647 1791 2674 fe-

1010 2689 1095 2721 mina,
1129 2689 1216 2715 oculis
1241 2689 1346 2721 orbata,
1375 2689 1487 2717 nomine
1524 2690 1677 2726 Phrygella,
1704 2698 1791 2720 mater

1008 2734 1161 2761 Euxeniani
1177 2734 1326 2769 Poplionis.
1364 2734 1390 2762 ls
1407 2743 1470 2763 vero
1485 2735 1597 2770 Poplion
1613 2737 1684 2772 apud
1702 2737 1791 2773 impc-

1011 2785 1126 2807 ratorem
1156 2783 1182 2806 et
1210 2780 1364 2807 universam
1390 2781 1528 2808 civitatem
1555 2782 1672 2817 primum
1701 2782 1791 2811 locum

1009 2827 1034 2854 in
1055 2827 1157 2855 honore
1170 2827 1317 2855 obtinebat.
1340 2828 1460 2856 Adducta
1477 2836 1551 2864 ergo,
1569 2829 1640 2858 sicut
1658 2830 1788 2864 diximus,
