  <div class='ocr_page' id='page_1' title='image "/cluster/home/n/w/nwhite01/storage/ocr_20150623/115/njp.32101077772976/660.png"; bbox 0 0 2047 3150; ppageno 0'>
   <div class='ocr_carea' id='block_1_1' title="bbox 204 148 272 181">
    <p class='ocr_par' dir='ltr' id='par_1_1' title="bbox 204 148 272 181">
     <span class='ocr_line' id='line_1_1' title="bbox 204 148 272 181; baseline 0 0"><span class='ocrx_word' id='word_1_1' title='bbox 204 148 272 181; x_wconf 76' lang='lat'><strong>1225</strong></span> 
     </span>
    </p>
   </div>
   <div class='ocr_carea' id='block_1_2' title="bbox 837 149 1154 183">
    <p class='ocr_par' dir='ltr' id='par_1_2' title="bbox 837 149 1154 183">
     <span class='ocr_line' id='line_1_2' title="bbox 837 149 1154 183; baseline 0 -1"><span class='ocrx_word' id='word_1_2' title='bbox 837 151 926 182; x_wconf 78' lang='lat' dir='ltr'><strong>VITA</strong></span> <span class='ocrx_word' id='word_1_3' title='bbox 942 151 972 183; x_wconf 91' lang='lat' dir='ltr'><strong>S.</strong></span> <span class='ocrx_word' id='word_1_4' title='bbox 991 149 1154 182; x_wconf 76' lang='lat' dir='ltr'><strong>ABERCII.</strong></span> 
     </span>
    </p>
   </div>
   <div class='ocr_carea' id='block_1_3' title="bbox 1743 149 1808 181">
    <p class='ocr_par' dir='ltr' id='par_1_3' title="bbox 1743 149 1808 181">
     <span class='ocr_line' id='line_1_3' title="bbox 1743 149 1808 181; baseline -0.015 0"><span class='ocrx_word' id='word_1_5' title='bbox 1743 149 1808 181; x_wconf 66' lang='lat'><strong>1226</strong></span> 
     </span>
    </p>
   </div>
   <div class='ocr_carea' id='block_1_4' title="bbox 202 203 979 240">
    <p class='ocr_par' dir='ltr' id='par_1_4' title="bbox 202 203 976 240">
     <span class='ocr_line' id='line_1_4' title="bbox 202 203 976 240; baseline 0.003 -11"><span class='ocrx_word' id='word_1_6' title='bbox 202 211 254 230; x_wconf 76' lang='grc' dir='ltr'><strong>σιν.</strong></span> <span class='ocrx_word' id='word_1_7' title='bbox 279 203 309 230; x_wconf 86' lang='grc'><strong>’0</strong></span> <span class='ocrx_word' id='word_1_8' title='bbox 334 204 425 232; x_wconf 78' lang='grc' dir='ltr'><strong>τοίνυν</strong></span> <span class='ocrx_word' id='word_1_9' title='bbox 450 204 638 239; x_wconf 80' lang='grc' dir='ltr'><strong>περιεστηκὼς</strong></span> <span class='ocrx_word' id='word_1_10' title='bbox 662 204 739 240; x_wconf 76' lang='grc' dir='ltr'><strong>ὄχλος</strong></span> <span class='ocrx_word' id='word_1_11' title='bbox 766 205 796 231; x_wconf 83' lang='grc' dir='ltr'><strong>τὺ</strong></span> <span class='ocrx_word' id='word_1_12' title='bbox 821 205 914 232; x_wconf 85' lang='grc' dir='ltr'><strong>καινὸν</strong></span> <span class='ocrx_word' id='word_1_13' title='bbox 929 204 976 231; x_wconf 84' lang='grc' dir='ltr'><strong>τοῦ</strong></span> 
     </span>
    </p>
   </div>
   <div class='ocr_carea' id='block_1_5' title="bbox 1030 203 1807 240">
    <p class='ocr_par' dir='ltr' id='par_1_5' title="bbox 1030 203 1807 240">
     <span class='ocr_line' id='line_1_5' title="bbox 1030 203 1807 240; baseline -0.003 -8"><span class='ocrx_word' id='word_1_14' title='bbox 1030 205 1139 240; x_wconf 77' lang='lat' dir='ltr'><strong>Magnus</strong></span> <span class='ocrx_word' id='word_1_15' title='bbox 1154 213 1193 238; x_wconf 88' lang='lat' dir='ltr'><strong>es,</strong></span> <span class='ocrx_word' id='word_1_16' title='bbox 1210 205 1282 234; x_wconf 84' lang='lat' dir='ltr'><strong>Deus</strong></span> <span class='ocrx_word' id='word_1_17' title='bbox 1301 205 1531 238; x_wconf 82' lang='lat' dir='ltr'><strong>Christianorum,</strong></span> <span class='ocrx_word' id='word_1_18' title='bbox 1563 211 1625 231; x_wconf 81' lang='lat' dir='ltr'><strong>nam</strong></span> <span class='ocrx_word' id='word_1_19' title='bbox 1649 203 1668 231; x_wconf 89' lang='lat' dir='ltr'><strong>ii</strong></span> <span class='ocrx_word' id='word_1_20' title='bbox 1699 211 1807 238; x_wconf 79' lang='lat' dir='ltr'><strong>quoque</strong></span> 
     </span>
    </p>
   </div>
   <div class='ocr_carea' id='block_1_6' title="bbox 202 249 979 284">
    <p class='ocr_par' dir='ltr' id='par_1_6' title="bbox 202 249 979 284">
     <span class='ocr_line' id='line_1_6' title="bbox 202 249 979 284; baseline 0.003 -9"><span class='ocrx_word' id='word_1_21' title='bbox 202 249 340 284; x_wconf 82' lang='grc' dir='ltr'><strong>θαύματος</strong></span> <span class='ocrx_word' id='word_1_22' title='bbox 354 250 548 284; x_wconf 60' lang='grc' dir='ltr'><strong>ἐκπλαγέντες,</strong></span> <span class='ocrx_word' id='word_1_23' title='bbox 564 251 659 284; x_wconf 81' lang='grc' dir='ltr'><strong>Μέγας</strong></span> <span class='ocrx_word' id='word_1_24' title='bbox 675 249 708 282; x_wconf 79' lang='grc' dir='ltr'><strong>εί,</strong></span> <span class='ocrx_word' id='word_1_25' title='bbox 739 251 786 277; x_wconf 68' lang='grc' dir='ltr'><strong>καὶ</strong></span> <span class='ocrx_word' id='word_1_26' title='bbox 801 249 883 284; x_wconf 70' lang='grc' dir='ltr'><strong>οὗτοι,</strong></span> <span class='ocrx_word' id='word_1_27' title='bbox 898 252 912 278; x_wconf 87' lang='grc' dir='ltr'><strong>ό</strong></span> <span class='ocrx_word' id='word_1_28' title='bbox 924 251 979 277; x_wconf 80' lang='grc' dir='ltr'><strong>τῶν</strong></span> 
     </span>
    </p>
   </div>
   <div class='ocr_carea' id='block_1_7' title="bbox 200 294 979 330">
    <p class='ocr_par' dir='ltr' id='par_1_7' title="bbox 200 294 979 330">
     <span class='ocr_line' id='line_1_7' title="bbox 200 294 979 330; baseline 0.003 -10"><span class='ocrx_word' id='word_1_29' title='bbox 200 294 372 329; x_wconf 82' lang='grc' dir='ltr'><strong>Χριστιανῶν</strong></span> <span class='ocrx_word' id='word_1_30' title='bbox 400 295 477 326; x_wconf 81' lang='grc' dir='ltr'><strong>Θεδς,</strong></span> <span class='ocrx_word' id='word_1_31' title='bbox 506 295 667 329; x_wconf 75' lang='grc' dir='ltr'><strong>ἀνεδόησαν,</strong></span> <span class='ocrx_word' id='word_1_32' title='bbox 693 296 755 322; x_wconf 74' lang='grc' dir='ltr'><strong>ἐπεὶ</strong></span> <span class='ocrx_word' id='word_1_33' title='bbox 780 296 828 322; x_wconf 68' lang='grc' dir='ltr'><strong>καὶ</strong></span> <span class='ocrx_word' id='word_1_34' title='bbox 854 295 979 330; x_wconf 85' lang='grc' dir='ltr'><strong>μεγάλων</strong></span> 
     </span>
    </p>
   </div>
   <div class='ocr_carea' id='block_1_8' title="bbox 200 339 981 376">
    <p class='ocr_par' dir='ltr' id='par_1_8' title="bbox 200 339 981 376">
     <span class='ocr_line' id='line_1_8' title="bbox 200 339 981 376; baseline 0.001 -10"><span class='ocrx_word' id='word_1_35' title='bbox 200 339 284 370; x_wconf 71' lang='grc' dir='ltr'><strong>ὅντως</strong></span> <span class='ocrx_word' id='word_1_36' title='bbox 301 339 466 366; x_wconf 74' lang='grc' dir='ltr'><strong>ἀπολαύουσι</strong></span> <span class='ocrx_word' id='word_1_37' title='bbox 484 340 538 367; x_wconf 82' lang='grc' dir='ltr'><strong>τῶν</strong></span> <span class='ocrx_word' id='word_1_38' title='bbox 550 340 670 376; x_wconf 80' lang='grc' dir='ltr'><strong>χαρίτων</strong></span> <span class='ocrx_word' id='word_1_39' title='bbox 693 342 716 367; x_wconf 74' lang='lat' dir='ltr'><strong>ot</strong></span> <span class='ocrx_word' id='word_1_40' title='bbox 732 340 761 367; x_wconf 77' lang='grc' dir='ltr'><strong>τὺ</strong></span> <span class='ocrx_word' id='word_1_41' title='bbox 777 340 822 367; x_wconf 70' lang='grc' dir='ltr'><strong>σόν</strong></span> <span class='ocrx_word' id='word_1_42' title='bbox 838 341 981 367; x_wconf 75' lang='grc' dir='ltr'><strong>ἐπικαλού-</strong></span> 
     </span>
    </p>
   </div>
   <div class='ocr_carea' id='block_1_9' title="bbox 201 384 978 420">
    <p class='ocr_par' dir='ltr' id='par_1_9' title="bbox 201 384 978 420">
     <span class='ocr_line' id='line_1_9' title="bbox 201 384 978 420; baseline 0.005 -11"><span class='ocrx_word' id='word_1_43' title='bbox 201 392 275 419; x_wconf 80' lang='grc' dir='ltr'><strong>μενοι</strong></span> <span class='ocrx_word' id='word_1_44' title='bbox 290 384 384 418; x_wconf 76' lang='grc' dir='ltr'><strong>ὗνομα.</strong></span> <span class='ocrx_word' id='word_1_45' title='bbox 404 384 448 411; x_wconf 87' lang='grc' dir='ltr'><strong>Ἐν</strong></span> <span class='ocrx_word' id='word_1_46' title='bbox 464 385 550 419; x_wconf 85' lang='grc' dir='ltr'><strong>τούτῳ</strong></span> <span class='ocrx_word' id='word_1_47' title='bbox 565 385 594 410; x_wconf 75' lang='grc' dir='ltr'><strong>δὲ</strong></span> <span class='ocrx_word' id='word_1_48' title='bbox 609 385 622 411; x_wconf 90' lang='grc' dir='ltr'><strong>ό</strong></span> <span class='ocrx_word' id='word_1_49' title='bbox 639 385 709 416; x_wconf 66' lang='lat' dir='ltr'><strong>Gaio;</strong></span> <span class='ocrx_word' id='word_1_50' title='bbox 732 386 885 420; x_wconf 70' lang='lat' dir='ltr'><strong>’.\65’px&#39;.o;.</strong></span> <span class='ocrx_word' id='word_1_51' title='bbox 900 386 978 417; x_wconf 81' lang='grc' dir='ltr'><strong>Ἰδοὺ,</strong></span> 
     </span>
    </p>
   </div>
   <div class='ocr_carea' id='block_1_10' title="bbox 198 430 979 466">
    <p class='ocr_par' dir='ltr' id='par_1_10' title="bbox 198 430 979 466">
     <span class='ocr_line' id='line_1_10' title="bbox 198 430 979 466; baseline 0.003 -10"><span class='ocrx_word' id='word_1_52' title='bbox 198 431 289 463; x_wconf 82' lang='grc' dir='ltr'><strong>γύναι,</strong></span> <span class='ocrx_word' id='word_1_53' title='bbox 311 430 403 465; x_wconf 74' lang='grc' dir='ltr'><strong>φησὶν,</strong></span> <span class='ocrx_word' id='word_1_54' title='bbox 431 430 516 464; x_wconf 81' lang='grc' dir='ltr'><strong>ἔγνως</strong></span> <span class='ocrx_word' id='word_1_55' title='bbox 538 431 613 462; x_wconf 78' lang='grc' dir='ltr'><strong>ὅπως</strong></span> <span class='ocrx_word' id='word_1_56' title='bbox 629 431 643 456; x_wconf 87' lang='grc' dir='ltr'><strong>ό</strong></span> <span class='ocrx_word' id='word_1_57' title='bbox 659 432 723 462; x_wconf 74' lang='grc' dir='ltr'><strong>ὲμδς</strong></span> <span class='ocrx_word' id='word_1_58' title='bbox 740 432 878 466; x_wconf 78' lang='grc' dir='ltr'><strong>Δεσπότης</strong></span> <span class='ocrx_word' id='word_1_59' title='bbox 901 432 979 466; x_wconf 82' lang='grc' dir='ltr'><strong>ἀμεί-</strong></span> 
     </span>
    </p>
   </div>
   <div class='ocr_carea' id='block_1_11' title="bbox 198 475 982 510">
    <p class='ocr_par' dir='ltr' id='par_1_11' title="bbox 198 475 982 510">
     <span class='ocr_line' id='line_1_11' title="bbox 198 475 982 510; baseline 0.003 -9"><span class='ocrx_word' id='word_1_60' title='bbox 198 475 277 503; x_wconf 79' lang='grc' dir='ltr'><strong>ϐεται</strong></span> <span class='ocrx_word' id='word_1_61' title='bbox 298 476 449 510; x_wconf 78' lang='grc' dir='ltr'><strong>φιλοτίμως</strong></span> <span class='ocrx_word' id='word_1_62' title='bbox 475 476 538 507; x_wconf 84' lang='grc' dir='ltr'><strong>τοὺς</strong></span> <span class='ocrx_word' id='word_1_63' title='bbox 554 475 712 508; x_wconf 78' lang='grc' dir='ltr'><strong>ὲλπίζοντας</strong></span> <span class='ocrx_word' id='word_1_64' title='bbox 740 476 784 502; x_wconf 75' lang='grc' dir='ltr'><strong>ἐπ’</strong></span> <span class='ocrx_word' id='word_1_65' title='bbox 811 477 904 504; x_wconf 70' lang='grc' dir='ltr'><strong>αἰτόν.</strong></span> <span class='ocrx_word' id='word_1_66' title='bbox 930 477 982 503; x_wconf 87' lang='grc' dir='ltr'><strong>Πο-</strong></span> 
     </span>
    </p>
   </div>
   <div class='ocr_carea' id='block_1_12' title="bbox 199 521 979 557">
    <p class='ocr_par' dir='ltr' id='par_1_12' title="bbox 199 521 979 557">
     <span class='ocr_line' id='line_1_12' title="bbox 199 521 979 557; baseline 0.001 -10"><span class='ocrx_word' id='word_1_67' title='bbox 199 521 279 554; x_wconf 83' lang='grc' dir='ltr'><strong>ρεύου</strong></span> <span class='ocrx_word' id='word_1_68' title='bbox 299 522 444 556; x_wconf 78' lang='grc' dir='ltr'><strong>τοιγαροῦν</strong></span> <span class='ocrx_word' id='word_1_69' title='bbox 455 523 494 553; x_wconf 81' lang='grc' dir='ltr'><strong>εἰς</strong></span> <span class='ocrx_word' id='word_1_70' title='bbox 510 522 632 557; x_wconf 81' lang='grc' dir='ltr'><strong>εἰρήνην,</strong></span> <span class='ocrx_word' id='word_1_71' title='bbox 646 523 728 557; x_wconf 79' lang='grc' dir='ltr'><strong>ἑαυτῇ</strong></span> <span class='ocrx_word' id='word_1_72' title='bbox 746 530 775 548; x_wconf 84' lang='grc' dir='ltr'><strong>τε</strong></span> <span class='ocrx_word' id='word_1_73' title='bbox 796 523 979 556; x_wconf 70' lang='grc' dir='ltr'><strong>προσέχουσα,</strong></span> 
     </span>
    </p>
   </div>
   <div class='ocr_carea' id='block_1_13' title="bbox 196 568 978 603">
    <p class='ocr_par' dir='ltr' id='par_1_13' title="bbox 196 568 978 603">
     <span class='ocr_line' id='line_1_13' title="bbox 196 568 978 603; baseline 0.001 -9"><span class='ocrx_word' id='word_1_74' title='bbox 196 568 316 601; x_wconf 77' lang='grc' dir='ltr'><strong>κάκείνῳ</strong></span> <span class='ocrx_word' id='word_1_75' title='bbox 335 569 527 603; x_wconf 76' lang='grc' dir='ltr'><strong>προσήκουσαν</strong></span> <span class='ocrx_word' id='word_1_76' title='bbox 545 568 592 602; x_wconf 74' lang='grc' dir='ltr'><strong>τὴν</strong></span> <span class='ocrx_word' id='word_1_77' title='bbox 613 568 789 603; x_wconf 75' lang='grc' dir='ltr'><strong>εὐχαριστίαν</strong></span> <span class='ocrx_word' id='word_1_78' title='bbox 805 568 978 595; x_wconf 65' lang='grc' dir='ltr'><strong>ἀποδιδοῦσα.</strong></span> 
     </span>
    </p>
   </div>
   <div class='ocr_carea' id='block_1_14' title="bbox 196 613 976 648">
    <p class='ocr_par' dir='ltr' id='par_1_14' title="bbox 196 613 976 648">
     <span class='ocr_line' id='line_1_14' title="bbox 196 613 976 648; baseline 0 -9"><span class='ocrx_word' id='word_1_79' title='bbox 196 613 288 639; x_wconf 84' lang='grc' dir='ltr'><strong>Ταῦτα</strong></span> <span class='ocrx_word' id='word_1_80' title='bbox 316 614 330 640; x_wconf 86' lang='grc' dir='ltr'><strong>ὁ</strong></span> <span class='ocrx_word' id='word_1_81' title='bbox 362 614 411 648; x_wconf 80' lang='grc' dir='ltr'><strong>μὲν</strong></span> <span class='ocrx_word' id='word_1_82' title='bbox 436 614 545 647; x_wconf 59' lang='grc' dir='ltr'><strong>ἔλεγεν</strong></span> <span class='ocrx_word' id='word_1_83' title='bbox 576 614 592 648; x_wconf 83' lang='grc' dir='ltr'>ἡ</span> <span class='ocrx_word' id='word_1_84' title='bbox 624 614 651 639; x_wconf 84' lang='grc' dir='ltr'><strong>δὲ</strong></span> <span class='ocrx_word' id='word_1_85' title='bbox 681 613 749 648; x_wconf 81' lang='grc' dir='ltr'><strong>πρὸς</strong></span> <span class='ocrx_word' id='word_1_86' title='bbox 766 613 815 647; x_wconf 75' lang='grc' dir='ltr'><strong>μὲν</strong></span> <span class='ocrx_word' id='word_1_87' title='bbox 838 613 868 639; x_wconf 75' lang='grc' dir='ltr'><strong>τὸ</strong></span> <span class='ocrx_word' id='word_1_88' title='bbox 890 614 976 648; x_wconf 75' lang='grc' dir='ltr'><strong>παρὸν</strong></span> 
     </span>
    </p>
   </div>
   <div class='ocr_carea' id='block_1_15' title="bbox 196 659 976 694">
    <p class='ocr_par' dir='ltr' id='par_1_15' title="bbox 196 659 976 694">
     <span class='ocr_line' id='line_1_15' title="bbox 196 659 976 694; baseline 0.001 -10"><span class='ocrx_word' id='word_1_89' title='bbox 196 659 340 691; x_wconf 46' lang='lat' dir='ltr'><strong>dde-taum-</strong></span> <span class='ocrx_word' id='word_1_90' title='bbox 357 659 439 685; x_wconf 80' lang='grc' dir='ltr'><strong>πάλιν</strong></span> <span class='ocrx_word' id='word_1_91' title='bbox 464 659 492 685; x_wconf 88' lang='grc' dir='ltr'><strong>δὲ</strong></span> <span class='ocrx_word' id='word_1_92' title='bbox 511 659 693 694; x_wconf 78' lang='grc' dir='ltr'><strong>ἐπανήρχετο,</strong></span> <span class='ocrx_word' id='word_1_93' title='bbox 707 659 754 685; x_wconf 81' lang='grc' dir='ltr'><strong>καὶ</strong></span> <span class='ocrx_word' id='word_1_94' title='bbox 775 659 845 685; x_wconf 80' lang='grc' dir='ltr'><strong>κατὰ</strong></span> <span class='ocrx_word' id='word_1_95' title='bbox 863 659 931 686; x_wconf 77' lang='grc' dir='ltr'><strong>πολὺ</strong></span> <span class='ocrx_word' id='word_1_96' title='bbox 947 660 976 685; x_wconf 73' lang='grc' dir='ltr'><strong>τὸ</strong></span> 
     </span>
    </p>
   </div>
   <div class='ocr_carea' id='block_1_16' title="bbox 1027 251 1807 287">
    <p class='ocr_par' dir='ltr' id='par_1_16' title="bbox 1027 251 1807 287">
     <span class='ocr_line' id='line_1_16' title="bbox 1027 251 1807 287; baseline -0.005 -8"><span class='ocrx_word' id='word_1_97' title='bbox 1027 252 1132 287; x_wconf 91' lang='lat' dir='ltr'><strong>magnis</strong></span> <span class='ocrx_word' id='word_1_98' title='bbox 1146 259 1209 280; x_wconf 86' lang='lat' dir='ltr'><strong>vere</strong></span> <span class='ocrx_word' id='word_1_99' title='bbox 1242 252 1368 279; x_wconf 81' lang='lat' dir='ltr'><strong>fruuntur</strong></span> <span class='ocrx_word' id='word_1_100' title='bbox 1389 252 1491 287; x_wconf 81' lang='lat' dir='ltr'><strong>gratiis,</strong></span> <span class='ocrx_word' id='word_1_101' title='bbox 1519 251 1565 286; x_wconf 88' lang='lat' dir='ltr'><strong>qui</strong></span> <span class='ocrx_word' id='word_1_102' title='bbox 1601 255 1676 277; x_wconf 92' lang='lat' dir='ltr'><strong>tuum</strong></span> <span class='ocrx_word' id='word_1_103' title='bbox 1707 257 1807 276; x_wconf 86' lang='lat' dir='ltr'><strong>nomen</strong></span> 
     </span>
    </p>
   </div>
   <div class='ocr_carea' id='block_1_17' title="bbox 1028 295 1808 327">
    <p class='ocr_par' dir='ltr' id='par_1_17' title="bbox 1028 295 1808 327">
     <span class='ocr_line' id='line_1_17' title="bbox 1028 295 1808 327; baseline -0.006 0"><span class='ocrx_word' id='word_1_104' title='bbox 1028 300 1166 327; x_wconf 82' lang='lat' dir='ltr'><strong>invocant.</strong></span> <span class='ocrx_word' id='word_1_105' title='bbox 1198 298 1276 325; x_wconf 88' lang='lat' dir='ltr'><strong>Tunc</strong></span> <span class='ocrx_word' id='word_1_106' title='bbox 1302 304 1392 325; x_wconf 89' lang='lat' dir='ltr'><strong>autcm</strong></span> <span class='ocrx_word' id='word_1_107' title='bbox 1419 298 1526 324; x_wconf 89' lang='lat' dir='ltr'><strong>divinus</strong></span> <span class='ocrx_word' id='word_1_108' title='bbox 1560 297 1707 324; x_wconf 86' lang='lat' dir='ltr'><strong>Abercius:</strong></span> <span class='ocrx_word' id='word_1_109' title='bbox 1726 295 1808 326; x_wconf 84' lang='lat' dir='ltr'><strong>Ecce,</strong></span> 
     </span>
    </p>
   </div>
   <div class='ocr_carea' id='block_1_18' title="bbox 1029 340 1810 379">
    <p class='ocr_par' dir='ltr' id='par_1_18' title="bbox 1029 340 1810 379">
     <span class='ocr_line' id='line_1_18' title="bbox 1029 340 1810 379; baseline -0.005 -8"><span class='ocrx_word' id='word_1_110' title='bbox 1029 345 1134 379; x_wconf 85' lang='lat' dir='ltr'><strong>inquit,</strong></span> <span class='ocrx_word' id='word_1_111' title='bbox 1167 343 1276 376; x_wconf 86' lang='lat' dir='ltr'><strong>mulier,</strong></span> <span class='ocrx_word' id='word_1_112' title='bbox 1310 342 1478 378; x_wconf 77' lang='lat' dir='ltr'><strong>cognovisti,</strong></span> <span class='ocrx_word' id='word_1_113' title='bbox 1499 350 1577 377; x_wconf 87' lang='lat' dir='ltr'><strong>quam</strong></span> <span class='ocrx_word' id='word_1_114' title='bbox 1605 340 1753 368; x_wconf 84' lang='lat' dir='ltr'><strong>liberaliter</strong></span> <span class='ocrx_word' id='word_1_115' title='bbox 1778 348 1810 367; x_wconf 87' lang='lat' dir='ltr'><strong>ac</strong></span> 
     </span>
    </p>
   </div>
   <div class='ocr_carea' id='block_1_19' title="bbox 1029 386 1809 421">
    <p class='ocr_par' dir='ltr' id='par_1_19' title="bbox 1029 386 1809 421">
     <span class='ocr_line' id='line_1_19' title="bbox 1029 386 1809 421; baseline -0.001 -8"><span class='ocrx_word' id='word_1_116' title='bbox 1029 387 1157 414; x_wconf 85' lang='lat' dir='ltr'><strong>muniﬁce</strong></span> <span class='ocrx_word' id='word_1_117' title='bbox 1190 387 1320 415; x_wconf 77' lang='lat' dir='ltr'><strong>Dominus</strong></span> <span class='ocrx_word' id='word_1_118' title='bbox 1353 395 1430 415; x_wconf 87' lang='lat' dir='ltr'><strong>meus</strong></span> <span class='ocrx_word' id='word_1_119' title='bbox 1458 395 1505 415; x_wconf 85' lang='lat' dir='ltr'><strong>eos</strong></span> <span class='ocrx_word' id='word_1_120' title='bbox 1531 391 1737 418; x_wconf 83' lang='lat' dir='ltr'><strong>remuneratur,</strong></span> <span class='ocrx_word' id='word_1_121' title='bbox 1763 386 1809 421; x_wconf 86' lang='lat' dir='ltr'><strong>qui</strong></span> 
     </span>
    </p>
   </div>
   <div class='ocr_carea' id='block_1_20' title="bbox 1030 433 1808 468">
    <p class='ocr_par' dir='ltr' id='par_1_20' title="bbox 1030 433 1808 468">
     <span class='ocr_line' id='line_1_20' title="bbox 1030 433 1808 468; baseline -0.003 -8"><span class='ocrx_word' id='word_1_122' title='bbox 1030 438 1140 468; x_wconf 88' lang='lat' dir='ltr'><strong>sperant</strong></span> <span class='ocrx_word' id='word_1_123' title='bbox 1157 433 1184 460; x_wconf 89' lang='lat' dir='ltr'><strong>in</strong></span> <span class='ocrx_word' id='word_1_124' title='bbox 1198 434 1299 468; x_wconf 89' lang='lat' dir='ltr'><strong>ipsum.</strong></span> <span class='ocrx_word' id='word_1_125' title='bbox 1316 434 1389 460; x_wconf 80' lang='lat' dir='ltr'><strong>Vade</strong></span> <span class='ocrx_word' id='word_1_126' title='bbox 1401 441 1465 468; x_wconf 84' lang='lat' dir='ltr'><strong>ergo</strong></span> <span class='ocrx_word' id='word_1_127' title='bbox 1481 433 1508 460; x_wconf 92' lang='lat' dir='ltr'><strong>in</strong></span> <span class='ocrx_word' id='word_1_128' title='bbox 1529 441 1604 467; x_wconf 85' lang='lat' dir='ltr'><strong>pace,</strong></span> <span class='ocrx_word' id='word_1_129' title='bbox 1623 433 1669 459; x_wconf 87' lang='lat' dir='ltr'><strong>tibi</strong></span> <span class='ocrx_word' id='word_1_130' title='bbox 1686 433 1808 459; x_wconf 82' lang='lat' dir='ltr'><strong>animum</strong></span> 
     </span>
    </p>
   </div>
   <div class='ocr_carea' id='block_1_21' title="bbox 1029 477 1810 513">
    <p class='ocr_par' dir='ltr' id='par_1_21' title="bbox 1029 477 1810 513">
     <span class='ocr_line' id='line_1_21' title="bbox 1029 477 1810 513; baseline -0.003 -7"><span class='ocrx_word' id='word_1_131' title='bbox 1029 479 1172 508; x_wconf 79' lang='lat' dir='ltr'><strong>adhibens.</strong></span> <span class='ocrx_word' id='word_1_132' title='bbox 1194 483 1221 506; x_wconf 89' lang='lat' dir='ltr'><strong>et</strong></span> <span class='ocrx_word' id='word_1_133' title='bbox 1248 479 1284 506; x_wconf 74' lang='lat' dir='ltr'><strong>illi</strong></span> <span class='ocrx_word' id='word_1_134' title='bbox 1314 487 1397 513; x_wconf 78' lang='lat' dir='ltr'><strong>agens</strong></span> <span class='ocrx_word' id='word_1_135' title='bbox 1409 486 1466 510; x_wconf 84' lang='lat' dir='ltr'><strong>eas,</strong></span> <span class='ocrx_word' id='word_1_136' title='bbox 1488 486 1555 513; x_wconf 86' lang='lat' dir='ltr'><strong>quas</strong></span> <span class='ocrx_word' id='word_1_137' title='bbox 1567 486 1616 513; x_wconf 86' lang='lat' dir='ltr'><strong>par</strong></span> <span class='ocrx_word' id='word_1_138' title='bbox 1630 483 1681 510; x_wconf 81' lang='lat' dir='ltr'><strong>est,</strong></span> <span class='ocrx_word' id='word_1_139' title='bbox 1698 477 1810 513; x_wconf 84' lang='lat' dir='ltr'><strong>gratias.</strong></span> 
     </span>
    </p>
   </div>
   <div class='ocr_carea' id='block_1_22' title="bbox 1028 524 1809 560">
    <p class='ocr_par' dir='ltr' id='par_1_22' title="bbox 1028 524 1809 560">
     <span class='ocr_line' id='line_1_22' title="bbox 1028 524 1809 560; baseline -0.004 -8"><span class='ocrx_word' id='word_1_140' title='bbox 1028 524 1090 552; x_wconf 68' lang='lat' dir='ltr'><strong>Hmc</strong></span> <span class='ocrx_word' id='word_1_141' title='bbox 1115 525 1160 551; x_wconf 89' lang='lat' dir='ltr'><strong>ille</strong></span> <span class='ocrx_word' id='word_1_142' title='bbox 1186 533 1247 551; x_wconf 86' lang='lat' dir='ltr'><strong>cum</strong></span> <span class='ocrx_word' id='word_1_143' title='bbox 1278 525 1402 557; x_wconf 83' lang='lat' dir='ltr'><strong>dixisset,</strong></span> <span class='ocrx_word' id='word_1_144' title='bbox 1420 524 1558 560; x_wconf 80' lang='lat' dir='ltr'><strong>Pltrygella</strong></span> <span class='ocrx_word' id='word_1_145' title='bbox 1573 524 1687 551; x_wconf 84' lang='lat' dir='ltr'><strong>recessit</strong></span> <span class='ocrx_word' id='word_1_146' title='bbox 1700 524 1809 558; x_wconf 82' lang='lat' dir='ltr'><strong>quidem</strong></span> 
     </span>
    </p>
   </div>
   <div class='ocr_carea' id='block_1_23' title="bbox 1027 568 1810 605">
    <p class='ocr_par' dir='ltr' id='par_1_23' title="bbox 1027 568 1810 605">
     <span class='ocr_line' id='line_1_23' title="bbox 1027 568 1810 605; baseline -0.004 -8"><span class='ocrx_word' id='word_1_147' title='bbox 1027 570 1053 597; x_wconf 90' lang='lat' dir='ltr'><strong>in</strong></span> <span class='ocrx_word' id='word_1_148' title='bbox 1070 570 1232 605; x_wconf 61' lang='lat' dir='ltr'><strong>praesentia:</strong></span> <span class='ocrx_word' id='word_1_149' title='bbox 1260 578 1356 598; x_wconf 89' lang='lat' dir='ltr'><strong>rursus</strong></span> <span class='ocrx_word' id='word_1_150' title='bbox 1379 576 1469 597; x_wconf 87' lang='lat' dir='ltr'><strong>autetu</strong></span> <span class='ocrx_word' id='word_1_151' title='bbox 1497 571 1588 600; x_wconf 87' lang='lat' dir='ltr'><strong>rediit.</strong></span> <span class='ocrx_word' id='word_1_152' title='bbox 1611 574 1714 597; x_wconf 89' lang='lat' dir='ltr'><strong>etcum</strong></span> <span class='ocrx_word' id='word_1_153' title='bbox 1733 568 1810 595; x_wconf 82' lang='lat' dir='ltr'><strong>valde</strong></span> 
     </span>
    </p>
   </div>
   <div class='ocr_carea' id='block_1_24' title="bbox 1029 614 1812 649">
    <p class='ocr_par' dir='ltr' id='par_1_24' title="bbox 1029 614 1812 649">
     <span class='ocr_line' id='line_1_24' title="bbox 1029 614 1812 649; baseline -0.003 -8"><span class='ocrx_word' id='word_1_154' title='bbox 1029 615 1117 642; x_wconf 83' lang='lat' dir='ltr'><strong>colere</strong></span> <span class='ocrx_word' id='word_1_155' title='bbox 1131 616 1324 649; x_wconf 78' lang='lat' dir='ltr'><strong>perseveravit.</strong></span> <span class='ocrx_word' id='word_1_156' title='bbox 1340 615 1426 648; x_wconf 80' lang='lat' dir='ltr'><strong>Atque</strong></span> <span class='ocrx_word' id='word_1_157' title='bbox 1439 622 1534 642; x_wconf 88' lang='lat' dir='ltr'><strong>rursus</strong></span> <span class='ocrx_word' id='word_1_158' title='bbox 1550 614 1657 649; x_wconf 88' lang='lat' dir='ltr'><strong>quidem</strong></span> <span class='ocrx_word' id='word_1_159' title='bbox 1669 620 1812 649; x_wconf 75' lang='lat' dir='ltr'><strong>aggressus</strong></span> 
     </span>
    </p>
   </div>
   <div class='ocr_carea' id='block_1_25' title="bbox 1029 659 1575 687">
    <p class='ocr_par' dir='ltr' id='par_1_25' title="bbox 1029 659 1575 687">
     <span class='ocr_line' id='line_1_25' title="bbox 1029 659 1575 687; baseline 0 -1"><span class='ocrx_word' id='word_1_160' title='bbox 1029 664 1070 686; x_wconf 86' lang='lat' dir='ltr'><strong>est</strong></span> <span class='ocrx_word' id='word_1_161' title='bbox 1092 660 1221 687; x_wconf 82' lang='lat' dir='ltr'><strong>Abercius</strong></span> <span class='ocrx_word' id='word_1_162' title='bbox 1240 663 1397 687; x_wconf 81' lang='lat' dir='ltr'><strong>consuetam</strong></span> <span class='ocrx_word' id='word_1_163' title='bbox 1413 659 1575 687; x_wconf 83' lang='lat' dir='ltr'><strong>doctrinam.</strong></span> 
     </span>
    </p>
   </div>
   <div class='ocr_carea' id='block_1_26' title="bbox 196 706 1814 744">
    <p class='ocr_par' dir='ltr' id='par_1_26' title="bbox 196 706 1814 744">
     <span class='ocr_line' id='line_1_26' title="bbox 196 706 1814 744; baseline 0.001 -11"><span class='ocrx_word' id='word_1_164' title='bbox 196 707 279 736; x_wconf 73' lang='grc' dir='ltr'><strong>σέϐας</strong></span> <span class='ocrx_word' id='word_1_165' title='bbox 295 708 378 734; x_wconf 75' lang='grc' dir='ltr'><strong>αὑτοῦ</strong></span> <span class='ocrx_word' id='word_1_166' title='bbox 399 708 497 742; x_wconf 76' lang='grc' dir='ltr'><strong>εἴχετο,</strong></span> <span class='ocrx_word' id='word_1_167' title='bbox 523 708 570 734; x_wconf 79' lang='grc' dir='ltr'><strong>καὶ</strong></span> <span class='ocrx_word' id='word_1_168' title='bbox 594 708 720 742; x_wconf 77' lang='grc' dir='ltr'><strong>οὐδαμῶς</strong></span> <span class='ocrx_word' id='word_1_169' title='bbox 748 708 776 733; x_wconf 72' lang='grc' dir='ltr'><strong>τὸ</strong></span> <span class='ocrx_word' id='word_1_170' title='bbox 802 708 871 743; x_wconf 70' lang='grc' dir='ltr'><strong>μετὰ</strong></span> <span class='ocrx_word' id='word_1_171' title='bbox 900 709 987 735; x_wconf 67' lang='grc' dir='ltr'><strong>ταῦτα</strong></span> <span class='ocrx_word' id='word_1_172' title='bbox 1015 708 1167 735; x_wconf 69' lang='grc' dir='ltr'><strong>διῖστατοσ·</strong></span> <span class='ocrx_word' id='word_1_173' title='bbox 1185 709 1287 743; x_wconf 69' lang='grc' dir='ltr'><strong>ἥπτετο</strong></span> <span class='ocrx_word' id='word_1_174' title='bbox 1313 708 1362 743; x_wconf 78' lang='grc' dir='ltr'><strong>μὲν</strong></span> <span class='ocrx_word' id='word_1_175' title='bbox 1382 709 1428 735; x_wconf 79' lang='grc' dir='ltr'><strong>οὖν</strong></span> <span class='ocrx_word' id='word_1_176' title='bbox 1449 709 1589 744; x_wconf 78' lang='grc' dir='ltr'><strong>’Λδέρκιος</strong></span> <span class='ocrx_word' id='word_1_177' title='bbox 1607 706 1684 740; x_wconf 71' lang='grc' dir='ltr'><strong>αὖθις</strong></span> <span class='ocrx_word' id='word_1_178' title='bbox 1699 708 1750 743; x_wconf 76' lang='grc' dir='ltr'><strong>τῆς</strong></span> <span class='ocrx_word' id='word_1_179' title='bbox 1766 716 1814 734; x_wconf 72' lang='lat' dir='ltr'><strong>cu-</strong></span> 
     </span>
    </p>
   </div>
   <div class='ocr_carea' id='block_1_27' title="bbox 194 757 496 792">
    <p class='ocr_par' dir='ltr' id='par_1_27' title="bbox 194 757 496 792">
     <span class='ocr_line' id='line_1_27' title="bbox 194 757 496 792; baseline 0 -8"><span class='ocrx_word' id='word_1_180' title='bbox 194 757 294 792; x_wconf 79' lang='grc' dir='ltr'><strong>νὴθους</strong></span> <span class='ocrx_word' id='word_1_181' title='bbox 309 757 496 785; x_wconf 71' lang='grc' dir='ltr'><strong>διδασκαλίαε.</strong></span> 
     </span>
    </p>
   </div>
   <div class='ocr_carea' id='block_1_28' title="bbox 233 802 977 839">
    <p class='ocr_par' dir='ltr' id='par_1_28' title="bbox 233 802 977 839">
     <span class='ocr_line' id='line_1_28' title="bbox 233 802 977 839; baseline 0.001 -10"><span class='ocrx_word' id='word_1_182' title='bbox 233 802 283 829; x_wconf 78' lang='grc' dir='ltr'><strong>ΙΑ’.</strong></span> <span class='ocrx_word' id='word_1_183' title='bbox 311 803 365 829; x_wconf 80' lang='grc' dir='ltr'><strong>Τοῦ</strong></span> <span class='ocrx_word' id='word_1_184' title='bbox 381 803 408 829; x_wconf 83' lang='grc' dir='ltr'>δὲ</span> <span class='ocrx_word' id='word_1_185' title='bbox 436 804 506 830; x_wconf 77' lang='grc' dir='ltr'><strong>κατὰ</strong></span> <span class='ocrx_word' id='word_1_186' title='bbox 524 804 572 839; x_wconf 81' lang='grc' dir='ltr'><strong>τὴν</strong></span> <span class='ocrx_word' id='word_1_187' title='bbox 598 803 754 838; x_wconf 79' lang='grc' dir='ltr'><strong>Φρύγελλαν</strong></span> <span class='ocrx_word' id='word_1_188' title='bbox 781 804 918 839; x_wconf 80' lang='grc' dir='ltr'><strong>Θαύματος</strong></span> <span class='ocrx_word' id='word_1_189' title='bbox 938 804 977 836; x_wconf 74' lang='grc' dir='ltr'><strong>είς</strong></span> 
     </span>
    </p>
   </div>
   <div class='ocr_carea' id='block_1_29' title="bbox 195 849 977 885">
    <p class='ocr_par' dir='ltr' id='par_1_29' title="bbox 195 849 977 885">
     <span class='ocr_line' id='line_1_29' title="bbox 195 849 977 885; baseline 0.001 -11"><span class='ocrx_word' id='word_1_190' title='bbox 195 849 282 875; x_wconf 68' lang='grc' dir='ltr'><strong>πολλὰ</strong></span> <span class='ocrx_word' id='word_1_191' title='bbox 306 850 357 884; x_wconf 79' lang='grc' dir='ltr'><strong>τῆς</strong></span> <span class='ocrx_word' id='word_1_192' title='bbox 393 849 445 883; x_wconf 71' lang='grc' dir='ltr'><strong>γῆς</strong></span> <span class='ocrx_word' id='word_1_193' title='bbox 472 849 541 884; x_wconf 83' lang='grc' dir='ltr'><strong>μέρη</strong></span> <span class='ocrx_word' id='word_1_194' title='bbox 572 849 749 882; x_wconf 77' lang='grc' dir='ltr'><strong>διαδοθέντος,</strong></span> <span class='ocrx_word' id='word_1_195' title='bbox 779 850 977 885; x_wconf 78' lang='grc' dir='ltr'><strong>προσέρχονται</strong></span> 
     </span>
    </p>
   </div>
   <div class='ocr_carea' id='block_1_30' title="bbox 193 892 976 930">
    <p class='ocr_par' dir='ltr' id='par_1_30' title="bbox 193 892 976 930">
     <span class='ocr_line' id='line_1_30' title="bbox 193 892 976 930; baseline 0.001 -10"><span class='ocrx_word' id='word_1_196' title='bbox 193 895 269 928; x_wconf 82' lang='grc' dir='ltr'><strong>αὐτῷ</strong></span> <span class='ocrx_word' id='word_1_197' title='bbox 285 894 464 929; x_wconf 75' lang='grc' dir='ltr'><strong>πρεσὸύτιδες</strong></span> <span class='ocrx_word' id='word_1_198' title='bbox 481 896 565 929; x_wconf 82' lang='grc' dir='ltr'><strong>τρεῖς,</strong></span> <span class='ocrx_word' id='word_1_199' title='bbox 580 895 629 925; x_wconf 78' lang='grc' dir='ltr'><strong>τὰς</strong></span> <span class='ocrx_word' id='word_1_200' title='bbox 641 895 715 928; x_wconf 44' lang='lat'><strong>645;,-</strong></span> <span class='ocrx_word' id='word_1_201' title='bbox 731 895 777 921; x_wconf 80' lang='grc' dir='ltr'><strong>καὶ</strong></span> <span class='ocrx_word' id='word_1_202' title='bbox 794 892 874 922; x_wconf 75' lang='grc' dir='ltr'><strong>αὗται</strong></span> <span class='ocrx_word' id='word_1_203' title='bbox 888 903 976 930; x_wconf 84' lang='grc' dir='ltr'><strong>πεπη-</strong></span> 
     </span>
    </p>
   </div>
   <div class='ocr_carea' id='block_1_31' title="bbox 195 940 976 976">
    <p class='ocr_par' dir='ltr' id='par_1_31' title="bbox 195 940 976 976">
     <span class='ocr_line' id='line_1_31' title="bbox 195 940 976 976; baseline 0.001 -11"><span class='ocrx_word' id='word_1_204' title='bbox 195 941 318 976; x_wconf 78' lang='grc' dir='ltr'><strong>ρωμὲναι</strong></span> <span class='ocrx_word' id='word_1_205' title='bbox 337 948 344 955; x_wconf 89' lang='grc'><strong>·</strong></span> <span class='ocrx_word' id='word_1_206' title='bbox 361 940 538 975; x_wconf 79' lang='grc' dir='ltr'><strong>Πιστεύομεν,</strong></span> <span class='ocrx_word' id='word_1_207' title='bbox 562 940 702 973; x_wconf 80' lang='grc' dir='ltr'><strong>λέγουσαι,</strong></span> <span class='ocrx_word' id='word_1_208' title='bbox 719 941 765 967; x_wconf 72' lang='grc' dir='ltr'><strong>καὶ</strong></span> <span class='ocrx_word' id='word_1_209' title='bbox 781 942 860 976; x_wconf 70' lang='grc' dir='ltr'><strong>ἡμεῖς</strong></span> <span class='ocrx_word' id='word_1_210' title='bbox 876 941 915 972; x_wconf 86' lang='grc' dir='ltr'><strong>είς</strong></span> <span class='ocrx_word' id='word_1_211' title='bbox 930 941 976 966; x_wconf 70' lang='grc' dir='ltr'><strong>τὸν</strong></span> 
     </span>
    </p>
   </div>
   <div class='ocr_carea' id='block_1_32' title="bbox 193 985 978 1021">
    <p class='ocr_par' dir='ltr' id='par_1_32' title="bbox 193 985 978 1021">
     <span class='ocr_line' id='line_1_32' title="bbox 193 985 978 1021; baseline -0.001 -10"><span class='ocrx_word' id='word_1_212' title='bbox 193 986 247 1011; x_wconf 70' lang='grc' dir='ltr'><strong>ὑπὸ</strong></span> <span class='ocrx_word' id='word_1_213' title='bbox 264 985 311 1011; x_wconf 79' lang='grc' dir='ltr'><strong>σοῦ</strong></span> <span class='ocrx_word' id='word_1_214' title='bbox 326 986 528 1020; x_wconf 82' lang='grc' dir='ltr'><strong>κηρυττόμενον</strong></span> <span class='ocrx_word' id='word_1_215' title='bbox 538 985 651 1020; x_wconf 60' lang='grc' dir='ltr'><strong>Ἰησοῦν</strong></span> <span class='ocrx_word' id='word_1_216' title='bbox 677 987 789 1021; x_wconf 75' lang='grc' dir='ltr'><strong>φανήτω</strong></span> <span class='ocrx_word' id='word_1_217' title='bbox 805 985 949 1020; x_wconf 65' lang='grc' dir='ltr'><strong>τοιγαροῦν</strong></span> <span class='ocrx_word' id='word_1_218' title='bbox 961 986 978 1020; x_wconf 76' lang='grc' dir='ltr'><strong>ἡ</strong></span> 
     </span>
    </p>
   </div>
   <div class='ocr_carea' id='block_1_33' title="bbox 193 1029 978 1065">
    <p class='ocr_par' dir='ltr' id='par_1_33' title="bbox 193 1029 978 1065">
     <span class='ocr_line' id='line_1_33' title="bbox 193 1029 978 1065; baseline 0 -8"><span class='ocrx_word' id='word_1_219' title='bbox 193 1031 380 1065; x_wconf 74' lang='grc' dir='ltr'><strong>εὐσπλαγχνία</strong></span> <span class='ocrx_word' id='word_1_220' title='bbox 393 1031 469 1057; x_wconf 73' lang='grc' dir='ltr'><strong>τοῦδε</strong></span> <span class='ocrx_word' id='word_1_221' title='bbox 482 1031 529 1057; x_wconf 75' lang='grc' dir='ltr'><strong>καὶ</strong></span> <span class='ocrx_word' id='word_1_222' title='bbox 543 1032 585 1065; x_wconf 80' lang='grc' dir='ltr'><strong>ἐφ’</strong></span> <span class='ocrx_word' id='word_1_223' title='bbox 602 1031 686 1065; x_wconf 72' lang='grc' dir='ltr'><strong>ἡμᾶς,</strong></span> <span class='ocrx_word' id='word_1_224' title='bbox 702 1032 748 1058; x_wconf 73' lang='grc' dir='ltr'><strong>καὶ</strong></span> <span class='ocrx_word' id='word_1_225' title='bbox 763 1031 859 1063; x_wconf 76' lang='grc' dir='ltr'><strong>δεῖξον,</strong></span> <span class='ocrx_word' id='word_1_226' title='bbox 876 1029 898 1057; x_wconf 83' lang='grc' dir='ltr'><strong>ὦ</strong></span> <span class='ocrx_word' id='word_1_227' title='bbox 913 1032 978 1057; x_wconf 66' lang='lat' dir='ltr'><strong>Ouu-</strong></span> 
     </span>
    </p>
   </div>
   <div class='ocr_carea' id='block_1_34' title="bbox 194 1076 976 1113">
    <p class='ocr_par' dir='ltr' id='par_1_34' title="bbox 194 1076 976 1113">
     <span class='ocr_line' id='line_1_34' title="bbox 194 1076 976 1113; baseline 0.001 -11"><span class='ocrx_word' id='word_1_228' title='bbox 194 1078 287 1111; x_wconf 76' lang='grc' dir='ltr'><strong>μάσιε,</strong></span> <span class='ocrx_word' id='word_1_229' title='bbox 303 1077 350 1102; x_wconf 71' lang='grc' dir='ltr'><strong>καὶ</strong></span> <span class='ocrx_word' id='word_1_230' title='bbox 363 1077 438 1111; x_wconf 81' lang='grc' dir='ltr'><strong>ἡμῖν,</strong></span> <span class='ocrx_word' id='word_1_231' title='bbox 456 1076 551 1110; x_wconf 78' lang='grc' dir='ltr'><strong>ὥσπερ</strong></span> <span class='ocrx_word' id='word_1_232' title='bbox 565 1077 620 1112; x_wconf 81' lang='grc' dir='ltr'><strong>ἄρα</strong></span> <span class='ocrx_word' id='word_1_233' title='bbox 637 1079 683 1103; x_wconf 79' lang='grc' dir='ltr'><strong>καὶ</strong></span> <span class='ocrx_word' id='word_1_234' title='bbox 696 1077 847 1113; x_wconf 81' lang='grc' dir='ltr'><strong>Φρυγέλλῃ,</strong></span> <span class='ocrx_word' id='word_1_235' title='bbox 865 1077 894 1103; x_wconf 74' lang='grc' dir='ltr'><strong>τδ</strong></span> <span class='ocrx_word' id='word_1_236' title='bbox 909 1077 976 1112; x_wconf 80' lang='grc' dir='ltr'><strong>φῶς.</strong></span> 
     </span>
    </p>
   </div>
   <div class='ocr_carea' id='block_1_35' title="bbox 199 1122 979 1158">
    <p class='ocr_par' dir='ltr' id='par_1_35' title="bbox 199 1122 979 1158">
     <span class='ocr_line' id='line_1_35' title="bbox 199 1122 979 1158; baseline -0.001 -10"><span class='ocrx_word' id='word_1_237' title='bbox 199 1123 230 1148; x_wconf 92' lang='lat'><strong>&#39;0</strong></span> <span class='ocrx_word' id='word_1_238' title='bbox 243 1122 283 1154; x_wconf 76' lang='grc' dir='ltr'><strong>δὲ,</strong></span> <span class='ocrx_word' id='word_1_239' title='bbox 311 1122 341 1148; x_wconf 79' lang='lat' dir='ltr'><strong>Et</strong></span> <span class='ocrx_word' id='word_1_240' title='bbox 356 1123 370 1156; x_wconf 81' lang='grc' dir='ltr'>ἡ</span> <span class='ocrx_word' id='word_1_241' title='bbox 388 1124 476 1153; x_wconf 68' lang='grc' dir='ltr'><strong>πίστις</strong></span> <span class='ocrx_word' id='word_1_242' title='bbox 494 1123 570 1157; x_wconf 83' lang='grc' dir='ltr'><strong>ὑμῶν</strong></span> <span class='ocrx_word' id='word_1_243' title='bbox 589 1124 655 1158; x_wconf 70' lang='grc' dir='ltr'><strong>πρὸς</strong></span> <span class='ocrx_word' id='word_1_244' title='bbox 670 1123 715 1149; x_wconf 77' lang='grc' dir='ltr'><strong>τὸν</strong></span> <span class='ocrx_word' id='word_1_245' title='bbox 730 1123 816 1158; x_wconf 80' lang='grc' dir='ltr'><strong>ἁληθῆ</strong></span> <span class='ocrx_word' id='word_1_246' title='bbox 832 1123 897 1150; x_wconf 71' lang='grc' dir='ltr'><strong>Θεὸν</strong></span> <span class='ocrx_word' id='word_1_247' title='bbox 913 1123 979 1157; x_wconf 68' lang='grc' dir='ltr'><strong>ἁλη-</strong></span> 
     </span>
    </p>
   </div>
   <div class='ocr_carea' id='block_1_36' title="bbox 192 1168 979 1204">
    <p class='ocr_par' dir='ltr' id='par_1_36' title="bbox 192 1168 979 1204">
     <span class='ocr_line' id='line_1_36' title="bbox 192 1168 979 1204; baseline 0.001 -10"><span class='ocrx_word' id='word_1_248' title='bbox 192 1169 243 1203; x_wconf 82' lang='grc' dir='ltr'><strong>θής</strong></span> <span class='ocrx_word' id='word_1_249' title='bbox 258 1170 341 1200; x_wconf 75' lang='grc' dir='ltr'><strong>ἐστιν,</strong></span> <span class='ocrx_word' id='word_1_250' title='bbox 354 1168 391 1199; x_wconf 80' lang='grc' dir='ltr'><strong>ὥς</strong></span> <span class='ocrx_word' id='word_1_251' title='bbox 406 1177 483 1202; x_wconf 72' lang='grc' dir='ltr'><strong>φατε,</strong></span> <span class='ocrx_word' id='word_1_252' title='bbox 502 1170 556 1200; x_wconf 76' lang='grc' dir='ltr'><strong>τοῖς</strong></span> <span class='ocrx_word' id='word_1_253' title='bbox 570 1170 673 1204; x_wconf 83' lang='grc' dir='ltr'><strong>νοητοῖς</strong></span> <span class='ocrx_word' id='word_1_254' title='bbox 688 1169 768 1195; x_wconf 62' lang='grc' dir='ltr'><strong>αὑτῑν</strong></span> <span class='ocrx_word' id='word_1_255' title='bbox 792 1171 841 1204; x_wconf 82' lang='grc' dir='ltr'><strong>τῆς</strong></span> <span class='ocrx_word' id='word_1_256' title='bbox 865 1169 979 1204; x_wconf 76' lang='grc' dir='ltr'><strong>καρδίας</strong></span> 
     </span>
    </p>
   </div>
   <div class='ocr_carea' id='block_1_37' title="bbox 191 1213 979 1248">
    <p class='ocr_par' dir='ltr' id='par_1_37' title="bbox 191 1213 979 1248">
     <span class='ocr_line' id='line_1_37' title="bbox 191 1213 979 1248; baseline -0.001 -8"><span class='ocrx_word' id='word_1_257' title='bbox 191 1214 292 1248; x_wconf 61' lang='grc' dir='ltr'><strong>ὕψεσθιι</strong></span> <span class='ocrx_word' id='word_1_258' title='bbox 307 1213 464 1247; x_wconf 69' lang='grc' dir='ltr'><strong>ὀφθαλμοῖς.</strong></span> <span class='ocrx_word' id='word_1_259' title='bbox 480 1214 572 1240; x_wconf 79' lang='grc' dir='ltr'><strong>Ταῦτά</strong></span> <span class='ocrx_word' id='word_1_260' title='bbox 585 1221 614 1239; x_wconf 83' lang='grc' dir='ltr'><strong>τε</strong></span> <span class='ocrx_word' id='word_1_261' title='bbox 630 1213 734 1248; x_wconf 82' lang='grc' dir='ltr'><strong>εἴρηκε,</strong></span> <span class='ocrx_word' id='word_1_262' title='bbox 749 1214 868 1245; x_wconf 74' lang='grc' dir='ltr'><strong>καὶτοὺς</strong></span> <span class='ocrx_word' id='word_1_263' title='bbox 882 1214 979 1247; x_wconf 67' lang='grc' dir='ltr'><strong>όφθαλυ</strong></span> 
     </span>
    </p>
   </div>
   <div class='ocr_carea' id='block_1_38' title="bbox 194 1257 974 1293">
    <p class='ocr_par' dir='ltr' id='par_1_38' title="bbox 194 1257 974 1293">
     <span class='ocr_line' id='line_1_38' title="bbox 194 1257 974 1293; baseline -0.001 -9"><span class='ocrx_word' id='word_1_264' title='bbox 194 1259 261 1293; x_wconf 70' lang='grc' dir='ltr'><strong>μοὺς</strong></span> <span class='ocrx_word' id='word_1_265' title='bbox 278 1259 420 1288; x_wconf 75' lang='grc' dir='ltr'><strong>ἀνατείνας</strong></span> <span class='ocrx_word' id='word_1_266' title='bbox 434 1265 441 1273; x_wconf 82' lang='grc' dir='ltr'><strong>ο</strong></span> <span class='ocrx_word' id='word_1_267' title='bbox 458 1257 543 1291; x_wconf 74' lang='grc' dir='ltr'><strong>Κύριε</strong></span> <span class='ocrx_word' id='word_1_268' title='bbox 568 1257 654 1291; x_wconf 78' lang='grc' dir='ltr'><strong>Ἰησοῦ</strong></span> <span class='ocrx_word' id='word_1_269' title='bbox 671 1258 783 1292; x_wconf 79' lang='grc' dir='ltr'><strong>Χριστὲ,</strong></span> <span class='ocrx_word' id='word_1_270' title='bbox 801 1257 896 1291; x_wconf 78' lang='grc' dir='ltr'><strong>δέομαί</strong></span> <span class='ocrx_word' id='word_1_271' title='bbox 914 1266 974 1290; x_wconf 89' lang='grc' dir='ltr'><strong>σου,</strong></span> 
     </span>
    </p>
   </div>
   <div class='ocr_carea' id='block_1_39' title="bbox 192 1301 978 1338">
    <p class='ocr_par' dir='ltr' id='par_1_39' title="bbox 192 1301 978 1338">
     <span class='ocr_line' id='line_1_39' title="bbox 192 1301 978 1338; baseline -0.001 -9"><span class='ocrx_word' id='word_1_272' title='bbox 192 1305 258 1338; x_wconf 75' lang='grc' dir='ltr'><strong>ἔφη,</strong></span> <span class='ocrx_word' id='word_1_273' title='bbox 277 1303 405 1329; x_wconf 77' lang='grc' dir='ltr'><strong>ἰδέτωσαν</strong></span> <span class='ocrx_word' id='word_1_274' title='bbox 429 1303 476 1329; x_wconf 68' lang='grc' dir='ltr'><strong>καὶ</strong></span> <span class='ocrx_word' id='word_1_275' title='bbox 498 1301 578 1329; x_wconf 68' lang='grc' dir='ltr'><strong>αὗται</strong></span> <span class='ocrx_word' id='word_1_276' title='bbox 593 1303 623 1328; x_wconf 80' lang='grc' dir='ltr'><strong>τὸ</strong></span> <span class='ocrx_word' id='word_1_277' title='bbox 639 1303 696 1337; x_wconf 75' lang='grc' dir='ltr'><strong>φῶς</strong></span> <span class='ocrx_word' id='word_1_278' title='bbox 721 1303 768 1336; x_wconf 77' lang='grc' dir='ltr'><strong>τῆς</strong></span> <span class='ocrx_word' id='word_1_279' title='bbox 787 1304 836 1337; x_wconf 82' lang='grc' dir='ltr'><strong>σῆς</strong></span> <span class='ocrx_word' id='word_1_280' title='bbox 861 1305 978 1337; x_wconf 80' lang='grc' dir='ltr'><strong>ἐπιγνώ-</strong></span> 
     </span>
    </p>
   </div>
   <div class='ocr_carea' id='block_1_40' title="bbox 193 1348 978 1383">
    <p class='ocr_par' dir='ltr' id='par_1_40' title="bbox 193 1348 978 1383">
     <span class='ocr_line' id='line_1_40' title="bbox 193 1348 978 1383; baseline -0.003 -8"><span class='ocrx_word' id='word_1_281' title='bbox 193 1357 274 1381; x_wconf 80' lang='grc' dir='ltr'><strong>σεως,</strong></span> <span class='ocrx_word' id='word_1_282' title='bbox 292 1349 339 1375; x_wconf 78' lang='grc' dir='ltr'><strong>καὶ</strong></span> <span class='ocrx_word' id='word_1_283' title='bbox 365 1348 412 1383; x_wconf 80' lang='grc' dir='ltr'><strong>τῆς</strong></span> <span class='ocrx_word' id='word_1_284' title='bbox 432 1348 609 1382; x_wconf 74' lang='grc' dir='ltr'><strong>ἐπικειμένης</strong></span> <span class='ocrx_word' id='word_1_285' title='bbox 622 1349 717 1379; x_wconf 80' lang='grc' dir='ltr'><strong>αὑταῖς</strong></span> <span class='ocrx_word' id='word_1_286' title='bbox 735 1348 834 1383; x_wconf 81' lang='grc' dir='ltr'><strong>ἀχλύος</strong></span> <span class='ocrx_word' id='word_1_287' title='bbox 867 1350 978 1382; x_wconf 78' lang='grc' dir='ltr'><strong>ἀνενεγ-</strong></span> 
     </span>
    </p>
   </div>
   <div class='ocr_carea' id='block_1_41' title="bbox 194 1392 979 1429">
    <p class='ocr_par' dir='ltr' id='par_1_41' title="bbox 194 1392 979 1429">
     <span class='ocr_line' id='line_1_41' title="bbox 194 1392 979 1429; baseline -0.003 -8"><span class='ocrx_word' id='word_1_288' title='bbox 194 1395 310 1426; x_wconf 59' lang='lat' dir='ltr'><strong>acuunt,</strong></span> <span class='ocrx_word' id='word_1_289' title='bbox 338 1394 573 1429; x_wconf 73' lang='grc' dir='ltr'><strong>διαόλεψάτωσαν,</strong></span> <span class='ocrx_word' id='word_1_290' title='bbox 602 1393 736 1426; x_wconf 79' lang='grc' dir='ltr'><strong>Δέσποτα,</strong></span> <span class='ocrx_word' id='word_1_291' title='bbox 764 1394 833 1428; x_wconf 70' lang='grc' dir='ltr'><strong>πρὸς</strong></span> <span class='ocrx_word' id='word_1_292' title='bbox 852 1392 902 1424; x_wconf 73' lang='grc' dir='ltr'><strong>τᾶς</strong></span> <span class='ocrx_word' id='word_1_293' title='bbox 930 1395 979 1424; x_wconf 71' lang='grc' dir='ltr'><strong>σᾶς</strong></span> 
     </span>
    </p>
   </div>
   <div class='ocr_carea' id='block_1_42' title="bbox 193 1437 979 1473">
    <p class='ocr_par' dir='ltr' id='par_1_42' title="bbox 193 1437 979 1473">
     <span class='ocr_line' id='line_1_42' title="bbox 193 1437 979 1473; baseline 0 -9"><span class='ocrx_word' id='word_1_294' title='bbox 193 1440 243 1473; x_wconf 81' lang='grc' dir='ltr'><strong>τῆς</strong></span> <span class='ocrx_word' id='word_1_295' title='bbox 258 1439 390 1473; x_wconf 77' lang='grc' dir='ltr'><strong>ἀληθείας</strong></span> <span class='ocrx_word' id='word_1_296' title='bbox 415 1439 513 1472; x_wconf 75' lang='grc' dir='ltr'><strong>αὐγάς.</strong></span> <span class='ocrx_word' id='word_1_297' title='bbox 539 1438 631 1468; x_wconf 78' lang='grc' dir='ltr'><strong>Οὕτως</strong></span> <span class='ocrx_word' id='word_1_298' title='bbox 650 1437 762 1472; x_wconf 70' lang='grc' dir='ltr'><strong>ηὔξατο,</strong></span> <span class='ocrx_word' id='word_1_299' title='bbox 784 1438 831 1464; x_wconf 81' lang='grc' dir='ltr'><strong>καὶ</strong></span> <span class='ocrx_word' id='word_1_300' title='bbox 851 1438 906 1464; x_wconf 77' lang='grc' dir='ltr'><strong>ίδοὺ</strong></span> <span class='ocrx_word' id='word_1_301' title='bbox 933 1438 979 1464; x_wconf 71' lang='grc' dir='ltr'><strong>τὸν</strong></span> 
     </span>
    </p>
   </div>
   <div class='ocr_carea' id='block_1_43' title="bbox 193 1483 980 1520">
    <p class='ocr_par' dir='ltr' id='par_1_43' title="bbox 193 1483 980 1520">
     <span class='ocr_line' id='line_1_43' title="bbox 193 1483 980 1520; baseline -0.001 -10"><span class='ocrx_word' id='word_1_302' title='bbox 193 1485 275 1510; x_wconf 74' lang='grc' dir='ltr'><strong>τόπον</strong></span> <span class='ocrx_word' id='word_1_303' title='bbox 295 1483 357 1510; x_wconf 76' lang='grc' dir='ltr'><strong>ἔνθα</strong></span> <span class='ocrx_word' id='word_1_304' title='bbox 374 1484 406 1518; x_wconf 83' lang='grc' dir='ltr'><strong>δὴ</strong></span> <span class='ocrx_word' id='word_1_305' title='bbox 422 1484 469 1510; x_wconf 75' lang='grc' dir='ltr'><strong>καὶ</strong></span> <span class='ocrx_word' id='word_1_306' title='bbox 493 1483 667 1518; x_wconf 78' lang='grc' dir='ltr'><strong>εἱστήκεσαν,</strong></span> <span class='ocrx_word' id='word_1_307' title='bbox 685 1483 743 1516; x_wconf 81' lang='grc' dir='ltr'><strong>φῶς</strong></span> <span class='ocrx_word' id='word_1_308' title='bbox 763 1483 867 1510; x_wconf 78' lang='grc' dir='ltr'><strong>ἄνωθεν</strong></span> <span class='ocrx_word' id='word_1_309' title='bbox 884 1483 980 1520; x_wconf 82' lang='grc' dir='ltr'><strong>περιή-</strong></span> 
     </span>
    </p>
   </div>
   <div class='ocr_carea' id='block_1_44' title="bbox 194 1526 978 1564">
    <p class='ocr_par' dir='ltr' id='par_1_44' title="bbox 194 1526 978 1564">
     <span class='ocr_line' id='line_1_44' title="bbox 194 1526 978 1564; baseline 0.003 -10"><span class='ocrx_word' id='word_1_310' title='bbox 194 1537 317 1564; x_wconf 81' lang='grc' dir='ltr'><strong>στραπτε</strong></span> <span class='ocrx_word' id='word_1_311' title='bbox 348 1530 429 1564; x_wconf 81' lang='grc' dir='ltr'><strong>μέγα,</strong></span> <span class='ocrx_word' id='word_1_312' title='bbox 446 1529 494 1555; x_wconf 85' lang='grc' dir='ltr'><strong>καὶ</strong></span> <span class='ocrx_word' id='word_1_313' title='bbox 510 1529 613 1559; x_wconf 79' lang='grc' dir='ltr'><strong>πάντας</strong></span> <span class='ocrx_word' id='word_1_314' title='bbox 628 1526 682 1562; x_wconf 82' lang='grc' dir='ltr'><strong>εἶχε</strong></span> <span class='ocrx_word' id='word_1_315' title='bbox 702 1528 832 1560; x_wconf 73' lang='grc' dir='ltr'><strong>πεσόντας</strong></span> <span class='ocrx_word' id='word_1_316' title='bbox 846 1530 862 1564; x_wconf 82' lang='grc' dir='ltr'>ἡ</span> <span class='ocrx_word' id='word_1_317' title='bbox 878 1530 924 1564; x_wconf 82' lang='grc' dir='ltr'><strong>γῆ,</strong></span> <span class='ocrx_word' id='word_1_318' title='bbox 940 1530 978 1564; x_wconf 86' lang='grc' dir='ltr'><strong>τῷ</strong></span> 
     </span>
    </p>
   </div>
   <div class='ocr_carea' id='block_1_45' title="bbox 194 1574 977 1611">
    <p class='ocr_par' dir='ltr' id='par_1_45' title="bbox 194 1574 977 1611">
     <span class='ocr_line' id='line_1_45' title="bbox 194 1574 977 1611; baseline 0.001 -11"><span class='ocrx_word' id='word_1_319' title='bbox 194 1574 340 1609; x_wconf 79' lang='grc' dir='ltr'><strong>παραδόξῳ</strong></span> <span class='ocrx_word' id='word_1_320' title='bbox 354 1575 403 1608; x_wconf 79' lang='grc' dir='ltr'><strong>τῆς</strong></span> <span class='ocrx_word' id='word_1_321' title='bbox 420 1574 484 1606; x_wconf 83' lang='grc' dir='ltr'><strong>θέας</strong></span> <span class='ocrx_word' id='word_1_322' title='bbox 501 1575 728 1608; x_wconf 73' lang='grc' dir='ltr'><strong>καταπλαγέντας</strong></span> <span class='ocrx_word' id='word_1_323' title='bbox 741 1582 747 1589; x_wconf 87' lang='grc'>·</span> <span class='ocrx_word' id='word_1_324' title='bbox 766 1574 796 1601; x_wconf 82' lang='grc' dir='ltr'><strong>τὺ</strong></span> <span class='ocrx_word' id='word_1_325' title='bbox 811 1575 839 1601; x_wconf 83' lang='grc' dir='ltr'><strong>δὲ</strong></span> <span class='ocrx_word' id='word_1_326' title='bbox 855 1575 913 1609; x_wconf 83' lang='grc' dir='ltr'><strong>φῶς</strong></span> <span class='ocrx_word' id='word_1_327' title='bbox 928 1576 977 1611; x_wconf 75' lang='grc' dir='ltr'><strong>οὐχ</strong></span> 
     </span>
    </p>
   </div>
   <div class='ocr_carea' id='block_1_46' title="bbox 194 1620 978 1658">
    <p class='ocr_par' dir='ltr' id='par_1_46' title="bbox 194 1620 978 1658">
     <span class='ocr_line' id='line_1_46' title="bbox 194 1620 978 1658; baseline 0.001 -10"><span class='ocrx_word' id='word_1_328' title='bbox 194 1620 250 1649; x_wconf 76' lang='grc' dir='ltr'><strong>οἷον</strong></span> <span class='ocrx_word' id='word_1_329' title='bbox 264 1623 294 1654; x_wconf 77' lang='grc' dir='ltr'><strong>ἐξ</strong></span> <span class='ocrx_word' id='word_1_330' title='bbox 311 1622 387 1657; x_wconf 83' lang='grc' dir='ltr'><strong>ἡλίου</strong></span> <span class='ocrx_word' id='word_1_331' title='bbox 415 1622 463 1649; x_wconf 83' lang='grc' dir='ltr'><strong>καὶ</strong></span> <span class='ocrx_word' id='word_1_332' title='bbox 490 1622 637 1657; x_wconf 72' lang='grc' dir='ltr'><strong>ἀστραπῆς</strong></span> <span class='ocrx_word' id='word_1_333' title='bbox 663 1622 784 1658; x_wconf 74' lang='grc' dir='ltr'><strong>ἔρχεται,</strong></span> <span class='ocrx_word' id='word_1_334' title='bbox 803 1623 872 1649; x_wconf 78' lang='grc' dir='ltr'><strong>ἀλλὰ</strong></span> <span class='ocrx_word' id='word_1_335' title='bbox 886 1624 978 1649; x_wconf 61' lang='grc' dir='ltr'><strong>καινδιν</strong></span> 
     </span>
    </p>
   </div>
   <div class='ocr_carea' id='block_1_47' title="bbox 194 1667 979 1704">
    <p class='ocr_par' dir='ltr' id='par_1_47' title="bbox 194 1667 979 1704">
     <span class='ocr_line' id='line_1_47' title="bbox 194 1667 979 1704; baseline 0.001 -10"><span class='ocrx_word' id='word_1_336' title='bbox 194 1667 283 1700; x_wconf 78' lang='grc' dir='ltr'><strong>ἄλλως</strong></span> <span class='ocrx_word' id='word_1_337' title='bbox 296 1668 343 1695; x_wconf 72' lang='grc' dir='ltr'><strong>καὶ</strong></span> <span class='ocrx_word' id='word_1_338' title='bbox 359 1669 472 1704; x_wconf 72' lang='grc' dir='ltr'><strong>φρικτὸν</strong></span> <span class='ocrx_word' id='word_1_339' title='bbox 488 1669 534 1697; x_wconf 78' lang='grc' dir='ltr'><strong>καὶ</strong></span> <span class='ocrx_word' id='word_1_340' title='bbox 560 1667 706 1704; x_wconf 78' lang='grc' dir='ltr'><strong>ἀσύνηθες.</strong></span> <span class='ocrx_word' id='word_1_341' title='bbox 741 1667 865 1695; x_wconf 82' lang='grc' dir='ltr'><strong>’Ἱσταντο</strong></span> <span class='ocrx_word' id='word_1_342' title='bbox 888 1669 979 1695; x_wconf 83' lang='grc' dir='ltr'><strong>τοίνυν</strong></span> 
     </span>
    </p>
   </div>
   <div class='ocr_carea' id='block_1_48' title="bbox 194 1713 978 1750">
    <p class='ocr_par' dir='ltr' id='par_1_48' title="bbox 194 1713 978 1750">
     <span class='ocr_line' id='line_1_48' title="bbox 194 1713 978 1750; baseline 0.001 -10"><span class='ocrx_word' id='word_1_343' title='bbox 194 1715 317 1746; x_wconf 78' lang='grc' dir='ltr'><strong>ἁκλινείς</strong></span> <span class='ocrx_word' id='word_1_344' title='bbox 334 1713 430 1746; x_wconf 72' lang='grc' dir='ltr'><strong>αὗται,</strong></span> <span class='ocrx_word' id='word_1_345' title='bbox 448 1715 559 1742; x_wconf 80' lang='grc' dir='ltr'><strong>πάντων</strong></span> <span class='ocrx_word' id='word_1_346' title='bbox 584 1714 622 1750; x_wconf 75' lang='grc' dir='ltr'><strong>τῷ</strong></span> <span class='ocrx_word' id='word_1_347' title='bbox 639 1714 732 1749; x_wconf 75' lang='grc' dir='ltr'><strong>ἐδάφει</strong></span> <span class='ocrx_word' id='word_1_348' title='bbox 757 1715 978 1747; x_wconf 82' lang='grc' dir='ltr'><strong>καταπεσόντων,</strong></span> 
     </span>
    </p>
   </div>
   <div class='ocr_carea' id='block_1_49' title="bbox 194 1760 979 1795">
    <p class='ocr_par' dir='ltr' id='par_1_49' title="bbox 194 1760 979 1795">
     <span class='ocr_line' id='line_1_49' title="bbox 194 1760 979 1795; baseline 0 -9"><span class='ocrx_word' id='word_1_349' title='bbox 194 1761 243 1786; x_wconf 74' lang='grc' dir='ltr'><strong>καὶ</strong></span> <span class='ocrx_word' id='word_1_350' title='bbox 259 1760 290 1785; x_wconf 84' lang='grc' dir='ltr'><strong>τὸ</strong></span> <span class='ocrx_word' id='word_1_351' title='bbox 307 1760 391 1794; x_wconf 77' lang='grc' dir='ltr'><strong>φανὲν</strong></span> <span class='ocrx_word' id='word_1_352' title='bbox 408 1761 497 1786; x_wconf 79' lang='grc' dir='ltr'><strong>ἐκεῖνο</strong></span> <span class='ocrx_word' id='word_1_353' title='bbox 514 1760 572 1794; x_wconf 86' lang='grc' dir='ltr'><strong>φῶς</strong></span> <span class='ocrx_word' id='word_1_354' title='bbox 588 1761 667 1794; x_wconf 70' lang='grc' dir='ltr'><strong>πολὺ,</strong></span> <span class='ocrx_word' id='word_1_355' title='bbox 681 1762 741 1792; x_wconf 83' lang='grc' dir='ltr'><strong>ταῖς</strong></span> <span class='ocrx_word' id='word_1_356' title='bbox 769 1760 847 1795; x_wconf 74' lang='grc' dir='ltr'><strong>ὂψεσι</strong></span> <span class='ocrx_word' id='word_1_357' title='bbox 876 1761 979 1788; x_wconf 78' lang='grc' dir='ltr'><strong>τούτων</strong></span> 
     </span>
    </p>
   </div>
   <div class='ocr_carea' id='block_1_50' title="bbox 196 1806 979 1841">
    <p class='ocr_par' dir='ltr' id='par_1_50' title="bbox 196 1806 979 1841">
     <span class='ocr_line' id='line_1_50' title="bbox 196 1806 979 1841; baseline 0 -9"><span class='ocrx_word' id='word_1_358' title='bbox 196 1806 429 1841; x_wconf 71' lang='grc' dir='ltr'><strong>ιγκατασκῆψαν,</strong></span> <span class='ocrx_word' id='word_1_359' title='bbox 448 1806 601 1840; x_wconf 72' lang='grc' dir='ltr'><strong>ὰναὸλέψαι</strong></span> <span class='ocrx_word' id='word_1_360' title='bbox 616 1815 645 1832; x_wconf 82' lang='grc' dir='ltr'><strong>τε</strong></span> <span class='ocrx_word' id='word_1_361' title='bbox 661 1807 745 1837; x_wconf 70' lang='grc' dir='ltr'><strong>αὐτὰς</strong></span> <span class='ocrx_word' id='word_1_362' title='bbox 761 1807 880 1841; x_wconf 28' lang='grc' dir='ltr'><strong>ἐποίησεν</strong></span> <span class='ocrx_word' id='word_1_363' title='bbox 891 1815 979 1841; x_wconf 82' lang='grc' dir='ltr'><strong>παρα-</strong></span> 
     </span>
    </p>
   </div>
   <div class='ocr_carea' id='block_1_51' title="bbox 196 1851 980 1888">
    <p class='ocr_par' dir='ltr' id='par_1_51' title="bbox 196 1851 980 1888">
     <span class='ocr_line' id='line_1_51' title="bbox 196 1851 980 1888; baseline -0.001 -9"><span class='ocrx_word' id='word_1_364' title='bbox 196 1852 303 1888; x_wconf 69' lang='grc' dir='ltr'><strong>χρῆμα,</strong></span> <span class='ocrx_word' id='word_1_365' title='bbox 319 1854 365 1878; x_wconf 77' lang='grc' dir='ltr'><strong>καί</strong></span> <span class='ocrx_word' id='word_1_366' title='bbox 377 1852 408 1878; x_wconf 82' lang='grc' dir='ltr'><strong>τὺ</strong></span> <span class='ocrx_word' id='word_1_367' title='bbox 423 1851 535 1886; x_wconf 70' lang='grc' dir='ltr'><strong>ἡλιακὸν</strong></span> <span class='ocrx_word' id='word_1_368' title='bbox 547 1851 625 1877; x_wconf 79' lang='grc' dir='ltr'><strong>τοῦτο</strong></span> <span class='ocrx_word' id='word_1_369' title='bbox 635 1851 691 1885; x_wconf 80' lang='grc' dir='ltr'><strong>φῶς</strong></span> <span class='ocrx_word' id='word_1_370' title='bbox 705 1851 735 1877; x_wconf 74' lang='grc' dir='ltr'><strong>τὸ</strong></span> <span class='ocrx_word' id='word_1_371' title='bbox 745 1851 830 1884; x_wconf 77' lang='grc' dir='ltr'><strong>γλυκὺ</strong></span> <span class='ocrx_word' id='word_1_372' title='bbox 848 1853 893 1877; x_wconf 77' lang='grc' dir='ltr'><strong>καὶ</strong></span> <span class='ocrx_word' id='word_1_373' title='bbox 904 1852 980 1886; x_wconf 83' lang='grc' dir='ltr'><strong>φίλον</strong></span> 
     </span>
    </p>
   </div>
   <div class='ocr_carea' id='block_1_52' title="bbox 197 1896 981 1933">
    <p class='ocr_par' dir='ltr' id='par_1_52' title="bbox 197 1896 981 1933">
     <span class='ocr_line' id='line_1_52' title="bbox 197 1896 981 1933; baseline -0.003 -9"><span class='ocrx_word' id='word_1_374' title='bbox 197 1897 353 1933; x_wconf 76' lang='grc' dir='ltr'><strong>ἀνθρώποις</strong></span> <span class='ocrx_word' id='word_1_375' title='bbox 371 1897 444 1924; x_wconf 77' lang='grc' dir='ltr'><strong>ίδεῖν.</strong></span> <span class='ocrx_word' id='word_1_376' title='bbox 463 1897 493 1923; x_wconf 87' lang='grc'><strong>’0</strong></span> <span class='ocrx_word' id='word_1_377' title='bbox 506 1896 534 1922; x_wconf 81' lang='grc' dir='ltr'><strong>δὲ</strong></span> <span class='ocrx_word' id='word_1_378' title='bbox 550 1896 587 1927; x_wconf 79' lang='grc' dir='ltr'><strong>ὡς</strong></span> <span class='ocrx_word' id='word_1_379' title='bbox 616 1896 702 1926; x_wconf 71' lang='grc' dir='ltr'><strong>οὕτως</strong></span> <span class='ocrx_word' id='word_1_380' title='bbox 716 1896 800 1929; x_wconf 80' lang='grc' dir='ltr'><strong>ὑγιῶς</strong></span> <span class='ocrx_word' id='word_1_381' title='bbox 820 1896 874 1922; x_wconf 85' lang='grc' dir='ltr'><strong>τῶν</strong></span> <span class='ocrx_word' id='word_1_382' title='bbox 889 1896 981 1931; x_wconf 72' lang='grc' dir='ltr'><strong>ὀρ.μὰ-</strong></span> 
     </span>
    </p>
   </div>
   <div class='ocr_carea' id='block_1_53' title="bbox 196 1941 974 1978">
    <p class='ocr_par' dir='ltr' id='par_1_53' title="bbox 196 1941 974 1978">
     <span class='ocr_line' id='line_1_53' title="bbox 196 1941 974 1978; baseline -0.005 -8"><span class='ocrx_word' id='word_1_383' title='bbox 196 1952 252 1970; x_wconf 82' lang='grc' dir='ltr'><strong>των</strong></span> <span class='ocrx_word' id='word_1_384' title='bbox 267 1943 382 1978; x_wconf 61' lang='grc' dir='ltr'><strong>ἐχούσας</strong></span> <span class='ocrx_word' id='word_1_385' title='bbox 402 1941 456 1968; x_wconf 84' lang='grc' dir='ltr'><strong>εἶδε</strong></span> <span class='ocrx_word' id='word_1_386' title='bbox 471 1950 478 1958; x_wconf 89' lang='grc'>·</span> <span class='ocrx_word' id='word_1_387' title='bbox 500 1942 532 1968; x_wconf 75' lang='grc' dir='ltr'><strong>Τί</strong></span> <span class='ocrx_word' id='word_1_388' title='bbox 551 1941 606 1976; x_wconf 77' lang='grc' dir='ltr'><strong>ἄρα</strong></span> <span class='ocrx_word' id='word_1_389' title='bbox 629 1941 660 1967; x_wconf 80' lang='grc' dir='ltr'><strong>τὸ</strong></span> <span class='ocrx_word' id='word_1_390' title='bbox 677 1942 760 1975; x_wconf 84' lang='grc' dir='ltr'><strong>φανὲν</strong></span> <span class='ocrx_word' id='word_1_391' title='bbox 790 1941 865 1976; x_wconf 81' lang='grc' dir='ltr'><strong>ὑμῖν,</strong></span> <span class='ocrx_word' id='word_1_392' title='bbox 883 1941 974 1976; x_wconf 74' lang='grc' dir='ltr'><strong>ἤρετο,</strong></span> 
     </span>
    </p>
   </div>
   <div class='ocr_carea' id='block_1_54' title="bbox 196 1985 981 2023">
    <p class='ocr_par' dir='ltr' id='par_1_54' title="bbox 196 1985 981 2023">
     <span class='ocr_line' id='line_1_54' title="bbox 196 1985 981 2023; baseline -0.005 -8"><span class='ocrx_word' id='word_1_393' title='bbox 196 1990 245 2015; x_wconf 71' lang='grc' dir='ltr'><strong>καὶ</strong></span> <span class='ocrx_word' id='word_1_394' title='bbox 259 1989 285 2015; x_wconf 94' lang='grc' dir='ltr'><strong>τί</strong></span> <span class='ocrx_word' id='word_1_395' title='bbox 301 1988 408 2023; x_wconf 75' lang='grc' dir='ltr'><strong>πρῶτον</strong></span> <span class='ocrx_word' id='word_1_396' title='bbox 421 1986 599 2022; x_wconf 73' lang='grc' dir='ltr'><strong>διαϐλέψασαι</strong></span> <span class='ocrx_word' id='word_1_397' title='bbox 616 1986 718 2018; x_wconf 82' lang='grc' dir='ltr'><strong>εἴδετε;</strong></span> <span class='ocrx_word' id='word_1_398' title='bbox 738 1986 770 2012; x_wconf 83' lang='lat' dir='ltr'><strong>&#39;H</strong></span> <span class='ocrx_word' id='word_1_399' title='bbox 780 1985 829 2020; x_wconf 83' lang='grc' dir='ltr'><strong>μὲν</strong></span> <span class='ocrx_word' id='word_1_400' title='bbox 837 1985 894 2018; x_wconf 75' lang='grc' dir='ltr'><strong>οὖν,</strong></span> <span class='ocrx_word' id='word_1_401' title='bbox 912 1986 981 2020; x_wconf 83' lang='grc' dir='ltr'><strong>Πρε-</strong></span> 
     </span>
    </p>
   </div>
   <div class='ocr_carea' id='block_1_55' title="bbox 200 2031 980 2070">
    <p class='ocr_par' dir='ltr' id='par_1_55' title="bbox 200 2031 980 2070">
     <span class='ocr_line' id='line_1_55' title="bbox 200 2031 980 2070; baseline -0.005 -9"><span class='ocrx_word' id='word_1_402' title='bbox 200 2035 315 2070; x_wconf 75' lang='grc' dir='ltr'><strong>σϐύτην,</strong></span> <span class='ocrx_word' id='word_1_403' title='bbox 330 2034 395 2069; x_wconf 73' lang='grc' dir='ltr'><strong>ἔφη,</strong></span> <span class='ocrx_word' id='word_1_404' title='bbox 412 2033 442 2060; x_wconf 77' lang='grc' dir='ltr'><strong>τὸ</strong></span> <span class='ocrx_word' id='word_1_405' title='bbox 456 2031 535 2066; x_wconf 76' lang='grc' dir='ltr'><strong>εἶδος,</strong></span> <span class='ocrx_word' id='word_1_406' title='bbox 556 2033 674 2068; x_wconf 76' lang='grc' dir='ltr'><strong>ἄρρητον</strong></span> <span class='ocrx_word' id='word_1_407' title='bbox 689 2033 739 2067; x_wconf 84' lang='grc' dir='ltr'><strong>τὴν</strong></span> <span class='ocrx_word' id='word_1_408' title='bbox 756 2031 841 2067; x_wconf 83' lang='grc' dir='ltr'><strong>ὥραν,</strong></span> <span class='ocrx_word' id='word_1_409' title='bbox 857 2031 980 2066; x_wconf 85' lang='grc' dir='ltr'><strong>φαιδρύν-</strong></span> 
     </span>
    </p>
   </div>
   <div class='ocr_carea' id='block_1_56' title="bbox 198 2077 981 2116">
    <p class='ocr_par' dir='ltr' id='par_1_56' title="bbox 198 2077 981 2116">
     <span class='ocr_line' id='line_1_56' title="bbox 198 2077 981 2116; baseline -0.006 -9"><span class='ocrx_word' id='word_1_410' title='bbox 198 2082 216 2116; x_wconf 75' lang='grc' dir='ltr'><strong>ή</strong></span> <span class='ocrx_word' id='word_1_411' title='bbox 234 2081 274 2112; x_wconf 75' lang='grc' dir='ltr'><strong>δὲ,</strong></span> <span class='ocrx_word' id='word_1_412' title='bbox 290 2080 441 2110; x_wconf 80' lang='grc' dir='ltr'><strong>Νεανίσκος</strong></span> <span class='ocrx_word' id='word_1_413' title='bbox 450 2078 530 2114; x_wconf 68' lang='grc' dir='ltr'><strong>ὡφίῑη</strong></span> <span class='ocrx_word' id='word_1_414' title='bbox 547 2087 591 2114; x_wconf 87' lang='grc' dir='ltr'><strong>μοι</strong></span> <span class='ocrx_word' id='word_1_415' title='bbox 611 2086 618 2093; x_wconf 90' lang='grc'><strong>·</strong></span> <span class='ocrx_word' id='word_1_416' title='bbox 635 2080 651 2113; x_wconf 83' lang='grc' dir='ltr'><strong>ἡ</strong></span> <span class='ocrx_word' id='word_1_417' title='bbox 664 2078 693 2104; x_wconf 83' lang='grc' dir='ltr'><strong>δὲ</strong></span> <span class='ocrx_word' id='word_1_418' title='bbox 712 2078 807 2112; x_wconf 78' lang='grc' dir='ltr'><strong>ἑτέρα,</strong></span> <span class='ocrx_word' id='word_1_419' title='bbox 835 2077 981 2112; x_wconf 84' lang='grc' dir='ltr'><strong>Παιδάριον</strong></span> 
     </span>
    </p>
   </div>
   <div class='ocr_carea' id='block_1_57' title="bbox 203 2123 981 2162">
    <p class='ocr_par' dir='ltr' id='par_1_57' title="bbox 203 2123 981 2162">
     <span class='ocr_line' id='line_1_57' title="bbox 203 2123 981 2162; baseline -0.005 -9"><span class='ocrx_word' id='word_1_420' title='bbox 203 2127 316 2162; x_wconf 73' lang='grc' dir='ltr'><strong>κομιδῆ,</strong></span> <span class='ocrx_word' id='word_1_421' title='bbox 333 2127 426 2161; x_wconf 68' lang='grc' dir='ltr'><strong>φησιν,</strong></span> <span class='ocrx_word' id='word_1_422' title='bbox 444 2125 533 2160; x_wconf 69' lang='grc' dir='ltr'><strong>ἣψατό</strong></span> <span class='ocrx_word' id='word_1_423' title='bbox 551 2133 601 2160; x_wconf 83' lang='grc' dir='ltr'><strong>μου</strong></span> <span class='ocrx_word' id='word_1_424' title='bbox 617 2124 673 2151; x_wconf 82' lang='grc' dir='ltr'><strong>τῶν</strong></span> <span class='ocrx_word' id='word_1_425' title='bbox 687 2123 847 2158; x_wconf 72' lang='grc' dir='ltr'><strong>ὀφθαλμῶν.</strong></span> <span class='ocrx_word' id='word_1_426' title='bbox 871 2123 981 2150; x_wconf 83' lang='grc' dir='ltr'><strong>Τούτων</strong></span> 
     </span>
    </p>
   </div>
   <div class='ocr_carea' id='block_1_58' title="bbox 199 2169 980 2205">
    <p class='ocr_par' dir='ltr' id='par_1_58' title="bbox 199 2169 980 2205">
     <span class='ocr_line' id='line_1_58' title="bbox 199 2169 980 2205; baseline -0.005 -6"><span class='ocrx_word' id='word_1_427' title='bbox 199 2173 320 2204; x_wconf 62' lang='grc' dir='ltr'><strong>ἀκούσας</strong></span> <span class='ocrx_word' id='word_1_428' title='bbox 341 2172 495 2205; x_wconf 79' lang='grc' dir='ltr'><strong>’Δϐἐρκιος,</strong></span> <span class='ocrx_word' id='word_1_429' title='bbox 510 2170 557 2196; x_wconf 77' lang='grc' dir='ltr'><strong>καὶ</strong></span> <span class='ocrx_word' id='word_1_430' title='bbox 583 2170 623 2205; x_wconf 82' lang='grc' dir='ltr'><strong>τῷ</strong></span> <span class='ocrx_word' id='word_1_431' title='bbox 637 2170 691 2196; x_wconf 82' lang='grc' dir='ltr'><strong>τῶν</strong></span> <span class='ocrx_word' id='word_1_432' title='bbox 716 2170 876 2202; x_wconf 76' lang='grc' dir='ltr'><strong>θαυμασίων</strong></span> <span class='ocrx_word' id='word_1_433' title='bbox 901 2169 980 2204; x_wconf 76' lang='grc' dir='ltr'><strong>χάριν</strong></span> 
     </span>
    </p>
   </div>
   <div class='ocr_carea' id='block_1_59' title="bbox 198 2215 841 2254">
    <p class='ocr_par' dir='ltr' id='par_1_59' title="bbox 198 2215 841 2254">
     <span class='ocr_line' id='line_1_59' title="bbox 198 2215 841 2254; baseline -0.005 -9"><span class='ocrx_word' id='word_1_434' title='bbox 198 2219 369 2254; x_wconf 70' lang='grc' dir='ltr'><strong>ὁμολογήσας</strong></span> <span class='ocrx_word' id='word_1_435' title='bbox 384 2217 454 2251; x_wconf 80' lang='grc' dir='ltr'><strong>Θεῷ,</strong></span> <span class='ocrx_word' id='word_1_436' title='bbox 470 2217 576 2243; x_wconf 80' lang='grc' dir='ltr'><strong>διέλυσε</strong></span> <span class='ocrx_word' id='word_1_437' title='bbox 589 2216 637 2250; x_wconf 81' lang='grc' dir='ltr'><strong>τὴν</strong></span> <span class='ocrx_word' id='word_1_438' title='bbox 653 2215 841 2243; x_wconf 77' lang='grc' dir='ltr'><strong>διδασκαλίαν.</strong></span> 
     </span>
    </p>
   </div>
   <div class='ocr_carea' id='block_1_60' title="bbox 235 2260 980 2297">
    <p class='ocr_par' dir='ltr' id='par_1_60' title="bbox 235 2260 980 2297">
     <span class='ocr_line' id='line_1_60' title="bbox 235 2260 980 2297; baseline -0.007 -7"><span class='ocrx_word' id='word_1_439' title='bbox 235 2265 285 2292; x_wconf 85' lang='lat' dir='ltr'><strong>lB&#39;.</strong></span> <span class='ocrx_word' id='word_1_440' title='bbox 312 2264 359 2289; x_wconf 81' lang='grc' dir='ltr'><strong>Ἐκ</strong></span> <span class='ocrx_word' id='word_1_441' title='bbox 369 2263 398 2289; x_wconf 80' lang='grc' dir='ltr'><strong>δὲ</strong></span> <span class='ocrx_word' id='word_1_442' title='bbox 410 2263 465 2288; x_wconf 81' lang='grc' dir='ltr'><strong>τῶν</strong></span> <span class='ocrx_word' id='word_1_443' title='bbox 485 2261 628 2297; x_wconf 84' lang='grc' dir='ltr'><strong>παρόντων</strong></span> <span class='ocrx_word' id='word_1_444' title='bbox 645 2262 708 2292; x_wconf 63' lang='grc' dir='ltr'><strong>τοῦς</strong></span> <span class='ocrx_word' id='word_1_445' title='bbox 736 2260 863 2294; x_wconf 78' lang='grc' dir='ltr'><strong>συνήθεις</strong></span> <span class='ocrx_word' id='word_1_446' title='bbox 888 2268 980 2295; x_wconf 80' lang='grc' dir='ltr'><strong>παρα-</strong></span> 
     </span>
    </p>
   </div>
   <div class='ocr_carea' id='block_1_61' title="bbox 199 2305 983 2342">
    <p class='ocr_par' dir='ltr' id='par_1_61' title="bbox 199 2305 983 2342">
     <span class='ocr_line' id='line_1_61' title="bbox 199 2305 983 2342; baseline -0.006 -7"><span class='ocrx_word' id='word_1_447' title='bbox 199 2309 302 2341; x_wconf 62' lang='grc' dir='ltr'><strong>λαϐὼν,</strong></span> <span class='ocrx_word' id='word_1_448' title='bbox 318 2308 408 2335; x_wconf 77' lang='grc' dir='ltr'><strong>οἴκαδε</strong></span> <span class='ocrx_word' id='word_1_449' title='bbox 421 2307 555 2342; x_wconf 81' lang='grc' dir='ltr'><strong>ἐπανῆκε,</strong></span> <span class='ocrx_word' id='word_1_450' title='bbox 579 2306 627 2332; x_wconf 75' lang='grc' dir='ltr'><strong>καὶ</strong></span> <span class='ocrx_word' id='word_1_451' title='bbox 643 2306 706 2336; x_wconf 79' lang='grc' dir='ltr'><strong>τοὺς</strong></span> <span class='ocrx_word' id='word_1_452' title='bbox 720 2306 770 2340; x_wconf 84' lang='grc' dir='ltr'><strong>τῆς</strong></span> <span class='ocrx_word' id='word_1_453' title='bbox 794 2305 892 2339; x_wconf 75' lang='grc' dir='ltr'><strong>ἐνάτης</strong></span> <span class='ocrx_word' id='word_1_454' title='bbox 907 2305 983 2340; x_wconf 84' lang='grc' dir='ltr'><strong>ὧρας</strong></span> 
     </span>
    </p>
   </div>
   <div class='ocr_carea' id='block_1_62' title="bbox 200 2349 984 2389">
    <p class='ocr_par' dir='ltr' id='par_1_62' title="bbox 200 2349 984 2389">
     <span class='ocr_line' id='line_1_62' title="bbox 200 2349 984 2389; baseline -0.006 -9"><span class='ocrx_word' id='word_1_455' title='bbox 200 2355 299 2389; x_wconf 74' lang='grc' dir='ltr'><strong>ὕμνους</strong></span> <span class='ocrx_word' id='word_1_456' title='bbox 332 2353 448 2384; x_wconf 73' lang='grc' dir='ltr'><strong>ἀποδοὺς</strong></span> <span class='ocrx_word' id='word_1_457' title='bbox 471 2352 560 2388; x_wconf 81' lang='grc' dir='ltr'><strong>(τοῦτο</strong></span> <span class='ocrx_word' id='word_1_458' title='bbox 569 2351 624 2386; x_wconf 77' lang='grc' dir='ltr'><strong>γὰρ</strong></span> <span class='ocrx_word' id='word_1_459' title='bbox 636 2350 710 2385; x_wconf 78' lang='grc' dir='ltr'><strong>αὺτῷ</strong></span> <span class='ocrx_word' id='word_1_460' title='bbox 721 2349 792 2382; x_wconf 67' lang='grc' dir='ltr'><strong>ἔθος,</strong></span> <span class='ocrx_word' id='word_1_461' title='bbox 807 2350 889 2376; x_wconf 79' lang='grc' dir='ltr'><strong>οίονεὶ</strong></span> <span class='ocrx_word' id='word_1_462' title='bbox 914 2350 984 2376; x_wconf 74' lang='grc' dir='ltr'><strong>κατὰ</strong></span> 
     </span>
    </p>
   </div>
   <div class='ocr_carea' id='block_1_63' title="bbox 203 2394 984 2434">
    <p class='ocr_par' dir='ltr' id='par_1_63' title="bbox 203 2394 984 2434">
     <span class='ocr_line' id='line_1_63' title="bbox 203 2394 984 2434; baseline -0.008 -8"><span class='ocrx_word' id='word_1_463' title='bbox 203 2407 341 2434; x_wconf 75' lang='grc' dir='ltr'><strong>παρεργον</strong></span> <span class='ocrx_word' id='word_1_464' title='bbox 360 2407 406 2424; x_wconf 85' lang='grc' dir='ltr'><strong>και</strong></span> <span class='ocrx_word' id='word_1_465' title='bbox 431 2398 498 2432; x_wconf 80' lang='grc' dir='ltr'><strong>πρὸς</strong></span> <span class='ocrx_word' id='word_1_466' title='bbox 515 2396 556 2431; x_wconf 80' lang='grc' dir='ltr'><strong>τῷ</strong></span> <span class='ocrx_word' id='word_1_467' title='bbox 568 2396 641 2422; x_wconf 67' lang='grc' dir='ltr'><strong>τέλει</strong></span> <span class='ocrx_word' id='word_1_468' title='bbox 656 2395 706 2428; x_wconf 82' lang='grc' dir='ltr'><strong>τῆς</strong></span> <span class='ocrx_word' id='word_1_469' title='bbox 721 2395 830 2429; x_wconf 70' lang='grc' dir='ltr'><strong>ἡμέρας</strong></span> <span class='ocrx_word' id='word_1_470' title='bbox 848 2394 984 2421; x_wconf 73' lang='grc' dir='ltr'><strong>ποιεῖσθαι</strong></span> 
     </span>
    </p>
   </div>
   <div class='ocr_carea' id='block_1_64' title="bbox 200 2438 981 2478">
    <p class='ocr_par' dir='ltr' id='par_1_64' title="bbox 200 2438 981 2478">
     <span class='ocr_line' id='line_1_64' title="bbox 200 2438 981 2478; baseline -0.01 -6"><span class='ocrx_word' id='word_1_471' title='bbox 200 2449 246 2472; x_wconf 67' lang='grc' dir='ltr'><strong>κιὶ</strong></span> <span class='ocrx_word' id='word_1_472' title='bbox 262 2446 309 2471; x_wconf 79' lang='grc' dir='ltr'><strong>τοῦ</strong></span> <span class='ocrx_word' id='word_1_473' title='bbox 325 2444 451 2478; x_wconf 74' lang='grc' dir='ltr'><strong>σώματος</strong></span> <span class='ocrx_word' id='word_1_474' title='bbox 467 2441 569 2476; x_wconf 85' lang='grc' dir='ltr'><strong>λόγον,)</strong></span> <span class='ocrx_word' id='word_1_475' title='bbox 584 2440 671 2476; x_wconf 83' lang='grc' dir='ltr'><strong>βραχὺ</strong></span> <span class='ocrx_word' id='word_1_476' title='bbox 682 2448 707 2466; x_wconf 88' lang='grc' dir='ltr'><strong>τι</strong></span> <span class='ocrx_word' id='word_1_477' title='bbox 727 2441 810 2474; x_wconf 81' lang='grc' dir='ltr'><strong>ἄρτου</strong></span> <span class='ocrx_word' id='word_1_478' title='bbox 838 2438 981 2474; x_wconf 82' lang='grc' dir='ltr'><strong>μεταλαμ-</strong></span> 
     </span>
    </p>
   </div>
   <div class='ocr_carea' id='block_1_65' title="bbox 201 2485 983 2520">
    <p class='ocr_par' dir='ltr' id='par_1_65' title="bbox 201 2485 983 2520">
     <span class='ocr_line' id='line_1_65' title="bbox 201 2485 983 2520; baseline -0.01 -2"><span class='ocrx_word' id='word_1_479' title='bbox 201 2494 286 2518; x_wconf 77' lang='grc' dir='ltr'><strong>ιανει.</strong></span> <span class='ocrx_word' id='word_1_480' title='bbox 318 2490 426 2517; x_wconf 76' lang='grc' dir='ltr'><strong>Τούτων</strong></span> <span class='ocrx_word' id='word_1_481' title='bbox 454 2488 544 2514; x_wconf 90' lang='grc' dir='ltr'><strong>τοίνυν</strong></span> <span class='ocrx_word' id='word_1_482' title='bbox 566 2488 612 2513; x_wconf 74' lang='grc' dir='ltr'><strong>ὑπ’</strong></span> <span class='ocrx_word' id='word_1_483' title='bbox 639 2485 723 2512; x_wconf 79' lang='grc' dir='ltr'><strong>αὐτοῦ</strong></span> <span class='ocrx_word' id='word_1_484' title='bbox 748 2486 914 2520; x_wconf 80' lang='grc' dir='ltr'><strong>γενομένων,</strong></span> <span class='ocrx_word' id='word_1_485' title='bbox 935 2485 983 2519; x_wconf 87' lang='grc' dir='ltr'><strong>τῆς</strong></span> 
     </span>
    </p>
   </div>
   <div class='ocr_carea' id='block_1_66' title="bbox 201 2531 984 2573">
    <p class='ocr_par' dir='ltr' id='par_1_66' title="bbox 201 2531 984 2573">
     <span class='ocr_line' id='line_1_66' title="bbox 201 2531 984 2573; baseline -0.006 -12"><span class='ocrx_word' id='word_1_486' title='bbox 201 2537 356 2573; x_wconf 75' lang='grc' dir='ltr'><strong>περιχώρου</strong></span> <span class='ocrx_word' id='word_1_487' title='bbox 380 2535 495 2566; x_wconf 73' lang='grc' dir='ltr'><strong>πολλοὺς</strong></span> <span class='ocrx_word' id='word_1_488' title='bbox 519 2532 553 2569; x_wconf 79' lang='grc' dir='ltr'><strong>ἦν</strong></span> <span class='ocrx_word' id='word_1_489' title='bbox 570 2533 636 2568; x_wconf 73' lang='grc' dir='ltr'><strong>ὗρᾷν</strong></span> <span class='ocrx_word' id='word_1_490' title='bbox 666 2533 735 2567; x_wconf 82' lang='grc' dir='ltr'><strong>πρὸς</strong></span> <span class='ocrx_word' id='word_1_491' title='bbox 751 2532 796 2558; x_wconf 83' lang='grc' dir='ltr'><strong>τὸν</strong></span> <span class='ocrx_word' id='word_1_492' title='bbox 819 2531 902 2566; x_wconf 78' lang='grc' dir='ltr'><strong>ἄνδρα</strong></span> <span class='ocrx_word' id='word_1_493' title='bbox 920 2531 984 2566; x_wconf 77' lang='grc' dir='ltr'><strong>συρι</strong></span> 
     </span>
    </p>
   </div>
   <div class='ocr_carea' id='block_1_67' title="bbox 202 2577 983 2620">
    <p class='ocr_par' dir='ltr' id='par_1_67' title="bbox 202 2577 983 2620">
     <span class='ocr_line' id='line_1_67' title="bbox 202 2577 983 2620; baseline -0.013 -9"><span class='ocrx_word' id='word_1_494' title='bbox 202 2586 314 2620; x_wconf 70' lang='grc' dir='ltr'><strong>ῥέοντας</strong></span> <span class='ocrx_word' id='word_1_495' title='bbox 331 2583 378 2610; x_wconf 79' lang='grc' dir='ltr'><strong>καὶ</strong></span> <span class='ocrx_word' id='word_1_496' title='bbox 392 2583 432 2613; x_wconf 87' lang='grc' dir='ltr'><strong>είς</strong></span> <span class='ocrx_word' id='word_1_497' title='bbox 447 2581 533 2614; x_wconf 80' lang='grc' dir='ltr'><strong>ὃνομα</strong></span> <span class='ocrx_word' id='word_1_498' title='bbox 550 2579 668 2615; x_wconf 68' lang='grc' dir='ltr'><strong>Πατρός,</strong></span> <span class='ocrx_word' id='word_1_499' title='bbox 681 2578 746 2604; x_wconf 82' lang='grc' dir='ltr'><strong>Υἱοῦ</strong></span> <span class='ocrx_word' id='word_1_500' title='bbox 760 2579 806 2604; x_wconf 72' lang='grc' dir='ltr'><strong>καὶ</strong></span> <span class='ocrx_word' id='word_1_501' title='bbox 825 2577 983 2611; x_wconf 77' lang='grc' dir='ltr'><strong>Πνεύματος</strong></span> 
     </span>
    </p>
   </div>
   <div class='ocr_carea' id='block_1_68' title="bbox 199 2623 980 2664">
    <p class='ocr_par' dir='ltr' id='par_1_68' title="bbox 199 2623 980 2664">
     <span class='ocr_line' id='line_1_68' title="bbox 199 2623 980 2664; baseline -0.01 -8"><span class='ocrx_word' id='word_1_502' title='bbox 199 2631 279 2664; x_wconf 67' lang='grc' dir='ltr'><strong>ἁγίου</strong></span> <span class='ocrx_word' id='word_1_503' title='bbox 304 2625 529 2663; x_wconf 80' lang='grc' dir='ltr'><strong>βαπτιζομένους.</strong></span> <span class='ocrx_word' id='word_1_504' title='bbox 555 2625 599 2651; x_wconf 87' lang='grc' dir='ltr'><strong>Ἐν</strong></span> <span class='ocrx_word' id='word_1_505' title='bbox 613 2624 731 2658; x_wconf 82' lang='grc' dir='ltr'><strong>τοσούτῳ</strong></span> <span class='ocrx_word' id='word_1_506' title='bbox 749 2624 777 2649; x_wconf 79' lang='grc' dir='ltr'><strong>δὲ</strong></span> <span class='ocrx_word' id='word_1_507' title='bbox 797 2624 830 2650; x_wconf 81' lang='grc' dir='ltr'><strong>τὰ</strong></span> <span class='ocrx_word' id='word_1_508' title='bbox 849 2624 918 2649; x_wconf 81' lang='grc' dir='ltr'><strong>κατὰ</strong></span> <span class='ocrx_word' id='word_1_509' title='bbox 930 2623 980 2658; x_wconf 89' lang='grc' dir='ltr'><strong>τὴν</strong></span> 
     </span>
    </p>
   </div>
   <div class='ocr_carea' id='block_1_69' title="bbox 201 2670 979 2710">
    <p class='ocr_par' dir='ltr' id='par_1_69' title="bbox 201 2670 979 2710">
     <span class='ocr_line' id='line_1_69' title="bbox 201 2670 979 2710; baseline -0.012 -8"><span class='ocrx_word' id='word_1_510' title='bbox 201 2676 309 2710; x_wconf 78' lang='grc' dir='ltr'><strong>μητέρα</strong></span> <span class='ocrx_word' id='word_1_511' title='bbox 322 2674 402 2708; x_wconf 79' lang='grc' dir='ltr'><strong>γνοὺς</strong></span> <span class='ocrx_word' id='word_1_512' title='bbox 428 2671 612 2704; x_wconf 77' lang='grc' dir='ltr'><strong>Εὑξεινιανὺς,</strong></span> <span class='ocrx_word' id='word_1_513' title='bbox 639 2670 712 2700; x_wconf 79' lang='grc' dir='ltr'><strong>ὃπως</strong></span> <span class='ocrx_word' id='word_1_514' title='bbox 737 2677 766 2695; x_wconf 82' lang='grc' dir='ltr'><strong>τε</strong></span> <span class='ocrx_word' id='word_1_515' title='bbox 794 2677 979 2703; x_wconf 83' lang='grc' dir='ltr'><strong>χειραγωγου-</strong></span> 
     </span>
    </p>
   </div>
   <div class='ocr_carea' id='block_1_70' title="bbox 202 2715 980 2757">
    <p class='ocr_par' dir='ltr' id='par_1_70' title="bbox 202 2715 980 2757">
     <span class='ocr_line' id='line_1_70' title="bbox 202 2715 980 2757; baseline -0.009 -9"><span class='ocrx_word' id='word_1_516' title='bbox 202 2723 272 2757; x_wconf 79' lang='grc' dir='ltr'><strong>μένη</strong></span> <span class='ocrx_word' id='word_1_517' title='bbox 286 2720 431 2755; x_wconf 74' lang='grc' dir='ltr'><strong>προσέλθοι</strong></span> <span class='ocrx_word' id='word_1_518' title='bbox 445 2718 484 2752; x_wconf 83' lang='grc' dir='ltr'><strong>τῷ</strong></span> <span class='ocrx_word' id='word_1_519' title='bbox 506 2718 586 2752; x_wconf 76' lang='grc' dir='ltr'><strong>ἁγίῳ,</strong></span> <span class='ocrx_word' id='word_1_520' title='bbox 614 2717 662 2743; x_wconf 80' lang='grc' dir='ltr'><strong>καὶ</strong></span> <span class='ocrx_word' id='word_1_521' title='bbox 676 2717 749 2746; x_wconf 82' lang='grc' dir='ltr'><strong>ὃπως</strong></span> <span class='ocrx_word' id='word_1_522' title='bbox 773 2715 980 2749; x_wconf 77' lang='grc' dir='ltr'><strong>πεπηρωμένων</strong></span> 
     </span>
    </p>
   </div>
   <div class='ocr_carea' id='block_1_71' title="bbox 200 2759 981 2802">
    <p class='ocr_par' dir='ltr' id='par_1_71' title="bbox 200 2759 981 2802">
     <span class='ocr_line' id='line_1_71' title="bbox 200 2759 981 2802; baseline -0.013 -8"><span class='ocrx_word' id='word_1_523' title='bbox 200 2769 271 2802; x_wconf 78' lang='grc' dir='ltr'><strong>αὐτῇ</strong></span> <span class='ocrx_word' id='word_1_524' title='bbox 295 2766 351 2792; x_wconf 83' lang='grc' dir='ltr'><strong>τῶν</strong></span> <span class='ocrx_word' id='word_1_525' title='bbox 366 2763 513 2799; x_wconf 75' lang='grc' dir='ltr'><strong>ὀφθαλμῶν</strong></span> <span class='ocrx_word' id='word_1_526' title='bbox 543 2761 732 2796; x_wconf 78' lang='grc' dir='ltr'><strong>ἁναὸλέψειεν,</strong></span> <span class='ocrx_word' id='word_1_527' title='bbox 749 2759 869 2794; x_wconf 75' lang='grc' dir='ltr'><strong>ἁκριὸὠς</strong></span> <span class='ocrx_word' id='word_1_528' title='bbox 893 2759 981 2785; x_wconf 75' lang='grc' dir='ltr'><strong>πάντα</strong></span> 
     </span>
    </p>
   </div>
   <div class='ocr_carea' id='block_1_72' title="bbox 201 2805 983 2845">
    <p class='ocr_par' dir='ltr' id='par_1_72' title="bbox 201 2805 983 2845">
     <span class='ocr_line' id='line_1_72' title="bbox 201 2805 983 2845; baseline -0.015 -4"><span class='ocrx_word' id='word_1_529' title='bbox 201 2813 232 2845; x_wconf 73' lang='grc' dir='ltr'><strong>ἐξ</strong></span> <span class='ocrx_word' id='word_1_530' title='bbox 247 2812 331 2845; x_wconf 78' lang='grc' dir='ltr'><strong>αὐτῆς</strong></span> <span class='ocrx_word' id='word_1_531' title='bbox 348 2810 511 2844; x_wconf 79' lang='grc' dir='ltr'><strong>πυθόμενος,</strong></span> <span class='ocrx_word' id='word_1_532' title='bbox 525 2808 618 2835; x_wconf 72' lang='grc' dir='ltr'><strong>ἄπεισι</strong></span> <span class='ocrx_word' id='word_1_533' title='bbox 634 2807 710 2842; x_wconf 76' lang='grc' dir='ltr'><strong>παρὰ</strong></span> <span class='ocrx_word' id='word_1_534' title='bbox 720 2805 824 2837; x_wconf 76' lang='grc' dir='ltr'><strong>τοῦτον,</strong></span> <span class='ocrx_word' id='word_1_535' title='bbox 836 2805 883 2831; x_wconf 73' lang='grc' dir='ltr'><strong>καὶ</strong></span> <span class='ocrx_word' id='word_1_536' title='bbox 896 2805 983 2831; x_wconf 81' lang='grc' dir='ltr'><strong>ἀσπά-</strong></span> 
     </span>
    </p>
   </div>
   <div class='ocr_carea' id='block_1_73' title="bbox 201 2850 982 2894">
    <p class='ocr_par' dir='ltr' id='par_1_73' title="bbox 201 2850 982 2894">
     <span class='ocr_line' id='line_1_73' title="bbox 201 2850 982 2894; baseline -0.013 -8"><span class='ocrx_word' id='word_1_537' title='bbox 201 2861 328 2894; x_wconf 74' lang='grc' dir='ltr'><strong>σάμευος,</strong></span> <span class='ocrx_word' id='word_1_538' title='bbox 354 2856 387 2883; x_wconf 83' lang='grc' dir='ltr'><strong>Εἴ</strong></span> <span class='ocrx_word' id='word_1_539' title='bbox 405 2864 434 2881; x_wconf 81' lang='grc' dir='ltr'><strong>σε</strong></span> <span class='ocrx_word' id='word_1_540' title='bbox 461 2854 545 2889; x_wconf 70' lang='grc' dir='ltr'><strong>ᾔδειν,</strong></span> <span class='ocrx_word' id='word_1_541' title='bbox 569 2853 666 2888; x_wconf 82' lang='grc' dir='ltr'><strong>πάτερ,</strong></span> <span class='ocrx_word' id='word_1_542' title='bbox 697 2851 762 2886; x_wconf 80' lang='grc' dir='ltr'><strong>ἐγὼ,</strong></span> <span class='ocrx_word' id='word_1_543' title='bbox 779 2851 872 2886; x_wconf 66' lang='grc' dir='ltr'><strong>φησιν,</strong></span> <span class='ocrx_word' id='word_1_544' title='bbox 896 2850 982 2885; x_wconf 74' lang='grc' dir='ltr'><strong>ἡδέως</strong></span> 
     </span>
    </p>
   </div>
   <div class='ocr_carea' id='block_1_74' title="bbox 341 2899 673 2935">
    <p class='ocr_par' dir='ltr' id='par_1_74' title="bbox 341 2899 673 2935">
     <span class='ocr_line' id='line_1_74' title="bbox 341 2899 673 2935; baseline -0.018 0"><span class='ocrx_word' id='word_1_545' title='bbox 341 2906 473 2935; x_wconf 60' lang='grc' dir='ltr'><strong>Ρλτιιοι..</strong></span> <span class='ocrx_word' id='word_1_546' title='bbox 498 2901 557 2930; x_wconf 64' lang='grc' dir='ltr'><strong>(ἐκ.</strong></span> <span class='ocrx_word' id='word_1_547' title='bbox 582 2899 673 2931; x_wconf 72' lang='lat' dir='ltr'><strong>CXV.</strong></span> 
     </span>
    </p>
   </div>
   <div class='ocr_carea' id='block_1_75' title="bbox 1065 799 1814 838">
    <p class='ocr_par' dir='ltr' id='par_1_75' title="bbox 1065 799 1814 838">
     <span class='ocr_line' id='line_1_75' title="bbox 1065 799 1814 838; baseline -0.001 -8"><span class='ocrx_word' id='word_1_548' title='bbox 1065 803 1110 830; x_wconf 67' lang='lat' dir='ltr'><strong>XI.</strong></span> <span class='ocrx_word' id='word_1_549' title='bbox 1134 803 1202 830; x_wconf 91' lang='lat' dir='ltr'><strong>Cum</strong></span> <span class='ocrx_word' id='word_1_550' title='bbox 1230 807 1319 830; x_wconf 81' lang='lat' dir='ltr'><strong>autem</strong></span> <span class='ocrx_word' id='word_1_551' title='bbox 1339 801 1412 838; x_wconf 88' lang='lat' dir='ltr'><strong>qttod</strong></span> <span class='ocrx_word' id='word_1_552' title='bbox 1441 800 1467 827; x_wconf 93' lang='lat' dir='ltr'><strong>in</strong></span> <span class='ocrx_word' id='word_1_553' title='bbox 1490 800 1629 836; x_wconf 83' lang='lat' dir='ltr'><strong>Phrygella</strong></span> <span class='ocrx_word' id='word_1_554' title='bbox 1644 799 1744 828; x_wconf 84' lang='lat' dir='ltr'><strong>factum</strong></span> <span class='ocrx_word' id='word_1_555' title='bbox 1761 801 1814 829; x_wconf 81' lang='lat' dir='ltr'><strong>fuit</strong></span> 
     </span>
    </p>
   </div>
   <div class='ocr_carea' id='block_1_76' title="bbox 1032 847 1810 881">
    <p class='ocr_par' dir='ltr' id='par_1_76' title="bbox 1032 847 1810 881">
     <span class='ocr_line' id='line_1_76' title="bbox 1032 847 1810 881; baseline -0.001 -6"><span class='ocrx_word' id='word_1_556' title='bbox 1032 849 1203 880; x_wconf 82' lang='lat' dir='ltr'><strong>miraculum.</strong></span> <span class='ocrx_word' id='word_1_557' title='bbox 1231 849 1258 875; x_wconf 92' lang='lat' dir='ltr'><strong>in</strong></span> <span class='ocrx_word' id='word_1_558' title='bbox 1285 848 1384 875; x_wconf 85' lang='lat' dir='ltr'><strong>multas</strong></span> <span class='ocrx_word' id='word_1_559' title='bbox 1420 851 1498 874; x_wconf 72' lang='lat' dir='ltr'><strong>terra:</strong></span> <span class='ocrx_word' id='word_1_560' title='bbox 1526 850 1615 881; x_wconf 84' lang='lat' dir='ltr'><strong>partes</strong></span> <span class='ocrx_word' id='word_1_561' title='bbox 1636 847 1810 880; x_wconf 80' lang='lat' dir='ltr'><strong>pervasisset.</strong></span> 
     </span>
    </p>
   </div>
   <div class='ocr_carea' id='block_1_77' title="bbox 1029 893 1814 928">
    <p class='ocr_par' dir='ltr' id='par_1_77' title="bbox 1029 893 1814 928">
     <span class='ocr_line' id='line_1_77' title="bbox 1029 893 1814 928; baseline -0.004 -6"><span class='ocrx_word' id='word_1_562' title='bbox 1029 895 1162 922; x_wconf 87' lang='lat' dir='ltr'><strong>accedunt</strong></span> <span class='ocrx_word' id='word_1_563' title='bbox 1178 895 1210 921; x_wconf 88' lang='lat' dir='ltr'><strong>ad</strong></span> <span class='ocrx_word' id='word_1_564' title='bbox 1241 902 1303 921; x_wconf 89' lang='lat' dir='ltr'><strong>eum</strong></span> <span class='ocrx_word' id='word_1_565' title='bbox 1330 899 1384 920; x_wconf 75' lang='lat' dir='ltr'><strong>tres</strong></span> <span class='ocrx_word' id='word_1_566' title='bbox 1405 894 1512 924; x_wconf 53' lang='lat' dir='ltr'><strong>vetula,</strong></span> <span class='ocrx_word' id='word_1_567' title='bbox 1541 899 1601 926; x_wconf 70' lang='lat' dir='ltr'><strong>qua:</strong></span> <span class='ocrx_word' id='word_1_568' title='bbox 1626 893 1691 926; x_wconf 79' lang='lat' dir='ltr'><strong>ipsa:</strong></span> <span class='ocrx_word' id='word_1_569' title='bbox 1706 901 1814 928; x_wconf 88' lang='lat' dir='ltr'><strong>quoque</strong></span> 
     </span>
    </p>
   </div>
   <div class='ocr_carea' id='block_1_78' title="bbox 1029 937 1812 971">
    <p class='ocr_par' dir='ltr' id='par_1_78' title="bbox 1029 937 1812 971">
     <span class='ocr_line' id='line_1_78' title="bbox 1029 937 1812 971; baseline -0.004 -4"><span class='ocrx_word' id='word_1_570' title='bbox 1029 945 1107 968; x_wconf 87' lang='lat' dir='ltr'><strong>crant</strong></span> <span class='ocrx_word' id='word_1_571' title='bbox 1141 940 1242 967; x_wconf 70' lang='lat' dir='ltr'><strong>orbatm</strong></span> <span class='ocrx_word' id='word_1_572' title='bbox 1273 939 1369 971; x_wconf 91' lang='lat' dir='ltr'><strong>oculis,</strong></span> <span class='ocrx_word' id='word_1_573' title='bbox 1391 939 1514 965; x_wconf 87' lang='lat' dir='ltr'><strong>dicentes</strong></span> <span class='ocrx_word' id='word_1_574' title='bbox 1531 947 1538 964; x_wconf 88' lang='lat'><strong>:</strong></span> <span class='ocrx_word' id='word_1_575' title='bbox 1556 937 1611 964; x_wconf 85' lang='lat' dir='ltr'><strong>Nos</strong></span> <span class='ocrx_word' id='word_1_576' title='bbox 1626 938 1707 965; x_wconf 84' lang='lat' dir='ltr'><strong>etiam</strong></span> <span class='ocrx_word' id='word_1_577' title='bbox 1722 938 1812 965; x_wconf 77' lang='lat' dir='ltr'><strong>credi-</strong></span> 
     </span>
    </p>
   </div>
   <div class='ocr_carea' id='block_1_79' title="bbox 1029 983 1811 1020">
    <p class='ocr_par' dir='ltr' id='par_1_79' title="bbox 1029 983 1811 1020">
     <span class='ocr_line' id='line_1_79' title="bbox 1029 983 1811 1020; baseline -0.006 -6"><span class='ocrx_word' id='word_1_578' title='bbox 1029 995 1088 1013; x_wconf 88' lang='lat' dir='ltr'><strong>mus</strong></span> <span class='ocrx_word' id='word_1_579' title='bbox 1105 987 1130 1013; x_wconf 91' lang='lat' dir='ltr'><strong>in</strong></span> <span class='ocrx_word' id='word_1_580' title='bbox 1146 986 1248 1018; x_wconf 83' lang='lat' dir='ltr'><strong>Jesum,</strong></span> <span class='ocrx_word' id='word_1_581' title='bbox 1262 985 1307 1020; x_wconf 88' lang='lat' dir='ltr'><strong>qui</strong></span> <span class='ocrx_word' id='word_1_582' title='bbox 1323 994 1336 1011; x_wconf 86' lang='lat' dir='ltr'><strong>a</strong></span> <span class='ocrx_word' id='word_1_583' title='bbox 1352 989 1376 1011; x_wconf 88' lang='lat' dir='ltr'><strong>te</strong></span> <span class='ocrx_word' id='word_1_584' title='bbox 1393 983 1565 1018; x_wconf 59' lang='lat' dir='ltr'><strong>pratdicatur.</strong></span> <span class='ocrx_word' id='word_1_585' title='bbox 1590 985 1726 1018; x_wconf 84' lang='lat' dir='ltr'><strong>Appareat</strong></span> <span class='ocrx_word' id='word_1_586' title='bbox 1747 993 1811 1019; x_wconf 78' lang='lat' dir='ltr'><strong>ergo</strong></span> 
     </span>
    </p>
   </div>
   <div class='ocr_carea' id='block_1_80' title="bbox 1029 1029 1812 1066">
    <p class='ocr_par' dir='ltr' id='par_1_80' title="bbox 1029 1029 1812 1066">
     <span class='ocr_line' id='line_1_80' title="bbox 1029 1029 1812 1066; baseline -0.003 -7"><span class='ocrx_word' id='word_1_587' title='bbox 1029 1033 1056 1059; x_wconf 91' lang='lat' dir='ltr'><strong>in</strong></span> <span class='ocrx_word' id='word_1_588' title='bbox 1068 1040 1118 1059; x_wconf 91' lang='lat' dir='ltr'><strong>nos</strong></span> <span class='ocrx_word' id='word_1_589' title='bbox 1139 1039 1246 1066; x_wconf 88' lang='lat' dir='ltr'><strong>quoqtte</strong></span> <span class='ocrx_word' id='word_1_590' title='bbox 1265 1031 1324 1065; x_wconf 81' lang='lat' dir='ltr'><strong>ejus</strong></span> <span class='ocrx_word' id='word_1_591' title='bbox 1347 1030 1501 1062; x_wconf 85' lang='lat' dir='ltr'><strong>clementia,</strong></span> <span class='ocrx_word' id='word_1_592' title='bbox 1531 1034 1558 1056; x_wconf 88' lang='lat' dir='ltr'><strong>et</strong></span> <span class='ocrx_word' id='word_1_593' title='bbox 1583 1029 1661 1056; x_wconf 86' lang='lat' dir='ltr'><strong>nobis</strong></span> <span class='ocrx_word' id='word_1_594' title='bbox 1677 1030 1775 1060; x_wconf 80' lang='lat' dir='ltr'><strong>lucem.</strong></span> <span class='ocrx_word' id='word_1_595' title='bbox 1796 1038 1812 1057; x_wconf 89' lang='grc' dir='ltr'><strong>ο</strong></span> 
     </span>
    </p>
   </div>
   <div class='ocr_carea' id='block_1_81' title="bbox 1028 1075 1810 1111">
    <p class='ocr_par' dir='ltr' id='par_1_81' title="bbox 1028 1075 1810 1111">
     <span class='ocr_line' id='line_1_81' title="bbox 1028 1075 1810 1111; baseline -0.004 -6"><span class='ocrx_word' id='word_1_596' title='bbox 1028 1081 1068 1106; x_wconf 81' lang='lat' dir='ltr'><strong>vir</strong></span> <span class='ocrx_word' id='word_1_597' title='bbox 1083 1079 1250 1110; x_wconf 72' lang='lat' dir='ltr'><strong>admiranda,</strong></span> <span class='ocrx_word' id='word_1_598' title='bbox 1264 1077 1386 1109; x_wconf 85' lang='lat' dir='ltr'><strong>ostende,</strong></span> <span class='ocrx_word' id='word_1_599' title='bbox 1399 1077 1469 1103; x_wconf 86' lang='lat' dir='ltr'><strong>sicut</strong></span> <span class='ocrx_word' id='word_1_600' title='bbox 1480 1076 1634 1111; x_wconf 77' lang='lat' dir='ltr'><strong>Pbrygellae.</strong></span> <span class='ocrx_word' id='word_1_601' title='bbox 1648 1075 1695 1103; x_wconf 84' lang='lat' dir='ltr'><strong>Ille</strong></span> <span class='ocrx_word' id='word_1_602' title='bbox 1708 1081 1810 1107; x_wconf 83' lang='lat' dir='ltr'><strong>autem,</strong></span> 
     </span>
    </p>
   </div>
   <div class='ocr_carea' id='block_1_82' title="bbox 1029 1121 1811 1157">
    <p class='ocr_par' dir='ltr' id='par_1_82' title="bbox 1029 1121 1811 1157">
     <span class='ocr_line' id='line_1_82' title="bbox 1029 1121 1811 1157; baseline -0.004 -6"><span class='ocrx_word' id='word_1_603' title='bbox 1029 1124 1056 1151; x_wconf 91' lang='lat' dir='ltr'><strong>Si</strong></span> <span class='ocrx_word' id='word_1_604' title='bbox 1079 1124 1145 1151; x_wconf 76' lang='lat' dir='ltr'><strong>fides</strong></span> <span class='ocrx_word' id='word_1_605' title='bbox 1160 1129 1260 1154; x_wconf 86' lang='lat' dir='ltr'><strong>vestra,</strong></span> <span class='ocrx_word' id='word_1_606' title='bbox 1290 1123 1389 1157; x_wconf 89' lang='lat' dir='ltr'><strong>inquit,</strong></span> <span class='ocrx_word' id='word_1_607' title='bbox 1418 1129 1480 1148; x_wconf 84' lang='lat' dir='ltr'><strong>vera</strong></span> <span class='ocrx_word' id='word_1_608' title='bbox 1497 1125 1539 1148; x_wconf 88' lang='lat' dir='ltr'><strong>est</strong></span> <span class='ocrx_word' id='word_1_609' title='bbox 1564 1122 1590 1148; x_wconf 90' lang='lat' dir='ltr'><strong>in</strong></span> <span class='ocrx_word' id='word_1_610' title='bbox 1606 1129 1699 1148; x_wconf 84' lang='lat' dir='ltr'><strong>verum</strong></span> <span class='ocrx_word' id='word_1_611' title='bbox 1715 1121 1811 1152; x_wconf 80' lang='lat' dir='ltr'><strong>Deum,</strong></span> 
     </span>
    </p>
   </div>
   <div class='ocr_carea' id='block_1_83' title="bbox 1027 1167 1812 1202">
    <p class='ocr_par' dir='ltr' id='par_1_83' title="bbox 1027 1167 1812 1202">
     <span class='ocr_line' id='line_1_83' title="bbox 1027 1167 1812 1202; baseline -0.004 -5"><span class='ocrx_word' id='word_1_612' title='bbox 1027 1171 1099 1198; x_wconf 83' lang='lat' dir='ltr'><strong>sicut</strong></span> <span class='ocrx_word' id='word_1_613' title='bbox 1113 1170 1215 1202; x_wconf 81' lang='lat' dir='ltr'><strong>dicitis,</strong></span> <span class='ocrx_word' id='word_1_614' title='bbox 1251 1177 1313 1197; x_wconf 82' lang='lat' dir='ltr'><strong>eunt</strong></span> <span class='ocrx_word' id='word_1_615' title='bbox 1330 1168 1456 1195; x_wconf 75' lang='lat' dir='ltr'><strong>videbitis</strong></span> <span class='ocrx_word' id='word_1_616' title='bbox 1483 1167 1573 1195; x_wconf 82' lang='lat' dir='ltr'><strong>cordis</strong></span> <span class='ocrx_word' id='word_1_617' title='bbox 1586 1168 1683 1201; x_wconf 73' lang='lat' dir='ltr'><strong>oculis,</strong></span> <span class='ocrx_word' id='word_1_618' title='bbox 1700 1168 1745 1202; x_wconf 88' lang='lat' dir='ltr'><strong>qui</strong></span> <span class='ocrx_word' id='word_1_619' title='bbox 1765 1175 1812 1194; x_wconf 86' lang='lat' dir='ltr'><strong>ca-</strong></span> 
     </span>
    </p>
   </div>
   <div class='ocr_carea' id='block_1_84' title="bbox 1028 1213 1813 1250">
    <p class='ocr_par' dir='ltr' id='par_1_84' title="bbox 1028 1213 1813 1250">
     <span class='ocr_line' id='line_1_84' title="bbox 1028 1213 1813 1250; baseline -0.005 -7"><span class='ocrx_word' id='word_1_620' title='bbox 1028 1216 1096 1243; x_wconf 87' lang='lat' dir='ltr'><strong>dunt</strong></span> <span class='ocrx_word' id='word_1_621' title='bbox 1120 1216 1171 1242; x_wconf 87' lang='lat' dir='ltr'><strong>sub</strong></span> <span class='ocrx_word' id='word_1_622' title='bbox 1189 1215 1405 1250; x_wconf 70' lang='lat' dir='ltr'><strong>intelligentiam.</strong></span> <span class='ocrx_word' id='word_1_623' title='bbox 1432 1213 1492 1240; x_wconf 63' lang='lat' dir='ltr'><strong>llaec</strong></span> <span class='ocrx_word' id='word_1_624' title='bbox 1512 1213 1589 1245; x_wconf 84' lang='lat' dir='ltr'><strong>dixit,</strong></span> <span class='ocrx_word' id='word_1_625' title='bbox 1620 1218 1723 1240; x_wconf 88' lang='lat' dir='ltr'><strong>etcum</strong></span> <span class='ocrx_word' id='word_1_626' title='bbox 1750 1220 1813 1240; x_wconf 78' lang='lat' dir='ltr'><strong>sus-</strong></span> 
     </span>
    </p>
   </div>
   <div class='ocr_carea' id='block_1_85' title="bbox 1028 1257 1812 1292">
    <p class='ocr_par' dir='ltr' id='par_1_85' title="bbox 1028 1257 1812 1292">
     <span class='ocr_line' id='line_1_85' title="bbox 1028 1257 1812 1292; baseline -0.001 -7"><span class='ocrx_word' id='word_1_627' title='bbox 1028 1260 1135 1287; x_wconf 81' lang='lat' dir='ltr'><strong>tulisset</strong></span> <span class='ocrx_word' id='word_1_628' title='bbox 1164 1259 1258 1286; x_wconf 90' lang='lat' dir='ltr'><strong>oculos</strong></span> <span class='ocrx_word' id='word_1_629' title='bbox 1293 1268 1300 1286; x_wconf 87' lang='lat'><strong>:</strong></span> <span class='ocrx_word' id='word_1_630' title='bbox 1332 1258 1444 1285; x_wconf 87' lang='lat' dir='ltr'><strong>Domine</strong></span> <span class='ocrx_word' id='word_1_631' title='bbox 1474 1257 1536 1285; x_wconf 80' lang='lat' dir='ltr'><strong>Jcsu</strong></span> <span class='ocrx_word' id='word_1_632' title='bbox 1562 1258 1680 1289; x_wconf 82' lang='lat' dir='ltr'><strong>Christe,</strong></span> <span class='ocrx_word' id='word_1_633' title='bbox 1714 1258 1812 1292; x_wconf 91' lang='lat' dir='ltr'><strong>inquit,</strong></span> 
     </span>
    </p>
   </div>
   <div class='ocr_carea' id='block_1_86' title="bbox 1028 1303 1814 1340">
    <p class='ocr_par' dir='ltr' id='par_1_86' title="bbox 1028 1303 1814 1340">
     <span class='ocr_line' id='line_1_86' title="bbox 1028 1303 1814 1340; baseline -0.001 -9"><span class='ocrx_word' id='word_1_634' title='bbox 1028 1312 1096 1340; x_wconf 82' lang='lat' dir='ltr'><strong>rogo</strong></span> <span class='ocrx_word' id='word_1_635' title='bbox 1128 1310 1164 1337; x_wconf 77' lang='lat' dir='ltr'><strong>te,</strong></span> <span class='ocrx_word' id='word_1_636' title='bbox 1181 1305 1291 1331; x_wconf 84' lang='lat' dir='ltr'><strong>videant</strong></span> <span class='ocrx_word' id='word_1_637' title='bbox 1315 1304 1379 1338; x_wconf 71' lang='lat' dir='ltr'><strong>ipsa:</strong></span> <span class='ocrx_word' id='word_1_638' title='bbox 1408 1311 1516 1338; x_wconf 88' lang='lat' dir='ltr'><strong>quoque</strong></span> <span class='ocrx_word' id='word_1_639' title='bbox 1540 1303 1629 1330; x_wconf 89' lang='lat' dir='ltr'><strong>lucem</strong></span> <span class='ocrx_word' id='word_1_640' title='bbox 1657 1308 1708 1330; x_wconf 76' lang='lat' dir='ltr'><strong>tua:</strong></span> <span class='ocrx_word' id='word_1_641' title='bbox 1739 1303 1814 1338; x_wconf 88' lang='lat' dir='ltr'><strong>agni-</strong></span> 
     </span>
    </p>
   </div>
   <div class='ocr_carea' id='block_1_87' title="bbox 1029 1348 1814 1385">
    <p class='ocr_par' dir='ltr' id='par_1_87' title="bbox 1029 1348 1814 1385">
     <span class='ocr_line' id='line_1_87' title="bbox 1029 1348 1814 1385; baseline -0.001 -8"><span class='ocrx_word' id='word_1_642' title='bbox 1029 1351 1112 1378; x_wconf 84' lang='lat' dir='ltr'><strong>tionis</strong></span> <span class='ocrx_word' id='word_1_643' title='bbox 1129 1361 1136 1378; x_wconf 87' lang='lat'><strong>:</strong></span> <span class='ocrx_word' id='word_1_644' title='bbox 1151 1356 1177 1377; x_wconf 88' lang='lat' dir='ltr'><strong>et</strong></span> <span class='ocrx_word' id='word_1_645' title='bbox 1198 1351 1232 1377; x_wconf 91' lang='lat' dir='ltr'><strong>ab</strong></span> <span class='ocrx_word' id='word_1_646' title='bbox 1245 1358 1286 1383; x_wconf 91' lang='lat' dir='ltr'><strong>ea,</strong></span> <span class='ocrx_word' id='word_1_647' title='bbox 1299 1358 1359 1385; x_wconf 65' lang='lat' dir='ltr'><strong>quae</strong></span> <span class='ocrx_word' id='word_1_648' title='bbox 1377 1354 1416 1376; x_wconf 86' lang='lat' dir='ltr'><strong>est</strong></span> <span class='ocrx_word' id='word_1_649' title='bbox 1440 1350 1480 1376; x_wconf 90' lang='lat' dir='ltr'><strong>eis</strong></span> <span class='ocrx_word' id='word_1_650' title='bbox 1501 1348 1596 1382; x_wconf 78' lang='lat' dir='ltr'><strong>offusa,</strong></span> <span class='ocrx_word' id='word_1_651' title='bbox 1631 1349 1750 1376; x_wconf 71' lang='lat' dir='ltr'><strong>liberata:</strong></span> <span class='ocrx_word' id='word_1_652' title='bbox 1768 1357 1814 1377; x_wconf 88' lang='lat' dir='ltr'><strong>ca-</strong></span> 
     </span>
    </p>
   </div>
   <div class='ocr_carea' id='block_1_88' title="bbox 1031 1394 1811 1431">
    <p class='ocr_par' dir='ltr' id='par_1_88' title="bbox 1031 1394 1811 1431">
     <span class='ocr_line' id='line_1_88' title="bbox 1031 1394 1811 1431; baseline -0.001 -9"><span class='ocrx_word' id='word_1_653' title='bbox 1031 1396 1123 1431; x_wconf 83' lang='lat' dir='ltr'><strong>ligine,</strong></span> <span class='ocrx_word' id='word_1_654' title='bbox 1147 1396 1292 1431; x_wconf 81' lang='lat' dir='ltr'><strong>aspiciant,</strong></span> <span class='ocrx_word' id='word_1_655' title='bbox 1327 1395 1451 1426; x_wconf 85' lang='lat' dir='ltr'><strong>Domine,</strong></span> <span class='ocrx_word' id='word_1_656' title='bbox 1481 1394 1572 1421; x_wconf 79' lang='lat' dir='ltr'><strong>radios</strong></span> <span class='ocrx_word' id='word_1_657' title='bbox 1603 1399 1654 1422; x_wconf 68' lang='lat' dir='ltr'><strong>tuae</strong></span> <span class='ocrx_word' id='word_1_658' title='bbox 1679 1395 1811 1422; x_wconf 75' lang='lat' dir='ltr'><strong>veritatis.</strong></span> 
     </span>
    </p>
   </div>
   <div class='ocr_carea' id='block_1_89' title="bbox 1030 1439 1812 1476">
    <p class='ocr_par' dir='ltr' id='par_1_89' title="bbox 1030 1439 1812 1476">
     <span class='ocr_line' id='line_1_89' title="bbox 1030 1439 1812 1476; baseline -0.004 -8"><span class='ocrx_word' id='word_1_659' title='bbox 1030 1441 1075 1468; x_wconf 89' lang='lat' dir='ltr'><strong>Sic</strong></span> <span class='ocrx_word' id='word_1_660' title='bbox 1095 1445 1136 1468; x_wconf 88' lang='lat' dir='ltr'><strong>est</strong></span> <span class='ocrx_word' id='word_1_661' title='bbox 1162 1445 1289 1476; x_wconf 80' lang='lat' dir='ltr'><strong>precatus</strong></span> <span class='ocrx_word' id='word_1_662' title='bbox 1304 1449 1311 1466; x_wconf 92' lang='lat'><strong>:</strong></span> <span class='ocrx_word' id='word_1_663' title='bbox 1332 1445 1358 1467; x_wconf 87' lang='lat' dir='ltr'><strong>et</strong></span> <span class='ocrx_word' id='word_1_664' title='bbox 1374 1447 1438 1467; x_wconf 88' lang='lat' dir='ltr'><strong>ecce</strong></span> <span class='ocrx_word' id='word_1_665' title='bbox 1450 1440 1550 1471; x_wconf 86' lang='lat' dir='ltr'><strong>locum,</strong></span> <span class='ocrx_word' id='word_1_666' title='bbox 1582 1439 1609 1466; x_wconf 96' lang='lat' dir='ltr'><strong>in</strong></span> <span class='ocrx_word' id='word_1_667' title='bbox 1622 1447 1676 1474; x_wconf 90' lang='lat' dir='ltr'><strong>quo</strong></span> <span class='ocrx_word' id='word_1_668' title='bbox 1693 1439 1812 1471; x_wconf 71' lang='lat' dir='ltr'><strong>stabant,</strong></span> 
     </span>
    </p>
   </div>
   <div class='ocr_carea' id='block_1_90' title="bbox 1031 1485 1811 1521">
    <p class='ocr_par' dir='ltr' id='par_1_90' title="bbox 1031 1485 1811 1521">
     <span class='ocr_line' id='line_1_90' title="bbox 1031 1485 1811 1521; baseline 0 -9"><span class='ocrx_word' id='word_1_669' title='bbox 1031 1494 1127 1521; x_wconf 77' lang='lat' dir='ltr'><strong>magna</strong></span> <span class='ocrx_word' id='word_1_670' title='bbox 1145 1486 1189 1512; x_wconf 88' lang='lat' dir='ltr'><strong>lux</strong></span> <span class='ocrx_word' id='word_1_671' title='bbox 1208 1485 1390 1513; x_wconf 79' lang='lat' dir='ltr'><strong>circumfulsit</strong></span> <span class='ocrx_word' id='word_1_672' title='bbox 1402 1485 1520 1521; x_wconf 84' lang='lat' dir='ltr'><strong>desuper</strong></span> <span class='ocrx_word' id='word_1_673' title='bbox 1535 1495 1543 1513; x_wconf 85' lang='lat'><strong>:</strong></span> <span class='ocrx_word' id='word_1_674' title='bbox 1557 1490 1584 1513; x_wconf 89' lang='lat' dir='ltr'><strong>et</strong></span> <span class='ocrx_word' id='word_1_675' title='bbox 1597 1493 1692 1513; x_wconf 90' lang='lat' dir='ltr'><strong>omnes</strong></span> <span class='ocrx_word' id='word_1_676' title='bbox 1707 1486 1734 1512; x_wconf 92' lang='lat' dir='ltr'><strong>in</strong></span> <span class='ocrx_word' id='word_1_677' title='bbox 1756 1491 1811 1512; x_wconf 85' lang='lat' dir='ltr'><strong>ter-</strong></span> 
     </span>
    </p>
   </div>
   <div class='ocr_carea' id='block_1_91' title="bbox 1031 1531 1813 1567">
    <p class='ocr_par' dir='ltr' id='par_1_91' title="bbox 1031 1531 1813 1567">
     <span class='ocr_line' id='line_1_91' title="bbox 1031 1531 1813 1567; baseline 0 -9"><span class='ocrx_word' id='word_1_678' title='bbox 1031 1539 1087 1558; x_wconf 88' lang='lat' dir='ltr'><strong>ratu</strong></span> <span class='ocrx_word' id='word_1_679' title='bbox 1099 1531 1256 1558; x_wconf 84' lang='lat' dir='ltr'><strong>ceciderunt</strong></span> <span class='ocrx_word' id='word_1_680' title='bbox 1267 1531 1446 1565; x_wconf 80' lang='lat' dir='ltr'><strong>obstupefacti</strong></span> <span class='ocrx_word' id='word_1_681' title='bbox 1457 1532 1621 1566; x_wconf 86' lang='lat' dir='ltr'><strong>spectaculo.</strong></span> <span class='ocrx_word' id='word_1_682' title='bbox 1632 1532 1703 1567; x_wconf 90' lang='lat' dir='ltr'><strong>quod</strong></span> <span class='ocrx_word' id='word_1_683' title='bbox 1715 1537 1813 1566; x_wconf 69' lang='lat' dir='ltr'><strong>praeter</strong></span> 
     </span>
    </p>
   </div>
   <div class='ocr_carea' id='block_1_92' title="bbox 1030 1575 1815 1612">
    <p class='ocr_par' dir='ltr' id='par_1_92' title="bbox 1030 1575 1815 1612">
     <span class='ocr_line' id='line_1_92' title="bbox 1030 1575 1815 1612; baseline 0.001 -9"><span class='ocrx_word' id='word_1_684' title='bbox 1030 1576 1186 1610; x_wconf 87' lang='lat' dir='ltr'><strong>opinionem</strong></span> <span class='ocrx_word' id='word_1_685' title='bbox 1203 1581 1340 1603; x_wconf 83' lang='lat' dir='ltr'><strong>evenerat.</strong></span> <span class='ocrx_word' id='word_1_686' title='bbox 1364 1575 1423 1604; x_wconf 81' lang='lat' dir='ltr'><strong>Non</strong></span> <span class='ocrx_word' id='word_1_687' title='bbox 1446 1581 1504 1604; x_wconf 86' lang='lat' dir='ltr'><strong>erat</strong></span> <span class='ocrx_word' id='word_1_688' title='bbox 1535 1582 1626 1605; x_wconf 89' lang='lat' dir='ltr'><strong>autetn</strong></span> <span class='ocrx_word' id='word_1_689' title='bbox 1653 1578 1708 1609; x_wconf 78' lang='lat' dir='ltr'><strong>lux,</strong></span> <span class='ocrx_word' id='word_1_690' title='bbox 1723 1577 1815 1612; x_wconf 79' lang='lat' dir='ltr'><strong>cujus-</strong></span> 
     </span>
    </p>
   </div>
   <div class='ocr_carea' id='block_1_93' title="bbox 1029 1623 1813 1658">
    <p class='ocr_par' dir='ltr' id='par_1_93' title="bbox 1029 1623 1813 1658">
     <span class='ocr_line' id='line_1_93' title="bbox 1029 1623 1813 1658; baseline 0.003 -9"><span class='ocrx_word' id='word_1_691' title='bbox 1029 1623 1101 1650; x_wconf 92' lang='lat' dir='ltr'><strong>modi</strong></span> <span class='ocrx_word' id='word_1_692' title='bbox 1117 1631 1148 1650; x_wconf 80' lang='lat' dir='ltr'><strong>ea</strong></span> <span class='ocrx_word' id='word_1_693' title='bbox 1164 1628 1215 1655; x_wconf 87' lang='lat' dir='ltr'><strong>est,</strong></span> <span class='ocrx_word' id='word_1_694' title='bbox 1238 1631 1297 1657; x_wconf 67' lang='lat' dir='ltr'><strong>quae</strong></span> <span class='ocrx_word' id='word_1_695' title='bbox 1327 1623 1402 1651; x_wconf 92' lang='lat' dir='ltr'><strong>venit</strong></span> <span class='ocrx_word' id='word_1_696' title='bbox 1432 1631 1465 1651; x_wconf 87' lang='lat' dir='ltr'><strong>ex</strong></span> <span class='ocrx_word' id='word_1_697' title='bbox 1493 1624 1551 1651; x_wconf 85' lang='lat' dir='ltr'><strong>sole</strong></span> <span class='ocrx_word' id='word_1_698' title='bbox 1582 1628 1608 1650; x_wconf 88' lang='lat' dir='ltr'><strong>et</strong></span> <span class='ocrx_word' id='word_1_699' title='bbox 1623 1623 1743 1658; x_wconf 78' lang='lat' dir='ltr'><strong>fulgure,</strong></span> <span class='ocrx_word' id='word_1_700' title='bbox 1765 1624 1813 1651; x_wconf 87' lang='lat' dir='ltr'><strong>sed</strong></span> 
     </span>
    </p>
   </div>
   <div class='ocr_carea' id='block_1_94' title="bbox 1029 1668 1814 1704">
    <p class='ocr_par' dir='ltr' id='par_1_94' title="bbox 1029 1668 1814 1704">
     <span class='ocr_line' id='line_1_94' title="bbox 1029 1668 1814 1704; baseline 0 -9"><span class='ocrx_word' id='word_1_701' title='bbox 1029 1676 1099 1695; x_wconf 88' lang='lat' dir='ltr'><strong>nova</strong></span> <span class='ocrx_word' id='word_1_702' title='bbox 1128 1676 1250 1704; x_wconf 81' lang='lat' dir='ltr'><strong>prorsus,</strong></span> <span class='ocrx_word' id='word_1_703' title='bbox 1269 1673 1297 1696; x_wconf 90' lang='lat' dir='ltr'><strong>et</strong></span> <span class='ocrx_word' id='word_1_704' title='bbox 1320 1668 1464 1703; x_wconf 85' lang='lat' dir='ltr'><strong>stupenda,</strong></span> <span class='ocrx_word' id='word_1_705' title='bbox 1496 1674 1524 1696; x_wconf 90' lang='lat' dir='ltr'><strong>et</strong></span> <span class='ocrx_word' id='word_1_706' title='bbox 1556 1669 1675 1696; x_wconf 87' lang='lat' dir='ltr'><strong>insueta.</strong></span> <span class='ocrx_word' id='word_1_707' title='bbox 1691 1668 1736 1695; x_wconf 75' lang='lat' dir='ltr'><strong>Ea:</strong></span> <span class='ocrx_word' id='word_1_708' title='bbox 1749 1676 1814 1703; x_wconf 79' lang='lat' dir='ltr'><strong>ergo</strong></span> 
     </span>
    </p>
   </div>
   <div class='ocr_carea' id='block_1_95' title="bbox 1031 1706 1814 1746">
    <p class='ocr_par' dir='ltr' id='par_1_95' title="bbox 1031 1706 1814 1746">
     <span class='ocr_line' id='line_1_95' title="bbox 1031 1706 1814 1746; baseline -0.003 -6"><span class='ocrx_word' id='word_1_709' title='bbox 1031 1713 1138 1741; x_wconf 85' lang='lat' dir='ltr'><strong>stabant</strong></span> <span class='ocrx_word' id='word_1_710' title='bbox 1153 1714 1279 1746; x_wconf 69' lang='lat' dir='ltr'><strong>immotae,</strong></span> <span class='ocrx_word' id='word_1_711' title='bbox 1297 1721 1358 1741; x_wconf 85' lang='lat' dir='ltr'><strong>euut</strong></span> <span class='ocrx_word' id='word_1_712' title='bbox 1375 1721 1469 1740; x_wconf 88' lang='lat' dir='ltr'><strong>omnes</strong></span> <span class='ocrx_word' id='word_1_713' title='bbox 1481 1713 1554 1740; x_wconf 90' lang='lat' dir='ltr'><strong>humi</strong></span> <span class='ocrx_word' id='word_1_714' title='bbox 1574 1706 1736 1740; x_wconf 59' lang='lat' dir='ltr'><strong>cecidissent</strong></span> <span class='ocrx_word' id='word_1_715' title='bbox 1756 1720 1762 1738; x_wconf 92' lang='lat'><strong>:</strong></span> <span class='ocrx_word' id='word_1_716' title='bbox 1786 1716 1814 1739; x_wconf 88' lang='lat' dir='ltr'><strong>et</strong></span> 
     </span>
    </p>
   </div>
   <div class='ocr_carea' id='block_1_96' title="bbox 1031 1758 1815 1795">
    <p class='ocr_par' dir='ltr' id='par_1_96' title="bbox 1031 1758 1815 1795">
     <span class='ocr_line' id='line_1_96' title="bbox 1031 1758 1815 1795; baseline -0.001 -9"><span class='ocrx_word' id='word_1_717' title='bbox 1031 1760 1077 1787; x_wconf 84' lang='lat' dir='ltr'><strong>lux</strong></span> <span class='ocrx_word' id='word_1_718' title='bbox 1092 1760 1146 1793; x_wconf 85' lang='lat' dir='ltr'><strong>illa,</strong></span> <span class='ocrx_word' id='word_1_719' title='bbox 1161 1767 1220 1795; x_wconf 79' lang='lat' dir='ltr'><strong>qua:</strong></span> <span class='ocrx_word' id='word_1_720' title='bbox 1234 1760 1369 1794; x_wconf 87' lang='lat' dir='ltr'><strong>apparttit,</strong></span> <span class='ocrx_word' id='word_1_721' title='bbox 1385 1767 1448 1786; x_wconf 90' lang='lat' dir='ltr'><strong>cum</strong></span> <span class='ocrx_word' id='word_1_722' title='bbox 1470 1759 1548 1786; x_wconf 84' lang='lat' dir='ltr'><strong>valde</strong></span> <span class='ocrx_word' id='word_1_723' title='bbox 1564 1759 1589 1785; x_wconf 93' lang='lat' dir='ltr'><strong>in</strong></span> <span class='ocrx_word' id='word_1_724' title='bbox 1606 1764 1702 1787; x_wconf 85' lang='lat' dir='ltr'><strong>eorum</strong></span> <span class='ocrx_word' id='word_1_725' title='bbox 1719 1758 1815 1786; x_wconf 84' lang='lat' dir='ltr'><strong>oculos</strong></span> 
     </span>
    </p>
   </div>
   <div class='ocr_carea' id='block_1_97' title="bbox 1032 1805 1814 1837">
    <p class='ocr_par' dir='ltr' id='par_1_97' title="bbox 1032 1805 1814 1837">
     <span class='ocr_line' id='line_1_97' title="bbox 1032 1805 1814 1837; baseline 0 -5"><span class='ocrx_word' id='word_1_726' title='bbox 1032 1807 1211 1837; x_wconf 76' lang='lat' dir='ltr'><strong>incubuisset.</strong></span> <span class='ocrx_word' id='word_1_727' title='bbox 1230 1814 1276 1833; x_wconf 86' lang='lat' dir='ltr'><strong>eas</strong></span> <span class='ocrx_word' id='word_1_728' title='bbox 1293 1806 1385 1833; x_wconf 85' lang='lat' dir='ltr'><strong>statim</strong></span> <span class='ocrx_word' id='word_1_729' title='bbox 1407 1806 1471 1833; x_wconf 82' lang='lat' dir='ltr'><strong>fecit</strong></span> <span class='ocrx_word' id='word_1_730' title='bbox 1495 1805 1598 1837; x_wconf 86' lang='lat' dir='ltr'><strong>videre,</strong></span> <span class='ocrx_word' id='word_1_731' title='bbox 1621 1810 1648 1833; x_wconf 89' lang='lat' dir='ltr'><strong>et</strong></span> <span class='ocrx_word' id='word_1_732' title='bbox 1665 1806 1735 1832; x_wconf 88' lang='lat' dir='ltr'><strong>hanc</strong></span> <span class='ocrx_word' id='word_1_733' title='bbox 1750 1813 1814 1832; x_wconf 89' lang='lat' dir='ltr'><strong>sua-</strong></span> 
     </span>
    </p>
   </div>
   <div class='ocr_carea' id='block_1_98' title="bbox 1033 1851 1814 1886">
    <p class='ocr_par' dir='ltr' id='par_1_98' title="bbox 1033 1851 1814 1886">
     <span class='ocr_line' id='line_1_98' title="bbox 1033 1851 1814 1886; baseline 0.001 -9"><span class='ocrx_word' id='word_1_734' title='bbox 1033 1859 1092 1878; x_wconf 86' lang='lat' dir='ltr'><strong>vem</strong></span> <span class='ocrx_word' id='word_1_735' title='bbox 1112 1857 1139 1878; x_wconf 86' lang='lat' dir='ltr'><strong>et</strong></span> <span class='ocrx_word' id='word_1_736' title='bbox 1166 1852 1322 1878; x_wconf 88' lang='lat' dir='ltr'><strong>hominibus</strong></span> <span class='ocrx_word' id='word_1_737' title='bbox 1357 1856 1461 1886; x_wconf 77' lang='lat' dir='ltr'><strong>gratam</strong></span> <span class='ocrx_word' id='word_1_738' title='bbox 1496 1851 1562 1878; x_wconf 84' lang='lat' dir='ltr'><strong>solis</strong></span> <span class='ocrx_word' id='word_1_739' title='bbox 1588 1851 1675 1878; x_wconf 90' lang='lat' dir='ltr'><strong>lucem</strong></span> <span class='ocrx_word' id='word_1_740' title='bbox 1701 1851 1814 1878; x_wconf 90' lang='lat' dir='ltr'><strong>intueri.</strong></span> 
     </span>
    </p>
   </div>
   <div class='ocr_carea' id='block_1_99' title="bbox 1034 1895 1814 1933">
    <p class='ocr_par' dir='ltr' id='par_1_99' title="bbox 1034 1895 1814 1933">
     <span class='ocr_line' id='line_1_99' title="bbox 1034 1895 1814 1933; baseline 0 -11"><span class='ocrx_word' id='word_1_741' title='bbox 1034 1896 1079 1922; x_wconf 82' lang='lat' dir='ltr'><strong>llle</strong></span> <span class='ocrx_word' id='word_1_742' title='bbox 1097 1901 1187 1933; x_wconf 81' lang='lat' dir='ltr'><strong>autem</strong></span> <span class='ocrx_word' id='word_1_743' title='bbox 1206 1903 1267 1922; x_wconf 87' lang='lat' dir='ltr'><strong>cum</strong></span> <span class='ocrx_word' id='word_1_744' title='bbox 1280 1901 1334 1922; x_wconf 91' lang='lat' dir='ltr'><strong>tam</strong></span> <span class='ocrx_word' id='word_1_745' title='bbox 1348 1896 1422 1922; x_wconf 87' lang='lat' dir='ltr'><strong>sanis</strong></span> <span class='ocrx_word' id='word_1_746' title='bbox 1437 1903 1482 1922; x_wconf 88' lang='lat' dir='ltr'><strong>eas</strong></span> <span class='ocrx_word' id='word_1_747' title='bbox 1495 1896 1607 1922; x_wconf 83' lang='lat' dir='ltr'><strong>vidisset</strong></span> <span class='ocrx_word' id='word_1_748' title='bbox 1620 1896 1706 1923; x_wconf 89' lang='lat' dir='ltr'><strong>oculis</strong></span> <span class='ocrx_word' id='word_1_749' title='bbox 1725 1904 1731 1922; x_wconf 91' lang='lat'>:</span> <span class='ocrx_word' id='word_1_750' title='bbox 1745 1895 1814 1928; x_wconf 87' lang='lat' dir='ltr'><strong>Quid</strong></span> 
     </span>
    </p>
   </div>
   <div class='ocr_carea' id='block_1_100' title="bbox 1031 1940 1812 1975">
    <p class='ocr_par' dir='ltr' id='par_1_100' title="bbox 1031 1940 1812 1975">
     <span class='ocr_line' id='line_1_100' title="bbox 1031 1940 1812 1975; baseline 0.001 -8"><span class='ocrx_word' id='word_1_751' title='bbox 1031 1943 1083 1971; x_wconf 84' lang='lat' dir='ltr'><strong>est,</strong></span> <span class='ocrx_word' id='word_1_752' title='bbox 1102 1940 1214 1974; x_wconf 77' lang='lat' dir='ltr'><strong>rogavit,</strong></span> <span class='ocrx_word' id='word_1_753' title='bbox 1233 1940 1305 1974; x_wconf 82' lang='lat' dir='ltr'><strong>quod</strong></span> <span class='ocrx_word' id='word_1_754' title='bbox 1322 1940 1396 1967; x_wconf 89' lang='lat' dir='ltr'><strong>vobis</strong></span> <span class='ocrx_word' id='word_1_755' title='bbox 1407 1941 1540 1974; x_wconf 87' lang='lat' dir='ltr'><strong>apparuit,</strong></span> <span class='ocrx_word' id='word_1_756' title='bbox 1554 1945 1581 1967; x_wconf 86' lang='lat' dir='ltr'><strong>et</strong></span> <span class='ocrx_word' id='word_1_757' title='bbox 1604 1941 1669 1975; x_wconf 88' lang='lat' dir='ltr'><strong>quid</strong></span> <span class='ocrx_word' id='word_1_758' title='bbox 1693 1941 1812 1972; x_wconf 85' lang='lat' dir='ltr'><strong>vidistis,</strong></span> 
     </span>
    </p>
   </div>
   <div class='ocr_carea' id='block_1_101' title="bbox 1031 1985 1812 2021">
    <p class='ocr_par' dir='ltr' id='par_1_101' title="bbox 1031 1985 1812 2021">
     <span class='ocr_line' id='line_1_101' title="bbox 1031 1985 1812 2021; baseline 0 -8"><span class='ocrx_word' id='word_1_759' title='bbox 1031 1993 1094 2013; x_wconf 85' lang='lat' dir='ltr'><strong>eum</strong></span> <span class='ocrx_word' id='word_1_760' title='bbox 1114 1986 1231 2021; x_wconf 90' lang='lat' dir='ltr'><strong>primunt</strong></span> <span class='ocrx_word' id='word_1_761' title='bbox 1246 1986 1408 2021; x_wconf 80' lang='lat' dir='ltr'><strong>aspexistis?</strong></span> <span class='ocrx_word' id='word_1_762' title='bbox 1424 1985 1482 2014; x_wconf 90' lang='lat' dir='ltr'><strong>Una</strong></span> <span class='ocrx_word' id='word_1_763' title='bbox 1499 1991 1591 2013; x_wconf 87' lang='lat' dir='ltr'><strong>autem</strong></span> <span class='ocrx_word' id='word_1_764' title='bbox 1608 1995 1614 2013; x_wconf 93' lang='lat'>:</span> <span class='ocrx_word' id='word_1_765' title='bbox 1638 1986 1749 2019; x_wconf 85' lang='lat' dir='ltr'><strong>Senem,</strong></span> <span class='ocrx_word' id='word_1_766' title='bbox 1767 1987 1812 2013; x_wconf 89' lang='lat' dir='ltr'><strong>in-</strong></span> 
     </span>
    </p>
   </div>
   <div class='ocr_carea' id='block_1_102' title="bbox 1032 2030 1815 2066">
    <p class='ocr_par' dir='ltr' id='par_1_102' title="bbox 1032 2030 1815 2066">
     <span class='ocr_line' id='line_1_102' title="bbox 1032 2030 1815 2066; baseline 0.001 -9"><span class='ocrx_word' id='word_1_767' title='bbox 1032 2031 1179 2065; x_wconf 82' lang='lat' dir='ltr'><strong>quit,_vidi,</strong></span> <span class='ocrx_word' id='word_1_768' title='bbox 1201 2031 1279 2066; x_wconf 84' lang='lat' dir='ltr'><strong>(-ujus</strong></span> <span class='ocrx_word' id='word_1_769' title='bbox 1294 2031 1388 2058; x_wconf 68' lang='lat' dir='ltr'><strong>forma:</strong></span> <span class='ocrx_word' id='word_1_770' title='bbox 1403 2038 1458 2057; x_wconf 90' lang='lat' dir='ltr'><strong>non</strong></span> <span class='ocrx_word' id='word_1_771' title='bbox 1481 2035 1570 2065; x_wconf 83' lang='lat' dir='ltr'><strong>potest</strong></span> <span class='ocrx_word' id='word_1_772' title='bbox 1585 2030 1680 2058; x_wconf 84' lang='lat' dir='ltr'><strong>referri</strong></span> <span class='ocrx_word' id='word_1_773' title='bbox 1692 2031 1815 2066; x_wconf 83' lang='lat' dir='ltr'><strong>pulchri-</strong></span> 
     </span>
    </p>
   </div>
   <div class='ocr_carea' id='block_1_103' title="bbox 1034 2075 1813 2104">
    <p class='ocr_par' dir='ltr' id='par_1_103' title="bbox 1034 2075 1813 2104">
     <span class='ocr_line' id='line_1_103' title="bbox 1034 2075 1813 2104; baseline 0.003 -2"><span class='ocrx_word' id='word_1_774' title='bbox 1034 2076 1098 2102; x_wconf 90' lang='lat' dir='ltr'><strong>tudo</strong></span> <span class='ocrx_word' id='word_1_775' title='bbox 1109 2080 1137 2102; x_wconf 92' lang='lat' dir='ltr'><strong>et</strong></span> <span class='ocrx_word' id='word_1_776' title='bbox 1158 2076 1295 2103; x_wconf 90' lang='lat' dir='ltr'><strong>alacritas.</strong></span> <span class='ocrx_word' id='word_1_777' title='bbox 1325 2076 1414 2103; x_wconf 85' lang='lat' dir='ltr'><strong>Altera</strong></span> <span class='ocrx_word' id='word_1_778' title='bbox 1448 2081 1537 2103; x_wconf 89' lang='lat' dir='ltr'><strong>autem</strong></span> <span class='ocrx_word' id='word_1_779' title='bbox 1555 2085 1561 2103; x_wconf 92' lang='lat'><strong>:</strong></span> <span class='ocrx_word' id='word_1_780' title='bbox 1580 2075 1660 2104; x_wconf 78' lang='lat' dir='ltr'><strong>Visus</strong></span> <span class='ocrx_word' id='word_1_781' title='bbox 1687 2082 1729 2104; x_wconf 89' lang='lat' dir='ltr'><strong>est</strong></span> <span class='ocrx_word' id='word_1_782' title='bbox 1747 2078 1813 2104; x_wconf 87' lang='lat' dir='ltr'><strong>mihi</strong></span> 
     </span>
    </p>
   </div>
   <div class='ocr_carea' id='block_1_104' title="bbox 1034 2121 1814 2160">
    <p class='ocr_par' dir='ltr' id='par_1_104' title="bbox 1034 2121 1814 2160">
     <span class='ocr_line' id='line_1_104' title="bbox 1034 2121 1814 2160; baseline 0.005 -13"><span class='ocrx_word' id='word_1_783' title='bbox 1034 2122 1202 2148; x_wconf 78' lang='lat' dir='ltr'><strong>adolescens.</strong></span> <span class='ocrx_word' id='word_1_784' title='bbox 1219 2121 1308 2149; x_wconf 86' lang='lat' dir='ltr'><strong>Tertia</strong></span> <span class='ocrx_word' id='word_1_785' title='bbox 1324 2130 1388 2149; x_wconf 91' lang='lat' dir='ltr'><strong>vero</strong></span> <span class='ocrx_word' id='word_1_786' title='bbox 1402 2130 1409 2148; x_wconf 85' lang='lat'><strong>:</strong></span> <span class='ocrx_word' id='word_1_787' title='bbox 1428 2122 1507 2155; x_wconf 80' lang='lat' dir='ltr'><strong>Puer,</strong></span> <span class='ocrx_word' id='word_1_788' title='bbox 1521 2122 1618 2157; x_wconf 84' lang='lat' dir='ltr'><strong>inquit,</strong></span> <span class='ocrx_word' id='word_1_789' title='bbox 1637 2131 1711 2151; x_wconf 85' lang='lat' dir='ltr'><strong>meos</strong></span> <span class='ocrx_word' id='word_1_790' title='bbox 1726 2124 1814 2160; x_wconf 85' lang='lat' dir='ltr'><strong>attigit</strong></span> 
     </span>
    </p>
   </div>
   <div class='ocr_carea' id='block_1_105' title="bbox 1034 2166 1813 2201">
    <p class='ocr_par' dir='ltr' id='par_1_105' title="bbox 1034 2166 1813 2201">
     <span class='ocr_line' id='line_1_105' title="bbox 1034 2166 1813 2201; baseline 0.003 -8"><span class='ocrx_word' id='word_1_791' title='bbox 1034 2167 1136 2194; x_wconf 89' lang='lat' dir='ltr'><strong>oculos.</strong></span> <span class='ocrx_word' id='word_1_792' title='bbox 1159 2166 1213 2194; x_wconf 87' lang='lat' dir='ltr'><strong>llas</strong></span> <span class='ocrx_word' id='word_1_793' title='bbox 1228 2175 1289 2194; x_wconf 91' lang='lat' dir='ltr'><strong>ctttn</strong></span> <span class='ocrx_word' id='word_1_794' title='bbox 1320 2167 1441 2195; x_wconf 84' lang='lat' dir='ltr'><strong>audisset</strong></span> <span class='ocrx_word' id='word_1_795' title='bbox 1466 2168 1610 2201; x_wconf 79' lang='lat' dir='ltr'><strong>Abercius,</strong></span> <span class='ocrx_word' id='word_1_796' title='bbox 1623 2172 1650 2195; x_wconf 87' lang='lat' dir='ltr'><strong>et</strong></span> <span class='ocrx_word' id='word_1_797' title='bbox 1661 2176 1751 2195; x_wconf 83' lang='lat' dir='ltr'><strong>reruni</strong></span> <span class='ocrx_word' id='word_1_798' title='bbox 1765 2169 1813 2196; x_wconf 71' lang='lat' dir='ltr'><strong>ad~</strong></span> 
     </span>
    </p>
   </div>
   <div class='ocr_carea' id='block_1_106' title="bbox 997 2213 1812 2250">
    <p class='ocr_par' dir='ltr' id='par_1_106' title="bbox 997 2213 1812 2250">
     <span class='ocr_line' id='line_1_106' title="bbox 997 2213 1812 2250; baseline 0.004 -11"><span class='ocrx_word' id='word_1_799' title='bbox 997 2223 1018 2250; x_wconf 77' lang='grc' dir='ltr'><strong>ι)</strong></span> <span class='ocrx_word' id='word_1_800' title='bbox 1035 2213 1197 2240; x_wconf 83' lang='lat' dir='ltr'><strong>mirabilium</strong></span> <span class='ocrx_word' id='word_1_801' title='bbox 1217 2213 1272 2240; x_wconf 88' lang='lat' dir='ltr'><strong>Deo</strong></span> <span class='ocrx_word' id='word_1_802' title='bbox 1288 2213 1385 2248; x_wconf 74' lang='lat' dir='ltr'><strong>egisset</strong></span> <span class='ocrx_word' id='word_1_803' title='bbox 1405 2213 1516 2248; x_wconf 82' lang='lat' dir='ltr'><strong>gratias,</strong></span> <span class='ocrx_word' id='word_1_804' title='bbox 1536 2214 1684 2242; x_wconf 90' lang='lat' dir='ltr'><strong>intermisit</strong></span> <span class='ocrx_word' id='word_1_805' title='bbox 1701 2215 1812 2243; x_wconf 84' lang='lat' dir='ltr'><strong>docere.</strong></span> 
     </span>
    </p>
   </div>
   <div class='ocr_carea' id='block_1_107' title="bbox 1067 2258 1813 2295">
    <p class='ocr_par' dir='ltr' id='par_1_107' title="bbox 1067 2258 1813 2295">
     <span class='ocr_line' id='line_1_107' title="bbox 1067 2258 1813 2295; baseline 0.003 -10"><span class='ocrx_word' id='word_1_806' title='bbox 1067 2258 1129 2285; x_wconf 77' lang='lat' dir='ltr'><strong>XII.</strong></span> <span class='ocrx_word' id='word_1_807' title='bbox 1146 2258 1182 2285; x_wconf 88' lang='lat' dir='ltr'><strong>Ex</strong></span> <span class='ocrx_word' id='word_1_808' title='bbox 1201 2258 1233 2285; x_wconf 89' lang='lat' dir='ltr'><strong>iis</strong></span> <span class='ocrx_word' id='word_1_809' title='bbox 1259 2264 1362 2290; x_wconf 90' lang='lat' dir='ltr'><strong>autem,</strong></span> <span class='ocrx_word' id='word_1_810' title='bbox 1389 2259 1434 2293; x_wconf 85' lang='lat' dir='ltr'><strong>qui</strong></span> <span class='ocrx_word' id='word_1_811' title='bbox 1460 2259 1583 2292; x_wconf 87' lang='lat' dir='ltr'><strong>aderant,</strong></span> <span class='ocrx_word' id='word_1_812' title='bbox 1603 2259 1637 2286; x_wconf 85' lang='lat' dir='ltr'><strong>iis</strong></span> <span class='ocrx_word' id='word_1_813' title='bbox 1653 2261 1813 2295; x_wconf 87' lang='lat' dir='ltr'><strong>assumptis.</strong></span> 
     </span>
    </p>
   </div>
   <div class='ocr_carea' id='block_1_108' title="bbox 1033 2303 1814 2338">
    <p class='ocr_par' dir='ltr' id='par_1_108' title="bbox 1033 2303 1814 2338">
     <span class='ocr_line' id='line_1_108' title="bbox 1033 2303 1814 2338; baseline 0.004 -8"><span class='ocrx_word' id='word_1_814' title='bbox 1033 2304 1078 2338; x_wconf 87' lang='lat' dir='ltr'><strong>qui</strong></span> <span class='ocrx_word' id='word_1_815' title='bbox 1092 2307 1170 2330; x_wconf 87' lang='lat' dir='ltr'><strong>erant</strong></span> <span class='ocrx_word' id='word_1_816' title='bbox 1184 2303 1341 2335; x_wconf 79' lang='lat' dir='ltr'><strong>familiares,</strong></span> <span class='ocrx_word' id='word_1_817' title='bbox 1362 2304 1472 2331; x_wconf 90' lang='lat' dir='ltr'><strong>domum</strong></span> <span class='ocrx_word' id='word_1_818' title='bbox 1503 2304 1593 2335; x_wconf 88' lang='lat' dir='ltr'><strong>rediit.</strong></span> <span class='ocrx_word' id='word_1_819' title='bbox 1616 2310 1720 2333; x_wconf 88' lang='lat' dir='ltr'><strong>etcum</strong></span> <span class='ocrx_word' id='word_1_820' title='bbox 1740 2306 1814 2333; x_wconf 79' lang='lat' dir='ltr'><strong>liora:</strong></span> 
     </span>
    </p>
   </div>
   <div class='ocr_carea' id='block_1_109' title="bbox 1034 2350 1813 2386">
    <p class='ocr_par' dir='ltr' id='par_1_109' title="bbox 1034 2350 1813 2386">
     <span class='ocr_line' id='line_1_109' title="bbox 1034 2350 1813 2386; baseline 0.001 -9"><span class='ocrx_word' id='word_1_821' title='bbox 1034 2358 1113 2377; x_wconf 66' lang='lat' dir='ltr'><strong>nonae</strong></span> <span class='ocrx_word' id='word_1_822' title='bbox 1130 2350 1245 2385; x_wconf 81' lang='lat' dir='ltr'><strong>hymnos</strong></span> <span class='ocrx_word' id='word_1_823' title='bbox 1276 2350 1446 2382; x_wconf 83' lang='lat' dir='ltr'><strong>absolvisset,</strong></span> <span class='ocrx_word' id='word_1_824' title='bbox 1475 2358 1569 2386; x_wconf 88' lang='lat' dir='ltr'><strong>parum</strong></span> <span class='ocrx_word' id='word_1_825' title='bbox 1585 2351 1663 2386; x_wconf 86' lang='lat' dir='ltr'><strong>panis</strong></span> <span class='ocrx_word' id='word_1_826' title='bbox 1686 2352 1813 2379; x_wconf 88' lang='lat' dir='ltr'><strong>assumit.</strong></span> 
     </span>
    </p>
   </div>
   <div class='ocr_carea' id='block_1_110' title="bbox 1035 2395 1815 2431">
    <p class='ocr_par' dir='ltr' id='par_1_110' title="bbox 1035 2395 1815 2431">
     <span class='ocr_line' id='line_1_110' title="bbox 1035 2395 1815 2431; baseline 0.004 -10"><span class='ocrx_word' id='word_1_827' title='bbox 1035 2395 1072 2422; x_wconf 90' lang='lat' dir='ltr'><strong>lta</strong></span> <span class='ocrx_word' id='word_1_828' title='bbox 1088 2396 1161 2422; x_wconf 90' lang='lat' dir='ltr'><strong>enim</strong></span> <span class='ocrx_word' id='word_1_829' title='bbox 1179 2395 1292 2428; x_wconf 83' lang='lat' dir='ltr'><strong>solebat,</strong></span> <span class='ocrx_word' id='word_1_830' title='bbox 1308 2399 1434 2430; x_wconf 84' lang='lat' dir='ltr'><strong>tanquam</strong></span> <span class='ocrx_word' id='word_1_831' title='bbox 1449 2396 1520 2423; x_wconf 79' lang='lat' dir='ltr'><strong>aliud</strong></span> <span class='ocrx_word' id='word_1_832' title='bbox 1542 2397 1658 2431; x_wconf 79' lang='lat' dir='ltr'><strong>agendo,</strong></span> <span class='ocrx_word' id='word_1_833' title='bbox 1673 2397 1738 2424; x_wconf 89' lang='lat' dir='ltr'><strong>etin</strong></span> <span class='ocrx_word' id='word_1_834' title='bbox 1754 2397 1815 2431; x_wconf 46' lang='lat' dir='ltr'><strong>.ﬁne</strong></span> 
     </span>
    </p>
   </div>
   <div class='ocr_carea' id='block_1_111' title="bbox 1034 2440 1814 2477">
    <p class='ocr_par' dir='ltr' id='par_1_111' title="bbox 1034 2440 1814 2477">
     <span class='ocr_line' id='line_1_111' title="bbox 1034 2440 1814 2477; baseline 0 -9"><span class='ocrx_word' id='word_1_835' title='bbox 1034 2441 1097 2473; x_wconf 87' lang='lat' dir='ltr'><strong>diei,</strong></span> <span class='ocrx_word' id='word_1_836' title='bbox 1115 2441 1236 2475; x_wconf 91' lang='lat' dir='ltr'><strong>corporis</strong></span> <span class='ocrx_word' id='word_1_837' title='bbox 1257 2441 1359 2467; x_wconf 84' lang='lat' dir='ltr'><strong>habere</strong></span> <span class='ocrx_word' id='word_1_838' title='bbox 1377 2440 1520 2468; x_wconf 78' lang='lat' dir='ltr'><strong>rationem.</strong></span> <span class='ocrx_word' id='word_1_839' title='bbox 1538 2442 1601 2469; x_wconf 66' lang='lat' dir='ltr'><strong>ch</strong></span> <span class='ocrx_word' id='word_1_840' title='bbox 1614 2450 1675 2470; x_wconf 87' lang='lat' dir='ltr'><strong>cum</strong></span> <span class='ocrx_word' id='word_1_841' title='bbox 1701 2443 1735 2470; x_wconf 84' lang='lat' dir='ltr'><strong>ab</strong></span> <span class='ocrx_word' id='word_1_842' title='bbox 1755 2443 1814 2477; x_wconf 91' lang='lat' dir='ltr'><strong>ipso</strong></span> 
     </span>
    </p>
   </div>
   <div class='ocr_carea' id='block_1_112' title="bbox 1034 2486 1816 2523">
    <p class='ocr_par' dir='ltr' id='par_1_112' title="bbox 1034 2486 1816 2523">
     <span class='ocr_line' id='line_1_112' title="bbox 1034 2486 1816 2523; baseline 0.001 -9"><span class='ocrx_word' id='word_1_843' title='bbox 1034 2487 1105 2514; x_wconf 80' lang='lat' dir='ltr'><strong>facta</strong></span> <span class='ocrx_word' id='word_1_844' title='bbox 1125 2490 1228 2519; x_wconf 86' lang='lat' dir='ltr'><strong>essent,</strong></span> <span class='ocrx_word' id='word_1_845' title='bbox 1249 2486 1347 2513; x_wconf 88' lang='lat' dir='ltr'><strong>licebat</strong></span> <span class='ocrx_word' id='word_1_846' title='bbox 1364 2487 1455 2514; x_wconf 71' lang='lat' dir='ltr'><strong>videre</strong></span> <span class='ocrx_word' id='word_1_847' title='bbox 1471 2488 1570 2514; x_wconf 87' lang='lat' dir='ltr'><strong>multos</strong></span> <span class='ocrx_word' id='word_1_848' title='bbox 1589 2495 1620 2514; x_wconf 86' lang='lat' dir='ltr'><strong>ex</strong></span> <span class='ocrx_word' id='word_1_849' title='bbox 1636 2497 1679 2519; x_wconf 82' lang='lat' dir='ltr'><strong>ea,</strong></span> <span class='ocrx_word' id='word_1_850' title='bbox 1696 2496 1756 2523; x_wconf 56' lang='lat' dir='ltr'><strong>quae.</strong></span> <span class='ocrx_word' id='word_1_851' title='bbox 1775 2493 1816 2515; x_wconf 74' lang='lat' dir='ltr'><strong>cst</strong></span> 
     </span>
    </p>
   </div>
   <div class='ocr_carea' id='block_1_113' title="bbox 1032 2532 1854 2568">
    <p class='ocr_par' dir='ltr' id='par_1_113' title="bbox 1032 2532 1854 2568">
     <span class='ocr_line' id='line_1_113' title="bbox 1032 2532 1854 2568; baseline 0.001 -9"><span class='ocrx_word' id='word_1_852' title='bbox 1032 2533 1219 2565; x_wconf 68' lang='lat' dir='ltr'><strong>circumcirca,</strong></span> <span class='ocrx_word' id='word_1_853' title='bbox 1234 2535 1343 2568; x_wconf 84' lang='lat' dir='ltr'><strong>regione</strong></span> <span class='ocrx_word' id='word_1_854' title='bbox 1372 2532 1404 2559; x_wconf 86' lang='lat' dir='ltr'><strong>ad</strong></span> <span class='ocrx_word' id='word_1_855' title='bbox 1423 2540 1486 2559; x_wconf 93' lang='lat' dir='ltr'><strong>eum</strong></span> <span class='ocrx_word' id='word_1_856' title='bbox 1513 2533 1661 2564; x_wconf 79' lang='lat' dir='ltr'><strong>conﬂuere,</strong></span> <span class='ocrx_word' id='word_1_857' title='bbox 1676 2538 1704 2560; x_wconf 87' lang='lat' dir='ltr'><strong>et</strong></span> <span class='ocrx_word' id='word_1_858' title='bbox 1730 2533 1817 2568; x_wconf 70' lang='lat' dir='ltr'><strong>bapti-</strong></span> <span class='ocrx_word' id='word_1_859' title='bbox 1852 2538 1854 2541; x_wconf 87' lang='lat'>&#39;</span> 
     </span>
    </p>
   </div>
   <div class='ocr_carea' id='block_1_114' title="bbox 1032 2578 1813 2614">
    <p class='ocr_par' dir='ltr' id='par_1_114' title="bbox 1032 2578 1813 2614">
     <span class='ocr_line' id='line_1_114' title="bbox 1032 2578 1813 2614; baseline 0.001 -9"><span class='ocrx_word' id='word_1_860' title='bbox 1032 2579 1086 2606; x_wconf 84' lang='lat' dir='ltr'><strong>zari</strong></span> <span class='ocrx_word' id='word_1_861' title='bbox 1102 2579 1128 2605; x_wconf 92' lang='lat' dir='ltr'><strong>in</strong></span> <span class='ocrx_word' id='word_1_862' title='bbox 1146 2579 1258 2605; x_wconf 89' lang='lat' dir='ltr'><strong>nomine</strong></span> <span class='ocrx_word' id='word_1_863' title='bbox 1278 2579 1376 2609; x_wconf 85' lang='lat' dir='ltr'><strong>Patris,</strong></span> <span class='ocrx_word' id='word_1_864' title='bbox 1398 2582 1426 2605; x_wconf 87' lang='lat' dir='ltr'><strong>et</strong></span> <span class='ocrx_word' id='word_1_865' title='bbox 1440 2578 1509 2610; x_wconf 81' lang='lat' dir='ltr'><strong>Filii,</strong></span> <span class='ocrx_word' id='word_1_866' title='bbox 1527 2584 1553 2606; x_wconf 90' lang='lat' dir='ltr'><strong>et</strong></span> <span class='ocrx_word' id='word_1_867' title='bbox 1568 2578 1687 2614; x_wconf 80' lang='lat' dir='ltr'><strong>Spiritus</strong></span> <span class='ocrx_word' id='word_1_868' title='bbox 1715 2580 1813 2606; x_wconf 88' lang='lat' dir='ltr'><strong>sancti.</strong></span> 
     </span>
    </p>
   </div>
   <div class='ocr_carea' id='block_1_115' title="bbox 1033 2624 1816 2659">
    <p class='ocr_par' dir='ltr' id='par_1_115' title="bbox 1033 2624 1816 2659">
     <span class='ocr_line' id='line_1_115' title="bbox 1033 2624 1816 2659; baseline -0.001 -8"><span class='ocrx_word' id='word_1_869' title='bbox 1033 2624 1142 2651; x_wconf 85' lang='lat' dir='ltr'><strong>Interim</strong></span> <span class='ocrx_word' id='word_1_870' title='bbox 1157 2629 1247 2651; x_wconf 88' lang='lat' dir='ltr'><strong>autem</strong></span> <span class='ocrx_word' id='word_1_871' title='bbox 1265 2632 1325 2651; x_wconf 90' lang='lat' dir='ltr'><strong>cum</strong></span> <span class='ocrx_word' id='word_1_872' title='bbox 1340 2630 1399 2657; x_wconf 60' lang='lat' dir='ltr'><strong>quae</strong></span> <span class='ocrx_word' id='word_1_873' title='bbox 1416 2624 1494 2650; x_wconf 83' lang='lat' dir='ltr'><strong>matri</strong></span> <span class='ocrx_word' id='word_1_874' title='bbox 1518 2624 1683 2656; x_wconf 67' lang='lat' dir='ltr'><strong>evenissent,</strong></span> <span class='ocrx_word' id='word_1_875' title='bbox 1715 2631 1816 2659; x_wconf 81' lang='lat' dir='ltr'><strong>cogno-</strong></span> 
     </span>
    </p>
   </div>
   <div class='ocr_carea' id='block_1_116' title="bbox 1035 2669 1816 2704">
    <p class='ocr_par' dir='ltr' id='par_1_116' title="bbox 1035 2669 1816 2704">
     <span class='ocr_line' id='line_1_116' title="bbox 1035 2669 1816 2704; baseline 0 -7"><span class='ocrx_word' id='word_1_876' title='bbox 1035 2674 1118 2698; x_wconf 83' lang='lat' dir='ltr'><strong>visset</strong></span> <span class='ocrx_word' id='word_1_877' title='bbox 1129 2670 1314 2701; x_wconf 79' lang='lat' dir='ltr'><strong>Euxenianus,</strong></span> <span class='ocrx_word' id='word_1_878' title='bbox 1336 2674 1363 2696; x_wconf 87' lang='lat' dir='ltr'><strong>ct</strong></span> <span class='ocrx_word' id='word_1_879' title='bbox 1391 2670 1618 2704; x_wconf 82' lang='lat' dir='ltr'><strong>quemadmodum</strong></span> <span class='ocrx_word' id='word_1_880' title='bbox 1639 2669 1754 2697; x_wconf 78' lang='lat' dir='ltr'><strong>deducta</strong></span> <span class='ocrx_word' id='word_1_881' title='bbox 1770 2678 1816 2697; x_wconf 86' lang='lat' dir='ltr'><strong>ac-</strong></span> 
     </span>
    </p>
   </div>
   <div class='ocr_carea' id='block_1_117' title="bbox 1035 2715 1814 2750">
    <p class='ocr_par' dir='ltr' id='par_1_117' title="bbox 1035 2715 1814 2750">
     <span class='ocr_line' id='line_1_117' title="bbox 1035 2715 1814 2750; baseline 0.003 -8"><span class='ocrx_word' id='word_1_882' title='bbox 1035 2715 1160 2743; x_wconf 82' lang='lat' dir='ltr'><strong>cessisset</strong></span> <span class='ocrx_word' id='word_1_883' title='bbox 1182 2715 1214 2742; x_wconf 91' lang='lat' dir='ltr'><strong>ad</strong></span> <span class='ocrx_word' id='word_1_884' title='bbox 1244 2720 1378 2747; x_wconf 83' lang='lat' dir='ltr'><strong>sanctum,</strong></span> <span class='ocrx_word' id='word_1_885' title='bbox 1403 2720 1430 2742; x_wconf 89' lang='lat' dir='ltr'><strong>et</strong></span> <span class='ocrx_word' id='word_1_886' title='bbox 1459 2716 1687 2750; x_wconf 88' lang='lat' dir='ltr'><strong>quemadmodum</strong></span> <span class='ocrx_word' id='word_1_887' title='bbox 1719 2716 1814 2744; x_wconf 79' lang='lat' dir='ltr'><strong>orbata</strong></span> 
     </span>
    </p>
   </div>
   <div class='ocr_carea' id='block_1_118' title="bbox 1036 2761 1814 2796">
    <p class='ocr_par' dir='ltr' id='par_1_118' title="bbox 1036 2761 1814 2796">
     <span class='ocr_line' id='line_1_118' title="bbox 1036 2761 1814 2796; baseline 0.001 -9"><span class='ocrx_word' id='word_1_888' title='bbox 1036 2761 1122 2788; x_wconf 88' lang='lat' dir='ltr'><strong>visum</strong></span> <span class='ocrx_word' id='word_1_889' title='bbox 1153 2764 1350 2792; x_wconf 80' lang='lat' dir='ltr'><strong>recuperasset,</strong></span> <span class='ocrx_word' id='word_1_890' title='bbox 1380 2761 1470 2787; x_wconf 92' lang='lat' dir='ltr'><strong>omnia</strong></span> <span class='ocrx_word' id='word_1_891' title='bbox 1503 2768 1536 2788; x_wconf 84' lang='lat' dir='ltr'><strong>ex</strong></span> <span class='ocrx_word' id='word_1_892' title='bbox 1564 2761 1621 2796; x_wconf 86' lang='lat' dir='ltr'><strong>ipsa</strong></span> <span class='ocrx_word' id='word_1_893' title='bbox 1649 2761 1814 2793; x_wconf 83' lang='lat' dir='ltr'><strong>sciscitatus,</strong></span> 
     </span>
    </p>
   </div>
   <div class='ocr_carea' id='block_1_119' title="bbox 1036 2805 1816 2841">
    <p class='ocr_par' dir='ltr' id='par_1_119' title="bbox 1036 2805 1816 2841">
     <span class='ocr_line' id='line_1_119' title="bbox 1036 2805 1816 2841; baseline 0.003 -9"><span class='ocrx_word' id='word_1_894' title='bbox 1036 2806 1109 2833; x_wconf 80' lang='lat' dir='ltr'><strong>venit</strong></span> <span class='ocrx_word' id='word_1_895' title='bbox 1122 2806 1155 2833; x_wconf 91' lang='lat' dir='ltr'><strong>ad</strong></span> <span class='ocrx_word' id='word_1_896' title='bbox 1171 2806 1258 2838; x_wconf 92' lang='lat' dir='ltr'><strong>illum,</strong></span> <span class='ocrx_word' id='word_1_897' title='bbox 1274 2813 1306 2832; x_wconf 86' lang='lat' dir='ltr'><strong>ac</strong></span> <span class='ocrx_word' id='word_1_898' title='bbox 1328 2815 1335 2832; x_wconf 86' lang='lat'><strong>:</strong></span> <span class='ocrx_word' id='word_1_899' title='bbox 1354 2805 1381 2833; x_wconf 91' lang='lat' dir='ltr'><strong>Si</strong></span> <span class='ocrx_word' id='word_1_900' title='bbox 1403 2810 1429 2833; x_wconf 86' lang='lat' dir='ltr'><strong>te</strong></span> <span class='ocrx_word' id='word_1_901' title='bbox 1445 2807 1554 2839; x_wconf 79' lang='lat' dir='ltr'><strong>scirem,</strong></span> <span class='ocrx_word' id='word_1_902' title='bbox 1584 2807 1682 2841; x_wconf 77' lang='lat' dir='ltr'><strong>inquit,</strong></span> <span class='ocrx_word' id='word_1_903' title='bbox 1700 2815 1716 2834; x_wconf 93' lang='grc' dir='ltr'><strong>ο</strong></span> <span class='ocrx_word' id='word_1_904' title='bbox 1729 2813 1816 2841; x_wconf 85' lang='lat' dir='ltr'><strong>pater,</strong></span> 
     </span>
    </p>
   </div>
   <div class='ocr_carea' id='block_1_120' title="bbox 1036 2850 1816 2886">
    <p class='ocr_par' dir='ltr' id='par_1_120' title="bbox 1036 2850 1816 2886">
     <span class='ocr_line' id='line_1_120' title="bbox 1036 2850 1816 2886; baseline 0.005 -9"><span class='ocrx_word' id='word_1_905' title='bbox 1036 2851 1152 2879; x_wconf 78' lang='lat' dir='ltr'><strong>libenter</strong></span> <span class='ocrx_word' id='word_1_906' title='bbox 1180 2850 1302 2885; x_wconf 74' lang='lat' dir='ltr'><strong>aspicere</strong></span> <span class='ocrx_word' id='word_1_907' title='bbox 1330 2851 1363 2878; x_wconf 86' lang='lat' dir='ltr'><strong>ad</strong></span> <span class='ocrx_word' id='word_1_908' title='bbox 1392 2852 1532 2886; x_wconf 84' lang='lat' dir='ltr'><strong>pecunias,</strong></span> <span class='ocrx_word' id='word_1_909' title='bbox 1549 2860 1603 2879; x_wconf 90' lang='lat' dir='ltr'><strong>non</strong></span> <span class='ocrx_word' id='word_1_910' title='bbox 1617 2853 1816 2881; x_wconf 79' lang='lat' dir='ltr'><strong>distribuissem</strong></span> 
     </span>
    </p>
   </div>
   <div class='ocr_carea' id='block_1_121' title="bbox 1621 2898 1658 2928">
    <p class='ocr_par' dir='ltr' id='par_1_121' title="bbox 1621 2898 1658 2928">
     <span class='ocr_line' id='line_1_121' title="bbox 1621 2898 1658 2928; baseline 0 0"><span class='ocrx_word' id='word_1_911' title='bbox 1621 2898 1658 2928; x_wconf 78' lang='lat'><strong>39</strong></span> 
     </span>
    </p>
   </div>
  </div>
