2047 3150
215 161 280 192 1227

855 153 995 186 MENSIS
1014 153 1191 184 OCTOBEB.

1769 154 1836 187 1228

212 218 259 246 tibi
299 224 409 253 parvam
437 221 540 251 partem
574 222 697 242 mearum
730 214 902 244 facultatum,
928 210 999 247 quod

1052 212 1092 242 είς
1114 212 1244 247 χρήματα
1267 212 1412 246 βλέποντα,
1442 212 1491 239 οὐκ
1518 212 1609 246 ὀλίγον
1627 213 1660 239 ἀν
1687 221 1729 239 σοι
1755 212 1837 248 μέρος

212 273 278 292 mea:
292 263 369 290 matri
400 262 555 290 conciliatis
587 266 692 288 tantum
726 260 899 288 beneﬁcium.
929 258 998 286 Cum

212 315 302 338 autem
319 317 380 336 cum
394 309 462 340 aliis,
480 316 539 343 qua:
555 308 603 335 tibi
620 307 731 334 donavit
752 307 832 336 Deus,
851 311 877 333 te
890 313 999 340 quoque

197 356 336 391 pecuniis
349 355 413 383 fecit
428 356 606 390 superiorem,
623 354 764 389 quidnam,
781 358 809 379 ut
826 357 868 380 est
882 359 999 379 consen-

213 407 334 435 taneum,
347 401 395 429 tibi
410 409 460 436 pro
475 401 526 428 hoc
539 401 610 428 dono
629 400 844 428 reddiderimus?
864 399 998 432 Quidnam

212 448 295 479 aliud,
313 456 394 482 quam
414 449 482 474 hanc
499 447 614 482 gratiam
636 447 684 474 tibi
706 446 825 473 feremus
839 444 1000 479 acet-ptum?

211 494 279 521 Cum
296 493 354 520 inec
369 493 478 527 quidem
501 493 626 522 dixisset.
648 492 734 519 sancti
747 491 829 526 pedes
841 491 996 524 prehendit.

211 538 329 565 Sanclus
345 543 435 565 autent
446 543 556 572 accepta
569 537 628 571 ejus
644 537 754 563 dextera
773 546 780 562 :
797 535 884 566 Scias,
901 535 999 569 inquit,

212 588 355 616 oopttme,
379 583 446 610 mihi
478 583 551 609 nulla
577 590 606 609 re
627 582 677 608 alia
706 586 750 609 tua
775 589 843 615 opus
857 588 929 613 esse,
947 581 998 606 nisi

212 630 297 663 quod,
316 637 377 656 cum
396 629 433 656 sis
450 629 518 656 adeo
534 628 662 662 prudens,
676 627 763 654 ﬁdelis
780 627 827 653 ﬁas
837 634 869 654 ex
887 626 998 657 inﬁdeli,

212 680 239 702 et
255 675 335 710 impia
365 679 467 701 mutata
499 673 643 707 religione,
673 674 768 700 venias
782 673 816 700 ad
832 673 998 708 agnitionem

212 722 343 748 veritatis.
359 721 426 748 Volo
443 720 515 748 enim
533 724 559 747 te
575 719 681 747 ﬁdelem
704 727 764 747 esse
780 719 872 754 potius
896 726 998 753 paupe-

212 771 280 800 rem,
297 775 376 794 uuam
390 767 525 794 inﬁdelem
542 766 676 793 illustrem
696 770 722 792 et
734 765 857 792 divitem.

245 856 315 884 χιιι.
333 856 410 884 Tunc
427 855 568 890 respondit
595 854 771 882 Euxenianus
786 863 792 881 :
807 853 836 881 Si
853 854 894 881 vis
908 853 999 889 igitur,

211 910 228 930 θ
257 909 364 929 sacrum
391 905 482 935 caput,
509 900 543 926 de
563 899 615 926 hoc
645 899 725 926 nobis
743 903 785 926 est
809 898 997 933 quaerendum.

211 946 288 982 Saepe
300 947 372 974 enim
388 945 479 972 audivi
505 944 583 972 matri
599 944 733 976 assidens,
748 948 777 970 Se
793 951 808 970 ει
824 947 850 970 te
860 942 998 975 didicisse,

213 992 297 1019 Deum
312 998 385 1018 nunc
396 991 507 1026 quidem
524 997 584 1017 esse
610 990 772 1017 clementem
795 993 821 1016 et
838 989 999 1023 benignum,

210 1046 285 1065 nunc
311 1042 400 1073 autem
430 1036 577 1064 terribilem
604 1040 632 1062 et
663 1036 791 1070 justum:
823 1039 850 1061 et
875 1035 941 1061 alios
972 1038 1001 1060 ut

211 1085 290 1110 valde
306 1084 407 1110 bonum
419 1082 498 1109 bonis
512 1089 697 1112 remunerare,
711 1081 779 1108 alios
788 1085 882 1115 utpote
896 1081 999 1115 justum

211 1129 305 1156 ulcisci
322 1134 347 1155 et
364 1128 471 1162 punire.
501 1127 529 1154 Si
556 1135 620 1161 ergo
644 1134 678 1153 ex
694 1133 785 1153 amore
802 1125 911 1160 quidem
927 1124 1000 1151 exsi-

211 1175 259 1203 stit
277 1174 437 1201 beneﬁcium
460 1178 488 1200 et
508 1172 703 1204 remuneratio,
726 1171 890 1205 supplicium
909 1174 1000 1196 autem

211 1227 238 1249 et
252 1228 332 1256 poma
356 1220 393 1247 ab
406 1219 479 1252 odio,
507 1218 646 1252 quomodo
671 1218 728 1244 ﬁeri
756 1221 857 1252 potest,
883 1221 913 1243 ut
929 1217 1000 1243 idem

211 1267 246 1293 sit
264 1266 365 1297 bonus,
381 1269 409 1292 et
437 1264 510 1299 justa
535 1263 634 1289 inierat
661 1262 821 1296 supplicia?
853 1261 998 1294 Quoniam,

212 1311 301 1346 inquit
312 1317 425 1346 magnus
440 1309 585 1339 Abercius,
611 1315 672 1335 cum
701 1307 850 1340 unicuique
871 1306 1001 1333 reddatur

210 1365 261 1392 pro
289 1355 405 1386 meritis,
429 1361 477 1382 eos
504 1353 624 1389 quidem,
657 1353 702 1387 qui
719 1353 789 1380 bona
811 1352 925 1383 iaciunt,
940 1356 1000 1378 tan-

211 1410 293 1438 quam
310 1402 356 1437 qui
380 1405 477 1428 natura
499 1399 535 1427 sit
558 1399 659 1429 bonus,
684 1398 912 1425 aﬁicitbcneﬁt-io
931 1407 936 1424 :
953 1405 1000 1424 eos

212 1453 316 1480 autem,
341 1447 388 1482 qui
413 1446 483 1473 mala
510 1451 647 1478 exercent,
667 1445 756 1480 punit,
786 1449 815 1471 ut
839 1443 884 1478 qui
909 1443 999 1471 omnia

209 1495 282 1529 iuste
307 1493 401 1526 iaciat,
423 1491 534 1518 neruine
560 1491 708 1526 eﬁugiente
735 1491 795 1523 eius
813 1489 999 1524 cognitionem

1050 255 1188 290 ἁπένειμα
1204 256 1253 290 τῆς
1269 256 1364 288 οὐσίας
1378 256 1435 282 ἀνθ’
1462 253 1499 282 ὦν
1519 266 1564 291 μοι
1586 257 1698 292 χάριτος
1723 258 1761 287 εἰς
1787 257 1837 292 τὴν

1052 300 1159 336 μητέρα
1178 300 1305 335 τοιαύτης
1321 301 1456 336 ὑπῆρξας.
1482 302 1559 328 Ἐπεὶ
1576 302 1603 328 δὲ
1634 303 1703 337 μετά
1718 303 1774 328 τῶν
1789 303 1838 329 ἀλ-

1050 345 1104 372 λων
1119 344 1157 372 ῶν
1173 347 1330 381 ἐδωρήσατό
1345 355 1385 373 σοι
1402 347 1478 378 Θεὸς,
1499 347 1546 373 καὶ
1562 348 1709 382 κρείττονά
1724 357 1753 374 σε
1769 356 1838 383 χρη-

1051 393 1145 427 μάτων
1158 393 1282 428 διέθηκε,
1295 394 1322 419 τί
1346 393 1378 420 ἄν
1394 402 1423 419 σε
1439 394 1489 425 vi;
1504 394 1610 428 δωρεᾶς
1634 392 1741 428 ’ταύτης
1756 395 1838 428 ὰμει-

1049 437 1172 472 ψαίμεθα
1198 438 1269 464 κατὰ
1289 438 1385 471 λόγους
1404 438 1428 464 τί
1446 439 1511 465 ἄλλο
1526 440 1586 475 γεῆ
1612 440 1779 474 ἀνάγραπτα
1795 447 1836 466 σοι

1049 483 1083 509 τὰ
1097 483 1148 516 τῆς
1172 484 1347 518 εὐχαριστίας
1362 485 1483 511 κείσεται
1502 485 1566 519 παρ’
1591 487 1678 520 ἡμῖν;
1704 483 1797 512 Ταῦτα
1822 487 1837 512 ὁ

1052 529 1102 563 μὲν
1116 529 1212 560 εἰπὼν,
1237 530 1292 555 τῶν
1319 531 1407 556 ποδῶν
1423 532 1511 565 ﬁla-ro
1534 532 1580 558 τοῦ
1596 532 1675 566 ἁγίου
1690 540 1697 547 ⁸
1715 533 1729 559 6
1743 532 1771 558 δὲ
1786 532 1836 567 τῆς

1049 574 1138 607 δεξιᾶς
1163 575 1325 609 λαϐόμενος,
1358 577 1424 611 Ἐμὲ
1450 578 1576 612 μηδενὸς,
1611 578 1676 613 ἔφη,
1702 579 1838 614 χρῄζοντα

1051 620 1116 651 ἴσθι,
1131 619 1152 647 ὣ
1165 621 1299 656 βέλτιστε,
1323 623 1398 656 παρὰ
1414 624 1473 654 σοῦ,
1488 623 1504 657 ἦ
1522 624 1596 654 ὅπως
1625 624 1698 651 οὕτω
1728 625 1839 656 συνετὸς

1050 667 1098 698 ὢν,
1119 668 1212 698 πιστός
1230 677 1259 694 τε
1275 668 1303 701 ἐξ
1321 668 1438 694 ἀπίστου
1463 669 1552 702 γένοιο
1569 670 1615 696 καὶ
1631 671 1680 705 τῆς
1692 671 1839 703 δυσσεϐοῦς

1051 713 1198 746 θρησκείας
1225 715 1399 748 μεταϐαλὼν,
1424 716 1464 747 εἰς
1490 715 1639 750 ἐπίγνωσιν
1664 715 1751 748 ἐλθοις
1786 717 1837 750 τῆς

1050 759 1190 794 ἀληθείας.
1208 760 1344 795 Βούλομαι
1363 762 1458 788 πιστόν
1477 770 1506 788 σε
1522 760 1593 788 εἶναι
1607 762 1711 797 πένητα
1726 762 1840 797 μᾶλλον,

1051 805 1067 840 ἢ
1089 806 1205 832 ἄπιστον
1222 807 1362 841 περιφανῆ
1379 815 1408 833 τε
1424 808 1471 834 καὶ
1485 808 1626 836 πλούσιον.

1088 852 1138 878 ΙΓ¹.
1161 851 1215 878 Καὶ
1227 853 1242 878 6
1258 852 1433 885 Εὐξεινιανός
1447 861 1453 868 ·
1471 853 1587 886 Οὐκοῦν,
1601 853 1624 880 ὦ
1638 854 1698 889 ἱερὰ
1720 855 1841 890 κεφαλὴ,

1051 898 1132 934 εἴπερ
1146 898 1246 933 βούλει,
1267 899 1401 934 ζητητέον
1415 900 1482 935 ἡμῖν
1493 901 1557 936 περὶ
1574 901 1681 928 τούτου.
1705 901 1840 932 Πολλάκις

1050 944 1105 980 γὰρ
1120 945 1225 980 ἥκουσα
1240 945 1472 980 παρακαθήμενος
1491 947 1523 981 τῇ
1550 947 1634 981 μητρὶ
1653 947 1690 978 ὡς
1717 947 1768 973 ὑπὸ
1790 947 1841 974 σοῦ

1050 991 1186 1025 διδαχθείη
1205 991 1251 1017 τὸν
1274 991 1340 1017 Θεὸν
1367 991 1415 1018 νῦν
1445 993 1495 1027 μὲν
1524 993 1715 1029 φιλάνθρωπόν
1740 1003 1769 1021 τε
1791 995 1839 1021 καὶ

1051 1036 1162 1070 ἀγαθὸν,
1182 1037 1228 1062 νῦν
1248 1037 1276 1063 δὲ
1291 1037 1407 1072 φοϐερδν
1423 1036 1551 1065 εἶναικαὶ
1571 1039 1684 1071 δίκαιον,
1708 1040 1755 1066 καὶ
1775 1042 1840 1072 τοὺς

1053 1083 1112 1118 μὲν,
1132 1082 1169 1115 ὡς
1189 1083 1292 1118 σφόδρα
1314 1083 1427 1117 ἀγαθὸν,
1443 1084 1556 1117 ἀγαθοῖς
1581 1085 1754 1119 ἀμείϐεσθαι,
1775 1087 1839 1114 τοὶς

1051 1129 1092 1161 δὲ,
1114 1127 1158 1155 οἷα
1173 1130 1286 1160 δίκαιον,
1303 1130 1458 1165 ἀμύνεσθαι
1475 1131 1523 1158 καὶ
1548 1132 1684 1164 κολάζειν.
1704 1133 1734 1159 Εἰ
1749 1133 1841 1160 τοίνυν

1051 1176 1080 1207 ἐξ
1100 1175 1211 1210 ἀγάπης
1230 1176 1279 1210 μὲν
1294 1177 1310 1210 ή
1341 1177 1486 1212 εὐεργεσία
1505 1179 1552 1204 καὶ
1567 1178 1597 1204 τὸ
1629 1179 1802 1213 ἀμείϐεσθαι,
1820 1180 1837 1214 ἡ

1050 1222 1172 1256 τιμωρία
1187 1222 1214 1248 δὲ
1230 1223 1276 1248 καὶ
1291 1223 1320 1248 τὸ
1342 1223 1468 1255 κολάζειν
1479 1225 1511 1250 ὲκ
1536 1225 1632 1258 μίσους
1645 1234 1651 1240 ·
1672 1226 1730 1257 πῶς
1741 1226 1780 1252 ἔνι
1791 1227 1841 1252 τὸν

1052 1268 1133 1293 αὑτὸν
1149 1267 1254 1301 ἀγαθόν
1273 1277 1302 1294 τε
1321 1267 1391 1295 εἶναι
1411 1270 1458 1296 καὶ
1482 1270 1590 1301 δικαίας
1611 1272 1726 1304 ἐπάγειν
1751 1281 1838 1307 τιμω-

1053 1313 1125 1347 ρίας
1138 1314 1210 1344 Ὂτι,
1225 1314 1307 1348 φησιν
1332 1315 1345 1340 ὁ
1360 1315 1447 1349 μέγας
1465 1315 1618 1351 Ἀὃέρκιος,
1631 1318 1678 1343 τοῦ
1688 1318 1748 1344 κατ’
1760 1318 1843 1350 ἀξίαν

1052 1359 1160 1392 ἑκάστῳ
1178 1356 1398 1394 συντηρουμέὗου
1411 1382 1418 1392 ,
1439 1362 1502 1392 τοὺς
1518 1362 1568 1396 μὲν
1585 1363 1619 1389 τὰ
1635 1364 1726 1394 ἀγαθὰ
1750 1366 1839 1398 πράσ-

1055 1413 1166 1436 σοντας,
1185 1403 1228 1431 οἷα
1243 1406 1323 1440 φύσει
1341 1407 1443 1440 ἀγαθὸς
1455 1406 1502 1440 ὣν,
1523 1409 1674 1443 εὐεργετεῖ,
1689 1410 1751 1441 τοὺς
1762 1411 1791 1437 δὲ
1807 1411 1839 1437 τὰ

1053 1451 1144 1485 φαῦλα
1161 1452 1314 1486 μετιόντας,
1335 1453 1382 1479 an
1403 1454 1515 1485 δικαίως
1532 1456 1619 1481 πάντα
1640 1456 1735 1487 ποιῶν,
1752 1465 1839 1491 τιμω-

1054 1498 1152 1530 ρεῖται,
1174 1497 1288 1532 μηδενὸς
1304 1499 1386 1524 αὑτοῦ
1401 1499 1449 1534 τὴν
1463 1500 1563 1533 γνῶσιν
1574 1497 1610 1528 ὧν
1625 1502 1704 1537 ἡμεῖς
1722 1503 1839 1538 πράττο-

211 1547 318 1573 eorum,
330 1547 390 1574 qua:
409 1547 460 1566 nos
480 1537 605 1570 facimus,
619 1542 647 1563 et
666 1537 707 1562 vrl
725 1536 811 1563 solum
833 1535 996 1570 cogitamus.

1054 1543 1103 1576 μέν
1124 1552 1152 1569 τε
1166 1544 1214 1570 καὶ
1227 1545 1309 1578 μόνον
1324 1546 1365 1576 είς
1382 1546 1444 1572 νοῦν
1466 1535 1653 1582 λαμϐάνομεν,
1678 1535 1840 1583 διαφεύγον-

211 1586 272 1620 lpsc
292 1589 334 1612 est
360 1584 433 1611 enim
457 1583 680 1610 accuratissimus
702 1581 874 1608 examinator
891 1589 997 1612 eorum,

211 1638 272 1667 quae
298 1634 362 1657 sunt
384 1631 412 1657 in
441 1629 577 1664 profundo
593 1628 777 1663 cogitationis,
798 1628 881 1654 corda
896 1628 998 1654 exarui-

211 1685 280 1704 nans
305 1681 334 1703 et
361 1683 453 1707 renes,
486 1675 639 1710 pervadens
671 1681 758 1708 usque
781 1674 813 1700 ad
836 1673 998 1700 divisionem

211 1722 310 1750 animae
337 1725 364 1747 et
392 1719 518 1754 spiritus,
543 1726 706 1753 compagum
718 1726 829 1753 quoque
848 1723 873 1745 et
892 1718 999 1744 medul—

212 1768 312 1798 larum,
339 1769 367 1792 et
398 1764 483 1800 iudex
497 1764 693 1799 cogitationum
729 1769 756 1790 et
784 1764 998 1798 conccptionum

211 1810 305 1838 cordis
315 1809 338 1836 ’⁸.
358 1808 534 1836 Euxenianus
557 1815 644 1835 vero:
678 1807 735 1835 [Ioc
754 1808 874 1842 quidem,
900 1809 998 1843 inquit,

211 1861 285 1884 recte
297 1861 339 1883 est
351 1855 484 1882 solutum.
507 1854 560 1881 Sed
593 1854 658 1881 illud
677 1861 785 1889 quoque
808 1862 852 1881 me
868 1854 934 1881 dove
953 1863 958 1880 :
976 1856 998 1882 si

211 1904 283 1930 Deus
301 1902 379 1929 bonis
392 1901 552 1933 delectatur,
565 1908 614 1928 cur
630 1908 684 1927 non
696 1901 730 1928 ab
741 1901 818 1928 initio
832 1901 912 1927 talem
935 1901 999 1928 fecit

211 1949 360 1980 hominem,
383 1952 413 1975 ut
422 1948 523 1974 bonum
537 1947 644 1982 quidem
662 1949 748 1982 possit
766 1947 885 1981 operari,
898 1947 997 1974 malum

209 1998 301 2022 auem
326 1993 442 2020 minime
469 1994 555 2028 possit
586 1993 701 2020 facere?
723 1993 767 2020 Sic
789 1993 861 2020 enim
882 1998 909 2020 et
937 2001 999 2028 quae

210 2046 275 2068 sunt
297 2040 322 2067 ei
341 2044 427 2076 grata,
450 2038 622 2072 fecissemus,
648 2043 676 2066 et
701 2039 899 2066 mansissemus
924 2040 999 2067 nullo

211 2086 300 2114 allecti
311 2085 456 2121 supplicio.
469 2085 516 2112 Ille
531 2089 623 2112 autem
641 2093 648 2111 :
683 2084 739 2112 lloe
761 2093 872 2120 quinque
890 2090 942 2117 est,
957 2086 1000 2111 in-

211 2133 279 2167 quit.
294 2133 366 2168 ejus,
385 2132 430 2167 qui
446 2133 532 2159 nostri
552 2139 677 2166 magnam
698 2139 791 2158 curam
813 2132 895 2165 gerit,
909 2138 937 2158 et
951 2131 996 2166 qui

210 2178 322 2205 omnino
335 2179 524 2205 vultnostrum
536 2177 648 2203 bonutn.
664 2177 691 2203 Si
704 2177 774 2203 enim
788 2185 840 2204 non
857 2185 998 2211 possemus

212 2226 282 2252 mala
295 2225 395 2256 facere,
410 2231 461 2250 nec
476 2223 547 2250 bona
563 2223 670 2257 quidem
693 2222 817 2249 faciendo
830 2223 896 2249 nihil
911 2224 998 2250 luera-

1051 2231 1172 2263 δυνατῶς
1186 2232 1296 2266 ἔχομεν,
1310 2234 1387 2259 οὐδὲν
1404 2234 1438 2260 ἂν
1453 2236 1514 2262 οὐδὲ
1541 2236 1595 2262 ἀπὸ

212 2279 312 2298 remur.
328 2270 420 2305 Neque
435 2269 507 2296 enim
525 2274 666 2304 propterea
686 2269 763 2295 laude
777 2269 849 2304 digni
866 2276 999 2302 essemus,

211 2324 262 2343 uec
285 2315 533 2343 counttendatione.
563 2315 639 2341 Tuuc
662 2323 779 2349 namque
807 2314 877 2349 quod
899 2314 1000 2342 factum

212 2367 297 2394 esset,
317 2369 373 2388 non
398 2361 495 2388 fuisset
525 2360 624 2388 factum
656 2366 749 2389 nostro
776 2362 860 2390 libero
877 2362 998 2395 arbitrio,

212 2407 259 2434 sed
273 2415 308 2434 ex
325 2408 367 2435 rei
377 2412 484 2435 natura.
499 2407 557 2434 Non
569 2407 641 2434 enim
662 2408 708 2442 qui
727 2416 779 2435 non
796 2412 886 2443 potest
900 2409 1000 2435 malum

213 2453 311 2484 facere,
327 2454 349 2479 is
360 2461 416 2479 non
431 2452 534 2480 faciens
555 2459 596 2480 est
623 2454 783 2484 laudandus.
799 2455 847 2481 sed
865 2455 922 2488 qui,
938 2463 999 2482 cum

213 2498 419 2534 possitquidum
451 2497 540 2525 facere
558 2500 674 2525 abstinet
693 2505 802 2534 propter
817 2500 881 2527 boni
895 2502 1001 2527 deside-

213 2545 292 2571 rium.
311 2544 378 2571 Cum
395 2548 484 2570 autem
501 2549 646 2578 ulrtuuque
660 2545 731 2571 sitin
746 2551 837 2572 neSIra
853 2551 998 2580 potestate,

212 2594 242 2616 ut
260 2589 301 2616 vel
324 2589 387 2616 boni
413 2589 510 2622 simus,
527 2590 569 2615 \el
599 2588 672 2621 mali,
688 2589 709 2615 si
727 2590 851 2622 velimus,
868 2598 916 2617 cur
931 2591 1003 2617 tollis

211 2635 382 2662 occasionem
399 2636 526 2670 paranda:
542 2635 620 2662 bona:
643 2635 863 2668 existimationis,
884 2640 913 2663 et
925 2638 1004 2671 e,icis

212 2681 353 2709 materiam
363 2681 547 2708 coronarum?
568 2681 608 2708 Ad
627 2681 685 2709 haec
702 2681 892 2709 Euxenianus:
912 2682 1000 2715 Nunc,

212 2728 309 2761 inquit,
328 2726 393 2753 mitti
419 2726 486 2753 satis
517 2731 559 2754 est
584 2734 755 2761 persuasum,
784 2727 921 2754 hominem
941 2735 1001 2754 esse

210 2773 252 2799 sui
277 2773 366 2807 juris.
398 2778 425 2800 et
451 2774 563 2800 liberum
596 2774 696 2802 habere
718 2774 871 2805 arbitrium,
898 2778 925 2800 et
953 2781 1001 2801 sua

309 2860 390 2887 Hebr.
407 2868 442 2892 μ’,
461 2861 501 2887 12.

1052 1598 1106 1620 τος.
1119 1589 1205 1620 Αὐτὸς
1219 1591 1274 1626 γάρ
1292 1592 1348 1618 ἐστι
1366 1592 1481 1619 καὶτῶν
1499 1594 1528 1619 ὲν
1550 1594 1627 1629 βάθει
1647 1595 1696 1629 τῆς
1718 1596 1838 1626 διανοίας

1052 1634 1198 1669 ἐξεταστὴς
1228 1636 1431 1671 ἀκριϐέστατος,
1460 1638 1612 1673 δοκιμάζων
1640 1641 1764 1675 καρδίας,
1789 1642 1838 1668 καὶ

1052 1681 1169 1715 νεφροὺς
1188 1681 1374 1717 διικνούμενος
1404 1684 1469 1720 ἄχρι
1503 1686 1638 1720 μερισμοῦ
1664 1687 1755 1721 ψυχῆς
1790 1689 1838 1714 καὶ

1053 1726 1221 1760 πνεύματος,
1252 1728 1349 1762 ἁρμῶν
1374 1737 1403 1756 τε
1430 1730 1477 1757 καὶ
1507 1731 1622 1765 μυελῶν,
1640 1733 1687 1759 καὶ
1715 1735 1839 1767 κριτικὶς

1053 1771 1240 1807 ἐνθυμήσεων,
1262 1774 1308 1801 καὶ
1321 1776 1432 1802 ἐννοιῶν
1454 1778 1579 1812 καρδίας.
1598 1779 1652 1804 Καὶ
1671 1780 1684 1805 ὁ
1699 1779 1838 1811 Εὐξεινια-

1052 1815 1097 1848 νος
1109 1825 1116 1831 ·
1133 1817 1219 1844 Τοῦτο
1245 1819 1294 1853 μὲν
1312 1819 1358 1846 οὖν
1374 1821 1464 1855 ὀρθῶς
1490 1823 1663 1850 ὲπιλέλυται⁶
1684 1825 1755 1860 πλὴν
1779 1825 1840 1852 ἀλλ’

1052 1862 1140 1888 ἐκεῖνό
1150 1872 1182 1898 με
1194 1863 1299 1896 δίδαξον
1308 1873 1314 1879 ·
1324 1867 1348 1892 εί
1359 1868 1415 1898 τοῖς
1425 1868 1537 1901 ἀγαθοῖς
1549 1869 1563 1894 ὁ
1573 1869 1638 1900 Θεὸς
1651 1870 1756 1905 ἥδεται,
1768 1871 1841 1897 διατί

1054 1908 1091 1942 μὴ
1107 1909 1157 1943 τὴν
1173 1909 1261 1945 ἀρχὴν
1275 1911 1397 1938 τοιοῦτον
1416 1914 1504 1940 ἐποίει
1530 1915 1574 1941 τὸν
1589 1915 1743 1950 ἄνθρωπον,
1767 1917 1838 1943 ὥστε

1052 1953 1082 1980 τὸ
1096 1955 1146 1989 μὲν
1165 1955 1268 1989 ἀγαθὸν
1283 1957 1449 1992 ἐργάξεσθαι
1478 1960 1591 1986 δυνατὸν
1605 1958 1687 1992 εἶναι,
1719 1963 1838 1996 πονηρὸν

1051 2001 1078 2029 δὲ
1094 2003 1156 2037 μηδ’
1174 2004 1263 2029 ὁτιοῦν
1277 2004 1378 2037 πρᾶξαι
1395 2005 1526 2032 δύνασθαι
1539 2007 1634 2038 ;Οὖτω
1649 2009 1703 2043 γὰρ
1717 2008 1748 2035 ἂν
1762 2010 1795 2035 τά
1808 2018 1837 2035 τε

1052 2049 1122 2074 κατὰ
1137 2048 1250 2084 γνώμην
1266 2050 1341 2085 αὐτῷ
1357 2051 1523 2086 πράττοντες
1539 2051 1621 2088 ἦμεν,
1648 2054 1696 2081 καὶ
1722 2055 1838 2087 ἀπαθεῖς

1053 2094 1143 2128 πάσης
1162 2095 1322 2131 διεμένομεν
1336 2099 1481 2133 τιμωρίας.
1498 2099 1527 2124 '0
1544 2099 1583 2132 δὲ,
1604 2100 1660 2126 Καὶ
1679 2101 1758 2127 τοῦτο
1774 2110 1841 2134 σφι-

1052 2138 1123 2173 δρῶς
1141 2140 1304 2174 κηδομένου,
1320 2142 1386 2176 ἔφη,
1404 2142 1453 2169 καὶ
1468 2143 1498 2169 τὺ
1525 2145 1661 2180 ἡμέτερον
1687 2145 1789 2179 ἀγαθὸν
1805 2146 1837 2172 ἐκ

1052 2186 1153 2216 παντὸς
1166 2186 1307 2218 θέλοντος·
1326 2188 1350 2213 εί
1384 2189 1438 2223 γὰρ
1466 2189 1503 2223 μὴ
1531 2189 1566 2216 τὰ
1588 2190 1679 2224 φαῦλα
1708 2191 1839 2223 πράττειν

1619 2237 1667 2263 τοῦ
1694 2238 1727 2264 τὰ
1747 2238 1838 2270 ἁγαθὰ

1052 2279 1142 2304 ποιεῖν
1159 2278 1364 2313 ἐκερδαίνομεν.
1382 2280 1451 2306 οὗτε
1466 2281 1522 2316 γὰρ
1536 2282 1650 2308 ἐπαίνου
1665 2283 1739 2318 παρά
1757 2284 1841 2309 τοῦτο

1051 2324 1160 2355 πάντως
1171 2324 1232 2351 οὔτε
1241 2326 1375 2360 ἀποδοχῆς
1397 2324 1468 2361 ἦμεν
1477 2327 1557 2359 ἄξιοι.
1571 2328 1637 2355 Τότε
1649 2329 1703 2364 γὰρ
1716 2329 1745 2354 οὐ
1761 2331 1837 2364 παρὰ

1050 2369 1100 2405 τὴν
1113 2371 1251 2406 ἡμετέραν
1266 2371 1370 2404 ἐγίνετο
1385 2372 1414 2398 τὸ
1440 2373 1563 2408 πραχθὲν
1583 2373 1753 2408 προαίρεσιν,
1770 2375 1838 2400 ἀλλα

1051 2415 1127 2450 παρὰ
1142 2416 1191 2451 τὴν
1207 2417 1252 2443 ’τοῦ
1270 2418 1432 2452 πράγματος
1451 2418 1542 2452 φύσιν.
1553 2419 1590 2445 Οὔ
1603 2419 1655 2454 γὰρ
1667 2420 1681 2445 ὁ
1696 2419 1733 2454 μὴ
1751 2421 1838 2446 ποιεῖν

1052 2461 1083 2487 τὸ
1094 2462 1180 2489 κακὸν
1194 2463 1354 2498 δυνάμενος,
1365 2460 1443 2496 οὗτος
1462 2465 1499 2500 μὴ
1524 2466 1652 2500 πράττων
1677 2467 1819 2498 ἐπαινετὶς
1830 2488 1836 2497 ,

1052 2508 1109 2534 ἀλλ’
1132 2510 1145 2535 ὀ
1161 2509 1291 2543 πράττειν
1309 2511 1359 2543 μὲν
1376 2511 1488 2542 δυνατὸς
1500 2511 1548 2544 ὢν,
1565 2511 1734 2547 ἀπεχόμενος
1749 2513 1778 2538 δὲ
1793 2514 1837 2539 διὰ

1051 2555 1102 2588 τὴν
1119 2555 1186 2589 πρὸς
1201 2555 1232 2581 τὸ
1261 2556 1343 2581 καλὸν
1366 2556 1472 2590 ἔφεσιν.
1498 2557 1608 2593 Ἐπειδὴ
1635 2558 1662 2584 δὲ
1693 2558 1837 2592 ἀμφότερα

1053 2598 1120 2632 παρ’
1134 2599 1210 2633 ἡμῖν,
1228 2600 1275 2626 καὶ
1298 2600 1353 2626 εἴτε
1380 2602 1478 2635 ἀγαθοί
1503 2603 1597 2637 ἐσμεν,
1617 2604 1641 2629 εί
1663 2602 1838 2638 βουλοίμεθα,

1052 2643 1108 2669 εἴτε
1119 2644 1228 2677 φαῦλοι,
1251 2645 1314 2672 Ἐὰν
1331 2645 1426 2681 θέλητε
1440 2647 1505 2682 γὰρ,
1517 2650 1593 2682 φησι,
1609 2649 1666 2675 θεοὶ
1678 2649 1772 2676 ἔσεσθε
1786 2657 1793 2664 ·
1811 2650 1838 2676 τί

1051 2689 1101 2721 τῆς
1113 2690 1316 2725 εὐδοκιμήσεως
1331 2691 1380 2727 τὴν
1393 2693 1531 2728 πρόφασιν
1554 2695 1687 2729 ἀναιρεῖς,
1716 2695 1765 2721 καὶ
1781 2695 1838 2722 τῶν

1054 2735 1193 2768 στεφάνων
1211 2736 1355 2769 ἐκϐάλλεις
1371 2738 1420 2770 τὰς
1434 2739 1584 2774 ἁφορμιὶςς
1614 2741 1685 2776 Πρὸς
1709 2741 1795 2768 ταῦτα
1824 2743 1839 2768 6

1054 2780 1239 2816 Εὑξεινιανὸς,
1273 2784 1408 2819 Ἀκριϐῶς
1434 2786 1586 2822 πέπεισμαι
1613 2787 1658 2814 τὸν
1683 2787 1837 2823 ἄνθρωπον,
