2047 3150
191 169 258 201 1229

834 169 920 199 Vl'l‘A
943 168 970 198 S.
991 168 1152 199 ABERCll.

1730 162 1797 195 1230

187 226 254 262 ἔφη,
270 226 418 261 αὐτόνομον
429 235 458 252 τε
474 224 543 254 εἶναι
563 228 610 253 καὶ
631 227 814 259 αὐτεξούσιον,
834 228 881 253 καὶ
901 225 967 252 κατὰ

1020 231 1116 260 sponte
1129 227 1220 253 Venire
1234 227 1266 253 ad
1281 225 1457 261 peccandum.
1473 223 1525 251 Sed
1543 224 1605 251 dum
1617 224 1649 250 de
1665 222 1705 250 his
1719 222 1798 249 rebus

189 272 302 306 γνώμην
316 270 361 297 ἐπὶ
372 271 401 297 τὸ
415 271 583 307 ἁμαρτάνειν
600 271 735 307 ἔρχεσθαι.
759 271 878 298 Τοιαῦτα
900 271 967 306 πρὸς

189 316 320 350 ἀλλήλους
334 316 556 352 διαμιλλωμένων
568 318 669 349 αὐτῶν,
685 318 701 353 ή
716 317 809 351 ἐνάτη,
824 318 904 344 πάλιν
919 326 968 343 κα-

188 362 352 393 ταλαϐοῦσα,
371 361 474 388 διέλυσε
489 363 537 394 τὰς
556 364 694 397 ζητήσεις.
725 363 856 394 Ἀναστὰς
873 362 926 397 γὰρ
953 362 967 388 ὁ

190 408 260 439 θεῖος
285 408 426 442 Ἀὂέρκιος
443 409 595 440 ἀσπάζεται
620 409 683 440 τοὺς
708 409 904 445 περιεστῶτας,
921 409 967 434 καὶ

189 454 352 487 εὖλογήσας,
372 453 462 479 οἴκαδε
483 454 531 480 σὺν
544 454 708 488 Εὑξεινιανῷ
723 455 836 489 πέμπει.

225 499 274 524 1Δ’.
297 498 402 532 Ὀλίγαι
417 498 447 524 τὸ
464 498 534 533 μετὰ
545 499 634 526 ταῦτα
650 500 758 534 διῆλθον
784 500 896 534 ἡμέραι,
920 501 967 526 καὶ

187 543 237 574 τὰς
256 543 336 578 πέριξ
349 543 445 577 κώμας
462 544 508 570 καὶ
525 544 575 579 πρό
586 553 616 578 γε
629 545 683 571 τῶν
698 545 784 572 ἄλλων
799 546 849 576 τὰς
860 546 888 570 ὲν
910 553 966 578 γει-

186 588 353 622 τόνων,ᾰμα
377 590 434 620 τοῖς
458 590 582 624 ἀδελφοῖς
609 589 735 625 περιῄει’
751 590 885 625 ὲμάνοανε
912 590 965 623 γὰρ

186 632 236 668 ήδη
253 633 366 665 πολλοὺς
383 635 441 660 ἐκεῖ
461 634 600 670 διαφόροις
628 636 771 667 πιέζεσθαι
796 637 893 667 νόσοις.
914 636 966 662 Πε-

185 679 299 714 ριελθὼν
312 677 358 706 οὖν
373 680 420 706 καὶ
433 679 603 715 θεραπεύσας
618 682 684 715 εὐχῇ
699 682 745 707 καὶ
760 682 860 716 χειρῶν
873 681 965 707 ὲπιθέ-

187 732 238 756 σει,
257 724 318 750 ἐπεὶ
333 723 475 758 βαλανείου
489 725 591 760 ἄπορον
603 725 675 761 ἑώρα
690 726 736 752 τὸν
746 726 837 758 τόπον,
850 727 965 762 πρᾶγμα

186 769 295 795 νοσοῦσι
313 769 400 801 δεξιον
417 770 603 805 παραμύθιον.
619 771 659 802 εἷς
675 780 735 798 τινα
765 771 854 806 χῶρον
881 771 967 798 ἐλθὼν

185 812 207 848 ᾧ
224 815 321 850 Ἀγρὸς
337 816 385 850 μὲν
397 817 412 850 ἡ
425 816 531 850 κλῆσις,
545 817 666 851 ποταμὸς
680 817 707 843 δὲ
720 817 792 849 αὐτῷ
802 817 965 852 παραρρέει,

186 861 219 886 τὰ
240 861 341 894 γόνατα
355 861 393 896 τῷ
404 861 462 896 Θεῷ
474 862 577 894 κλίνας,
591 862 637 888 τοῦ
652 861 765 896 ἐδάφους
783 862 897 895 γίνετιι.
912 862 966 888 Καὶ

188 907 243 933 ἰδοὺ
262 907 360 942 βροντὴ
380 908 429 941 μὲν
452 908 481 940 ἐξ
513 907 644 943 ἀκριϐοῦς
672 909 894 943 καταρρήγνυται
918 908 968 942 τῆς

187 952 297 986 αἰθρίας
309 960 316 967 ·
330 953 473 979 ἀναδίδωσι
489 953 519 979 δὲ
538 952 629 987 πηγὰς
648 953 759 988 θερμῶν
774 953 878 980 ὑδάτων
894 953 911 987 ὴ
922 953 968 987 γῆ,

186 999 234 1024 καὶ
251 997 294 1024 διὰ
306 998 414 1024 πάντων
427 999 538 1033 ὑμνεῖτο
549 999 625 1031 Θεὸς,
638 999 756 1033 ἐπήκοος
770 998 842 1024 οὕτω
856 997 970 1024 δικαίων

185 1037 291 1077 ἀνδρῶν
300 1043 452 1076 γινόμενος.
468 1042 498 1069 'H
511 1042 601 1076 μέντοι
614 1042 737 1077 μακαρία
749 1042 840 1076 ἐκείνη
849 1042 969 1076 γλῶσσα,

185 1088 306 1119 λάκκους
330 1087 426 1122 ὀρύξαι
452 1089 508 1119 τοῖς
536 1087 668 1123 παροῦσιν
693 1088 883 1122 ἐντειλαμένη,
900 1087 970 1114 ὥστε

185 1133 318 1168 ούρῤοιαν
335 1134 364 1159 ὲν
375 1133 481 1164 τούτοις
505 1133 628 1166 γίνεσθαι
649 1134 704 1160 τῶν
720 1133 829 1168 θερμῶν
856 1133 968 1165 ὑδάτων,

185 1179 233 1204 καὶ
247 1178 287 1209 είς
300 1178 448 1212 ἀνάκτησιν
458 1178 529 1204 αὐτὰ
537 1179 671 1212 σωμάτων
683 1175 753 1205 εἶναι
767 1179 971 1213 πεπονηκότων,

185 1224 302 1259 ἐπανῄει
320 1224 389 1259 πρὸς
401 1224 449 1259 τὴν
465 1225 563 1252 οίκίαν.
586 1225 629 1250 Ἐν
646 1225 733 1259 τούτῳ
746 1224 792 1251 οὖν
809 1225 823 1251 6
840 1226 894 1251 τῶν
913 1233 970 1251 πει-

187 1270 302 1306 ρασμῶν
315 1271 363 1296 καὶ¹
377 1272 429 1305 τῆς
441 1271 548 1305 ἀπάτης
566 1271 668 1306 πατὴρ⁷
683 1273 697 1298 ὁ
717 1271 834 1306 πονηρὸς
855 1271 969 1306 δαίμων,

185 1316 348 1350 γυναικείαν
365 1316 523 1351 ὐποκριθεὶς
544 1316 663 1351 μορφὴν,
679 1317 803 1351 πρόσεισι
822 1317 859 1350 τῷ
889 1316 968 1351 ἁγίῳ,

185 1363 312 1396 εὐλογίας
327 1363 418 1397 τυχεῖν
433 1362 513 1395 δῆθεν
527 1362 592 1398 παρ’
606 1363 689 1390 αὑτοῦ
703 1363 877 1398 βουλόμενος.
901 1364 930 1390 '0
942 1363 969 1389 δὲ

184 1408 325 1434 ἐπιϐαλὼν
340 1409 440 1443 ἐκείνῳ
452 1409 515 1440 τοὺς
526 1408 692 1442 ὀφθαλμοὺς,
704 1410 749 1435 καὶ
762 1409 807 1435 τὸν
824 1409 889 1435 εἴσω
904 1417 971 1443 κρυ-

185 1455 322 1488 πτόμενον
338 1453 420 1480 λύκον
439 1455 488 1480 οῦκ
504 1455 651 1488 ἀγνοήσας,
668 1455 692 1480 εἰ
708 1456 754 1481 καὶ
774 1455 823 1490 τὴν
835 1455 883 1481 τοῦ
900 1463 970 1490 προ-

184 1499 271 1525 ϐάτου
289 1499 370 1534 δορὰν
390 1500 556 1534 περιέκειτο,
573 1500 655 1531 εὺθέις
678 1503 905 1536 μεταστρέφεται,
923 1501 970 1527 καὶ

187 1545 256 1580 λίθῳ
275 1546 440 1580 προσπταίει
458 1546 504 1572 τὸν
519 1545 586 1572 πόδα
615 1546 661 1572 τὸν
691 1546 788 1578 δεξιόν.
815 1547 967 1582 Περιαλγὴς

1023 1546 1095 1573 enim
1140 1549 1319 1579 percusserat.

184 1591 232 1619 οὖν
245 1592 402 1626 γενόμενος,
421 1592 538 1618 ἅπτεται
560 1594 593 1627 τῇ
608 1593 679 1628 χειρὶ
703 1593 750 1620 τοῦ
773 1593 946 1626 ἀστραγάλου
959 1601 966 1608 ·

187 1636 270 1664 αὑτὸν
280 1637 334 1672 γὰρ
350 1635 384 1672 ἦν
401 1637 561 1672 πεπληγώς.
578 1638 656 1664 Καὶό
673 1638 802 1672 πονηρὸς,
813 1639 853 1669 είς
873 1638 968 1664 ἑαυτὸν

189 1683 271 1710 πάλιν
290 1682 460 1718 μεταϐαλὼν,
475 1683 583 1718 ἥδιστόν
600 1691 630 1709 τε
655 1684 702 1710 καὶ
723 1683 823 1718 θερμὸν
843 1684 966 1716 ἀνεγέλα,

186 1731 234 1756 καὶ
248 1730 302 1755 ἀπὸ
318 1730 369 1764 τῆς
386 1730 466 1764 φίλης
489 1730 570 1762 εὐθὺς
592 1730 797 1765 ὑπερηφανίας·
821 1730 910 1765 Μήτοι
936 1738 969 1764 με

184 1775 291 1809 νόμιζε,
301 1775 385 1808 λέγει,
395 1775 450 1801 τῶν
461 1775 598 1801 ταπεινῶν
607 1773 676 1801 εἶναι
688 1777 799 1802 ἐκείνων
812 1775 967 1810 δαιμονίων,

184 1819 202 1846 ἃ
220 1819 252 1846 σὺ
269 1819 399 1850 πολλάκις
416 1820 580 1853 φυγαδεύειν
597 1818 682 1851 οἶδας,
706 1821 752 1846 καὶ
771 1821 844 1854 μόνῳ
865 1819 904 1853 τῷ
920 1821 969 1854 ρή-

185 1870 262 1900 ματι·
277 1865 334 1891 ἀλλ’
351 1864 432 1895 αὐτὸς
448 1864 506 1898 ειμι
522 1864 602 1895 αὐτὸς
615 1865 823 1898 ἑκατόνταρχος,
837 1862 868 1890 οὗ
882 1863 914 1898 δὴ
923 1864 970 1889 καὶ

187 1910 235 1938 νῦν
249 1911 290 1941 εἰς
306 1911 404 1944 πεῖραν
417 1907 512 1941 ἐλθὼν,
538 1908 606 1942 ὁρᾷς
634 1907 693 1938 πῶς
716 1907 848 1942 χαλεπαῖς
872 1906 969 1941 βέϐλη-

188 1966 234 1984 eat
247 1955 448 1991 περιωδυνίαις,
465 1955 478 1980 ό
496 1954 605 1984 πολλοῖς
616 1953 722 1987 ἑτέροις
747 1953 898 1986 λυσάμενος
921 1951 969 1982 τὰς

188 2002 294 2032 ὀδύνας.
310 2001 401 2033 Οὕτως
413 2001 467 2028 ἀπὸ
477 1999 524 2026 τοῦ
539 1999 669 2034 βλάπτειν
680 1999 694 2025 ὁ
716 1999 823 2033 μιαρὸς,
842 1997 968 2023 οὐδέποτε

187 2049 217 2076 δὲ
234 2048 288 2075 ἀπὸ
307 2048 351 2074 τοῦ
368 2048 483 2081 ὼφελεῖν
498 2048 603 2079 οὐδένα,
619 2046 709 2081 ἑαυτῷ
727 2045 773 2071 τὸν
787 2045 895 2071 ἔπαινον
918 2053 970 2070 πε-

190 2094 322 2129 ριτίθησι.
338 2093 431 2120 Ταῦτα
446 2093 537 2119 τοίνυν
554 2093 623 2127 πρὶς
638 2092 684 2118 τὸν
698 2090 853 2125 θαυμαστὸν
874 2089 968 2125 Ἀϐερ-

187 2147 248 2165 κιον
267 2136 339 2170 sim,
359 2138 406 2164 καί
422 2145 476 2164 τινι
488 2137 543 2164 τῶν
557 2137 779 2171 περιεστηκότων
806 2135 886 2162 αὐτὸν
909 2143 970 2162 νεα-

187 2183 288 2210 νίσκων
303 2183 440 2219 ὲπιπηδᾷ·
458 2183 488 2209 ὃν
504 2183 631 2218 χαλεπῶς
645 2183 787 2217 σπαράξας
800 2191 829 2209 τε
845 2184 893 2209 καὶ
909 2183 953 2209 δια

187 2229 321 2264 ταράξας,
340 2228 441 2264 μεταξὺ
460 2229 568 2255 πάντων
583 2229 706 2260 ἐλεεινῶς
722 2228 898 2255 καταϐάλλει.

222 2274 273 2302 lE'.
293 2275 324 2300 '0
339 2274 434 2309 μέντοι
457 2275 544 2308 μέγας
572 2274 711 2308 ’Λϐέρκιος
728 2274 799 2300 ἔλεον
812 2273 910 2300 αὐτίκα
921 2273 968 2300 τοῦ

186 2321 331 2348 νεανίσκου
358 2320 450 2346 λαϐὼν
477 2320 524 2346 καὶ
546 2319 652 2354 δεηθεὶς
671 2319 717 2345 τοῦ
746 2319 814 2345 Θεοῦ
835 2319 911 2345 λύσιν
939 2327 969 2345 τε

188 2367 263 2402 αὐτῷ
277 2366 369 2393 δίδωσι
384 2366 431 2392 τοῦ
445 2365 543 2396 κακοῦ,
561 2366 608 2391 καὶ
623 2365 669 2391 τὸν
685 2366 893 2399 μιαρὸνὲκεῑνον
910 2365 968 2391 δαί-

188 2419 258 2446 μονα
284 2409 408 2437 ἐκποδὼν
417 2409 535 2444 τίθησιν,
548 2409 621 2444 ἔργῳ
633 2408 754 2443 δηλώσας
768 2409 807 2440 τίς
819 2410 833 2435 ὁ
842 2409 887 2435 τοῦ
900 2410 967 2443 άγα-

189 2457 238 2484 θοῦ
256 2457 379 2492 μαθητὴς
398 2457 445 2483 καὶ
456 2455 604 2490 άγαθύνειν
613 2455 818 2490 δεδιδαγμένος,
834 2456 880 2482 καὶ
898 2455 938 2485 τίς
955 2457 968 2481 ο

186 2503 218 2534 ἐξ
231 2503 318 2537 ἀρχῆς
334 2501 462 2536 πονηρὸς,
480 2501 525 2527 καὶ
542 2499 590 2526 τοῦ
607 2500 737 2534 πράττειν
750 2499 847 2531 ἄλλους
859 2500 892 2526 τὰ
919 2508 967 2526 πο-

187 2549 258 2584 νηρὰ
273 2548 441 2578 διδάσκαλος.
467 2546 587 2578 Ἐκεῖνος
601 2546 627 2572 δὲ
644 2546 702 2573 ἀλλ’
713 2547 744 2572 οὐ
766 2546 846 2582 μέχρι
872 2547 966 2572 τούτου

186 2596 261 2630 ἔστη,
276 2595 336 2621 om
351 2595 397 2620 ἐπὶ
414 2594 481 2628 μόνῃ
495 2595 527 2627 τῇ
544 2592 657 2627 τοιαύτῃ
672 2592 778 2628 ἔμεινεν
804 2593 884 2627 ἥττῃ,
900 2593 968 2618 ἀλλὰ

187 2641 234 2668 καὶ
249 2641 346 2676 ἑτέραν
362 2640 436 2675 αὐτῷ
451 2639 634 2674 προκηρύττει
653 2639 760 2674 πάλην·
776 2636 807 2665 οὗ
832 2639 898 2674 μηδὲ
918 2639 966 2674 τὴν

186 2687 298 2721 πρώτην
312 2687 472 2720 ὑπενεγκεῖν
498 2686 618 2719 ἴσχυσεν.
639 2685 748 2719 Ἐπειδὴ
764 2685 816 2720 γὰρ
829 2686 876 2711 καὶ
893 2685 967 2712 ἄκων

186 2733 269 2768 ἀπῄει
288 2733 333 2759 τὺν
343 2732 487 2758 νεανίσκον
506 2731 648 2757 ἀπολιπὼν
664 2732 779 2766 τραχείᾳ
793 2731 830 2761 ὡς
846 2730 904 2765 εἶχε
921 2732 966 2757 καὶ

186 2778 288 2805 ἀναιδεῖ
299 2778 470 2812 χρησάμενος
484 2778 517 2811 τῇ
532 2777 607 2812 φωνῇ
621 2785 627 2792 ·
641 2776 716 2811 Ταχύ
729 2785 769 2807 σε,
785 2777 850 2811 ἔφη,
873 2777 966 2810 Ἀϐερ-

186 2833 240 2857 κιε,
253 2823 300 2851 καὶ
314 2824 415 2851 ἄκοντα
444 2824 649 2858 παρασκευάσω
663 2823 712 2858 τὴν
733 2821 876 2857 Ῥωμαίων
890 2823 962 2848 ἰδεῖν.

186 2872 222 2898 Τὸ
244 2871 271 2898 δὲ
289 2871 341 2906 ἄρα
356 2870 386 2896 οὺ
408 2868 495 2904 πολλῷ
509 2868 621 2903 ὕστερον
633 2868 724 2903 ἑξέὸη,
741 2869 778 2899 ὡς
793 2869 824 2895 τὰ
838 2868 900 2904 ἑξῆς
918 2869 963 2894 τοῦ

1021 270 1090 296 inter
1113 279 1141 297 se
1156 270 1347 305 disceptarent,
1376 270 1441 296 hora
1464 277 1535 295 nona
1559 276 1653 295 rursus
1676 267 1799 300 veniens,

1020 315 1088 342 finiit
1102 316 1271 350 quaestiones.
1285 315 1381 342 Statim
1391 315 1462 342 enim
1474 322 1587 350 surgens
1598 314 1706 341 divinus
1714 313 1799 340 Aber-

1020 361 1088 392 eius,
1105 361 1203 388 salutat
1218 369 1275 392 eos.
1290 361 1334 395 qui
1346 359 1565 391 e-ireumstxbrmt,
1599 363 1698 386 etcum
1717 359 1799 385 bene-
1832 364 1836 385 ι

1020 406 1141 438 dixisset,
1156 407 1264 433 domum
1282 406 1365 433 mittit
1379 413 1440 432 cum
1462 405 1627 431 Euxeniano.

1055 505 1122 532 XIV.
1141 505 1220 533 Pauci
1246 506 1302 533 dies
1319 510 1411 540 postea
1434 504 1629 540 praeterierunt,
1650 511 1711 530 cum
1730 503 1801 531 \ieos

1017 551 1192 578 circumcirca
1219 551 1330 585 positos,
1359 555 1386 577 et
1405 557 1468 577 ante
1485 551 1561 582 alios,
1589 557 1637 575 eos
1655 549 1700 583 qui
1726 554 1802 575 erant

1018 597 1172 631 propinqui.
1186 597 1326 623 obiiteum
1353 595 1492 622 fratribus.
1518 595 1577 622 Jam
1596 595 1668 622 enim
1689 601 1801 628 accepe«

1019 646 1068 673 rat,
1087 641 1186 667 multos
1200 639 1280 666 variis
1293 639 1348 666 illic
1361 639 1463 666 morbis
1480 639 1611 665 laborare.
1629 637 1696 664 Cum
1712 643 1726 662 a
1747 639 1802 662 tem

1017 686 1137 716 abiisset.
1153 690 1181 713 et
1196 693 1242 712 eos
1267 689 1387 712 curasset
1408 683 1534 718 precibus
1558 687 1585 709 et
1612 689 1739 708 manuum
1754 680 1804 707 im-

1018 731 1161 766 positione,
1177 736 1317 765 postquam
1328 729 1394 757 vidit
1406 729 1493 756 locum
1508 735 1587 762 egere
1601 727 1708 759 balneo,
1720 725 1802 761 (quod

1018 776 1128 810 quidem
1143 775 1337 810 aegrotantibus
1355 779 1397 802 est
1418 779 1509 808 aptum
1540 772 1675 802 solatium)
1691 771 1801 798 veniens

1019 822 1045 848 in
1061 821 1205 855 quemdam
1227 821 1328 850 locum,
1356 819 1402 854 qui
1430 818 1581 853 appellatur
1607 818 1686 852 Ager,
1704 815 1802 843 ﬂuvius

1019 872 1108 894 autem
1127 874 1211 901 prope
1227 874 1288 893 eum
1318 865 1385 896 ﬂuit,
1415 863 1492 892 ﬂexis
1520 863 1574 890 Deo
1599 863 1711 897 genibus
1728 861 1803 888 humi

1020 912 1147 947 procidit.
1165 911 1196 937 Et
1209 919 1273 938 ecce
1293 910 1410 945 erumpit
1437 909 1544 944 quidem
1559 908 1660 935 tonitru
1678 907 1747 934 caelo
1762 913 1804 934 se-

1021 965 1097 987 reno,
1114 956 1211 983 emittit
1238 961 1327 982 autem
1347 961 1417 982 terra
1438 954 1527 981 fontes
1543 961 1672 988 aquarum
1704 952 1806 980 calida—

1020 1009 1097 1028 rum:
1112 1006 1139 1028 et
1158 1008 1205 1034 per
1219 1000 1309 1027 omnia
1323 1000 1484 1026 laudabatur
1516 998 1597 1027 Deus,
1611 997 1656 1031 qui
1667 997 1754 1032 justos
1766 996 1806 1023 sic

1019 1046 1139 1074 exaudit.
1157 1045 1225 1073 Cum
1246 1046 1324 1072 beata
1342 1050 1431 1072 autem
1452 1044 1494 1070 illa
1525 1043 1614 1077 lingua
1634 1044 1676 1072 iis,
1696 1041 1741 1076 qui
1755 1041 1804 1068 ad-

1020 1097 1109 1123 erant,
1121 1091 1247 1126 jussisset
1261 1090 1352 1118 fodere
1366 1090 1507 1120 cisternas,
1521 1093 1551 1115 ut
1573 1095 1649 1122 aqua:
1662 1086 1755 1113 caldae
1776 1086 1803 1112 in

1020 1145 1066 1164 eas
1083 1136 1261 1168 conﬂuerent,
1279 1140 1305 1163 et
1316 1143 1354 1162 ea
1368 1139 1458 1162 essent
1479 1134 1512 1160 ad
1531 1132 1676 1160 recreanda
1689 1138 1803 1166 corpora

1021 1182 1182 1214 laborantia,
1198 1183 1307 1209 domum
1337 1181 1491 1208 revertitur.
1520 1179 1627 1206 Interim
1644 1182 1733 1204 autem
1745 1181 1804 1203 ten-

1021 1230 1154 1256 tationum
1178 1233 1206 1255 et
1231 1227 1397 1262 decrptionis
1422 1231 1499 1262 pater
1529 1224 1663 1259 malignus
1686 1223 1802 1255 daemon,

1021 1273 1133 1300 indutus
1151 1273 1236 1300 forma
1253 1272 1388 1305 muliebri,
1414 1270 1538 1298 venit‘ad
1564 1273 1697 1301 sanctum,
1710 1267 1805 1295 volens

1020 1319 1054 1346 ab
1069 1319 1129 1353 ipso
1160 1318 1287 1352 consequi
1314 1317 1541 1345 benedictionem.
1573 1315 1620 1342 Ille
1635 1319 1724 1340 autent
1738 1320 1804 1340 con-

1021 1365 1104 1399 jectis
1119 1364 1146 1390 in
1160 1363 1234 1390 illum
1248 1362 1343 1393 oculis,
1355 1363 1401 1396 qui
1416 1362 1487 1389 intus
1502 1360 1612 1391 latebat,
1635 1359 1727 1393 lupum
1749 1365 1802 1384 non

1023 1410 1163 1445 ignorans,
1189 1409 1292 1436 etiamsi
1322 1408 1379 1434 oris
1393 1407 1490 1442 pellem
1508 1406 1649 1437 induisset,
1680 1403 1804 1438 protinus

1022 1454 1166 1487 avertitur,
1202 1458 1229 1480 et.
1261 1453 1348 1487 lapide
1380 1452 1490 1479 oﬂ‘endit
1525 1451 1620 1485 pedem
1649 1450 1802 1477 dexterum.

1023 1500 1121 1527 Dolore
1151 1507 1215 1534 ergo
1244 1499 1366 1530 uﬂ‘ectns,
1390 1494 1471 1525 manu
1487 1497 1571 1532 tangit
1589 1496 1670 1523 talum
1691 1503 1697 1521 :
1714 1494 1802 1529 ipsum

1364 1543 1494 1577 Malignus
1531 1546 1621 1568 autem
1649 1547 1744 1566 rursus
1775 1539 1803 1565 in

1022 1591 1142 1625 seipsum
1160 1594 1289 1621 mutatus,
1305 1588 1464 1616 suavissime
1489 1587 1556 1618 risit,
1572 1590 1598 1614 et
1618 1585 1803 1613 vehementis~

1019 1638 1097 1668 sitne,
1114 1640 1141 1662 et
1154 1636 1230 1662 solita
1244 1635 1367 1670 protinus
1383 1633 1525 1667 superbia:
1541 1632 1580 1659 Ne
1598 1639 1640 1659 me
1654 1631 1801 1662 existimes,

1020 1681 1117 1715 inquit,
1134 1688 1194 1708 esse
1211 1688 1242 1707 ex
1263 1679 1317 1706 illis
1345 1678 1492 1706 humilibus
1515 1677 1668 1708 dtemoniis,
1694 1684 1755 1710 quae
1774 1680 1803 1703 tu

1020 1727 1072 1754 scis
1099 1734 1171 1761 stepe
1204 1725 1297 1761 fugare
1328 1725 1371 1752 vel
1398 1724 1481 1752 verbo
1509 1723 1567 1750 solo
1586 1731 1592 1750 :
1609 1723 1656 1750 sed
1672 1729 1731 1750 sum
1746 1723 1803 1757 ipse

1020 1772 1156 1803 centurio,
1174 1772 1253 1806 cujus
1269 1778 1331 1798 cmn
1347 1778 1419 1798 nunc
1434 1770 1522 1797 fecisti
1544 1769 1707 1805 periculum,
1728 1769 1803 1796 vides

1020 1824 1100 1850 quam
1116 1816 1244 1851 gravibus
1255 1817 1292 1843 sis
1320 1816 1436 1843 aﬂ'ectus
1461 1815 1610 1846 doloribus.
1623 1814 1668 1849 qui
1682 1809 1803 1841 liberasti

1020 1862 1120 1888 multos
1133 1870 1147 1888 a
1169 1862 1312 1888 molestiis.
1335 1861 1381 1888 Sic
1408 1861 1590 1888 exsecrandus
1617 1868 1650 1887 ex
1671 1868 1715 1892 eo,
1731 1868 1767 1894 qu
1785 1860 1802 1886 d

1021 1907 1111 1939 laedat,
1141 1915 1280 1941 nunquam
1307 1911 1396 1934 autem
1425 1914 1458 1934 ex
1491 1914 1533 1938 eo,
1553 1906 1624 1940 quod
1640 1906 1735 1940 prosit,
1750 1905 1801 1932 sibi

1020 1952 1124 1979 laudetn
1140 1948 1244 1980 tribuit.
1261 1952 1323 1979 Haec
1339 1960 1403 1987 ergo
1419 1951 1570 1979 admirabili
1591 1951 1660 1978 dixit
1673 1951 1800 1983 Abercio,

1018 2003 1045 2025 et
1058 1998 1187 2032 impetum
1219 1998 1283 2025 facit
1308 1999 1334 2024 in
1365 1997 1510 2032 quemdam
1540 2005 1574 2024 ex
1592 1997 1635 2030 iis,
1649 1997 1695 2032 qui
1710 1997 1800 2032 ipsum

1019 2044 1265 2075 circumsistebant.
1286 2044 1504 2071 adolescentibus
1521 2052 1527 2071 :
1556 2051 1636 2078 quem
1654 2050 1715 2070 cum
1742 2049 1802 2077 gra-

1019 2089 1088 2116 viter
1104 2089 1300 2125 discerpsisset,
1311 2089 1502 2117 miserabiliter
1518 2089 1624 2124 proiicit
1639 2093 1665 2116 tn
1682 2089 1801 2116 medium

1019 2141 1152 2161 omnium.
1789 2139 1800 2153 ί

1055 2279 1111 2306 XV.
1127 2279 1236 2314 Magnus
1251 2284 1340 2306 autem
1362 2280 1492 2307 Abcrcius
1506 2281 1596 2307 statim
1616 2280 1801 2308 misericordia

1020 2330 1110 2352 motus
1133 2325 1323 2358 adolescentis,
1348 2330 1372 2352 et
1393 2325 1474 2352 Deum
1500 2331 1635 2360 precatus,
1651 2335 1713 2354 eum
1730 2328 1800 2354 malo

1019 2370 1114 2401 solvit.
1141 2375 1167 2397 et
1197 2370 1392 2397 exsecrandum
1426 2371 1501 2397 illum
1529 2371 1678 2399 dzemoiiem
1707 2373 1799 2403 procul

1019 2416 1141 2449 expellit.
1161 2423 1189 2441 re
1205 2416 1261 2449 ipsa
1276 2415 1432 2446 ostendens,
1450 2417 1573 2450 quisnam
1589 2417 1702 2444 sit'boni
1716 2418 1799 2445 disci-

1019 2461 1109 2495 pulus,
1127 2465 1154 2486 et
1169 2461 1214 2494 qui
1244 2460 1312 2487 bene
1335 2460 1422 2487 facere
1449 2461 1596 2489 didicerit:
1623 2467 1650 2489 et
1674 2465 1798 2497 quisnam

1018 2506 1041 2533 is
1054 2506 1097 2535 sit.
1114 2505 1158 2540 qui
1183 2510 1224 2532 est
1249 2506 1336 2532 malus
1355 2505 1388 2532 ab
1410 2506 1497 2538 initio,
1522 2512 1549 2533 et
1576 2508 1703 2542 magister
1728 2509 1798 2535 male

1019 2551 1133 2578 faciendi
1148 2551 1217 2578 aliis.
1239 2551 1284 2577 Ille
1309 2556 1399 2577 autem
1426 2559 1479 2578 non
1502 2559 1534 2578 eo
1557 2560 1641 2586 usque
1663 2553 1796 2586 constitit,
1847 2567 1849 2569 -

1018 2604 1105 2631 neque
1122 2597 1202 2623 semel
1228 2600 1384 2629 superatum
1406 2603 1465 2623 esse
1484 2597 1549 2623 satis
1572 2597 1664 2624 habuit
1683 2607 1690 2625 :
1706 2599 1753 2626 sed
1769 2600 1796 2626 ei

1019 2649 1113 2670 rursus
1127 2642 1226 2669 bellum
1241 2642 1393 2675 denuntiat,
1415 2643 1492 2677 cujus
1509 2643 1625 2677 primum
1643 2644 1796 2672 conﬂictum

1017 2696 1071 2715 non
1088 2689 1174 2723 potuit
1194 2690 1339 2716 sustinere.
1359 2689 1474 2722 Quando
1491 2689 1564 2716 enim
1587 2689 1689 2717 invitus
1709 2697 1797 2718 reces-

1018 2734 1062 2766 sit,
1082 2733 1175 2761 relicto
1198 2733 1380 2766 adolescente,
1402 2741 1496 2769 aspera
1515 2739 1543 2762 et
1567 2734 1715 2770 impudenti
1731 2743 1798 2762 voce

1019 2788 1083 2806 usus
1101 2788 1108 2806 :
1124 2779 1183 2806 Cito
1205 2786 1239 2812 te,
1254 2779 1350 2813 inquit,
1363 2787 1379 2806 ο
1397 2780 1503 2813 Aberci,
1520 2781 1561 2807 vel
1574 2781 1687 2808 invitum
1701 2781 1798 2809 faciam

1019 2826 1109 2852 videre
1142 2825 1323 2852 Romanorum
1359 2825 1508 2853 civitatem.
1535 2827 1592 2854 Hoc
1627 2831 1716 2854 autem
1744 2834 1797 2854 non

1019 2872 1102 2900 multo
1117 2876 1177 2906 post
1195 2871 1294 2905 evenit.
1309 2876 1338 2899 ut
1349 2871 1477 2906 deinceps
1488 2873 1673 2901 ostendemus.
1686 2873 1798 2902 Divinas
