2047 3150
196 164 264 195 H.127

845 167 933 198 VlTA
956 168 984 198 S.
1005 169 1024 197 Λ
1031 169 1075 198 BE
1081 169 1167 200 RCll.

1738 169 1806 201 1218

198 218 245 242 σόν
262 226 306 250 μοι
325 219 375 252 τὴν
396 218 442 244 ἐπὶ
475 218 587 254 Ῥώμην
613 220 681 246 ὁδόν.
703 221 840 247 Ἤκουσεν
860 221 975 253 ἐκεῖνος,

1040 231 1090 250 :um
1117 220 1228 251 Romam
1250 224 1363 251 conﬁce.
1393 222 1502 250 Audivit
1525 223 1580 255 ille,
1606 228 1633 251 et
1655 223 1755 259 ligone,
1780 229 1808 252 et

198 261 246 287 καὶ
258 262 308 295 τὴν
324 262 450 289 δὲκελλαν
467 263 546 294 εὐθὺς
567 265 614 290 καὶ
627 265 657 291 τὺ
674 267 805 299 σκαφεῖον
824 265 977 296 ἀπολιπὼν,

198 307 248 341 τὴν
265 307 369 333 οἰκείαν
382 315 409 333 τε
426 308 552 342 ἀρπάσας
578 310 679 343 ἐσθῆτα
694 311 727 344 ἣν
747 310 790 336 διὰ
810 310 856 336 τὸν
881 310 913 336 ὲκ
929 310 979 344 τῆς

199 353 334 387 ἐργασίας
346 353 431 380 κόπον
445 356 477 389 τῇ
491 357 526 389 γῇ
541 356 669 387 καταθεὶς
681 354 725 390 ἦν,
742 357 834 383 εἵπετο
848 356 887 390 τῷ
898 356 978 390 ἁγίῳ.

205 398 317 433 Ἐπειδὴ
342 398 370 425 δὲ
389 400 540 426 συνώδευον
559 401 620 436 ἤδη.
649 401 730 429 Ἀ).λὰ
744 402 792 428 νῦν
806 402 847 428 ὅτι
863 402 979 436 μάλιστα

199 444 344 479 προσέχειν
362 445 434 478 ὑμᾶς
444 445 521 478 dit-It,
539 446 630 481 θαῦμα
650 447 703 482 γὰρ
730 447 892 480 ἀκούσεσθε,
911 447 980 482 σύμ-

201 499 301 525 μικτον
314 490 406 526 ἡδονῇ.
425 492 481 518 Καὶ
504 493 560 528 γὰρ
578 494 658 520 ὁπότε
678 494 727 528 μὲν
741 495 754 520 ό
765 493 925 528 Τροφιμίων
941 493 981 525 είς

199 536 295 571 κοινὴν
310 537 360 572 ήδη
374 537 471 572 χρείαν
489 538 704 574 ῐπιστρέφοντος
721 539 768 566 τοῦ
785 539 862 573 ἁγίου
877 539 924 565 τὸν
934 538 981 565 τοῦ

199 582 285 608 ἀσκοῦ
299 582 367 609 πόδα
379 582 497 615 λύσειεν,
508 583 582 618 αὺτῷ
604 584 635 618 δὴ
649 584 679 611 τὸ
692 584 760 620 πρὸς
775 585 805 611 τὸ
821 584 907 618 παρὸν
920 592 982 610 συν-

199 627 294 653 τελοῦν
313 627 392 662 μόνον
420 629 520 662 ἀμιγὲς
538 628 628 664 ἐξῄει,
644 627 714 661 οἶνος
728 629 819 664 τυχὸν,
834 629 850 664 ἢ
866 628 925 661 ὅξος
937 647 945 660 ν
960 628 977 664 ἢ

201 672 306 703 ἔλαιον,
326 672 380 698 τῶν
392 671 480 700 ἄλλων
495 674 564 700 κατὰ
579 673 671 709 χώραν
691 675 825 708 μενόντων
838 682 844 689 ·
859 673 938 700 ὁπότε
955 673 983 699 δὲ

203 716 284 742 πάλιν
301 717 405 748 ἐκεῖνος
437 719 466 744 ὲν
487 719 568 753 χρείᾳ
595 719 667 750 τινος
689 719 837 750 καταστὶς,
857 719 880 744 εί
911 717 984 744 κατὰ

201 762 317 796 γνώμην
334 761 382 788 τοῦ
411 763 490 796 ἁγίου
506 763 597 790 λύσειε
624 764 671 790 τὸν
697 764 791 795 ἀσκὸν,
820 763 983 798 τάναντίαῆ

202 807 284 838 am;
301 808 442 842 ὴὸούλετο,
473 808 638 844 θαυμαστῶς
660 809 754 845 ὲξῄει⁰
780 809 840 842 ὗξος
863 809 912 843 μὲν
937 809 985 835 καὶ

202 854 304 885 ἔλαιον,
319 853 342 879 εί
355 853 427 888 δίψει
440 855 520 889 τυχὸν
537 855 650 890 ληφθεὶς
668 855 788 890 πειρῷτο
806 856 879 881 πιεῖν
890 862 896 869 ·
914 856 938 880 ei
955 855 984 881 δὲ

1031 270 1124 296 rastris
1138 269 1249 301 relictis,
1265 273 1292 295 ct
1305 277 1353 296 sua
1379 275 1453 297 veste
1468 273 1586 303 arrepta,
1602 277 1681 304 quam
1697 274 1809 304 propter

1031 314 1148 340 laborem
1160 314 1326 348 operationis
1341 314 1415 341 humi
1429 315 1602 350 deposuerat,
1626 319 1749 342 sanctum
1768 319 1809 341 est

1031 364 1150 386 secutus.
1172 359 1286 394 Jamque
1315 359 1395 386 simul
1419 360 1488 387 viam
1513 359 1626 387 inibant.
1652 359 1705 386 Sed
1739 367 1810 387 nunc

1032 405 1092 431 volo
1111 413 1158 431 vos
1176 412 1256 438 quam
1281 405 1399 432 maxime
1420 405 1560 432 attendere
1576 414 1584 431 :
1603 405 1719 432 audietis
1737 405 1808 430 enim

1032 451 1192 477 miraculum
1220 451 1356 485 voluptate
1377 451 1560 478 commistutn.
1579 451 1685 478 Etenim
1702 450 1810 484 quando

1031 496 1210 531 Tropbimion
1228 497 1260 523 ad
1275 504 1445 523 conunnuent
1460 504 1549 528 nsum.
1571 501 1664 524 sant'to
1688 497 1809 530 iubente,

1032 543 1100 570 utris
1123 543 1279 577 operculum
1303 543 1461 574 amovisset,
1486 542 1602 577 idipsum
1619 542 1715 574 solum,
1739 541 1810 576 quod

1033 595 1101 623 opus
1116 593 1173 614 erat
1188 588 1214 614 in
1228 587 1383 621 praesentia,
1400 594 1538 621 egressum
1553 593 1594 614 est
1607 586 1677 613 haud
1691 585 1810 612 mistutn:

1034 635 1136 665 vinum,
1156 633 1228 660 verbi
1246 640 1337 664 causa,
1357 637 1584 666 autaeetum,aut
1599 633 1698 664 oleum,
1712 631 1772 658 aliis
1787 631 1812 658 in

1034 680 1093 706 loco
1110 678 1291 706 manentibus.
1309 678 1422 711 Quando
1439 683 1528 705 autem
1547 677 1591 704 ille
1614 685 1710 704 rursus
1724 677 1814 711 aliqua

1035 733 1063 751 re
1080 724 1213 759 indigens.
1233 731 1287 750 non
1303 731 1317 750 e
1328 723 1462 750 sententia
1478 723 1561 750 sancti
1577 728 1664 749 utrem
1679 721 1814 752 solvisset,

1034 769 1230 797 admirabiliter
1242 767 1450 803 egrediebantur
1470 767 1603 794 contraria
1624 767 1666 799 iis,
1683 774 1743 801 qtne
1766 773 1814 792 vo-

1036 815 1108 842 lebat
1123 824 1130 842 :
1151 819 1255 842 acetum
1281 813 1400 848 quidem.
1423 817 1449 838 et
1463 812 1562 844 oleum,
1589 811 1610 839 si
1626 811 1669 839 siti
1686 811 1756 838 forte
1773 810 1814 837 la-

1036 863 1136 889 borans
1151 861 1231 889 vellet
1246 860 1349 891 bibere,
1368 859 1409 886 sin
1423 865 1487 885 vero
1504 858 1547 885 his
1568 862 1662 885 contra
1684 863 1752 890 optts
1767 857 1815 882 ha-

203 899 251 925 καὶ
263 899 381 933 ἔμπαλιν
401 901 492 927 αὐτῶν
515 901 637 936 δεηθείη,
660 899 732 932 οἶνος
757 901 912 935 ἀκραιφνὴς
936 901 983 927 τοῦ

1040 909 1124 941 beret,
1139 907 1230 934 vinum
1253 913 1351 940 purum
1371 905 1475 932 ellluxit
1496 911 1528 930 ex
1551 909 1622 930 utre.
1646 902 1689 929 Sic
1705 902 1750 936 qui
1768 909 1815 928 sua

203 944 288 971 ἀσκοῦ
317 945 444 981 ἀπέρρει.
478 946 572 978 Οὕτως
603 947 617 973 ὁ
650 948 742 974 ἑκοντὶ
764 947 872 983 δολερὸς
910 947 984 974 ἄκων

203 990 312 1025 ὑπῆρχε
333 993 438 1024 πιστὸς,
455 992 563 1023 οὐδενὸς
577 989 614 1019 ὧν
638 993 780 1027 ἠϐούλετο,
804 993 874 1020 κατὰ
889 992 985 1028 χρείαν

203 1036 370 1070 ἁπτόμενος,
398 1037 494 1072 σαφῶς
521 1038 602 1064 αὐτὸν
630 1038 677 1065 τοῦ
701 1039 862 1074 πράγματος
881 1038 985 1065 ἐκδιδά-

203 1091 317 1114 σκοντος
329 1083 418 1118 ὀρθῶς
429 1083 502 1118 ἔχειν
517 1085 564 1111 καὶ
581 1084 732 1119 ἀκεραίως,
750 1086 797 1111 καὶ
813 1084 897 1118 μηδὲν
910 1084 985 1118 παρὰ

203 1127 255 1162 τὴν
271 1128 319 1154 τοῦ
345 1130 522 1164 χρησαμένου
556 1129 670 1166 γνώμην
711 1131 811 1157 ποιεῖν.
849 1130 985 1156 Τοιούτων

211 1174 354 1208 ’Δϐέρκιος
384 1175 439 1201 τῶν
475 1175 551 1210 παρὰ
574 1176 642 1202 Θεοῦ
669 1176 749 1202 θείων
767 1176 885 1202 ἀπέλαυε
904 1185 985 1211 χαρι-

206 1220 328 1253 σμάτων.
353 1221 447 1246 Πᾶσαν
469 1221 515 1247 οὖν
540 1222 669 1256 εὐμαρῶς
683 1222 836 1253 ἀνύσαντες
853 1221 902 1256 τὴν
917 1221 985 1252 ὁδὸν,

205 1266 234 1289 ἑν
256 1265 398 1300 ’Δτταλείᾳ
426 1266 475 1300 τῆς
500 1267 664 1301 Παμφυλίας
695 1267 871 1301 κατάγονται.
907 1263 986 1301 Ἑνῇ

206 1309 299 1336 πλοίου
332 1310 407 1342 τινὸς
437 1312 492 1337 τῶν
509 1311 556 1337 ἐπὶ
586 1311 695 1346 Ῥώμην
725 1311 901 1346 ἀναγομένων
927 1311 988 1337 ὲπι-

204 1355 311 1385 ϐάντες,
325 1355 365 1386 είς
388 1355 432 1382 τὺν
444 1355 597 1390 ὡρισμένον
611 1357 771 1392 καταίρουσι
790 1356 882 1387 τόπον,
901 1357 986 1391 πέρας

206 1399 268 1435 ἄρτι
298 1401 345 1427 καὶ
360 1401 407 1427 τοῦ
424 1401 478 1428 τῶν
493 1400 605 1436 ἡμερῶν
616 1401 744 1432 λαϐόντος
759 1401 940 1436 συνθήματος.

242 1444 307 1473 KA’.
322 1445 381 1472 Τῶν
394 1445 441 1472 οὖν
457 1446 661 1482 μαγιστριανῶν
676 1447 766 1482 τρισὶν
786 1447 899 1481 ὕστερον
916 1447 981 1482 ἠμέν

207 1501 268 1526 ραις
283 1493 329 1519 καὶ
346 1493 421 1526 αὐτῷ
437 1493 637 1527 καταχθέντων·
653 1493 737 1519 πολὺν
748 1493 802 1527 γὰρ
812 1493 902 1523 αὐτοῖς
914 1492 987 1526 ὲτρί-

207 1538 241 1570 6η
259 1537 354 1572 χρόνον
369 1538 383 1563 ὁ
400 1537 481 1568 πλοῦς
497 1537 541 1563 διὰ
556 1537 586 1563 τὸ
599 1537 648 1572 τῆς
674 1537 749 1572 ὥρας
773 1537 923 1571 χειμέριον,
942 1537 990 1563 καὶ

207 1582 292 1608 πολλὰ
309 1583 400 1616 σφίσιν
426 1583 517 1614 αὐτοῖς
540 1581 724 1617 μεμφομένων
739 1582 787 1616 τῆς
804 1582 988 1617 βραδυτῆτος,

206 1627 277 1654 οὕτω
291 1636 321 1653 τε
338 1628 469 1662 οἰομένων
484 1627 532 1661 ὡς,
553 1628 576 1654 εί
597 1628 683 1664 μὴτῷ
696 1628 766 1662 ἁγίῳ
781 1627 852 1654 κατὰ
862 1627 910 1658 τὰς
927 1635 989 1652 συν-

207 1673 294 1707 θήκας
321 1673 472 1709 ἐντύχοιεν.
485 1674 500 1707 ἢ
515 1674 628 1705 ἑαυτοὺς
652 1673 735 1708 ὠμῶς
749 1673 958 1708 διαχρήσασθαι,
973 1673 989 1706 ἦ

207 1722 231 1746 εί
248 1722 285 1754 τίς.
299 1721 481 1756 αὐτοκράτορι
506 1721 609 1752 κεναῖς,
621 1721 634 1747 ὃ
647 1721 680 1755 δὴ
696 1720 817 1755 λέγεται,
830 1720 923 1755 χερσὶν
940 1719 990 1754 ἑμ-

208 1766 362 1799 φινισθεῖεν
377 1767 423 1793 ὑπ’
438 1768 544 1794 ἐκείνου
561 1767 751 1802 ἀναιρεθῆναι.
772 1767 865 1793 Ταῦτα
888 1766 991 1792 τούτων

209 1810 270 1837 καθ’
283 1811 397 1842 ἑαυτοὺς
418 1811 675 1846 διασκοπουμένων,
689 1813 782 1847 ἐπειδὴ
809 1813 949 1847 ἀπέϐησαν
963 1820 991 1838 τε

208 1857 256 1890 τῆς
271 1856 334 1890 νηὸς
349 1857 411 1892 ἤδη,
437 1857 484 1882 καὶ
507 1858 557 1888 τὰς
584 1858 747 1891 καταγωγὰς
761 1859 928 1892 ἀνηρεύνων,
945 1858 991 1883 καὶ

208 1901 258 1936 τὴν
274 1901 360 1934 ἀκτὴν
374 1902 535 1937 περιῄεσαν,
545 1902 737 1937 ἐντυγχάνουσι
751 1903 790 1937 τῷ
800 1902 879 1937 ἁγίῳ.
899 1903 927 1928 Ὀ
942 1902 992 1937 μὲν

208 1945 255 1973 οὖν
269 1947 318 1981 τὴν
332 1947 421 1979 δεξιὰν
435 1947 591 1983 προτείνας,
605 1950 652 1974 καὶ
667 1948 765 1981 αὐτοὺς
785 1948 990 1982 ἀσπασάμενος,

210 1993 359 2028 προσφιλές
372 2002 401 2020 τε
419 1992 473 2020 εῐδι
487 1994 550 2024 τοὺς
565 1994 674 2027 ἄνδρας,
688 1995 735 2020 καὶ
757 1994 852 2029 πράως
866 1993 913 2020 τοῦ
930 2002 993 2020 συν-

210 2039 333 2074 θήματος
345 2039 562 2074 ὑπεμίμνησκεν.
577 2040 607 2066 Οἱ
620 2039 648 2066 δὲ
658 2039 772 2074 ἄσμενοι
787 2039 881 2065 τοῦτον
896 2039 932 2068 ὼς
943 2039 993 2065 οὒκ

211 2085 244 2111 ἂν
253 2086 372 2120 ῆλπισαν
381 2085 492 2117 ίδόντες,
505 2085 690 2120 προσεκύνουν
705 2084 814 2115 ευθέως,
829 2084 994 2119 περιεπτύσ-

212 2139 298 2162 σοντο,
311 2130 489 2164 περιέϐαλλον
508 2131 608 2161 πάντα,
621 2130 705 2158 τᾶλλα
719 2131 828 2156 ἐποίουν
841 2131 892 2157 ὅσα
906 2130 994 2164 ψυχῆς

1035 957 1132 988 sponte
1150 953 1202 980 fuit
1215 951 1415 983 fraudulentus,
1435 949 1536 977 invitus
1558 948 1610 975 fuit
1634 947 1730 979 ﬁdelis,
1754 954 1815 974 cum

1035 999 1103 1026 nihil
1121 1004 1243 1033 tangeret
1260 1005 1292 1024 ex
1308 997 1352 1029 iis,
1364 1003 1425 1030 qua:
1440 995 1546 1022 volebat
1561 994 1594 1021 ad
1612 1001 1701 1024 usum,
1712 1000 1741 1019 re
1758 991 1816 1026 ipsa

1035 1052 1096 1071 enm
1112 1048 1206 1078 aperte
1221 1042 1345 1074 docente,
1359 1046 1388 1068 ut
1405 1045 1476 1068 recte
1493 1047 1522 1066 se
1541 1043 1645 1074 gereret
1660 1043 1687 1065 et
1701 1038 1816 1068 sincere,

1036 1095 1065 1118 ct
1084 1090 1150 1117 nihil
1168 1089 1267 1116 laceret
1289 1091 1387 1123 praeter
1410 1085 1572 1114 sententiam
1591 1084 1660 1118 ejus,
1684 1083 1729 1118 qui
1743 1089 1813 1109 com-

1035 1136 1183 1164 mndasset.
1199 1134 1274 1161 Talia
1285 1141 1300 1160 a
1316 1133 1371 1160 Deo
1387 1133 1459 1160 dona
1484 1131 1535 1158 fuit
1556 1133 1720 1157 consecutus
1734 1128 1819 1157 Aber-

1035 1183 1104 1209 cius.
1132 1181 1199 1207 Cum
1229 1187 1293 1215 ergo
1322 1182 1409 1205 totum
1436 1177 1488 1204 iter
1516 1176 1595 1203 facile
1622 1173 1817 1203 confecissent,

1036 1227 1148 1254 \‘eniunt
1171 1227 1198 1253 in
1221 1225 1335 1253 Atali'am
1356 1223 1518 1258 Pamphyliae
1540 1222 1687 1250 civitatem.
1715 1219 1742 1246 ln
1766 1226 1817 1252 qua

1036 1281 1096 1301 cum
1120 1279 1215 1299 navem
1236 1270 1471 1301 conscendissent,
1491 1275 1550 1303 quae
1574 1267 1687 1294 Romam
1711 1263 1819 1300 prolici—

1040 1320 1177 1350 sccbatur,
1187 1318 1214 1345 in
1224 1318 1312 1344 locum
1322 1315 1462 1351 appellunt
1470 1313 1657 1344 constitutum,
1668 1318 1728 1339 cum
1739 1309 1820 1339 modo

1043 1366 1124 1392 linem
1139 1363 1287 1398 accepisset
1303 1362 1408 1389 dierum
1426 1360 1582 1388 conventio.

1079 1442 1148 1470 XXI.
1172 1440 1340 1476 Magistriani
1360 1448 1424 1468 vero
1442 1440 1530 1467 tribus
1546 1444 1639 1474 postea
1659 1440 1754 1468 diebus
1770 1437 1819 1475 ipsi

1041 1496 1150 1524 quoque
1164 1487 1352 1523 appulerunt:
1368 1485 1420 1513 fuit
1436 1486 1510 1513 enim
1526 1486 1603 1521 longa
1621 1494 1695 1514 mora
1712 1487 1822 1520 ιιιινῐευιι

1041 1536 1122 1562 tionis
1139 1538 1249 1569 propter
1278 1536 1479 1567 tcmpesmtem.
1504 1531 1636 1564 Quocirca
1667 1532 1820 1560 tarditatem

1040 1589 1116 1608 suam
1146 1580 1223 1607 valde
1249 1579 1436 1607 accusabant:
1466 1577 1532 1613 quin
1560 1577 1642 1604 etiam
1667 1578 1823 1605 statuebant

1042 1627 1091 1653 nisi
1104 1631 1237 1658 sanctum,
1265 1629 1294 1652 ut
1318 1628 1494 1654 convenerat.
1517 1624 1684 1656 invenirent.
1709 1624 1750 1651 vel
1771 1624 1821 1652 sibi

1041 1673 1106 1707 ipsis
1121 1677 1235 1699 mortem
1251 1671 1397 1698 crudeliter
1415 1671 1597 1698 consciscere.
1613 1671 1681 1697 Nam
1701 1670 1723 1697 si
1739 1670 1823 1704 impe-

1042 1717 1125 1745 ratori
1150 1717 1254 1748 vacuis.
1282 1721 1312 1743 ut
1338 1715 1452 1748 dicitttr,
1482 1715 1611 1742 manibus
1632 1723 1661 1742 se
1684 1716 1822 1745 sisterent,

1042 1763 1210 1794 metuebant,
1225 1769 1259 1788 ne
1277 1762 1311 1788 ab
1339 1761 1385 1788 illo
1410 1761 1640 1788 interﬁcerentur.
1670 1762 1734 1788 Haec
1752 1761 1823 1796 apud

1042 1817 1070 1836 se
1085 1810 1175 1835 animo
1191 1808 1332 1843 agitantes.
1350 1815 1412 1834 eum
1429 1807 1484 1841 jam
1500 1813 1515 1833 e
1530 1807 1589 1833 navi
1610 1806 1823 1837 descendissent,

1043 1859 1069 1882 et
1084 1858 1271 1881 scrutarentur
1290 1853 1448 1883 divarsoria.
1477 1858 1504 1879 et
1523 1853 1599 1879 littus
1625 1852 1744 1884 obirent,
1762 1859 1826 1879 san-

1042 1906 1116 1926 ctum
1134 1899 1285 1925 inveniunt.
1302 1897 1348 1926 Ille
1360 1903 1451 1925 autem
1472 1906 1533 1925 cum
1551 1906 1660 1924 manum
1685 1899 1826 1933 porrexis-

1042 1948 1093 1975 set,
1110 1947 1137 1970 et
1152 1951 1199 1970 eos
1211 1943 1363 1975 salutasset,
1379 1943 1466 1969 amice
1482 1950 1528 1970 eos
1544 1944 1658 1977 aspexit,
1679 1947 1707 1970 et»
1721 1944 1825 1977 placide

1043 1993 1150 2022 pactum
1168 1991 1331 2015 conventum
1355 1987 1493 2015 revocavit
1517 1988 1544 2014 in
1572 1988 1742 2015 memoriam.
1756 1988 1824 2015 Cum

1043 2038 1109 2058 vero
1137 2031 1187 2065 ipsi
1213 2030 1327 2057 libenter
1360 2037 1422 2058 eum
1451 2036 1550 2065 praeter
1578 2039 1654 2066 spem
1685 2031 1825 2063 vidissent,

1045 2076 1168 2110 protinus
1182 2074 1340 2106 adorabanl,
1357 2075 1601 2110 amplectebantur,
1625 2080 1652 2103 et
1666 2077 1757 2103 omnia
1775 2077 1826 2103 alia

1045 2121 1199 2153 iaciebant,
1225 2129 1286 2156 qua:
1315 2125 1378 2148 sunt
1411 2121 1486 2156 signa
1517 2121 1598 2148 animi
1631 2121 1695 2148 moti
1723 2122 1825 2149 latitia.

212 2175 263 2201 ὑπὸ
294 2176 472 2210 περιχαρείας
499 2176 681 2209 κεκινημένης
701 2176 759 2202 ἐστὶ
776 2175 912 2210 σύμϐολα.
927 2174 988 2202 Εἶτα

1048 2167 1148 2194 Deinde
1159 2174 1220 2195 cum
1235 2175 1297 2194 eum
1320 2174 1411 2194 secum
1427 2167 1647 2201 assumpsissent,
1672 2167 1827 2202 ingrediun-

212 2221 428 2256 παραλαὸἇντες,
448 2221 548 2247 είσίασί
574 2230 603 2247 τε
623 2221 672 2255 τὴν
691 2221 810 2256 Ῥώμην,
835 2222 882 2247 καὶ
897 2221 933 2252 ὡς
947 2221 993 2248 τὸν

211 2268 332 2302 ὕπαρχον
358 2267 454 2301 ἄγουσι
471 2267 665 2302 Κορνηλιανόν.
678 2267 710 2294 Ὀ
725 2267 763 2299 δὲ,
782 2266 875 2301 ἐπειδὴ
891 2266 935 2292 τὸν
947 2267 995 2293 αὺ-

212 2312 363 2347 τοκράτορα
388 2313 544 2340 Ἀντωνῖνον
561 2314 577 2348 ἡ
592 2314 662 2339 κατὰ
687 2313 740 2339 τῶν
755 2312 905 2346 Βαρῦάρων
921 2309 994 2346 εἶχεν

213 2356 370 2390 ἐκστρατιὰ,
386 2359 433 2383 τὶν
453 2357 549 2391 Ῥῆνόν
565 2366 592 2382 τε
608 2357 768 2387 διαϐάντων,
785 2356 832 2382 καὶ
859 2356 907 2390 τὴν
929 2356 995 2382 Ῥω-

213 2403 301 2436 μαίων
327 2403 539 2437 λεηλατούντων.
553 2402 598 2428 τδν
613 2401 698 2437 ἄνδρα
721 2401 789 2436 πρὸς
807 2400 855 2436 τὴν
874 2401 996 2434 Αὐγούσ-

212 2457 260 2473 ταν
274 2447 336 2481 ἄγει
349 2448 512 2474 Φαυστίναν.
525 2447 574 2472 Ὃν
590 2447 680 2480 ἐκείνη
699 2445 856 2480 θεασαμένη
878 2445 996 2480 γεραρὺν

212 2492 283 2519 οὕτω
295 2492 342 2518 καὶ
360 2493 468 2525 σεμνὸν,
483 2491 531 2518 καὶ
546 2492 576 2518 τι
589 2491 724 2521 εῠκοομον
737 2489 793 2517 οἷον
809 2492 855 2517 καὶ
880 2491 996 2525 γαληνὸν

214 2537 407 2570 ὑποφαίνοντα,
433 2536 524 2567 αἰδοῦς
560 2536 706 2568 ὑπόπλεως
731 2536 845 2570 γίνεται,
870 2537 916 2562 καὶ
946 2535 995 2561 σὺν

214 2583 296 2618 πολλῇ
315 2583 395 2610 αὑτὸν
408 2582 559 2614 ἀσπάζεται
573 2584 605 2617 τῇ
622 2583 832 2617 σεμνοπρεπείᾳ.
855 2583 918 2613 Kai',
935 2582 996 2608 Ὂῖι

214 2630 263 2661 μὲν
275 2629 376 2662 ἀγαθοῦ
392 2629 438 2655 καὶ
446 2629 534 2655 πάντα
546 2629 708 2663 δυναμένου,
726 2629 809 2662 λέγει,
821 2628 888 2654 Θεοῦ
904 2628 996 2658 δοῦλος

213 2673 248 2708 εἰ,
265 2676 342 2710 δῆλον
373 2675 402 2708 ἐξ
417 2673 454 2701 ὢν
471 2675 545 2702 ἄλλοι
560 2683 589 2701 τε
605 2674 697 2700 πολλοὶ
721 2675 863 2708 πρότερον,
888 2674 935 2699 καὶ
951 2672 997 2698 νῦν

213 2721 382 2756 ἀπήγγειλαν
399 2721 591 2752 ἐπανελθόντες
605 2721 631 2747 οἱ
657 2720 848 2755 μαγιστριανοί
871 2719 928 2754 (καὶ
943 2720 997 2753 γὰρ

214 2766 263 2801 ἤδη
278 2767 324 2792 καὶ
341 2766 407 2800 παρ’
423 2766 512 2792 αὐτῶν
531 2767 546 2795 ἠ
561 2766 699 2792 Φαυστίνα
715 2765 747 2791 τὰ
764 2765 834 2791 κατὰ
852 2765 897 2790 τὸν
915 2765 997 2798 ἄνδρα

215 2811 416 2846 ὲμεμαθὴκει)’
438 2812 532 2846 δέομαι
562 2810 608 2838 οὖν
628 2812 711 2846 μηδὲν
738 2810 920 2837 ἀναὸαλέσθαι
951 2811 997 2836 καὶ

217 2857 348 2892 βασιλέων
364 2857 509 2891 εὐεργέτης
527 2857 652 2891 ὀφθῆναι,
670 2857 718 2882 καὶ⁷
731 2855 759 2882 τὺ
777 2855 904 2881 ταπεινδν
918 2855 997 2888 ήμῖιν

1047 2218 1089 2240 tur
1119 2212 1248 2246 Romam,
1284 2217 1313 2240 et
1335 2212 1368 2239 ad
1394 2212 1511 2246 przetorii
1541 2212 1695 2246 prtulcctnm
1724 2212 1829 2239 ducunt

1045 2259 1249 2287 Cornelianum.
1264 2258 1311 2284 llle
1326 2263 1428 2290 autem,
1449 2265 1510 2284 cum
1535 2258 1680 2292 imperator
1696 2258 1829 2285 Antonius
1865 2274 1869 2282 ν

1045 2305 1244 2340 expeditionem
1280 2303 1444 2337 suscepisset
1479 2308 1572 2329 contra
1607 2302 1753 2335 Barbaros,
1782 2304 1827 2337 qui

1047 2351 1170 2377 l'tbenum
1190 2350 1365 2381 transierant,
1381 2353 1408 2376 et
1425 2349 1607 2376 Romanorum
1619 2357 1699 2383 agros
1716 2350 1828 2384 popula-

1045 2396 1154 2427 bantur,
1173 2403 1235 2422 cum
1254 2395 1327 2422 ducit
1341 2395 1376 2421 ad
1394 2395 1540 2429 Augustam
1557 2394 1723 2421 Faustinam.
1742 2393 1827 2426 Quem

1047 2447 1188 2477 postquam
1203 2442 1246 2468 illa
1258 2441 1362 2476 aspexit
1390 2441 1459 2467 adeo
1482 2441 1626 2467 honestum
1648 2446 1675 2467 et
1697 2448 1829 2467 veneran-

1047 2488 1121 2518 dtun,
1137 2492 1164 2514 et
1179 2487 1223 2522 qui
1237 2494 1368 2514 summam
1389 2486 1600 2513 moderationem
1614 2493 1668 2520 prae
1682 2494 1710 2513 se
1725 2487 1829 2513 ferebat
1863 2517 1867 2525 ν

1047 2538 1073 2560 et
1088 2532 1317 2567 tranquillitatem,
1337 2532 1462 2566 impletur
1484 2531 1598 2566 pudore,
1612 2536 1713 2558 etcum
1731 2532 1828 2558 salutat
1864 2527 1870 2539 ‘

1048 2579 1206 2611 honoriﬁce,
1221 2583 1259 2610 et,
1284 2578 1359 2611 Quod
1385 2579 1422 2604 sis
1448 2577 1508 2604 boni
1534 2577 1642 2611 quidem
1665 2575 1721 2608 Dei,
1744 2581 1772 2603 et
1783 2577 1828 2611 qni

1048 2625 1137 2651 omnia
1151 2629 1250 2659 potest,
1266 2631 1371 2653 servus.
1390 2624 1487 2658 inquit,
1510 2627 1552 2649 est
1573 2622 1696 2653 evidens.
1724 2627 1777 2649 tam
1795 2630 1826 2648 ex

1049 2671 1091 2701 iis,
1108 2679 1167 2705 qua:
1181 2670 1226 2696 alii
1241 2669 1317 2696 multi
1332 2669 1417 2704 prius.
1435 2673 1463 2695 et
1478 2675 1548 2695 nunc
1572 2668 1673 2694 reversi
1691 2667 1828 2695 renuntia-

1051 2721 1113 2743 runt
1127 2715 1303 2750 magistriani,
1320 2715 1431 2748 (etenim
1447 2715 1501 2748 jatn
1518 2721 1625 2749 quoque
1639 2722 1671 2740 ex
1695 2713 1734 2740 eis
1761 2712 1830 2739 Fan-

1049 2762 1118 2789 stina
1133 2761 1165 2787 dc
1186 2760 1230 2786 illo
1247 2764 1400 2794 acceperat)
1421 2765 1484 2793 rogo
1507 2758 1598 2792 igitur,
1617 2763 1644 2784 nt
1661 2757 1726 2784 nihil
1752 2757 1830 2784 dilTe—

1051 2815 1102 2837 ras,
1121 2806 1166 2833 sed
1183 2805 1315 2833 beneﬁcio
1335 2804 1435 2832 allicias
1454 2808 1641 2838 imperatores,
1657 2809 1682 2830 et
1698 2803 1827 2830 humilem

1054 2858 1171 2880 nostram
1191 2859 1283 2878 serves
1298 2856 1324 2877 et
1338 2859 1416 2877 «λιιι-(ις
1431 2850 1547 2877 ﬁliolam.
1567 2850 1610 2876 Sir
1626 2850 1695 2876 enim
1717 2858 1730 2876 a
1756 2850 1832 2876 nnbés
