2047 3150
226 157 293 187 1239

864 159 1005 189 MENSIS
1025 159 1208 194 OCTOBER.

1771 155 1838 188 1240

225 214 315 248 magni
331 214 457 247 honores,
476 222 502 244 ct
526 218 596 246 dona
621 218 668 245 tibi
691 219 785 246 collata
811 219 926 246 referent
946 226 991 253 gra

1061 219 1146 245 σῶσαι
1170 218 1217 245 καὶ
1244 217 1411 253 θεραπεῦσαι
1438 217 1594 252 Θυγάτριον.
1615 215 1695 242 Οὕτω
1717 215 1771 250 γάρ
1797 224 1838 242 σοι

225 256 299 286 tiam.

259 345 344 373 XXII.
362 346 424 374 [hec
448 348 490 375 illa
517 356 578 376 cum
604 356 699 384 magna
722 350 827 378 dicebat
851 350 1002 377 aﬂeclittne.

223 389 289 418 Eam
307 393 378 419 enim
393 393 519 421 ﬂectebat
542 401 646 422 natura:
666 395 823 427 necrssitas,
850 400 876 422 et
891 396 1005 423 faciebat

223 441 253 464 ut
265 437 335 464 illius
353 439 503 472 postularet
516 441 657 473 auxilium,
674 449 754 476 quem
781 442 821 476 (ut
836 449 896 469 cum
913 442 1004 469 divino

221 482 307 509 dicam
325 483 434 517 Davide)
448 486 510 512 odio
525 486 660 514 habebant
682 487 774 522 gratis,
802 493 829 514 et
853 496 906 515 non
924 488 1004 515 susti-

220 526 322 553 nebant
334 528 447 555 adorare
461 534 586 564 tanquam
601 539 694 558 verum
703 532 787 558 Deum
803 532 822 557 '.
837 532 880 558 Ille
895 537 1002 558 autem:

220 572 337 605 Accepta
358 573 465 606 quidem
495 578 546 607 est,
571 575 671 609 inquit,
694 576 772 603 nobis
789 581 832 602 tua
854 576 1002 603 voluntas:

220 616 266 642 sed
282 624 331 644 nos
343 618 417 644 nullo
434 626 465 645 ex
484 619 527 650 iis,
543 627 603 654 qua:
623 624 689 647 sunt
710 621 780 655 apud
805 628 860 652 vos,
884 621 1003 648 deletta-

221 668 290 692 mur,
312 663 403 697 utqui
422 671 516 690 vanam
535 665 605 691 hanc
627 666 748 700 speciem
770 665 933 700 jampridem
958 674 1003 694 ex-

221 706 378 739 spuerimus
403 716 410 734 :
440 713 467 734 et
494 709 592 743 alioqui
626 717 676 737 nec
701 710 825 737 mercede
850 711 1002 745 pnrbemus

218 750 327 783 gratias.
343 759 401 785 quur
415 753 494 780 nobis
506 761 519 780 a
539 754 593 782 Deo
609 755 678 783 datae
689 760 762 787 sunt.
779 756 862 789 gratis
880 760 1000 790 accepta,

218 794 300 828 gratis
326 803 433 830 quoque
458 798 522 825 dare
547 799 615 832 jnssi
633 800 653 827 ⁸.
680 799 732 827 Sed
761 801 805 828 ubi
831 806 880 833 est,
904 801 1000 835 inquit,

217 839 290 870 tilia?
304 840 431 869 Faustina
449 849 540 870 autent
556 852 638 879 quam
656 846 742 880 potuit
764 847 903 873 celerrime
918 847 1002 874 currit

1058 265 1176 299 μεγάλαι
1203 265 1282 300 τιμαὶ
1304 263 1370 299 παρ’
1394 263 1473 298 ἡμῶν
1496 263 1543 289 καὶ
1568 261 1668 296 δωρεαὶ
1693 259 1743 296 τὴν
1758 261 1839 296 χάριν

1056 310 1228 344 ἀμείψονται.

1091 355 1154 382 ΚΒ’.
1168 354 1261 381 Ταῦτα
1281 354 1349 389 μετὰ
1362 353 1460 388 πολλῆς
1475 353 1628 387 ὑπηγόρευε
1644 353 1695 386 τῆς
1716 359 1821 385 περιπα
1831 363 1839 372 -ι

1055 400 1130 431 θείας
1147 408 1155 415 ι
1168 400 1308 435 ἔκαμπτον
1320 400 1375 434 γὰρ
1391 399 1475 432 αὐτὴν
1487 399 1514 424 αἱ
1527 398 1575 432 τῆς
1587 397 1695 430 φύσεως
1707 397 1836 430 ἀνάγκαι,

1055 446 1102 471 καὶ
1116 445 1210 480 βοηθὸν
1224 446 1332 472 ἐποίουν
1357 446 1459 472 ἐκεῖνον
1486 443 1624 478 ἐπιζητεῖν
1649 443 1678 469 ὃν
1695 443 1776 478 (κατὰ
1789 442 1834 468 τὶν

1054 489 1125 515 θεῖον
1141 490 1224 524 φάναι
1251 489 1342 523 Auni/3)
1361 489 1463 524 δωρεὰν
1481 489 1601 523 ἐμίσουν,
1624 488 1671 513 καὶ
1687 487 1724 518 ὡς
1745 486 1834 519 ἀληθῆ

1054 537 1216 569 προσκυνεῖν
1228 536 1276 562 οὐκ
1293 535 1438 570 ἠνείχοντο.
1459 535 1488 560 ὐ
1503 534 1548 566 δὲ,
1569 533 1716 559 ’Δπόδεκτα
1730 533 1778 565 μὲν
1799 532 1834 558 τὰ

1053 581 1102 615 τῆς
1118 581 1312 615 προαιρέσεως,
1330 581 1392 616 ἔφη,
1408 581 1458 615 τῆς
1473 581 1521 614 σῆς
1531 587 1538 595 ·
1553 579 1623 614 πλὴν
1632 579 1718 605 οὐδενὶ
1728 578 1832 604 τούτων

1053 627 1133 661 ἡμεῖς
1151 627 1205 652 τῶν
1221 626 1286 661 παρ’
1310 627 1374 662 ὑμῖν
1398 627 1497 661 τιμίων
1527 625 1659 660 ἡδόμεθα.
1678 624 1761 650 πάλαι
1785 624 1835 657 τὴν

1052 672 1133 706 κενὴν
1146 671 1249 706 ταύτην
1264 671 1461 701 διαπτΰσαντες
1475 670 1638 704 φαντασίαν⁸
1654 669 1741 699 ἄλλως
1751 677 1779 695 τε
1796 669 1835 702 δὲ,

1051 717 1111 743 οὐδὲ
1122 716 1274 750 ἐμμίσθους
1293 716 1341 747 τὰς
1357 715 1433 750 παρὰ
1450 715 1516 742 Θεοῦ
1533 714 1655 745 δοθείσας
1667 715 1731 748 ἡμῖν
1747 714 1834 747 παρὲ-

1052 771 1134 797 χομεν
1159 762 1282 797 χάριτας,
1298 762 1403 795 δωρεὰν
1420 762 1558 792 λαϐόντες,
1575 761 1622 787 καὶ
1638 759 1742 794 δωρεὰν
1765 759 1835 785 διδό-

1051 817 1094 834 ναι
1110 807 1331 842 κεκελευσμένοι.
1350 807 1429 834 Ἀλλὰ
1441 807 1491 833 ποῦ
1506 815 1556 839 σοι,
1568 807 1676 841 φησὶνὴ
1692 806 1833 840 θυγάτηρ;

1052 854 1107 880 Καὶ
1121 855 1138 888 ἡ
1154 853 1300 886 Φαυστίνα,
1313 853 1351 884 ὡς
1365 851 1420 888 εἶχε
1433 853 1541 887 τάχους,
1553 852 1633 883 εὐθὺς
1648 852 1688 883 είς
1697 852 1741 877 τὸν
1755 851 1834 877 θάλα-

218 885 244 910 in
263 885 425 918 thalamum,
440 892 466 913 et
490 894 628 923 acceptam
651 890 731 917 tiliam
751 891 862 917 attrahit
883 891 916 918 ad
938 898 995 918 san-

1055 899 1104 934 μόν
1115 884 1144 925 τε
1159 884 1303 933 εἰστρέχει,
1328 899 1374 925 καὶ
1392 884 1447 934 ’τῆς
1468 884 1568 929 ,παιδὸς
1590 898 1658 932 αὑτὴ
1684 898 1834 932 λαὸομένη,

217 934 289 956 ctum
302 938 381 965 quam
403 933 524 960 maximo.
542 935 637 961 ardore
658 940 685 962 et
711 936 800 962 studio
821 936 873 963 dici
900 941 997 970 potest.

218 975 336 1003 Puellam
364 985 427 1004 vero
454 979 608 1006 inhabitans
633 981 858 1008 sceleratissimus
882 982 999 1013 dannon,

217 1028 278 1047 cum
294 1024 462 1057 cognovissu
479 1031 508 1051 se
528 1024 560 1051 ad
577 1033 638 1052 eum
656 1026 764 1057 abduci,
780 1035 794 1053 a
820 1035 874 1062 quo
897 1028 1000 1058 sciebat

216 1073 245 1092 se
261 1067 335 1101 prius
356 1068 440 1096 fuisse
466 1075 633 1104 superatum,
651 1072 820 1106 discerpebat
843 1074 957 1107 puellam
973 1078 1000 1101 et

215 1112 378 1147 dejiciebat:
408 1115 513 1146 timere,
540 1116 707 1149 conturbari,
732 1121 857 1151 tremere,
883 1119 999 1153 caligare

216 1157 341 1185 faciebat.
357 1160 459 1188 Dciudc
476 1161 556 1188 etiam
574 1169 666 1189 vorem
680 1170 712 1189 ex
734 1171 765 1189 ea
784 1164 933 1196 emittebat,
959 1165 998 1192 di-

215 1207 322 1230 centem
339 1211 345 1229 :
363 1203 443 1235 Ecce.
469 1205 576 1238 Aberci,
592 1213 641 1241 ego
668 1211 693 1232 te
710 1207 821 1233 Romam
838 1208 911 1240 duxi,
930 1210 998 1235 sicut

215 1256 275 1275 sum
300 1249 444 1284 pollicitus.
463 1251 509 1278 llic
523 1256 631 1279 autem:
651 1252 741 1284 Certe,
760 1253 867 1288 inquit:
888 1255 935 1282 sed
952 1262 998 1281 ne-

215 1302 349 1330 quaquam
374 1300 516 1330 propterea
539 1297 679 1332 gaudebis.
704 1298 749 1324 Sic
776 1298 853 1330 dixit,
880 1303 906 1325 et
921 1299 997 1333 jubet

214 1341 332 1374 puellam
355 1341 415 1368 duci
437 1342 487 1369 sub
512 1342 566 1369 dio.
592 1343 676 1370 Ducta
698 1348 740 1370 est
761 1351 824 1379 ergo
846 1345 933 1379 puclla
950 1353 997 1379 per

214 1385 441 1421 llippodromum,
459 1397 519 1415 cum
543 1388 714 1424 imperatoris
723 1390 850 1417 satellites
866 1395 892 1417 et
907 1397 998 1418 custo-

214 1433 263 1460 des
280 1434 366 1460 locuni
385 1434 462 1468 prius
479 1441 667 1469 occupassent.
692 1436 801 1463 Interim
825 1441 914 1463 autem
935 1444 997 1464 cum

213 1479 259 1507 ille
281 1479 426 1514 impudens
447 1484 475 1507 et
498 1481 645 1508 sceleratus
662 1481 765 1508 damon
787 1481 953 1515 discerperet
970 1487 997 1509 et

214 1525 344 1559 dejiceret
356 1526 482 1560 puellam,
496 1530 524 1553 et
538 1526 604 1553 nihil
624 1527 697 1554 aliud
719 1527 847 1554 clamaret
860 1527 911 1554 nisi
925 1527 997 1562 quod

214 1572 301 1599 solum
320 1572 487 1606 signiﬁcabat
502 1580 531 1600 se
552 1573 662 1607 gloriari
680 1578 706 1600 et
726 1573 839 1608 jactare,
861 1573 931 1608 quod
949 1581 999 1608 per

214 1625 243 1646 ie
255 1618 376 1645 duxisset
386 1626 509 1646 sanctum
526 1627 573 1653 per
587 1624 690 1646 tantum
706 1624 784 1646 terra:
797 1623 824 1646 et.
839 1619 921 1646 maris
933 1627 996 1654 spa-

215 1665 281 1691 tium
299 1684 305 1690 .
325 1665 437 1691 sublatis
466 1665 492 1692 in
521 1665 618 1692 caelum
651 1665 750 1698 oculis,
772 1665 912 1698 Ahercius,
934 1673 995 1692 cutn

214 1709 299 1738 Deum
316 1715 390 1736 esset
405 1715 541 1743 precatus.
562 1710 677 1744 puellam
694 1712 792 1737 acriter
809 1710 938 1742 intuetur,
956 1716 994 1738 et:

213 1754 310 1785 Ahea,
339 1755 435 1788 inquit,
459 1755 599 1789 egredere,
625 1755 740 1789 maligne
767 1756 883 1788 damma,
909 1756 995 1790 ipsam

214 1799 282 1828 nihil
302 1799 453 1826 offendens.
471 1800 529 1827 'l‘ihi
551 1801 602 1827 hoc
624 1800 701 1834 jubet
724 1799 848 1828 Christus
871 1809 955 1828 meus.
971 1801 995 1828 Is

214 1852 287 1875 vero,
303 1845 410 1872 leonina
434 1846 477 1872 illa
503 1846 613 1872 audacia
629 1846 717 1872 statim
741 1851 843 1873 mutata
863 1846 889 1873 in
905 1847 994 1881 vulpis

214 1888 411 1917 timiditatem:
438 1890 540 1924 Adjuro
563 1895 589 1917 te
615 1899 663 1926 ego
685 1898 806 1925 quoque,
831 1891 928 1924 inquit,
946 1900 994 1926 per

211 1936 303 1971 ipsum.
323 1937 478 1970 Christum,
505 1946 538 1965 ne
560 1946 603 1965 me
632 1938 723 1966 mittas
750 1940 776 1966 in
806 1940 991 1972 solitudinem,

210 1991 299 2018 neque
317 1983 400 2010 ullum
415 1984 497 2010 alium
512 1984 612 2015 locum,
627 1984 677 2011 nisi
691 1985 716 2011 in
735 1993 808 2017 eum,
834 1985 860 2012 in
876 1994 929 2020 quo
946 1987 994 2013 ha-

209 2029 338 2056 bitabant.
355 2029 470 2056 Sanctus
496 2034 587 2056 autem
605 2038 611 2056 :
631 2030 726 2057 Ahibis
752 2031 870 2065 quidem,
894 2031 990 2066 inquit,

209 2081 262 2100 non
283 2074 309 2100 in
334 2073 518 2106 solitudinem,
536 2074 583 2101 sed
607 2075 633 2100 in
647 2074 735 2101 locum
757 2079 909 2109 paternum.
927 2075 992 2103 Pro-

208 2125 301 2154 pterea
319 2125 420 2152 autem,
437 2121 508 2154 quod
524 2129 567 2148 me
580 2121 667 2149 iecisti
684 2122 775 2148 ridere
793 2121 915 2154 Romam,
933 2122 991 2156 ipse

207 2173 315 2199 quoque
334 2164 380 2192 tibi
403 2165 487 2199 jubet)
509 2166 537 2192 in
552 2166 671 2197 ,‘nomine
696 2165 772 2196 Jesu,
787 2171 816 2193 ut
830 2166 899 2193 hanc
915 2175 989 2193 aram

208 2212 295 2243 tollas,
311 2212 346 2246 (ci
359 2219 440 2238 manu
455 2213 601 2240 ostendens
615 2220 688 2239 aram
711 2213 855 2247 lapideam)
878 2218 904 2240 et
920 2214 990 2242 feras

206 2265 293 2292 usque
319 2258 352 2286 ad
386 2266 473 2286 meam
498 2258 660 2293 Hierapolim
688 2263 716 2286 et
748 2263 851 2286 statuas
881 2265 991 2294 propter

206 2308 311 2337 portam
333 2304 493 2331 australem.
512 2304 623 2331 Audivit
637 2303 754 2334 daemon,
776 2307 803 2330 et
826 2304 916 2330 statim
931 2309 989 2331 tan-

205 2355 284 2382 quam
301 2355 405 2379 servus.
418 2349 463 2383 qui
479 2349 604 2375 terrribili
616 2349 725 2376 domino
741 2349 835 2376 didicit
851 2349 947 2376 cedere
961 2349 988 2376 in

205 2394 342 2424 omnibus.
359 2395 461 2421 ret-edit
483 2395 591 2428 quidem
606 2402 621 2421 a
635 2395 732 2429 puella,
755 2395 822 2422 nihil
837 2396 862 2422 ei
877 2395 989 2423 omnino

204 2438 267 2464 mali
282 2438 394 2464 iaciens.
409 2439 513 2466 Deinde
528 2439 769 2467 innumerabilibus
790 2441 876 2467 oculis
896 2441 989 2468 viden-

204 2483 278 2510 tibus
306 2484 341 2519 (ο
365 2483 424 2518 quis
448 2489 492 2511 tua
519 2484 609 2511 omnia
632 2492 686 2511 non
716 2485 912 2516 admirabttur.
941 2494 989 2513 rex

203 2527 340 2563 Christe?)
356 2536 430 2556 aram
445 2528 526 2559 subit,
540 2535 568 2556 et
590 2530 658 2556 tollit
683 2530 799 2564 graviter
820 2539 944 2566 gemens,
961 2536 989 2557 et

204 2576 301 2602 transit
316 2583 364 2610 pcr
389 2574 506 2601 medium
524 2574 748 2609 llippodromnm.
770 2575 851 2610 (quod
879 2576 987 2610 quidem

202 2621 290 2647 visum
308 2624 350 2647 est
363 2627 462 2646 novum
476 2619 606 2646 Romanis
620 2620 817 2655 spectaculum)
835 2625 860 2648 et
875 2620 987 2656 deponit

201 2666 337 2701 Hierapoli
354 2666 380 2693 in
397 2666 632 2701 incopriestitutn.

238 2831 248 2848 ’
260 2832 331 2860 l‘.~al.
348 2841 441 2867 nvut,
457 2835 483 2861 5.
523 2835 532 2849 ⁸
547 2836 641 2865 Matth.
662 2845 687 2870 χ,
703 2837 729 2864 ὃ.

1009 1555 1032 1587 (Σ

1007 2230 1028 2258 1)

1053 945 1194 978 ἐφέλκεται
1208 947 1274 981 πρὸς
1289 947 1335 972 τὸν
1350 946 1440 979 ἅγιον,
1453 946 1512 980 μεθ’
1527 945 1594 979 ὅσης
1611 943 1643 970 ἂν
1665 943 1716 977 τῆς
1733 943 1835 978 θερμό-

1051 998 1131 1023 τητος
1147 991 1233 1021 simu;
1250 992 1298 1017 καὶ
1313 992 1362 1025 τῆς
1375 991 1503 1025 σπουδῆς.
1517 990 1546 1016 '0
1561 989 1653 1024 μέντοι
1669 989 1788 1015 ἐποικῶν
1801 991 1833 1024 τῇ

1053 1035 1128 1061 παιδὶ
1145 1036 1327 1070 πονηρότατος
1338 1036 1454 1070 δαίμων,
1467 1035 1529 1061 ἐπεὶ
1551 1035 1620 1069 πρὸς
1634 1034 1716 1061 αὑτὸν
1730 1033 1835 1066 ἀπαγό-

1053 1090 1132 1115 μενος
1144 1081 1224 1114 ἔγνω,
1234 1078 1264 1107 οὒ
1276 1081 1323 1108 καὶ
1337 1082 1470 1115 πρότερον
1484 1080 1631 1114 ἐγίνωσκεν
1640 1079 1776 1114 ἡττηθεὶς,
1791 1080 1834 1105 ἐσ-

1052 1128 1174 1161 πάραττε
1188 1128 1236 1161 τὴν
1252 1127 1345 1159 παῖδα,
1359 1126 1520 1157 κατέῦαλλε,
1534 1125 1834 1160 δεδοικέναι,ταράττεο

1052 1173 1125 1203 σθαι,
1137 1173 1258 1208 τρέμειν,
1275 1173 1393 1208 ίλιγγιᾷν
1413 1172 1508 1199 ἐποίει.
1524 1170 1590 1199 Εἶτα
1617 1172 1665 1199 καὶ
1693 1171 1785 1207 φωνὴν
1801 1172 1833 1198 ἐκ

1051 1218 1150 1252 ταύτης
1180 1219 1265 1252 ἠφίει,
1288 1219 1365 1249 Ἰδοὺ,
1397 1217 1534 1252 Ἄδέρκιε,
1559 1217 1702 1251 λέγουσιν,
1727 1218 1774 1244 καὶ
1792 1217 1831 1248 εἰς

1056 1265 1164 1298 Ῥώμην
1181 1272 1210 1290 σε
1225 1264 1340 1297 ἤγαγον,
1356 1263 1448 1298 ὥσπερ
1467 1263 1522 1298 ἄρα
1535 1262 1744 1297 ἐπηγγειλάμην
1754 1282 1761 1294 ,
1776 1262 1790 1287 6
1805 1261 1833 1288 δι

1050 1310 1112 1342 Ναὶ,
1128 1309 1220 1344 φησίν·
1235 1309 1292 1336 ἀλλ’
1304 1309 1335 1335 οὐ
1353 1309 1494 1344 χαιρήσεις
1503 1308 1601 1335 τούτου
1618 1317 1649 1342 γε
1661 1309 1765 1334 ἕνεκεν.
1778 1306 1831 1334 Οὖ-

1050 1362 1102 1385 τως
1122 1354 1174 1388 ἔφη
1189 1354 1236 1380 καὶ
1251 1355 1300 1388 τὴν
1316 1354 1400 1388 κόρην
1426 1354 1466 1384 εἰς
1491 1353 1626 1389 ὕπαιθρον
1650 1353 1768 1388 ἀχθῆναι
1783 1360 1830 1378 κε-

1050 1400 1121 1427 λεύει
1130 1421 1136 1427 .
1156 1400 1244 1434 Ἤχθη
1255 1397 1301 1426 οὖν
1315 1401 1366 1426 ἀνὰ
1373 1399 1418 1426 τὸν
1436 1399 1611 1434 Ἰππόδρομον
1622 1399 1637 1432 ἡ
1649 1401 1724 1431 παῖς,
1743 1399 1832 1425 ὑπασρ

1051 1447 1154 1473 πιστῶν
1171 1455 1200 1472 τε
1217 1446 1365 1480 βασιλικῶν
1382 1445 1513 1480 πρότερον
1527 1446 1574 1471 καὶ
1585 1445 1710 1480 φρουρῶν
1721 1445 1769 1471 τὸν
1784 1444 1828 1471 τό-

1050 1501 1100 1519 πον
1111 1491 1303 1525 διαλαϐόντων,
1315 1492 1345 1518 ἐν
1362 1491 1450 1526 τούτῳ
1464 1491 1492 1517 δὲ
1511 1490 1558 1517 τοῦ
1579 1490 1704 1522 ἀναιδοῦς
1725 1490 1830 1516 ἐκείνου

1050 1538 1097 1564 καὶ
1114 1537 1213 1572 μιαροῦ
1233 1536 1581 1572 δαίμονος,σπαράττοιηός
1592 1545 1622 1562 τε
1633 1536 1680 1562 καὶ
1695 1535 1829 1561 καταϐάλα

1048 1584 1141 1614 λοντος
1155 1584 1205 1618 τὴν
1232 1583 1333 1618 κόρην,
1349 1583 1395 1609 καὶ
1419 1583 1495 1609 οὐδὲν
1518 1582 1581 1610 ἄλλο
1601 1581 1716 1616 βοῶντος
1732 1582 1774 1608 ὅτι
1791 1581 1828 1615 μὴ

1048 1630 1082 1656 τὰ
1099 1629 1185 1665 ὀφρὺν
1201 1629 1250 1655 καὶ
1267 1629 1372 1663 κόμπον
1397 1628 1529 1662 δηλοῦντα
1555 1628 1645 1662 μόνον,
1673 1627 1716 1662 ἐφ’
1732 1624 1754 1661 ᾧ
1781 1627 1826 1653 τὸν

1048 1676 1125 1709 ἆγιον
1141 1675 1276 1706 τοσαύτην
1291 1675 1429 1702 θάλασσάν
1444 1683 1474 1700 τε
1491 1674 1538 1700 καὶ
1553 1675 1603 1709 γῆν
1617 1674 1651 1700 δι’
1662 1673 1743 1699 αὐτὸν
1760 1673 1829 1706 ἀγά-

1047 1721 1150 1755 γοι,τδ
1163 1721 1240 1755 ὖμμα
1253 1722 1293 1752 εἰς
1315 1721 1445 1755 οὐρανοὺς
1482 1720 1585 1754 ἐπάρας
1614 1718 1752 1753 ’Δὸέρκιος
1781 1718 1830 1744 καὶ

1047 1766 1265 1802 προσευξάμενος
1280 1766 1319 1802 τῷ
1335 1767 1404 1801 Θεῷ,
1417 1766 1498 1800 δριμύ
1513 1774 1542 1792 τε
1552 1767 1585 1800 τῇ
1602 1765 1668 1799 κόρῃ
1685 1764 1827 1798 ἓμὸλέπει,

1047 1814 1094 1839 καὶ
1105 1813 1226 1845 Ἔξελθε,
1237 1813 1312 1848 φησι,
1323 1812 1436 1846 ταύτης,
1446 1812 1548 1847 πονηρὲ
1555 1812 1661 1846 δαῖμον.
1671 1810 1828 1837 Ἐπιτὰσσει

1046 1867 1087 1884 σοι
1104 1858 1222 1893 Χριστὸς
1234 1860 1247 1885 ό
1260 1859 1337 1893 ὲμδς,
1356 1857 1439 1893 μηδὲν
1463 1857 1548 1892 αὐτὴν
1578 1856 1778 1892 λυμηνάμενος.
1796 1854 1826 1881 ’0

1044 1905 1072 1931 δὲ
1086 1905 1166 1935 εὐθὺς
1182 1905 1212 1930 τὸ
1225 1904 1356 1930 λεόντειον
1373 1904 1461 1930 ἐκεῖνο
1473 1903 1572 1938 θράσος
1587 1904 1628 1934 είς
1641 1902 1745 1929 δειλίαν
1758 1901 1826 1927 ἁλώ-

1045 1958 1126 1980 πεκος
1145 1949 1368 1983 μετιϐεὸληκὼς,
1390 1948 1506 1983 Ὁρκίζω
1530 1956 1560 1974 σε
1574 1947 1735 1982 κάγὼ,εφη,
1756 1947 1828 1974 κατὰ

1043 1995 1089 2021 τοῦ
1103 1994 1187 2021 αὸτοῦ
1204 1994 1335 2030 Χριστοῦ,
1349 1993 1386 2029 μὴ
1402 1995 1441 2024 εἰς
1458 1993 1577 2028 ἐρημίαν
1591 2002 1636 2028 με,
1651 1993 1688 2028 μὴ
1703 1994 1742 2023 εἰς
1765 1993 1826 2018 Ets-

1044 2049 1090 2075 ρον
1106 2041 1268 2074 ἀποπέμψαι
1284 2039 1454 2066 τόπον-ἁλλ’
1477 2039 1541 2066 ἔνθα
1566 2039 1598 2074 δὴ
1622 2039 1671 2065 καὶ
1695 2039 1829 2074 πρότερον

1041 2085 1141 2120 ῷκουν.
1154 2085 1208 2112 Καὶ.
1224 2085 1269 2111 τὸν
1285 2085 1362 2118 ἅγιον
1373 2093 1380 2100 ·
1400 2084 1550 2118 Ἀπελεὺσῃ
1577 2084 1627 2119 μὲν
1642 2084 1692 2110 οὐκ
1704 2085 1744 2113 εἰς
1763 2085 1828 2118 ἐρη-

1044 2131 1118 2165 μίαν,
1133 2130 1190 2156 ἀλλ’
1205 2130 1246 2161 εἰς
1269 2129 1315 2156 τδν
1342 2130 1425 2156 τόπον
1452 2129 1497 2156 τὸν
1515 2130 1658 2163 πατρικόν.
1679 2128 1750 2155 Ἀνθ“
1764 2128 1826 2154 ὅτου

1041 2176 1069 2202 δέ
1083 2184 1115 2209 με
1132 2175 1179 2202 καὶ
1192 2175 1240 2210 τὴν
1259 2175 1372 2209 Ῥώμην
1386 2175 1451 2201 ἰδεῖν
1467 2174 1608 2207 ἐποίησας.
1626 2174 1762 2200 ἐπιτάττω
1783 2181 1825 2199 σοι

1043 2220 1089 2246 καὶ
1104 2220 1184 2251 αὐτὸς
1201 2219 1282 2246 πάλιν
1298 2221 1326 2245 ἐν
1339 2218 1377 2254 τῷ
1405 2219 1516 2253 ὀνόματι
1537 2219 1625 2254 Ἰησοῦ
1657 2218 1702 2244 τὸν
1734 2218 1827 2253 βωμὸν

1042 2266 1134 2291 τοῦτον
1151 2263 1216 2300 ἆραι
1242 2264 1342 2299 (δείξας
1357 2264 1431 2298 αὐτῷ
1451 2265 1484 2299 τῇ
1508 2265 1580 2298 χειρὶ
1600 2263 1691 2298 βωμὸν
1711 2262 1824 2295 λίθινον)

1043 2311 1126 2346 μέχρι
1140 2319 1170 2337 τε
1191 2310 1368 2345 Ἱεραπόλεως
1383 2310 1434 2344 τῆς
1450 2310 1521 2345 ἐμῆς
1535 2310 1670 2344 ἐνεγκεῖν,
1684 2310 1731 2335 καὶ
1749 2309 1825 2342 παρὰ

1041 2359 1073 2392 τῇ
1104 2357 1184 2392 νοτίῳ
1216 2358 1326 2392 φέροντι
1352 2357 1530 2391 παραστῆσαι
1555 2355 1637 2390 πύλῃ.
1651 2355 1786 2382 Ἤκουσεν
1806 2356 1820 2381 ὀ

1039 2402 1155 2437 δαίμων,
1167 2403 1214 2428 καὶ
1221 2402 1302 2434 εὐθὺς
1317 2398 1360 2428 οἷα
1373 2401 1465 2432 δοῦλος
1480 2401 1588 2436 φοσερῷ
1602 2401 1721 2436 δεσπότῃ
1734 2401 1823 2427 πάντα

1039 2448 1162 2475 ὑπείκειν
1171 2448 1385 2482 πεπαιδευμένος
1396 2446 1597 2474 ἀπαλλάττεται
1610 2447 1660 2481 μὲν
1668 2448 1716 2480 τῆς
1726 2446 1821 2481 κόρης,

1040 2495 1101 2530 μηδ’
1127 2495 1215 2522 ὁτιοῦν
1251 2494 1336 2530 αὐτὴν
1365 2494 1466 2529 δράσας
1493 2493 1588 2520 κακόν.
1617 2491 1683 2519 Εἶτα
1715 2493 1822 2527 μυρίων

1037 2541 1164 2576 ὁρώντων
1183 2541 1315 2575 ὀμμάτων
1332 2540 1365 2575 (ὢ
1379 2540 1420 2571 τίς
1439 2540 1476 2574 μὴ
1494 2539 1630 2574 θαυμάσει
1651 2547 1698 2564 σου
1718 2539 1821 2572 πάντα,

1038 2587 1138 2622 Χριστὲ
1151 2586 1260 2622 βασιλεῦ
1272 2588 1291 2620 ;)
1307 2587 1457 2621 ὑπέρχεται
1483 2586 1530 2611 τὸν
1551 2585 1643 2620 βωμὸν
1669 2585 1716 2610 xx‘t
1742 2585 1821 2610 ἀναι-

1038 2634 1136 2667 ρεῖται,
1149 2632 1218 2667 βαρὺ
1235 2631 1375 2664 στενάξας,
1389 2632 1436 2658 καὶ
1447 2631 1530 2658 δίεισε
1547 2631 1592 2657 διὰ
1615 2630 1662 2657 τοῦ
1682 2630 1822 2665 Ἰπποδρό-

1040 2687 1090 2713 μου
1100 2679 1203 2713 (καινὸν
1222 2678 1253 2713 δὴ
1276 2678 1356 2705 τοῦτο
1380 2677 1471 2712 θέαμα
1506 2676 1679 2717 Ῥωμαίοις),
1710 2678 1758 2702 καὶ
1781 2675 1822 2710 τῷ

1036 2724 1182 2760 ὡρισμένῳ
1195 2725 1285 2759 φέρων
1300 2723 1472 2758 ἐναποτίθησι
1492 2724 1565 2758 τόπῳ
1576 2724 1646 2751 κατὰ
1667 2723 1716 2758 τὴν
1739 2721 1821 2757 Ἱερα-

1036 2770 1122 2798 πολιν.
