2047 3150
177 177 244 210 1241

832 185 919 213 ῊΤΛ
941 184 972 212 S.
993 184 1157 215 ABEliCll.

1735 177 1802 216 tata

213 235 276 262 ΚΡ.
292 235 325 262 'H
338 235 365 262 δὲ
377 235 443 272 κόρη
453 237 501 263 τοῦ
518 238 689 272 ἐνοχλοῦντος
712 239 900 272 ἀπαλλαγεῖσα
913 237 956 264 δαί

1056 239 1150 268 XXlll.
1169 239 1259 268 Puella
1275 246 1365 268 autem
1382 242 1493 269 liberata
1506 249 1520 269 a
1536 242 1668 274 daemone,
1680 243 1725 279 qui
1741 251 1801 270 eam

176 289 269 315 μονος,
284 281 390 315 ἄφωνος
407 283 453 308 ἐπὶ
469 283 553 310 πολὺν
577 285 673 319 χρόνον
693 286 748 312 τῶν
772 286 860 312 ποδῶν
875 286 964 320 εἴχετο

174 325 225 352 τοῦ
241 326 321 360 ἁγίου
332 334 340 342 ·
361 327 375 353 ὃ
396 328 445 354 καὶ
459 329 576 363 μάλιστα
589 330 639 366 τὴν
656 332 761 366 μητέρα
775 332 821 358 καὶ
839 332 902 363 τοὺς
916 340 964 357 πα-

175 372 276 405 ρόντας
307 372 445 408 ἑθορὺὁει,
471 375 627 406 δεδοικότας
645 377 682 412 μὴ
700 377 747 403 καὶ
769 377 818 412 τὴν
842 377 931 412 ψυχὴν
950 378 964 404 ὀ

174 417 283 452 δαίμων
294 419 420 453 ἀφείλετο
441 421 490 455 τῆς
505 422 608 453 παιδός.
624 423 680 457 Τὴν
702 423 794 458 μέντοι
811 423 963 450 Φαυστίναν

176 463 216 498 μὴ
229 463 377 500 δυνηθῆναι
396 468 483 502 σιωπῇ
499 467 580 494 τοῦτο
599 469 747 503 διενεγκεῖν
760 491 767 502 ,
780 470 847 496 ἀλλὰ
860 479 892 504 με
899 470 963 505 οτὴν

174 509 296 542 ἀγωνίας
307 511 422 545 ἔχουσαν
436 512 486 547 τὴν
501 514 624 548 καρδίαν,
634 515 703 549 πρὸς
714 515 759 541 τὸν
775 515 851 549 ἆγιον
863 517 961 550 φάναι·

174 552 213 581 Ἦ
228 563 279 582 που
297 557 366 590 μετὰ
383 558 430 583 τοῦ
459 558 591 593 δαίμονος
617 560 776 595 ἀπήλλαξας
800 562 849 594 τὴν
878 562 962 588 παῖδα

173 600 223 626 καὶ
241 601 290 635 τῆς
309 602 392 637 ζωῆς.
415 603 446 629 '0
460 604 488 630 δὲ
501 604 587 636 οὕτως
601 607 686 642 αὐτὴν
696 607 871 643 διακειμένην
887 607 960 641 ίδὼν,

173 646 223 672 καὶ
242 647 390 681 οἰκτείρας,
403 649 452 684 τὴν
467 650 545 684 χεῖρα
558 652 591 686 τῇ
609 652 685 678 παιδὶ
700 654 855 687 προτείνας,
865 654 961 690 ὥσπερ

173 692 228 718 ὑπὸ
248 692 326 727 βαθεί
339 694 414 729 ὕπνῳ
439 697 673 733 κατειλημμένην,
700 700 838 733 νήφουσαν
859 701 962 736 ἐγείρει

173 739 222 764 καὶ
242 739 444 774 σωφρονοῦσαν,
459 743 505 768 καὶ
521 743 588 778 πρὸς
603 744 653 779 τὴν
667 745 819 772 Φλυστίναν
829 746 961 781 ἐπιστρα-

173 784 254 818 φεὶς,
279 785 356 817 Ἰδοὺ,
381 787 459 821 φησι,
473 789 632 824 παρέστηκε
649 799 688 816 σοι
709 791 725 824 ἡ
740 793 815 825 παῖς,
825 792 886 819 οὔτε
912 795 961 828 τῆς

172 828 250 864 ζωῆς
267 832 440 867 στερηθεῖτα,
462 835 508 860 καὶ
532 835 581 869 τῆς
600 835 648 862 τοῦ
673 836 799 872 δαίμονος
829 840 961 874 ἐπηρείας

171 875 243 902 ὰπαὶ
250 875 373 910 λαγεῖσα.
391 877 435 908 Ὠς
453 877 499 906 οὖν
513 879 585 906 οὕτω
599 881 646 914 τὴν
658 883 740 908 παῖδα
753 884 769 918 ὴ
787 884 878 920 μήτηρ
896 883 960 916 εἶδε,

171 922 363 957 περισαλοῦσα
380 925 498 960 ταύτην,
511 928 559 953 καὶ
574 927 679 963 δάκρυα
693 931 781 964 χαρᾶς
797 931 864 966 αὐτῇ
879 940 962 958 κατα-

170 968 271 1002 χέασα,
301 970 418 1005 παρειάν
436 979 464 997 τε
485 974 589 1008 παρειᾷ
614 975 746 1006 ἐπετίθει,
774 976 820 1002 καὶ
847 976 961 1011 στόματι

171 1013 271 1047 στόμα,
286 1015 363 1049 χερσί
378 1024 406 1042 τε
427 1016 554 1044 ὲνέὸαλλε
573 1019 678 1053 χεῖρας,
693 1020 740 1046 καὶ
766 1020 860 1056 ὥσπερ
886 1021 961 1047 ἔνδον

169 1059 264 1085 λαϐεῖν
276 1061 324 1087 καὶ
341 1063 432 1098 γυμνῇ
454 1063 523 1098 αὐτῇ
541 1066 721 1099 συγγενέσοαι
737 1068 769 1101 τῇ
783 1067 854 1101 ψυχῇ
868 1067 961 1102 γλιχο-

171 1105 255 1138 μένη,
268 1106 316 1132 οὐκ
329 1105 401 1141 εἶχεν
418 1107 432 1134 ὃ
451 1117 476 1134 τι
493 1109 540 1136 καὶ
554 1111 670 1144 γένοιτο.
689 1112 797 1147 Ἐπειδὴ
812 1113 840 1139 δὲ
859 1113 961 1144 ίκανῶς

169 1150 241 1185 αὐτῇ
257 1151 306 1186 ἠδη
321 1152 355 1178 τὰ
372 1154 440 1187 πρδς
456 1155 505 1190 τὴν
521 1156 602 1182 παῖδα
622 1155 705 1191 εἶχεν,
720 1159 797 1192 ἠξίου
822 1160 867 1186 τὸν
889 1160 960 1186 θεῖον

176 1197 319 1232 Ἀὒέρκιον
347 1199 502 1234 Θερμότατα
529 1203 588 1230 λίαν
617 1205 754 1240 ἠβασιλὶς
772 1207 808 1241 μὴ
827 1209 961 1243 παραιτή-

169 1243 271 1270 σασθαι
288 1245 352 1278 παρ’
366 1247 474 1281 ἐκείνης
491 1249 583 1276 λαϐεῖν
598 1252 726 1286 ἀμοιϐὴν,
741 1250 813 1289 ᾗτινι
838 1254 960 1288 μεγάλης

168 1289 258 1320 οὓτως
273 1291 353 1323 αὐτὸς
368 1293 416 1318 καὶ
437 1294 594 1328 ἀναγκαίας
615 1297 719 1332 ὑπῆρξε
750 1299 872 1333 χάριτος.
888 1299 917 1326 '0
931 1300 959 1327 δὲ

168 1336 320 1370 χρημάτων
338 1338 388 1371 μὲν
402 1340 462 1366 οὐδὲ
484 1342 595 1375 μνήμην
616 1343 737 1378 ἀτεχνῶς
758 1345 905 1380 ἡνέσχετοῖ,
920 1347 959 1372 εί-

171 1381 264 1415 ρηκὼς
290 1383 331 1409 ὅτι
351 1384 384 1410 Τί
401 1385 492 1420 δεήσοι
507 1387 657 1421 χρημάτων
685 1385 761 1425 ᾧπερ
801 1390 882 1425 ἄρτος
913 1393 959 1418 καὶ

169 1425 243 1460 ὕδωρ
272 1428 417 1461 πολυτελὲς
444 1431 573 1465 ἄριστονς
599 1434 812 1470 οίκοδομηυῆναι
828 1437 856 1463 δὲ
874 1437 958 1472 βαλα-

168 1472 241 1498 νεῖον
253 1474 323 1499 αίτεῐ
338 1475 385 1501 ἐπὶ
401 1475 438 1510 τῷ
455 1477 530 1511 παρᾶ
546 1479 669 1512 ποταμὸν
684 1480 773 1515 ἀγρῷ,
785 1480 849 1508 ἔνθα
864 1482 958 1514 κλίνας

169 1518 251 1550 αὐτὸς
266 1520 300 1546 τὰ
327 1521 428 1554 γόνατα
448 1522 562 1557 ηὔξατο,
579 1526 626 1551 καὶ
644 1527 660 1561 ὴ
677 1527 713 1561 γῆ
743 1529 835 1562 πηγὰς
853 1529 957 1556 ὑδάτων

1015 287 1138 318 vexabat,
1157 293 1228 314 muta
1244 287 1323 322 longo
1339 292 1459 322 tempore
1483 288 1572 315 tenuit
1592 289 1676 315 sancti
1697 289 1799 323 pedes:

1015 333 1086 366 quod
1103 338 1226 365 matrem,
1245 339 1271 360 et
1297 341 1353 366 eos,
1383 335 1427 369 qui
1449 335 1571 366 aderant,
1598 335 1713 362 maxime
1735 343 1802 362 con-

1015 376 1151 409 tnrbabal,
1174 377 1301 404 timentes
1327 386 1362 405 ne
1387 379 1484 413 puellm
1507 379 1624 406 animam
1643 380 1802 407 abstulisset

1015 422 1130 448 dtemon.
1151 421 1279 450 Faustina
1306 428 1397 450 autem
1424 431 1477 450 non
1494 425 1583 459 potuit
1605 425 1657 452 hoc
1675 425 1745 452 ferre
1763 425 1801 452 si-

1015 465 1097 494 lentio
1113 477 1119 493 :
1135 468 1180 495 sed
1198 469 1300 495 habens
1315 477 1362 496 cor
1382 469 1492 501 plenum
1519 470 1633 497 tristitia
1657 475 1683 497 et
1701 477 1801 505 angore

1013 513 1108 543 animi.
1133 514 1202 541 dixit
1237 514 1449 542 sancto:Certe
1480 522 1542 542 cum
1571 516 1693 543 dmmone
1718 516 1800 542 vitam

1013 567 1119 594 qucque
1136 560 1260 586 ademisti
1278 561 1348 588 ﬁliae.
1364 561 1411 588 Ille
1425 566 1515 588 autem
1533 569 1594 589 cum
1610 570 1668 589 eam
1689 563 1801 590 vidisset

1014 605 1056 632 sic
1072 605 1207 637 affectant,
1222 611 1248 632 et
1258 606 1318 640 ejus
1335 611 1408 633 esset
1426 607 1674 643 miscrtus,pnellze
1691 616 1800 635 manum

1015 651 1153 686 praebens,
1180 656 1307 687 tanquam
1343 653 1478 687 profundo
1508 660 1604 680 somno
1631 661 1801 688 oppressam,

1013 704 1072 724 eam
1089 696 1153 724 facit
1163 705 1275 731 surgere
1292 706 1364 725 sana),
1385 698 1484 725 mentis
1498 705 1662 732 compotem.
1682 700 1716 726 Et
1737 707 1802 726 con-

1013 751 1109 771 versus
1131 743 1164 770 ad
1194 744 1374 771 Faustinam:
1404 744 1486 773 Ecce.
1516 744 1623 779 inquit,
1652 745 1729 771 adest
1754 746 1800 772 tibi

1014 789 1105 824 puella
1121 797 1209 824 neque
1220 790 1272 816 vita
1286 789 1400 824 privata,
1419 793 1446 816 et
1459 789 1542 816 libera
1559 791 1592 817 ab
1611 791 1713 817 insnltu
1745 791 1801 818 dre-

1014 836 1113 863 monis.
1126 835 1272 870 Postquam
1289 843 1354 870 ergo
1371 839 1457 861 mater
1472 835 1512 862 sic
1535 836 1601 863 vidit
1627 836 1722 868 ﬁliam,
1738 844 1798 863 eam

1015 883 1165 918 complexa,
1180 887 1207 910 et
1226 889 1281 917 prae
1295 882 1393 918 gaudio
1411 882 1528 909 fundens
1542 882 1686 917 lacrymas,
1703 890 1798 917 genam

1013 936 1087 963 gente
1101 928 1242 962 imposuit,
1257 932 1284 954 et
1299 935 1330 955 os
1347 927 1399 959 ori,
1423 931 1451 954 et
1466 927 1590 954 manibus
1612 935 1709 954 manus
1734 935 1799 955 con-

1013 974 1106 1004 seruit.
1122 978 1150 1000 et
1169 973 1251 1001 veluti
1277 973 1391 1008 cupiens
1418 981 1478 1001 eam
1507 973 1672 1001 intrinsecus
1702 981 1800 1008 apprc-

1013 1019 1143 1051 hendere,
1157 1023 1185 1046 et
1199 1027 1259 1045 cum
1273 1019 1345 1046 nuda
1366 1018 1423 1053 ipsa
1439 1019 1567 1053 congredi
1582 1019 1681 1050 anima,
1694 1019 1800 1046 nescie-

1012 1067 1058 1094 bat
1081 1067 1146 1100 quid
1174 1072 1278 1101 ageret.
1306 1067 1374 1093 Cum
1392 1071 1482 1093 autem
1500 1065 1589 1101 puella
1611 1067 1722 1100 quidem
1743 1067 1799 1101 jam

1012 1116 1085 1139 recte
1103 1119 1132 1138 se
1152 1111 1276 1144 haberet,
1296 1111 1419 1138 divinum
1444 1111 1589 1139 Abercium
1615 1111 1800 1139 vehementis-

1011 1157 1080 1185 sime
1095 1157 1199 1192 rogavit
1212 1157 1382 1191 impcratrix,
1401 1164 1435 1184 ne
1456 1161 1599 1185 recusaret
1613 1157 1647 1184 ab
1669 1165 1700 1184 ea
1726 1157 1798 1184 acci-

1011 1210 1076 1237 pere
1101 1202 1361 1234 remunerationem,
1385 1202 1429 1230 cui
1444 1202 1503 1236 ipse
1519 1202 1569 1229 fuit
1589 1210 1672 1230 causa
1696 1211 1798 1238 magna

1010 1253 1038 1275 et
1052 1248 1211 1275 necessariae
1226 1249 1331 1283 gratim.
1347 1248 1394 1275 Ille
1418 1252 1510 1276 autem
1529 1249 1653 1283 pecunia:
1668 1257 1702 1276 ne
1718 1250 1798 1276 susti-

1010 1296 1070 1322 nuit
1085 1295 1195 1330 quidem
1219 1296 1299 1322 ullam
1321 1296 1379 1323 ﬁeri
1399 1297 1576 1328 mentionem,
1594 1296 1707 1323 dicens:
1725 1296 1795 1329 Quid

1010 1342 1034 1369 ei
1049 1350 1117 1375 opus
1130 1341 1211 1368 fuerit
1226 1342 1358 1376 pecuniis,
1375 1341 1419 1368 cui
1439 1342 1516 1376 panis
1536 1347 1564 1369 et
1587 1349 1655 1377 aqua
1674 1348 1716 1370 est
1739 1343 1797 1369 lau-

1010 1392 1066 1414 tum
1091 1392 1119 1415 et
1144 1388 1315 1423 magnificum
1343 1387 1507 1422 prandium?
1543 1387 1615 1415 Petit
1641 1392 1742 1420 autem,
1769 1393 1799 1417 ut

1010 1441 1094 1468 prope
1110 1433 1275 1468 Hierapolim
1292 1437 1448 1460 erstruatur
1463 1433 1590 1460 balneum
1609 1433 1636 1460 in
1653 1442 1728 1469 agro,
1751 1434 1798 1467 qui

1009 1485 1051 1507 est
1067 1485 1177 1515 propter
1193 1479 1318 1511 ﬂuvium,
1336 1479 1381 1506 ubi
1395 1479 1453 1513 ipse
1469 1480 1556 1506 oravit
1572 1479 1647 1507 ﬂexis
1672 1480 1796 1515 genibus,

1009 1528 1035 1550 et
1059 1529 1130 1551 terra
1152 1523 1244 1551 emisit
1262 1523 1351 1550 fontes
1375 1530 1506 1557 aquarum
1523 1523 1694 1555 calidarum;
1720 1530 1747 1551 et
1769 1528 1799 1552 ut

168 1564 254 1600 ἀνῆκε
272 1566 382 1600 θερμῶν
394 1575 401 1582 ·
417 1570 573 1603 σιτηρέσιόν
585 1579 615 1597 τε
633 1573 689 1602 τοῖς
703 1573 731 1599 ὲν
749 1574 782 1608 τῇ
801 1573 879 1601 πόλει
907 1576 954 1602 αὺ-

1009 1569 1149 1602 mendicis,
1175 1570 1222 1604 qui
1246 1572 1324 1596 erant
1345 1567 1372 1595 in
1396 1574 1427 1594 ea
1451 1567 1572 1601 civitate,
1595 1568 1729 1596 darentur
1757 1574 1798 1597 ter

166 1610 216 1637 τοῦ
242 1614 359 1647 πτωχοῖς
389 1615 429 1646 εἰς
460 1616 626 1651 τρισχιλίους
647 1619 754 1652 μοδίους
771 1619 952 1656 ἀποταγῆναι.

205 1658 268 1684 KA'.
283 1659 391 1686 Τούτων
409 1662 425 1695 ἠ
443 1661 550 1696 βασιλὶς
569 1664 627 1698 ἆμα
639 1673 668 1690 τε
685 1665 798 1700 ἤκουσε,
810 1667 857 1693 καὶ
870 1667 955 1702 ἀσμέ-

167 1713 220 1736 νως
237 1705 355 1739 ἁρπάζει
366 1706 396 1733 τὺ
409 1708 530 1744 αἰτηθὲν.
546 1709 729 1744 Κορνηλιανόν
747 1720 776 1738 τε
794 1713 840 1739 τὸν
867 1713 955 1749 ἔπαρ-

166 1759 215 1784 χον
229 1751 266 1782 ὡς
286 1752 366 1786 τάχος
382 1755 578 1786 μετακαλεῖται
593 1756 640 1782 καὶ
652 1757 770 1792 σπουδὴν
788 1759 878 1784 πᾶσαν
892 1760 953 1786 εισ-

167 1798 289 1830 ςνεγκεῖν
305 1798 372 1831 πρὸς
386 1799 419 1825 τὰ
429 1799 573 1834 αἰτηθέντα
584 1801 702 1834 κελεύει,
713 1802 782 1829 ὥστε
800 1803 837 1839 μὴ
851 1806 956 1840 ἀμϐλῦ-

167 1850 212 1867 ναι
226 1841 275 1876 τὴν
290 1843 369 1877 χάριν
383 1843 438 1870 τῶν
452 1844 556 1880 ταχέως
580 1846 785 1881 ὑποσχεθέντων
809 1849 955 1885 βραδυτῆτι

166 1887 316 1919 διακονίας.
328 1888 405 1915 Οὕτω
430 1890 509 1923 φύσει
534 1890 582 1917 καὶ
611 1892 693 1919 πάθει
704 1894 793 1928 ψυχῆς
809 1895 832 1921 οἱ
848 1896 956 1930 ἄνθρω-

167 1941 214 1959 ποι
229 1934 283 1964 τοῖς
297 1933 405 1960 ὀκνοῦσι
421 1935 469 1966 τὰς
482 1935 587 1971 δωρεὰς
606 1937 706 1971 μᾶλλον
721 1937 738 1973 ἤ
752 1940 809 1970 τοῖς
831 1939 898 1973 πρὸς
925 1940 955 1966 τὺ

166 1979 262 2006 λασείν
275 1979 395 2015 ἑτοίμοις
408 1980 527 2015 ἡδόμεθα
553 1982 729 2018 χαριζόμενοι
743 1984 807 2016 τοὺς
837 1985 886 2019 μὲν
911 1985 955 2012 διὰ

165 2025 197 2051 τὸ
212 2025 308 2060 ἥττους
332 2026 446 2059 ὁρᾶσθαι
460 2027 514 2053 τῶν
541 2027 686 2062 διδομένων
711 2029 954 2064 περιφρονοῦντες,

165 2071 222 2098 τῶν
235 2071 263 2098 δὲ
277 2071 308 2098 τὸ
325 2072 428 2107 ὑψηλὸν
441 2073 637 2108 ἀσπαζόμενοι.
661 2074 690 2101 '0
714 2075 836 2110 ἔπαρχος
852 2076 956 2111 μέντοι,

167 2117 305 2153 μελλήσας
321 2118 408 2151 οὐδὲν,
422 2119 467 2146 τὸν
476 2120 655 2155 ἀρχιτέκτονα
669 2121 738 2156 πρὸς
752 2123 798 2148 τὸν
809 2123 868 2149 κατ’
886 2124 957 2150 ὲκεῖ-

165 2171 197 2190 νο
214 2165 309 2200 καιροῦ
320 2165 439 2200 ἄρχοντα
447 2166 566 2201 Φρυγίας
575 2167 724 2202 ἐκπέμπει,
735 2168 778 2203 ἐφ’
790 2166 812 2203 ᾦ
827 2171 878 2205 χρή
884 2179 956 2205 ματα

165 2209 259 2236 λαϐεῖν
275 2210 341 2245 παρ’
366 2210 449 2237 αὑτοῦ
466 2211 533 2246 πρὸς
555 2212 606 2248 τὴν
620 2212 668 2240 τοῦ
687 2213 830 2248 βαλανείου
849 2216 954 2243 οἰκοδο-

167 2254 232 2289 μὴν,
242 2255 302 2281 ὅσον
313 2255 410 2288 δέοιτο,
425 2257 471 2283 καὶ
487 2258 595 2292 μοδίους
618 2259 674 2291 τοῖς
700 2260 729 2287 ὲν
750 2261 782 2296 τῇ
802 2261 953 2296 Ἱεραπόλει

167 2301 263 2335 πένησι
287 2302 453 2337 τρισχιλίους
467 2304 610 2338 ἀπονέμει.
632 2305 742 2342 Ἐπειδὴ
755 2306 784 2332 δὲ
799 2307 847 2333 καὶ
861 2308 891 2334 τὸ
902 2307 953 2343 βα-

165 2347 270 2373 λανεῖον
285 2348 510 2383 οἰκοδομούμενον
524 2350 600 2381 τέλος
622 2349 708 2385 εἶχεν,
730 2352 780 2378 οὐκ
807 2352 847 2379 ἔτι
861 2353 891 2379 τὸ
906 2353 953 2380 ἀπ’

165 2393 270 2420 ἐκείνου
281 2395 357 2428 παρὰ
366 2395 487 2430 ποταμὸν
499 2396 665 2431 Ἀγρὺς,ἀλλ’
684 2397 780 2433 ’Δγρδς
793 2398 903 2433 Θερμῶν
914 2399 953 2433 τῷ

165 2441 242 2475 τόπῳ
256 2441 287 2466 τὺ
300 2440 403 2475 ὄνομα·
417 2441 464 2467 καὶ
479 2441 508 2468 τὺ
526 2443 680 2477 σιτηρέσιον
691 2443 718 2470 δὲ
732 2444 853 2479 διέμεινε
873 2453 954 2480 χορη-

164 2487 297 2522 γούμενον
324 2488 376 2520 ἕως
388 2488 440 2514 τῶν
461 2488 603 2515 Ίουλιανοῦ
612 2489 715 2524 χρόνων
727 2491 775 2517 τοῦ
787 2491 949 2523 δυσσεϐοῦς.

171 2533 290 2565 Ἐκεῖνος
313 2534 352 2566 δὲ,
369 2535 493 2570 καῠάπερ
521 2535 576 2561 τῶν
599 2536 686 2562 ἄλλων
701 2537 812 2569 ἀγαθῶν
831 2538 951 2571 πάντων,

164 2579 235 2607 οὓτω
251 2580 284 2615 δὴ
305 2581 350 2607 καὶ
370 2580 466 2606 τούτου
488 2581 625 2616 φθονήσας
649 2582 832 2616 Χριστιανοῖς,
843 2583 891 2619 τὴν
907 2593 952 2619 χι)-

165 2626 264 2660 ρηγίαν
277 2627 357 2658 εὐθὺς
374 2626 490 2661 ἵστησιν-

199 2760 266 2787 KE’.
284 2760 314 2786 '0
331 2760 403 2792 Θείος
429 2761 574 2795 τοιγαροῦν
595 2761 747 2797 ’Δὸέρκιος,
761 2763 794 2788 ἶν’
811 2763 854 2790 ἐπ’
869 2765 950 2792 αὑτὶν

165 2805 331 2838 ιπανίωμεν,
345 2804 492 2838 Ῥωμαίοις
508 2806 603 2840 χρόνον
623 2806 715 2834 ίκανδν
740 2809 950 2844 συγγενόμενοξ,

165 2851 213 2878 καὶ
228 2850 273 2878 τὸν
286 2850 441 2884 ὑγιαίνοντα
455 2851 506 2885 τῆς
539 2852 658 2884 πίστεως
679 2853 758 2888 λόγον
778 2855 950 2889 Χριστιανῶν

166 2897 303 2933 παραδοὺς
313 2897 480 2934 ἑκκληπίαις,
490 2899 554 2934 ιναρ
563 2899 625 2927 ποτὶ
638 2900 682 2927 τὸν
692 2901 792 2938 Κύριον
801 2903 878 2931 ima:
884 2904 951 2933 ἄντα

1006 1616 1079 1642 mille
1095 1615 1176 1643 modii
1196 1615 1338 1643 frumenti.

1041 1661 1135 1689 XXIV.
1157 1661 1218 1689 llzrc
1239 1662 1320 1689 simul
1343 1667 1425 1697 atque
1449 1662 1554 1689 audivit
1578 1662 1749 1697 imperatrix,
1767 1661 1800 1688 ιὶ·

1005 1708 1101 1735 bcnter
1122 1707 1258 1739 concedit,
1280 1708 1352 1742 quod
1377 1708 1467 1736 fuerat
1485 1708 1599 1743 petitum
1618 1717 1624 1735 :
1644 1713 1670 1734 et
1693 1708 1798 1735 Corne-

1005 1753 1108 1780 liannm
1122 1753 1258 1787 ἰιι-αξιοι·ἰο
1275 1752 1433 1787 praefectum
1453 1754 1652 1788 quamprimum
1673 1753 1798 1784 accersit,

1006 1804 1033 1826 et
1049 1798 1128 1833 jubet
1154 1798 1187 1826 ad
1210 1806 1240 1825 ea
1258 1799 1494 1833 prastanda,quae
1519 1803 1582 1826 sunt
1603 1797 1696 1832 petita,
1719 1805 1800 1825 omne

1006 1843 1138 1870 adhibere
1167 1843 1297 1876 studium,
1326 1851 1361 1871 ne
1386 1844 1442 1871 cito
1468 1844 1663 1878 promissorum
1687 1844 1799 1878 gratiam

1007 1889 1116 1916 hebetet
1140 1894 1168 1916 et
1194 1890 1320 1916 obscuret
1349 1890 1463 1917 tarditas
1490 1889 1643 1917 ministerii.
1671 1890 1737 1916 Tale
1757 1894 1800 1917 est

1007 1935 1148 1961 hominum
1165 1935 1313 1969 ingenium,
1339 1940 1367 1962 et
1391 1936 1426 1961 ita
1447 1940 1511 1962 sunt
1531 1936 1632 1963 affecti.
1651 1936 1686 1962 lis
1710 1936 1799 1962 liben-

1008 1981 1062 2008 tius
1077 1980 1271 2015 gratilicamur,
1283 1982 1329 2014 qui
1345 1981 1415 2008 dona
1429 1981 1554 2007 dubitant
1566 1981 1701 2015 accipere,
1716 1989 1797 2015 quam

1006 2025 1051 2063 ijs,
1065 2026 1111 2060 qui
1126 2031 1192 2054 sunt
1206 2026 1325 2062 prompti
1341 2027 1375 2053 ad
1391 2027 1578 2061 accipiendum
1597 2035 1604 2053 :
1621 2027 1671 2053 hos
1688 2027 1798 2062 quidem

1006 2073 1199 2108 despicientes,
1225 2074 1297 2107 quod
1320 2072 1465 2099 videantur
1482 2073 1547 2100 victi
1574 2081 1587 2099 a
1611 2073 1796 2100 muneribus:

1007 2120 1116 2147 illorum
1143 2124 1234 2146 autem
1254 2120 1451 2154 amplectentes
1471 2119 1553 2146 animi
1570 2118 1796 2154 magnitudinem.

1007 2165 1155 2193 Praefectus
1182 2169 1272 2192 autem
1289 2166 1407 2200 praetorii
1427 2166 1494 2193 nihil
1520 2171 1676 2196 cunctatus,
1698 2164 1798 2193 emittit

1007 2211 1184 2239 architectum
1209 2211 1242 2238 ad
1266 2211 1408 2246 praesidem
1430 2211 1571 2247 Phrygis,
1597 2210 1643 2246 qui
1665 2215 1723 2237 erat
1749 2210 1794 2237 illo

1008 2262 1140 2292 tempore,
1155 2261 1183 2284 ut
1196 2258 1326 2292 pecunias
1346 2259 1380 2285 ab
1399 2265 1432 2285 eo
1445 2258 1590 2292 acciperet,
1607 2257 1715 2291 quantis
1726 2264 1796 2291 opus

1004 2306 1109 2333 eratad
1125 2305 1251 2333 balneum
1266 2304 1462 2332 exstruendum
1480 2311 1488 2330 :
1505 2307 1532 2330 et
1547 2308 1588 2330 ter
1604 2303 1678 2330 mille
1690 2302 1795 2330 modios

1004 2351 1134 2379 frumenti
1155 2350 1331 2378 distribueret
1348 2349 1525 2385 pauperibus,
1544 2349 1590 2384 qui
1605 2353 1683 2376 erant
1698 2348 1794 2376 Hiera-
1817 2384 1825 2388 ι

1003 2398 1069 2433 poli.
1092 2398 1237 2432 Postquam
1262 2402 1352 2424 autem
1374 2397 1425 2424 fuit
1444 2396 1586 2431 impositus
1604 2395 1666 2422 ﬁnis
1685 2395 1794 2428 balneo,

1003 2444 1075 2479 quod
1096 2444 1291 2476 aediﬁcabatur,
1314 2443 1348 2471 ab
1371 2443 1416 2471 illo
1434 2447 1554 2478 tempore
1573 2450 1627 2470 non
1647 2441 1795 2469 vocabatur

1003 2490 1120 2524 amplius
1136 2491 1212 2518 locus
1238 2490 1284 2517 ille
1308 2491 1390 2524 Ager,
1414 2489 1461 2524 qui
1480 2493 1523 2516 est
1537 2493 1649 2524 propter
1668 2487 1793 2519 ﬂuvium,

1003 2535 1051 2563 sed
1068 2536 1138 2570 Ager
1154 2535 1313 2562 calidarum.
1332 2534 1444 2562 Duravit
1459 2538 1550 2561 autem
1574 2534 1647 2560 illius
1664 2531 1794 2559 frumenti

1003 2581 1161 2609 distributio
1188 2588 1275 2616 usque
1304 2580 1337 2607 ad
1359 2585 1482 2615 tempora
1511 2578 1586 2613 impii
1609 2577 1721 2604 Iuliani.
1746 2576 1794 2603 ille

1003 2635 1132 2662 namque,
1146 2627 1283 2662 quomodo
1304 2626 1357 2654 alia
1372 2627 1454 2658 bona,
1473 2626 1510 2653 ita
1526 2625 1577 2652 hoc
1597 2630 1705 2658 quoque
1721 2621 1795 2649 invi-

1003 2674 1072 2701 dens
1102 2673 1264 2702 Christianis
1289 2674 1382 2701 statim
1408 2679 1516 2700 cessare
1546 2671 1611 2698 facit
1637 2668 1793 2704 suppedita-

1004 2720 1116 2747 tionem.

1038 2766 1119 2794 XXV.
1142 2766 1254 2793 Divinus
1264 2773 1329 2801 ergo
1343 2764 1486 2798 Abercius,
1505 2769 1534 2792 ut
1545 2765 1579 2792 ad
1595 2772 1656 2793 eum
1672 2769 1794 2794 reverta-

1003 2821 1074 2845 mur,
1105 2820 1167 2840 cum
1195 2812 1276 2848 longo
1299 2817 1422 2846 tempore
1450 2810 1547 2839 fuisset
1577 2815 1701 2839 versatus
1727 2818 1791 2839 cum

1002 2859 1138 2890 Romanis.
1155 2864 1183 2886 et
1198 2866 1290 2886 sanam
1305 2858 1366 2886 ﬁdei
1380 2857 1512 2885 rationem
1528 2857 1683 2886 tradidisset
1698 2857 1791 2885 Eccle-

1005 2905 1051 2933 siis
1061 2905 1286 2937 Christianorum,
1300 2903 1373 2932 videt
1387 2903 1530 2939 aliquando
1542 2903 1567 2931 in
1582 2903 1687 2932 somnia
1695 2903 1790 2931 adesse
