2047 3150
167 160 240 194 1245

820 162 909 194 VITA
926 162 956 190 S.
978 161 1158 193 ABERCII.’

1720 163 1787 194 12$“)

161 219 271 245 ἀνεῖναι
292 218 360 254 πρὸς
391 218 478 254 βραχὺ
502 219 594 245 τόπον.
614 219 645 245 Ol
666 218 694 245 δὲ
724 218 774 253 οὐχ
786 218 924 252 ὑπήκουον
939 223 946 231 ’

1006 223 1090 245 autem
1118 226 1170 246 non
1194 219 1384 246 exaudierunt.
1410 219 1514 246 Deinde
1537 222 1648 246 sanctus
1674 217 1785 251 quidem

163 261 227 290 εἶτα
242 264 256 290 ό
274 264 323 298 μὲν
339 265 476 300 προσευχῇ
497 265 565 300 μόνῃ
583 264 613 291 τὸ
626 264 735 299 πνεῦμα
750 263 880 296 κοιμίζει,
892 264 948 294 τοῖς

162 309 194 335 δὲ
211 310 257 335 καὶ
271 309 384 336 ἄκουσιν
401 309 519 336 ἐπαύετο
539 311 555 344 ἡ
580 310 693 344 σπουδή.
711 309 757 344 Μὴ
772 309 880 343 ἔχοντες
903 308 949 334 οὖν

164 354 179 380 ὅ
192 363 220 380 τι
234 353 281 380 καὶ
297 354 401 386 ἑαυτοῖς
413 357 570 389 χρήσονται,
587 355 610 381 οἱ
626 354 676 388 μὲν
701 355 747 380 ἐπὶ
761 354 867 380 δεῖπνον
885 352 948 386 τρές

163 407 274 432 πονται,
294 400 308 425 ό
324 399 362 430 δὲ,
378 399 425 425 καὶ
442 400 494 434 γὰρ
507 400 585 435 ἔτυχε
611 400 682 433 δίψει
696 399 786 431 ἁλοὺς,
801 399 872 433 ὕδωρ
885 397 950 432 παρ’

164 444 258 470 αὐτῶν
276 444 345 478 ᾔτει.
367 444 437 470 Ἀλλ’
458 445 558 471 ἐκεῖνοι
575 445 670 477 δεινῶς
695 445 783 477 ἄξενοι
801 445 887 476 ὅντες,
904 443 950 470 καὶ

165 489 289 524 ἀκριϐῶς
312 489 446 524 ἄγροικοι,
469 490 662 526 παρεοεώρουν
685 490 734 526 τὴν
758 491 876 525 αἴτησιν.
902 490 950 515 καὶ

163 534 265 570 χλεύην
279 535 310 561 τὸ
328 536 443 570 πρᾶγμα
459 536 568 563 ἐποίουν
581 545 588 553 '
609 537 640 564 Εί
651 537 685 563 δι’
698 537 744 563 ἕνα
765 537 889 571 γέροντα,
905 535 950 561 λέ-

165 589 272 613 γοντες,
298 581 454 615 ἀφεξόμεθα
478 581 626 616 τραπέζης.
656 581 813 616 Ἐμέμψατο
835 579 881 607 οὖν
902 580 950 614 τὴν

164 626 366 660 ἀπανθρωπίαν
404 626 506 662 ταύτην
530 628 543 653 ό
566 626 820 662 φιλανθρωπότατος
846 625 950 659 ἀνδρῶν

169 671 325 706 Ἀἦέρκιος,
354 672 402 698 καὶ
426 672 456 698 τὸ
475 672 543 707 μηδέ
571 681 635 698 ποτε
653 671 828 707 κορέννυσθαι
859 671 950 701 αὐτοῖς

163 717 376 751 ἐπηράσατοπι)
385 718 432 743 καὶ
446 717 525 753 ἔσχον
535 719 574 748 εἰς
588 717 666 752 δεῦρο
679 717 836 752 παρειμένον
849 716 949 747 αὐτοῖς,

164 762 376 799 μ-ιααιθρωπίας
414 763 605 798 φιλάνθρωπον
641 762 762 798 ἀτεχνῶς
801 762 949 796 ἐπιτίμιον.

164 808 235 836 Εἶτα
254 809 303 844 τῆς
319 811 422 845 πέτρας
437 809 606 841 ἀπαναστὰς,
624 809 672 844 τὴν
692 808 789 834 ἑαυτοῦ
810 808 884 833 πόλιν
900 816 950 833 κα-

162 854 348 889 ταλαμσάνει,
366 854 403 881 Τὸ
433 854 499 888 γοῦν
526 854 627 889 πλῆθος
646 854 803 888 αἰσθόμενοι
828 853 878 887 τῆς
903 852 950 878 τοῦ

163 901 263 936 ἀνδρὸς
280 901 443 937 παρουσίας,
460 901 606 936 συνέρρεον
624 900 770 934 πανδημεὶ,
797 899 951 934 γλιχόμενοι

163 946 230 981 όψιν
247 955 276 972 τε
291 946 341 982 τὴν
355 946 484 980 γλυκεῖαν
509 947 582 979 ίδείν,
608 947 655 972 καὶ
671 947 762 980 φωνῆς
778 945 890 970 ἀκοῦσαι
903 944 952 978 τῆς

165 992 350 1028 ποθουμένης.
374 993 404 1020 '0
420 993 470 1028 μὲν
483 990 529 1019 οὖν
548 992 675 1027 ἀσμένως
689 991 788 1022 αὐτοὺς
801 991 952 1024 εὐλογήσας

165 1039 217 1064 καὶ
229 1038 433 1072 ἀσπασάμενος,
449 1037 556 1073 περιῄει
576 1038 624 1072 τὴν
640 1038 716 1064 πόλιν
736 1037 782 1063 καὶ
801 1035 888 1068 αὖθις,
912 1036 952 1061 δι-

163 1083 276 1110 δάσκων
284 1091 312 1109 τε
322 1083 366 1109 τὸν
383 1083 462 1117 λόγον
472 1083 523 1118 τῆς
535 1083 663 1118 ἀληθείας
678 1083 725 1110 σὺν
741 1082 893 1118 παρρησίᾳ,
905 1082 951 1108 καὶ

164 1131 232 1162 τοὺς
245 1129 406 1166 προσιόντας
423 1129 465 1156 διὰ
479 1130 527 1156 τοῦ
543 1129 616 1156 θείου
628 1129 815 1165 βαπτίσματος
830 1128 950 1160 τελειῶν,

164 1175 315 1211 δαιμονῶσι
333 1174 409 1202 λύσιν
425 1175 472 1202 τοῦ
489 1175 574 1203 κακοῦ
592 1176 731 1212 παρέχων,
758 1175 852 1206 νόσους
870 1174 951 1208 ἰώμε-

165 1230 224 1254 νος,
249 1221 295 1248 καὶ
314 1221 417 1252 παντὸς
445 1222 623 1257 ἰσχυροτέραν
642 1223 745 1252 πάθους
761 1223 811 1258 τὴν
828 1222 857 1247 ὲν
878 1220 953 1254 αὑτῷ

164 1266 216 1293 τοῦ
233 1266 387 1300 πνεύματος
407 1265 521 1301 δύναμιν
540 1266 771 1301 ’προεαλλόμενος.
799 1265 909 1296 Συνθεὶς
924 1265 953 1291 δὲ

168 1313 220 1339 καὶ
242 1311 334 1346 βίϐλον
353 1311 529 1344 διδασκαλίας
555 1313 625 1339 πάνυ
660 1313 805 1347 ὠφελίμως
826 1311 952 1346 ἔχουσαν,

167 1358 331 1385 καταλείπει
352 1360 408 1389 τοῖς
437 1358 483 1384 ὑπ’
509 1358 591 1385 αὐτὸν
619 1359 816 1394 πρεσϐυτέροις
833 1358 892 1393 ἅμα
906 1358 953 1385 καὶ

167 1404 317 1438 διακόνοις,
333 1404 376 1432 ἵνα
391 1405 439 1432 καὶ
457 1403 528 1440 μετὰ
550 1404 664 1432 θάνατον
691 1404 845 1439 φθέγγηται
859 1404 894 1430 δι’
905 1405 954 1430 αὺ-

167 1450 232 1486 τῆς,
250 1451 297 1477 καὶ
319 1450 420 1486 τρόπον
439 1451 501 1477 τινὰ
529 1450 664 1486 μηδέποτε
685 1450 797 1486 ὠφελῶν
821 1451 953 1486 παύηται.

205 1495 273 1523 KH'.
292 1495 426 1523 ’Δνελθὼν
452 1494 499 1523 οὖν
518 1504 584 1523 ποτε
605 1496 646 1528 είς
668 1495 730 1531 ὅρος
756 1495 857 1531 ὑψηλὸν
881 1495 952 1522 οὕτω

1001 263 1067 290 solis
1082 263 1208 298 precibus
1223 265 1297 299 sopit
1309 264 1448 299 spiritum,
1464 265 1517 291 illis
1533 269 1622 291 autem
1639 264 1680 290 \el
1695 263 1787 289 inuitis

1000 310 1119 336 cessavit
1135 309 1266 336 studium.
1280 309 1346 337 Cum
1357 318 1419 344 ergo
1433 310 1567 337 nescirent
1582 309 1646 344 quid
1663 313 1784 343 agerent,

1001 355 1019 381 ii
1042 362 1071 381 se
1097 361 1261 383 convertunt
1285 356 1320 383 ad
1345 364 1448 382 comam
1467 365 1474 382 :
1500 355 1557 390 ipse
1577 360 1667 382 autent
1690 361 1787 388 aquam

1002 400 1056 435 (siti
1080 401 1154 427 enim
1182 401 1336 435 laborabat)
1363 402 1398 429 ab
1413 402 1453 428 eis
1467 402 1553 436 petiit.
1583 400 1636 427 Sed
1663 399 1787 434 agricolae

1001 453 1062 472 cum
1087 452 1180 474 essent
1196 448 1272 474 valde
1298 447 1487 482 inhospitales,
1509 452 1536 474 et
1561 447 1640 481 plane
1655 449 1786 480 agrestes,

1001 491 1140 524 despectui
1168 493 1307 520 habebant
1332 493 1505 528 petitionem,
1531 497 1558 519 et
1582 500 1638 518 rem
1667 491 1787 518 luditica-

1001 536 1098 563 bantur
1123 547 1129 564 :
1147 537 1263 568 scilicet.
1289 543 1399 572 propter
1421 545 1505 565 unum
1529 540 1634 568 senem,
1654 537 1785 566 dicentes.

1001 590 1015 609 a
1029 590 1121 610 mensa
1135 583 1342 611 abstiuebimus.
1359 583 1444 618 rEgre
1461 583 1522 610 tulit
1539 583 1608 610 hanc
1633 582 1789 608 inhumani-

1003 633 1085 655 tatem
1102 629 1314 656 humanissimus
1333 629 1452 656 virorum
1471 629 1605 656 Abercius
1622 636 1630 655 :
1649 633 1677 655 et
1693 628 1732 654 eis
1747 632 1789 654 est

1002 673 1176 708 imprecatus.
1195 679 1224 701 ut
1248 682 1387 708 nunquam
1412 675 1589 701 satiarentur.
1614 673 1690 705 Quod
1707 673 1789 699 etiam

1002 719 1040 745 cis
1057 719 1195 754 hucusque
1217 720 1384 754 permansit:
1405 720 1523 746 humana
1547 720 1626 754 plane
1648 727 1725 754 paena
1748 719 1789 744 in-

1001 765 1188 792 humanitatis.
1218 765 1319 791 Deinde
1344 773 1358 791 a
1389 769 1462 798 petra
1488 765 1628 795 recedens,
1655 764 1729 791 vellit
1755 764 1788 788 ad

1002 817 1078 836 suam
1099 810 1245 837 civitatem.
1269 809 1336 836 Cum
1361 817 1425 844 ergo
1446 811 1575 837 sensisset
1599 810 1712 844 populus
1731 809 1790 843 ejus

1004 853 1161 885 adventum,
1187 853 1260 880 omni
1287 861 1318 880 ex
1343 859 1419 887 parte
1441 854 1623 885 conﬂuebant,
1648 853 1789 888 cupientes

1005 899 1096 926 videre
1118 900 1223 926 dulcem
1247 900 1361 931 vultum,
1383 905 1407 927 et
1426 900 1520 926 audire
1545 907 1638 927 veneni
1655 900 1792 926 desidera-

1005 951 1067 972 tam.
1083 947 1129 973 Ille
1145 954 1210 982 ergo
1226 954 1286 972 cum
1304 947 1420 973 libenter
1431 947 1469 973 cis
1486 946 1678 976 benedixisset,
1704 949 1730 972 et
1744 952 1792 971 eos

1002 993 1155 1024 salutasset,
1181 1000 1275 1019 rursus
1302 992 1393 1019 obibat
1425 992 1562 1018 civitatem
1586 991 1671 1018 libere
1693 991 1794 1017 docens

1004 1039 1117 1066 verbum
1138 1039 1270 1065 veritatis.
1288 1043 1314 1064 ιιι
1330 1046 1387 1070 eos,
1408 1038 1452 1072 qui
1469 1037 1646 1068 accedebant,
1663 1044 1711 1071 per
1727 1035 1796 1063 divi—

1003 1093 1067 1111 num
1091 1085 1256 1119 baptismum
1284 1085 1406 1116 initiana,
1432 1088 1458 1110 et
1474 1081 1650 1110 daemoniacis
1668 1081 1792 1116 praebens

1003 1130 1065 1157 mali
1083 1130 1247 1158 solutioni-tn
1273 1139 1279 1156 :
1304 1129 1414 1157 morbos
1433 1136 1542 1162 curans,
1565 1132 1593 1154 et
1608 1126 1704 1161 quavis
1727 1125 1794 1152 all'e-

1003 1178 1093 1203 ct'one
1109 1175 1248 1203 fortiorem
1273 1175 1398 1210 spiritus,
1423 1182 1484 1208 quae
1503 1174 1528 1200 in
1546 1175 1604 1207 ipso
1621 1175 1689 1201 erat,
1707 1171 1792 1195 virtu-

1004 1227 1057 1249 tem
1088 1223 1239 1257 prol'erens.
1264 1222 1330 1249 Cum
1354 1225 1444 1247 autem
1468 1219 1545 1246 valde
1573 1224 1680 1252 quoque
1700 1215 1792 1242 utilem

1003 1268 1133 1296 doctrina:
1157 1268 1256 1296 librum
1283 1267 1493 1301 composuisset,
1519 1271 1580 1292 eum
1601 1263 1645 1290 dat
1675 1262 1718 1292 iis,
1747 1263 1793 1294 qui

1003 1315 1054 1342 sub
1080 1315 1140 1350 ipso
1158 1319 1246 1344 erant.
1273 1311 1439 1349 presbyteris
1466 1310 1547 1338 simul
1570 1313 1597 1336 et
1614 1306 1747 1336 diaconis,
1766 1311 1795 1334 ut

1006 1361 1048 1388 eis
1070 1361 1111 1388 vel
1136 1363 1197 1395 post
1223 1364 1338 1386 mortem
1360 1359 1530 1392 loqueretur,
1548 1359 1575 1382 et
1601 1354 1691 1390 aliquo
1713 1351 1794 1379 modo

1005 1413 1143 1440 nunquam
1157 1405 1197 1432 eis
1212 1408 1332 1432 cessaret
1346 1403 1487 1431 prodesse.
1747 1405 1758 1412 '

1037 1502 1156 1531 XXVIII.
1177 1503 1330 1538 Aliquando
1349 1502 1376 1529 in
1392 1505 1513 1529 montem
1527 1499 1678 1530 excelsum,
1694 1505 1744 1524 usu
1757 1496 1794 1523 ita

166 1541 278 1576 δεῆσαν,
306 1542 366 1568 ἐπεὶ
385 1541 448 1577 δίψῃ
473 1541 546 1577 δεινῇ
576 1541 657 1573 αὐτός
675 1550 705 1568 τε
727 1541 774 1568 καὶ
799 1541 856 1568 ὅσοι
879 1540 953 1576 αὑτῷ

1006 1550 1170 1586 postulante,
1188 1547 1331 1575 ascendit:
1347 1547 1458 1582 ipseque
1474 1551 1501 1573 et
1520 1545 1564 1580 qui
1579 1552 1641 1572 cum
1657 1550 1690 1570 eo
1705 1547 1794 1573 erant,

168 1587 291 1621 συνῆσαν
302 1587 421 1622 ἥλωσαν,
436 1587 483 1614 ἐπὶ
497 1588 543 1614 τὸν
555 1587 645 1614 πάντα
653 1587 804 1622 δυνάμενον
814 1586 952 1621 καταφεύ-

167 1641 224 1667 γει.
240 1634 294 1660 Καὶ
305 1633 386 1665 αὐτὸς
399 1633 448 1669 μὲν
459 1635 499 1665 εἰς
512 1634 665 1670 προσευχὴν
677 1634 789 1666 κλιθεὶς,
805 1634 837 1660 τὰ
851 1633 954 1668 γόνατα

168 1679 209 1714 τῷ
222 1679 314 1714 ἐδάφει
339 1679 461 1706 δίδωσιν·
477 1679 549 1715 ὕδωρ
565 1679 594 1706 δὲ
612 1679 728 1714 πότιμον
759 1679 839 1710 εὐθὺς
853 1680 954 1714 ἀνῆκεν

169 1727 188 1760 ἡ
203 1726 249 1760 γῆ,
262 1725 317 1752 Καὶ
332 1725 346 1751 ὸ
360 1725 443 1757 τόπος
462 1725 492 1758 ἐξ
505 1725 609 1753 ἐκείνου
639 1726 722 1758 τόπος
735 1725 910 1760 γονυκλισίας
926 1725 956 1751 τὸ

169 1771 264 1798 λοιπον
284 1771 398 1806 ἐκλήθη.
422 1771 496 1806 Πλὴν
518 1772 586 1799 ἀλλὰ
609 1772 670 1798 τότε
688 1772 738 1807 μὲν
764 1772 804 1804 εἰς
822 1772 867 1798 τὸν
881 1769 956 1798 οἶκον

171 1816 254 1845 αὑτοῦ
288 1817 442 1850 ἐπανῆκεν·
457 1818 488 1843 οὺ
510 1817 599 1853 πολλῴ
624 1818 653 1845 δὲ
675 1818 787 1854 ὕστερον
801 1819 851 1853 ὁρᾷ
875 1819 956 1845 πάλιν

171 1862 238 1898 δναρ
254 1861 328 1897 αὑτῴ
344 1861 390 1887 τὸν
407 1861 510 1896 Κύριον
526 1862 675 1888 ἐπιστάντα
689 1863 746 1894 καὶ,
765 1863 898 1898 ’Λδέρκιε,
913 1863 957 1889 λέ-

171 1915 267 1942 γοντα,
285 1907 400 1942 ήγγικεν
424 1905 474 1941 ἤδη
491 1906 504 1932 ό
527 1905 634 1940 καιρὸς,
649 1905 720 1932 ὥστε
748 1906 958 1934 ἀναπαύσασθαι

173 1960 205 1979 σε
219 1951 273 1978 τῶν
291 1951 380 1977 πόνων
395 1958 443 1977 σου
461 1950 514 1977 τῶν
536 1951 660 1986 μακρῶν.
673 1952 900 1986 Διαγρηγορήσας
927 1951 956 1978 δὲ

173 1997 222 2024 καὶ
234 1995 314 2031 γνοὺς
330 1996 380 2032 τὴν
395 1995 524 2031 τελευτὴν
538 1996 612 2032 αὐτῷ
635 1996 843 2031 προδηλοῦσθαι,
863 1997 892 2023 τό
909 2006 955 2031 φα-

173 2043 219 2070 νὲν
230 2043 285 2073 τοῖς
299 2042 423 2077 ἀδελφοῖς
436 2042 582 2077 διηγεῖται,
600 2043 646 2069 καὶ
657 2042 729 2068 λίθον
746 2042 808 2069 τινα
819 2043 958 2078 τετράγω-

174 2097 220 2116 νον
237 2088 325 2124 μῆκός
337 2097 367 2114 τε
384 2089 432 2115 καὶ
454 2089 552 2120 πλάτος
568 2089 636 2122 ἴσον,
651 2089 740 2124 τάφον
771 2089 860 2124 ἐαυτῷ
875 2098 960 2116 κατα-

174 2135 316 2167 σκευάζει·
329 2135 427 2162 καὶτὸν
439 2135 529 2170 βωμὸν
542 2135 570 2167 ὃς
582 2136 687 2162 ἐκείνου
696 2135 894 2171 προστάξαντος
906 2136 960 2163 ἀπὸ

179 2182 289 2217 Ῥώμης
306 2181 358 2208 ὑπὸ
375 2181 423 2208 τοῦ
439 2181 566 2216 δαίμονος
585 2183 642 2208 ἐκεῖ
655 2182 821 2217 μετηνέχθη.
837 2182 877 2216 τῷ
891 2181 957 2216 λίθῳ

174 2229 312 2263 ἑςῖστησι,
337 2228 439 2255 τοιόνδε
456 2237 481 2254 τι
504 2228 667 2264 ἐπίγραμμα
693 2229 768 2264 αὐτῷ
791 2229 955 2264 ἐγχαράξας

181 2275 328 2308 Ἐκλεκτῆς
341 2273 444 2306 πόλεως
466 2274 578 2309 πολίτης
592 2274 645 2300 τόδ’
657 2274 771 2309 ἐποίησα
786 2275 850 2306 ζῶν,
861 2275 894 2301 ἶν’
905 2275 958 2309 ἔχω

177 2319 264 2354 καιρῷ
278 2319 404 2353 σώματος
417 2319 509 2346 ἐνθάδε
535 2319 618 2350 θέσιν,
632 2318 750 2353 τοῦνομα
770 2319 909 2353 Ἀΰέρκιος
922 2328 929 2335 ·
945 2321 960 2346 ό

176 2365 214 2392 ὢν
233 2365 356 2401 μαθητὴς
386 2366 513 2399 ποιμένος
531 2365 623 2399 ἁγνοῦ,
642 2365 671 2396 ὃς
699 2365 791 2398 βόσκει
816 2364 959 2399 προόάτιυν

176 2411 288 2446 ἀγέλας,
313 2411 389 2446 ὄρεσι
403 2411 503 2442 πεδίοις
521 2419 560 2442 τε,
576 2410 732 2444 ὀφθαλμοὺς
748 2410 777 2441 ὃς
801 2411 855 2445 ἔχει
873 2411 959 2444 μεγά-

176 2457 250 2490 λους,
281 2457 369 2484 πάντα
398 2456 581 2491 καθορῶντας.
610 2453 694 2486 Οὗτος
723 2456 777 2491 γάρ
798 2464 831 2491 με
857 2456 959 2488 ἐδίδαξε

176 2502 329 2537 γράμματα
346 2501 440 2532 πιστὰ,
455 2502 494 2532 εἰς
515 2501 624 2535 Ῥώμην
639 2501 667 2532 ὃς
679 2501 802 2536 ἐπεμψεν
816 2502 866 2536 ἐμὲ
884 2502 961 2536 βασι-

177 2548 253 2574 λείαν
280 2548 410 2583 ἀθρῆσαι,
437 2549 484 2574 καὶ
505 2547 664 2582 βασίλισσαν
681 2549 744 2575 ἰδεῖν
769 2549 959 2583 χρυσόστολον,

178 2594 380 2629 χρυσοπέδιλον.
397 2595 467 2621 Δαδν
484 2595 507 2620 δ’
521 2592 591 2620 εἶδον
606 2595 664 2620 ἐκεῖ
676 2594 808 2629 λαμπρὰν
824 2596 960 2630 σφραγῖδα

179 2639 274 2674 ἔχοντα
288 2649 294 2655 ·
311 2641 357 2666 καὶ
372 2640 471 2675 Συρίης
486 2641 567 2666 πέδον
591 2640 682 2676 χώρας
697 2639 767 2667 εἶδον
778 2650 784 2656 ⁸
803 2641 850 2667 καὶ
877 2642 961 2668 ἄστεα

180 2685 267 2711 πάντα
288 2685 396 2712 Νίσιὸιν
412 2685 556 2720 Εὐφράτην
577 2686 682 2716 διαϐάς.
711 2686 816 2718 Πάντας
839 2687 861 2713 δ’
883 2687 962 2721 ἔσχον

180 2730 355 2765 συνηγόρους,
366 2730 471 2756 Παῦλον
485 2730 595 2757 ἔσωθεν.
611 2731 702 2763 Ιίίστις
715 2732 741 2758 δὲ
753 2733 831 2758 παντὶ
845 2733 960 2767 προῖγε,

180 2776 226 2803 καὶ
239 2775 380 2810 παρέθηκε
392 2778 495 2811 τροφήν
507 2785 514 2792 ’
527 2777 603 2812 ἰχθὺν
615 2778 668 2804 ἀπὸ
681 2778 771 2812 πηγῆς
782 2778 959 2812 παμμεγέθη,

180 2819 299 2854 καθαρόν
313 2829 319 2836 ·
336 2820 365 2846 ὃν
381 2821 511 2856 ἐδράξατο
540 2822 673 2855 παρθένος
694 2823 774 2856 ἁγνὴ,
795 2824 841 2849 καὶ
867 2824 961 2850 τοῦτον

181 2865 298 2895 ἐπέδωκε
327 2867 411 2901 φίλοις
437 2867 537 2894 ἐσθίειν
565 2869 719 2903 διαπαντὸς,
760 2866 829 2896 οἶνον
846 2871 961 2903 χρηστὶν

1005 1596 1052 1624 siti
1066 1595 1237 1624 laborabant.
1253 1593 1382 1628 Confugit
1399 1597 1489 1620 autem
1507 1591 1541 1618 ad
1555 1598 1628 1622 eum,
1642 1590 1689 1624 qui
1706 1592 1796 1623 potest

1005 1642 1108 1671 omnia.
1125 1641 1218 1676 Itaque
1233 1647 1384 1667 conversus
1395 1639 1430 1666 ad
1447 1638 1608 1669 orationem,
1623 1636 1697 1663 humi
1717 1634 1795 1662 incli-

1008 1693 1056 1717 nat
1071 1696 1159 1724 genua
1177 1697 1184 1715 :
1201 1686 1373 1722 poculentam
1392 1689 1483 1712 autem
1501 1690 1597 1718 aquam
1615 1687 1686 1709 terra
1702 1681 1794 1708 statim

1006 1734 1108 1762 emisit.
1130 1733 1172 1760 Ab
1189 1733 1235 1760 illo
1250 1736 1341 1759 autem
1358 1735 1480 1764 tempore
1501 1729 1578 1756 locus
1600 1728 1645 1754 ille
1668 1726 1798 1760 deinceps

1007 1780 1058 1808 fuit
1078 1779 1232 1815 appellatus
1254 1778 1330 1806 locus
1351 1775 1559 1812 genuﬂexionis.
1573 1774 1708 1802 Caeterum
1731 1776 1798 1799 tunc

1008 1825 1118 1860 quidem
1143 1825 1222 1852 rediit
1244 1823 1271 1851 in
1291 1823 1403 1851 domum
1425 1829 1502 1849 suam
1520 1829 1528 1848 :
1552 1827 1607 1848 non
1630 1818 1716 1846 multo
1738 1821 1799 1852 post.

1008 1874 1099 1897 autem
1115 1870 1190 1896 videt
1204 1875 1298 1895 rursus
1314 1867 1471 1898 Dominum,
1483 1865 1530 1900 qui
1546 1865 1570 1892 ei
1588 1864 1616 1891 in
1630 1862 1733 1897 somnis
1749 1869 1800 1896 ap-

1008 1917 1109 1952 paruit,
1126 1921 1153 1943 et
1167 1917 1193 1943 ei
1209 1915 1300 1943 dixit:
1317 1914 1428 1946 Aberci,
1444 1913 1500 1948 jam
1516 1919 1602 1947 prope
1621 1915 1664 1938 est
1679 1914 1800 1944 tempus.

1010 1967 1039 1990 ut
1065 1969 1156 1989 Cesses
1184 1968 1199 1987 a
1222 1960 1310 1994 longis
1334 1960 1388 1986 tuis
1411 1959 1559 1986 laboribus.
1585 1957 1653 1984 Cum
1678 1959 1768 1982 autem
1783 1961 1799 1980 e

1009 2015 1107 2036 somno
1135 2011 1208 2034 esset
1231 2005 1385 2036 excitatus,
1410 2007 1439 2031 et
1461 2003 1633 2038 cognovisset
1656 2001 1799 2028 decessum

1010 2053 1061 2082 sibi
1079 2050 1294 2088 praesigniﬁcari,
1311 2053 1405 2077 narrat
1426 2048 1556 2076 fratribus
1573 2048 1609 2079 id.
1627 2046 1699 2082 quod
1717 2053 1799 2079 appa-

1010 2104 1100 2127 ruerat
1119 2107 1125 2126 :
1147 2102 1175 2125 et
1189 2096 1334 2131 quemdam
1350 2095 1513 2130 quadratum
1536 2093 1666 2128 lapidem.
1679 2093 1799 2126 longitu-

1010 2148 1074 2176 dine
1099 2150 1127 2174 et
1150 2144 1294 2172 latitudine
1320 2143 1460 2178 aequalem,
1483 2141 1534 2169 sibi
1558 2140 1712 2175 sepulcrum
1733 2146 1799 2166 con-

1011 2193 1092 2221 struit
1113 2201 1120 2220 :
1147 2196 1174 2219 et
1202 2198 1287 2221 aram.
1317 2197 1387 2224 quae,
1405 2188 1452 2215 illo
1475 2187 1598 2222 iubente,
1627 2186 1712 2212 Roma
1737 2184 1800 2211 illuc

1010 2238 1138 2266 translata
1152 2237 1252 2266 fuerat.
1268 2235 1351 2270 lapidi
1366 2233 1491 2268 imponit.
1509 2233 1534 2259 ei
1549 2232 1627 2259 talem
1643 2230 1800 2264 insculpens

1009 2283 1214 2318 inscriptionem
1232 2289 1238 2307 :
1257 2281 1356 2308 Electae
1377 2279 1452 2305 urbis
1469 2277 1536 2304 civis
1554 2277 1606 2303 hoc
1624 2276 1717 2302 vivens
1736 2275 1798 2306 Ieci,

1009 2333 1039 2356 ut
1052 2328 1094 2355 hic
1111 2333 1232 2361 tempore
1247 2325 1362 2352 habeam
1378 2323 1526 2358 posituram
1539 2320 1672 2355 corporis,
1690 2320 1801 2346 nomine

1009 2372 1150 2400 Abercius.
1166 2371 1217 2404 Qui
1232 2378 1292 2397 sum
1309 2369 1460 2403 discipulus
1477 2367 1592 2402 pastoris
1604 2366 1671 2394 casti
1686 2373 1800 2400 pascen-

1011 2419 1046 2446 tis
1061 2418 1153 2445 0vium
1175 2423 1270 2452 greges
1287 2415 1315 2442 in
1336 2414 1474 2441 montibus
1491 2417 1518 2440 et
1537 2412 1621 2448 agris,
1643 2419 1674 2438 ac
1688 2418 1802 2446 magnos

1011 2464 1136 2492 habentis
1164 2462 1270 2493 oeulos,
1298 2460 1389 2487 omnia
1422 2459 1570 2486 intuentes.
1603 2457 1628 2484 Is
1650 2457 1728 2492 enim
1757 2463 1801 2482 mo

1012 2509 1105 2538 docuit
1130 2508 1236 2534 litteras
1258 2506 1369 2537 ﬁdeles,
1388 2504 1502 2531 Romam
1531 2503 1577 2538 qui
1600 2511 1643 2530 me
1669 2502 1744 2529 misit
1766 2501 1801 2527 ad

1012 2554 1158 2582 videndum
1175 2552 1330 2588 imperium,
1347 2555 1374 2578 et
1391 2549 1590 2584 imperatricem
1610 2548 1732 2574 indutam
1750 2553 1801 2572 au-

1013 2600 1067 2627 reis
1078 2598 1200 2626 vestibus
1222 2602 1250 2624 et
1266 2595 1376 2623 calceis.
1399 2594 1454 2621 Illic
1476 2597 1567 2620 autem
1590 2592 1646 2619 vidi
1668 2591 1801 2626 populum

1012 2645 1181 2680 praeclarum,
1196 2642 1317 2677 insignes
1329 2640 1443 2668 annulos
1459 2640 1485 2666 in
1502 2638 1628 2665 manibus
1639 2640 1800 2677 gestantem.

1013 2691 1047 2718 Et
1066 2690 1151 2725 Syrias
1172 2688 1289 2723 regionis
1311 2693 1438 2720 campum
1463 2684 1529 2716 vidi,
1545 2688 1573 2710 et
1587 2682 1678 2710 omnia
1701 2681 1802 2715 oppida

1013 2735 1118 2762 Nisibin
1147 2739 1174 2761 et
1203 2733 1424 2766 Mesopotamiae,
1457 2729 1617 2757 transmisso
1647 2727 1799 2762 Euphrate.

1014 2782 1102 2810 llabui
1121 2785 1210 2807 autem
1226 2786 1329 2806 omnes-
1340 2778 1374 2805 ad
1391 2776 1516 2804 eamdem
1534 2775 1676 2802 venientes
1690 2772 1801 2800 concio-

1015 2836 1087 2857 nem.
1105 2831 1133 2854 et
1150 2825 1261 2853 Paulum
1284 2824 1461 2851 intrinsecus.
1481 2821 1561 2848 Fides
1581 2825 1671 2848 autem
1685 2819 1800 2847 omnino

1017 2871 1139 2905 produxit
1159 2875 1184 2898 et
1198 2868 1324 2906 apposuit
1339 2868 1546 2899 nutrimentum,
1560 2867 1662 2902 piscem
1675 2871 1708 2892 ex
1724 2863 1799 2892 fonte
