2047 3150
224 161 290 193 1247

863 164 945 195 ΜΕΝ
949 163 1007 195 SIS
1025 163 1208 197 OCTOBER.

1730 140 1734 143 .
1779 169 1848 203 1248

222 220 374 256 ingentem,
397 229 479 257 quem
500 228 598 256 purum
616 221 799 257 apprehendit
813 221 889 258 virgo
910 226 986 250 casta
1004 230 1011 248 :

1070 224 1176 260 ἔχουσα,
1190 226 1317 261 κέρασμα
1331 225 1440 253 διδοῦσα
1463 229 1520 262 μετ’
1533 228 1627 264 ἄρτου.
1649 228 1742 257 Ταῦτα
1765 240 1852 267 παρι-

222 273 249 294 et
272 275 335 295 eum
351 273 488 302 perpetuo
508 268 645 296 edendum
663 269 775 296 tradidit
793 269 903 302 amicis,
919 270 1013 297 vinum

222 314 327 342 habens
348 314 460 346 bonum,
485 314 556 348 quod
574 314 620 342 dat
644 322 705 342 cum
728 322 799 350 pane
823 319 1012 350 temperatum.

222 359 285 387 H.ec
307 359 418 387 adstans
438 359 570 387 Abercius
591 360 683 395 jussit,
696 364 726 387 ut
749 359 948 391 scriberentur,
968 366 1014 386 se-

221 406 424 442 ptuagesimum
451 406 601 433 secundum
626 413 727 433 annum
752 413 815 434 vere
839 413 931 441 agens.
953 405 1016 433 Haec

222 453 346 486 cogitans
363 452 484 479 oraverit
498 459 546 485 pro
560 451 686 484 Ahercio,
700 442 856 486 quicunque
870 451 1015 478 nobiscum

223 499 317 526 sentit.
341 498 399 525 Non
425 502 515 524 tamen
539 498 655 525 alterum
673 497 807 524 tumulum
828 497 904 528 mihil
926 504 1016 531 neque

223 544 297 571 hunc
317 544 343 570 in
364 536 498 578 superiori
526 542 586 570 loco
609 543 733 577 imponet
759 542 867 576 aliquis.
889 541 966 574 Quod
992 541 1014 569 si

224 590 258 616 iet
269 590 331 620 erit,
349 589 473 616 Romano
488 589 584 615 aerario
600 589 689 615 solvet
710 588 753 615 bis
774 588 849 616 mille
864 596 971 617 aureos.
988 593 1015 616 et

224 638 302 664 Ιμιῃιη
334 639 427 672 patriae
457 636 591 671 Hierapoli
624 636 697 663 mille
726 644 837 664 aureos.
866 636 1015 671 inscriptio

1062 270 1132 301 στὼς
1146 267 1225 297 εἶπεν
1249 271 1390 306 ’Δὸέρκιος
1406 268 1457 298 ὦδε
1477 273 1626 308 γραφῆναι,
1652 274 1852 310 ἐσδομηκοστὸν

1062 315 1121 347 ἔτος
1138 316 1186 343 καὶ
1201 317 1326 351 δεύτερον
1346 318 1420 351 ἄγων
1437 318 1555 352 ἀληθῶς.
1583 320 1637 346 Τοῦ
1653 321 1675 347 θ’
1694 322 1708 347 ό
1723 322 1791 348 νοῶν
1806 322 1852 349 εὕ-

1063 361 1138 393 ξαιτο
1162 363 1232 397 ὑπὲρ
1262 362 1406 398 Ἀὸιρκίου
1428 364 1483 395 πᾶς
1507 365 1520 390 ὁ
1541 366 1667 400 συνῳδός.
1697 367 1735 393 Οὐ
1759 368 1853 402 μέντοι

1063 407 1167 442 τύμϐον
1181 407 1325 442 ἓτερόντις
1340 409 1388 435 ἀπ’
1404 408 1472 443 ἐμοῦ
1486 409 1579 436 ἐπάνω
1596 410 1673 445 θήσει
1687 420 1694 427 ·
1711 413 1734 438 εί
1752 412 1774 439 δ’
1795 412 1853 447 οὖν,

1069 450 1215 486 Ῥωμαίων
1227 452 1334 488 ταμείῳ
1348 453 1426 485 θήσει
1439 454 1556 489 δισχίλια
1570 457 1671 490 χρυσᾶ,
1687 458 1734 483 καὶ
1747 460 1853 494 χρηστῇ

1065 498 1174 533 πατρίδι
1195 499 1343 534 Ἱεραπόλει
1371 500 1445 536 χίλια
1458 501 1556 536 χρυσᾶ.
1572 502 1611 528 Τὰ
1628 503 1677 537 μὲν
1689 503 1720 539 δὴ
1731 504 1778 531 τοῦ
1793 506 1854 531 ἐπι-

1064 545 1228 580 γράμματος
1240 542 1291 572 ὦδέ
1308 555 1366 577 πως
1378 546 1425 573 ἐπὶ
1435 547 1534 579 λέξεως
1547 545 1622 582 εῖχεν
1634 556 1641 563 ·
1657 549 1698 575 ὅτι
1712 550 1750 585 μὴ
1765 551 1778 576 ό
1791 551 1855 585 χρόα

1063 599 1107 622 νος
1123 591 1215 625 ὑφεῖλε
1229 592 1290 618 κατ’
1305 591 1396 626 ὀλίγον
1409 593 1459 625 τῆς
1474 593 1628 628 ἀκριϐείας,
1656 596 1702 622 καὶ
1729 597 1855 632 ἡμαρτη-

1063 637 1152 671 μένως
1168 636 1239 671 ἒχειν
1253 637 1302 672 τὴν
1315 637 1424 672 γραφὴν
1442 639 1658 673 παρεσκεύασεν.

224 683 333 717 quidem
349 683 388 710 sic
410 690 440 710 se
459 681 578 709 habebat
597 681 632 709 ad
653 674 779 715 verbum,
796 682 844 709 sed
866 687 973 716 tempus
985 689 1017 708 cx
1044 689 1076 709 ea
1103 682 1206 716 aliquid
1230 682 1360 715 detraxit,
1387 687 1415 710 et
1441 683 1533 711 etl‘ecit
1558 688 1588 711 ut
1614 685 1739 714 nonnihil
1761 692 1855 722 postea

224 729 435 756 desideraretur.

259 774 356 801 XXIX.
378 774 439 810 [pse
464 774 574 801 tandem
597 782 660 802 cum
684 774 859 809 presbyteros
884 774 964 801 simul
987 778 1015 801 et

223 820 365 851 diaconos.
386 825 414 847 et
429 820 561 854 quosdam
577 824 703 848 vocasset
721 827 754 847 ex
771 820 871 855 populo
888 829 894 847 :
914 820 1014 852 Filioli,

224 865 231 892 i
253 865 323 900 quit,
343 865 409 892 mihi
425 865 533 900 quidem
555 867 609 901 jam
623 866 699 893 adest
722 866 783 892 vitae
798 866 870 898 linis,
893 869 920 892 et
937 866 1013 898 abeo,

223 919 240 938 ο
259 919 324 946 grex
341 912 407 938 mihi
419 912 516 939 dilecte
533 920 541 938 :
557 912 625 939 abeo
641 912 674 939 ad
701 912 739 946 id,
755 913 826 947 quod
846 912 887 939 vel
914 912 947 939 ab
974 912 1015 938 in-

226 960 310 982 eunte
340 960 419 983 aetate
437 956 641 989 desiderabam,
659 957 722 983 vitm
737 964 823 992 genus
842 965 849 983 :
866 962 891 983 et
907 957 939 984 ad
955 965 1016 983 cum

225 1002 304 1036 cujus
329 1010 379 1037 ego
396 1003 480 1030 Solius
502 1007 597 1029 teneor
613 1003 759 1035 desiderio,
782 1007 809 1030 et
826 1003 904 1038 cujus
927 1003 1018 1030 divino

225 1056 319 1076 amore
348 1049 525 1076 vehementer
546 1049 702 1076 incendor:
724 1049 793 1076 abeo
811 1057 874 1076 eum
898 1050 1016 1076 visurus.

226 1095 309 1121 Vobis
331 1099 422 1122 autem
451 1095 682 1122 considerandum
709 1100 761 1128 est,
786 1103 932 1130 quemnam
959 1096 1019 1123 sitis

225 1140 303 1167 vobis
319 1140 431 1168 electuri
444 1142 614 1176 episcopum,
626 1142 672 1176 qui
687 1147 714 1168 et
726 1149 773 1168 vos
787 1145 849 1176 post
859 1149 902 1168 me
914 1146 1018 1176 pascet.

226 1191 253 1212 et
269 1186 346 1221 cujus
359 1194 452 1213 vocem
467 1187 581 1222 pulchre
601 1188 716 1214 audient
733 1195 800 1214 meae
812 1195 887 1219 oves,
901 1196 972 1223 quae.
991 1193 1019 1216 ut

228 1230 287 1258 Deo
299 1232 397 1266 placet,
416 1233 450 1259 al)
467 1240 500 1260 eo
519 1238 677 1268 pascentur.
695 1233 756 1260 Haec
775 1241 837 1261 cum
853 1238 965 1261 sanctus
980 1235 1020 1262 eis

229 1278 356 1308 dixisset.
374 1278 410 1304 illi
426 1286 487 1305 cum
507 1286 592 1313 pauca
608 1279 679 1306 inter
696 1287 726 1306 se
742 1280 924 1306 communiter
937 1280 1019 1307 locuti

228 1327 332 1354 essent,
344 1323 612 1358 archipresbyterum
626 1323 757 1356 ecclesiae,
770 1323 814 1350 cui
823 1324 905 1351 etiam
921 1332 1019 1351 nomen

227 1373 287 1396 erat
312 1369 454 1400 Abercius.
472 1370 653 1396 communiter
677 1369 828 1404 elegerunt.
854 1369 925 1402 Quin
938 1370 1020 1397 etiam

229 1422 292 1442 eum
322 1415 381 1449 ipse
402 1422 511 1449 quoque
541 1415 565 1441 ei
592 1422 641 1442 sua
670 1415 806 1442 sententia
832 1415 1022 1443 conﬁrmasset

227 1460 429 1495 episcopatum,
458 1460 483 1488 ei
505 1461 621 1496 imponit
648 1469 744 1488 manus
770 1469 777 1488 :
798 1466 826 1488 et
849 1469 911 1489 cum
938 1462 1022 1489 bene-

228 1505 362 1532 dixisset:
376 1504 429 1536 Tu,
445 1505 546 1540 inquit,
560 1513 576 1532 ο
589 1505 698 1538 Aberci,
710 1512 782 1532 nunc
798 1505 944 1540 episcopus
955 1512 1021 1532 con-

1103 773 1169 800 KG’.
1181 772 1266 804 Αὐτὸς
1279 772 1317 806 δέ,
1334 773 1396 804 τοῦς
1412 773 1615 809 πρεσϐυτέρους
1637 775 1677 807 είς
1690 777 1790 803 ταυτὸν
1810 779 1858 805 καὶ

1068 820 1130 850 τοὺς
1155 819 1308 852 διακόνους,
1334 819 1381 845 καί
1404 828 1480 851 τινας
1506 819 1554 846 τοῦ
1574 820 1695 856 πλήθους
1720 815 1858 855 καλέσαςι

1068 865 1167 897 Τέκνα,
1181 863 1245 899 ἔφη,
1261 864 1322 899 ἐμοὶ
1338 864 1388 898 μὲν
1404 864 1489 891 τὸτοῦ
1503 865 1561 900 βίου
1576 865 1652 896 τέλος
1665 866 1714 901 ἤδη
1731 868 1857 902 πάρεστι,

1069 911 1116 937 καὶ
1132 911 1241 945 ἄπειμι,
1260 907 1283 937 ὧ
1298 911 1374 945 φίλον
1387 910 1450 946 ἐμοὶ
1468 912 1603 947 ποίμνιον,
1619 912 1716 947 ἄπειμι
1744 913 1812 948 πρὸς
1826 914 1860 948 ἣν

1069 957 1184 983 ἐπόθουν
1198 959 1231 984 ἐκ
1246 957 1306 984 νέου
1335 957 1484 992 διαγωγὴν,
1503 958 1548 985 καὶ
1572 958 1639 992 πρὸς
1652 958 1681 985 ὃν
1699 959 1779 994 μόνον
1803 959 1859 993 ἐγὼ

1068 1003 1118 1039 τὴν
1131 1003 1224 1037 ἔφεσιν
1239 1004 1305 1039 ἔχω,
1322 1004 1369 1030 καὶ
1381 1001 1411 1031 οὗ
1425 1013 1458 1039 με
1473 1004 1595 1040 σφοδρῶς
1606 1005 1620 1030 ὸ
1631 1004 1701 1036 θεῖος
1713 1004 1859 1037 ἐξέκαυσεν

1069 1051 1150 1086 ἔρως,
1165 1050 1276 1086 ἄπειμι,
1291 1050 1387 1077 τοῦτον
1409 1050 1551 1085 ὀψόμενος.
1579 1049 1667 1086 Ὗμᾱς
1682 1051 1710 1077 δὲ
1725 1052 1778 1086 χρὴ
1793 1060 1858 1077 σκο-

1069 1099 1142 1128 πεῖν,
1155 1097 1184 1123 ὃν
1206 1105 1266 1123 τινα
1284 1097 1390 1127 ἑαυτοῖς
1404 1097 1555 1123 ἐπίσκοπον
1570 1096 1717 1131 ψηφιεῖσθε
1730 1105 1738 1113 ·
1752 1097 1782 1128 ὃς
1799 1105 1860 1123 ποι-

1072 1145 1154 1178 μανεῖ
1165 1151 1194 1169 τε
1221 1143 1292 1178 ὑμᾶς
1306 1143 1365 1178 μετ’
1381 1143 1443 1177 ἐμὲ,
1462 1143 1511 1170 καὶ
1536 1140 1566 1170 οὗ
1579 1141 1629 1176 τῆς
1643 1143 1735 1177 φωνῆς
1749 1142 1861 1169 ἀκούσει

1070 1189 1104 1216 τὰ
1121 1188 1175 1223 ἐμὰ
1194 1189 1318 1223 πρόϐατα
1333 1188 1424 1220 καλῶς
1438 1190 1484 1216 καὶ
1496 1189 1533 1219 ὡς
1548 1188 1609 1223 Θιῷ
1624 1188 1701 1222 φίλον
1716 1187 1761 1214 ὑπ’
1775 1187 1859 1215 αὑτοῦ

1071 1234 1283 1270 ποιμαινόμενα.
1299 1234 1392 1261 Ταῦτα
1405 1234 1451 1260 τοῦ
1466 1234 1544 1268 ἁγίου
1563 1234 1632 1268 πρὸς
1648 1234 1748 1265 αὐτοὺς
1769 1233 1861 1260 εἰπόν-

1071 1289 1128 1314 τος,
1147 1280 1249 1316 βραχέα
1279 1281 1379 1307 ἐκείνοι
1408 1280 1476 1316 πρὸς
1501 1279 1632 1315 ἀλλήλους
1647 1279 1727 1311 εὐθὺς
1744 1279 1863 1306 κοινολο-

1072 1327 1233 1362 γησάμενοι,
1257 1329 1303 1354 τὸν
1332 1325 1586 1362 ἀρχιπρεσδύτερον
1624 1325 1674 1360 τῆς
1701 1325 1861 1360 ἐκκλησίας,

1072 1373 1158 1408 ὃνομα
1171 1373 1219 1400 καὶ
1233 1373 1314 1400 αὑτὸν
1333 1373 1489 1408 Ἀσέρκιον,
1510 1372 1608 1403 κοινῶς
1621 1372 1799 1407 ἐψηφίσαντο·
1814 1371 1862 1398 καὶ

1073 1419 1154 1451 αὐτὸς
1174 1419 1202 1446 δὲ
1219 1419 1257 1454 τῷ
1280 1419 1356 1454 ἀνδρὶ
1376 1418 1425 1454 τὴν
1438 1417 1589 1453 ἐπισκοπὴν
1614 1417 1862 1453 ὲπιψηφιοάμενος,

1074 1466 1210 1500 ἐπιτίθησι
1233 1474 1262 1492 τε
1282 1465 1356 1502 αὐτῷ
1374 1465 1423 1496 τὰς
1439 1466 1544 1500 χεῖρας,
1557 1465 1602 1491 καὶ
1618 1464 1782 1499 εὐλογήσας,
1803 1464 1861 1496 Σοὶ,

1074 1513 1137 1549 ἔφη.
1151 1510 1173 1539 ὦ
1195 1513 1332 1548 Ἀὁέρκιε,
1360 1511 1502 1547 ἐπισκόπῳ
1528 1509 1597 1538 εἶναι
1621 1510 1729 1545 δίδωμι,
1746 1509 1813 1539 Θεοῦ
1831 1518 1861 1537 τε

229 1551 362 1582 stitueris,
381 1550 437 1577 Deo
453 1552 546 1581 dante,
568 1553 595 1576 et
619 1557 664 1577 me
686 1556 806 1584 quoque,
832 1553 964 1584 quantum
981 1553 1018 1576 esl

1072 1559 1190 1591 διδόντος
1202 1560 1249 1586 καὶ
1268 1558 1335 1594 ἐμοῦ
1354 1559 1416 1585 ὅσον
1439 1557 1482 1584 ἐπ’
1503 1558 1576 1593 ἐμοί.
1597 1554 1664 1583 Εἶτα
1680 1557 1720 1587 εἰς
1731 1556 1864 1591 οὐρανοὺς

228 1597 257 1622 in
281 1604 341 1623 mea
363 1601 506 1631 potestate.
536 1596 639 1623 Deinde
662 1603 724 1623 eum
742 1595 823 1623 simul
847 1603 909 1622 cum
936 1595 1022 1622 oculis

228 1649 327 1669 manus
347 1642 374 1668 in
395 1643 478 1670 caelos
493 1643 660 1674 sustulisset,
678 1647 706 1669 et
726 1641 811 1668 Deum
831 1646 948 1672 orasset,
967 1641 1023 1676 spi-

230 1689 286 1716 ritu
305 1689 370 1715 binc
393 1689 509 1719 recedit.
525 1692 552 1715 et
570 1688 667 1715 transit
686 1688 720 1714 ad
739 1688 890 1720 Christum,
907 1687 940 1714 ad
956 1687 1023 1714 choo

231 1740 278 1760 ros
292 1734 450 1768 angelorum
476 1733 665 1766 transmissus,
688 1733 733 1768 qui
760 1740 854 1759 revera
872 1733 975 1760 vixerat
993 1737 1024 1759 ut

231 1780 356 1815 angelus.
380 1779 500 1814 Populus
521 1784 624 1812 autem,
641 1779 686 1814 qui
709 1779 848 1806 habitabat
870 1778 1021 1810 civitatem,

206 1834 209 1838 ·
231 1830 414 1860 congregatus
434 1825 467 1852 ad
485 1832 592 1852 sacrum
613 1825 678 1852 illud
695 1825 746 1851 viri
769 1832 885 1859 corpus,
906 1831 969 1851 cum
984 1823 1022 1850 illi

232 1879 310 1899 sacra
333 1871 479 1898 cecinisset
503 1871 621 1902 cantica,
648 1875 675 1898 et
694 1875 823 1905 tanquam
850 1877 1022 1897 communem

233 1919 351 1953 aliquem
367 1918 526 1946 thesaurum
545 1917 710 1949 sustulisset,
725 1916 853 1951 deposuit
871 1916 897 1942 in
918 1915 1020 1950 lapide,

232 1965 363 1993 vicesimo
393 1965 515 1992 secundo
541 1964 643 1991 mensis
669 1963 806 1991 Octobris.
833 1962 936 1990 Deinde
960 1969 1021 1989 cum

234 2018 310 2042 eum,
333 2010 380 2045 qui
397 2011 431 2038 ab
452 2011 512 2045 ipso
531 2014 675 2045 acceperat
694 2010 894 2044 episcopatum,
921 2008 947 2034 in
963 2007 1023 2042 ejus

233 2057 363 2084 thronum
386 2057 575 2088 deduxissent,
599 2055 783 2083 communiter
812 2053 1024 2089 magniﬁcarunt

233 2103 328 2135 Deum,
344 2102 390 2138 qui
409 2107 450 2130 est
466 2110 550 2137 super
569 2102 698 2129 thronum
719 2101 812 2137 gloriae
827 2100 902 2136 regni
919 2108 927 2126 :
941 2106 1023 2134 quem

232 2149 311 2177 decet
339 2150 428 2177 omnis
453 2150 552 2182 honor,
583 2148 666 2184 gloria
692 2152 720 2175 et
743 2148 877 2180 adoratio,
903 2154 978 2174 nunc
996 2149 1025 2173 et

232 2201 350 2230 semper,
363 2199 390 2222 et
404 2195 432 2222 in
448 2195 546 2222 saecula
561 2194 734 2222 saeculorum.
749 2193 846 2221 Amen.

1075 1607 1124 1632 σὺν
1139 1606 1193 1637 τοῖς
1205 1605 1311 1640 ὄμμασι
1327 1605 1374 1631 καὶ
1389 1606 1483 1640 χεῖρας
1497 1602 1635 1638 ἀνασχὼν,
1651 1603 1697 1629 καὶ
1712 1599 1865 1637 προσευξᾶ-

1075 1660 1155 1686 μενος
1171 1651 1209 1686 τῷ
1226 1651 1296 1687 Θεῷ,
1315 1651 1427 1685 ἀπαίρει
1454 1659 1485 1676 τε
1512 1649 1566 1676 τῶν
1587 1648 1706 1676 ἐνταῦθα
1725 1647 1764 1683 τῷ
1782 1648 1865 1674 πνεύ-

1076 1706 1152 1734 ματι,
1181 1698 1229 1723 καὶ
1244 1698 1313 1732 πρὸς
1328 1695 1447 1730 Χριστὸν
1466 1695 1609 1728 διαϐαίνει,
1632 1695 1722 1730 χοροῖς
1739 1694 1865 1728 ἀγγέλων

1074 1745 1088 1771 ὀ
1107 1744 1168 1770 κατ’
1183 1743 1298 1778 ἄγγελον
1324 1743 1432 1778 ἀληθῶς
1459 1743 1562 1778 βιώσας
1598 1741 1865 1777 παραπεμπόμενος.

1075 1790 1111 1817 Τὸ
1126 1790 1218 1824 μέντοι
1237 1790 1286 1826 τὴν
1311 1790 1388 1816 πόλιν
1404 1789 1496 1816 οἰκοῦν
1515 1789 1616 1823 πλῆθος
1634 1788 1710 1823 παρὰ
1727 1787 1758 1813 τὸ
1793 1787 1866 1820 ἱερὸν

1075 1838 1163 1864 ἐκεῖνο
1181 1836 1227 1862 τοῦ
1243 1836 1339 1870 ἀνδρὸς
1372 1835 1452 1872 σῶμα
1474 1834 1727 1869 συναθροισθέντες.
1751 1832 1811 1868 ἱερά
1836 1840 1866 1858 τε

1075 1883 1149 1918 αὐτῷ
1179 1883 1328 1917 ὲπᾴσαντες
1345 1882 1467 1918 ᾄσματα,
1483 1882 1529 1908 καὶ
1561 1880 1696 1916 λαμπρῶς
1709 1880 1866 1915 ἀνελόμενοι

1075 1929 1171 1964 ὥσπερ
1192 1929 1252 1955 τινὰ
1268 1929 1358 1955 κοινὸν
1374 1927 1509 1962 θησαυρὸν
1523 1927 1552 1953 ἐν
1567 1926 1605 1960 τῷ
1622 1926 1690 1960 λίθῳ
1705 1925 1863 1957 κατέθεντο,

1075 1974 1205 2010 δευτέραν
1219 1973 1266 2000 τοῦ
1288 1972 1455 2007 Ὀκτωϐρίου
1471 1972 1539 2008 πρδς
1553 1973 1615 2003 ταῖς
1625 1972 1729 1998 εἴκοσιν
1740 1972 1865 2004 ἄγοντος·

1075 2019 1135 2047 εἶτα
1154 2021 1199 2046 τὸν
1218 2020 1263 2046 ὑπ’
1280 2020 1364 2047 αὑτοῦ
1388 2018 1535 2053 δεξάμενον
1555 2018 1606 2053 τὴν
1637 2017 1802 2053 ἐπισκοπὴν,
1821 2017 1868 2043 ἐπὶ

1073 2066 1120 2092 τὸν
1136 2065 1220 2092 αὑτοῦ
1238 2064 1333 2100 θρόνον
1350 2063 1546 2097 ἀναγαγόντες,
1559 2064 1635 2099 κοινῇ
1651 2062 1698 2090 τὸν
1710 2063 1756 2089 ἐπὶ
1769 2063 1865 2098 θρόνου

1074 2111 1153 2146 δόξης
1179 2111 1229 2144 τῆς
1257 2110 1395 2145 βασιλείας
1411 2110 1478 2136 Θεὸν
1509 2108 1691 2145 ἐμεγάλυνον,
1718 2105 1739 2142 ᾧ
1761 2110 1865 2144 πρέπει

1075 2158 1152 2184 πᾶσα
1173 2157 1247 2190 δόξα,
1259 2156 1327 2191 τιμὴ
1342 2157 1389 2183 καὶ
1405 2156 1593 2192 προσκύνησις
1625 2155 1673 2182 νῦν
1688 2155 1736 2182 καὶ
1754 2154 1798 2181 ἀεὶ
1818 2154 1867 2180 καὶ

1075 2203 1115 2234 είς
1129 2202 1192 2234 τοὺς
1207 2202 1306 2234 αίῶνας
1321 2202 1375 2228 τῶν
1390 2201 1505 2229 αἰώνων.
1525 2202 1620 2238 ’Δμήν.
