  <div class='ocr_page' id='page_1' title='image "/cluster/home/n/w/nwhite01/storage/ocr_20150623/115/njp.32101077772976/675.png"; bbox 0 0 2047 3150; ppageno 0'>
   <div class='ocr_carea' id='block_1_1' title="bbox 257 171 323 203">
    <p class='ocr_par' dir='ltr' id='par_1_1' title="bbox 257 171 323 203">
     <span class='ocr_line' id='line_1_1' title="bbox 257 171 323 203; baseline 0 0"><span class='ocrx_word' id='word_1_1' title='bbox 257 171 323 203; x_wconf 75' lang='grc'><strong>1255</strong></span> 
     </span>
    </p>
   </div>
   <div class='ocr_carea' id='block_1_2' title="bbox 900 168 1236 201">
    <p class='ocr_par' dir='ltr' id='par_1_2' title="bbox 900 168 1236 201">
     <span class='ocr_line' id='line_1_2' title="bbox 900 168 1236 201; baseline 0.003 -1"><span class='ocrx_word' id='word_1_2' title='bbox 900 169 1039 200; x_wconf 79' lang='lat' dir='ltr'><strong>MENSIS</strong></span> <span class='ocrx_word' id='word_1_3' title='bbox 1057 168 1236 201; x_wconf 83' lang='lat' dir='ltr'><strong>OCTUBER.</strong></span> 
     </span>
    </p>
   </div>
   <div class='ocr_carea' id='block_1_3' title="bbox 1811 174 1879 207">
    <p class='ocr_par' dir='ltr' id='par_1_3' title="bbox 1811 174 1879 207">
     <span class='ocr_line' id='line_1_3' title="bbox 1811 174 1879 207; baseline 0.015 -1"><span class='ocrx_word' id='word_1_4' title='bbox 1811 174 1879 207; x_wconf 37' lang='lat'><strong>121,6</strong></span> 
     </span>
    </p>
   </div>
   <div class='ocr_carea' id='block_1_4' title="bbox 251 223 1042 265">
    <p class='ocr_par' dir='ltr' id='par_1_4' title="bbox 251 223 1040 260">
     <span class='ocr_line' id='line_1_4' title="bbox 251 223 1040 260; baseline -0.005 -7"><span class='ocrx_word' id='word_1_5' title='bbox 251 230 305 257; x_wconf 79' lang='lat' dir='ltr'><strong>set,</strong></span> <span class='ocrx_word' id='word_1_6' title='bbox 321 229 349 252; x_wconf 89' lang='lat' dir='ltr'><strong>et</strong></span> <span class='ocrx_word' id='word_1_7' title='bbox 364 229 534 260; x_wconf 87' lang='lat' dir='ltr'><strong>postremum</strong></span> <span class='ocrx_word' id='word_1_8' title='bbox 557 224 679 260; x_wconf 84' lang='lat' dir='ltr'><strong>jurasset</strong></span> <span class='ocrx_word' id='word_1_9' title='bbox 698 223 901 259; x_wconf 82' lang='lat' dir='ltr'><strong>jusjurandum,</strong></span> <span class='ocrx_word' id='word_1_10' title='bbox 926 231 1040 258; x_wconf 83' lang='lat' dir='ltr'><strong>persua-</strong></span> 
     </span>
    </p>
   </div>
   <div class='ocr_carea' id='block_1_5' title="bbox 1093 223 1877 265">
    <p class='ocr_par' dir='ltr' id='par_1_5' title="bbox 1093 224 1877 265">
     <span class='ocr_line' id='line_1_5' title="bbox 1093 224 1877 265; baseline 0.009 -16"><span class='ocrx_word' id='word_1_11' title='bbox 1093 224 1140 249; x_wconf 83' lang='grc' dir='ltr'>καὶ</span> <span class='ocrx_word' id='word_1_12' title='bbox 1156 224 1329 255; x_wconf 72' lang='grc' dir='ltr'>τελευταίους</span> <span class='ocrx_word' id='word_1_13' title='bbox 1347 224 1595 261; x_wconf 74' lang='grc' dir='ltr'>ὐποσχὼνδρκους,</span> <span class='ocrx_word' id='word_1_14' title='bbox 1615 227 1704 254; x_wconf 76' lang='grc' dir='ltr'>πείθει</span> <span class='ocrx_word' id='word_1_15' title='bbox 1719 229 1784 260; x_wconf 86' lang='grc' dir='ltr'>τοὺς</span> <span class='ocrx_word' id='word_1_16' title='bbox 1797 229 1827 255; x_wconf 79' lang='grc' dir='ltr'>ἒν</span> <span class='ocrx_word' id='word_1_17' title='bbox 1843 232 1877 265; x_wconf 81' lang='grc' dir='ltr'><strong>τῇ</strong></span> 
     </span>
    </p>
   </div>
   <div class='ocr_carea' id='block_1_6' title="bbox 252 268 1039 301">
    <p class='ocr_par' dir='ltr' id='par_1_6' title="bbox 252 268 1039 301">
     <span class='ocr_line' id='line_1_6' title="bbox 252 268 1039 301; baseline -0.003 -5"><span class='ocrx_word' id='word_1_18' title='bbox 252 269 300 296; x_wconf 80' lang='lat' dir='ltr'><strong>det</strong></span> <span class='ocrx_word' id='word_1_19' title='bbox 314 269 419 300; x_wconf 82' lang='lat' dir='ltr'><strong>iis.qui</strong></span> <span class='ocrx_word' id='word_1_20' title='bbox 441 273 506 296; x_wconf 90' lang='lat' dir='ltr'><strong>sunt</strong></span> <span class='ocrx_word' id='word_1_21' title='bbox 526 269 555 296; x_wconf 91' lang='lat' dir='ltr'><strong>in</strong></span> <span class='ocrx_word' id='word_1_22' title='bbox 581 269 700 301; x_wconf 85' lang='lat' dir='ltr'><strong>civitate,</strong></span> <span class='ocrx_word' id='word_1_23' title='bbox 719 276 779 295; x_wconf 89' lang='lat' dir='ltr'><strong>cum</strong></span> <span class='ocrx_word' id='word_1_24' title='bbox 802 269 858 296; x_wconf 90' lang='lat' dir='ltr'><strong>Deo</strong></span> <span class='ocrx_word' id='word_1_25' title='bbox 883 268 1039 295; x_wconf 87' lang='lat' dir='ltr'><strong>universum</strong></span> 
     </span>
    </p>
   </div>
   <div class='ocr_carea' id='block_1_7' title="bbox 255 314 1040 349">
    <p class='ocr_par' dir='ltr' id='par_1_7' title="bbox 255 314 1040 349">
     <span class='ocr_line' id='line_1_7' title="bbox 255 314 1040 349; baseline -0.001 -8"><span class='ocrx_word' id='word_1_26' title='bbox 255 314 458 349; x_wconf 86' lang='lat' dir='ltr'><strong>permisissent,</strong></span> <span class='ocrx_word' id='word_1_27' title='bbox 473 315 520 349; x_wconf 88' lang='lat' dir='ltr'><strong>qui</strong></span> <span class='ocrx_word' id='word_1_28' title='bbox 538 319 579 342; x_wconf 90' lang='lat' dir='ltr'><strong>est</strong></span> <span class='ocrx_word' id='word_1_29' title='bbox 595 315 673 342; x_wconf 84' lang='lat' dir='ltr'><strong>testis</strong></span> <span class='ocrx_word' id='word_1_30' title='bbox 687 315 861 346; x_wconf 86' lang='lat' dir='ltr'><strong>sacramenti,</strong></span> <span class='ocrx_word' id='word_1_31' title='bbox 885 320 911 341; x_wconf 90' lang='lat' dir='ltr'><strong>ct</strong></span> <span class='ocrx_word' id='word_1_32' title='bbox 929 314 980 341; x_wconf 89' lang='lat' dir='ltr'><strong>hoc</strong></span> <span class='ocrx_word' id='word_1_33' title='bbox 996 322 1040 341; x_wconf 92' lang='lat' dir='ltr'><strong>so-</strong></span> 
     </span>
    </p>
   </div>
   <div class='ocr_carea' id='block_1_8' title="bbox 252 359 1040 395">
    <p class='ocr_par' dir='ltr' id='par_1_8' title="bbox 252 359 1040 395">
     <span class='ocr_line' id='line_1_8' title="bbox 252 359 1040 395; baseline 0 -9"><span class='ocrx_word' id='word_1_34' title='bbox 252 359 308 387; x_wconf 91' lang='lat' dir='ltr'><strong>lum</strong></span> <span class='ocrx_word' id='word_1_35' title='bbox 337 360 477 392; x_wconf 84' lang='lat' dir='ltr'><strong>dixissent,</strong></span> <span class='ocrx_word' id='word_1_36' title='bbox 492 360 600 395; x_wconf 77' lang='lat' dir='ltr'><strong>regibus</strong></span> <span class='ocrx_word' id='word_1_37' title='bbox 617 367 666 387; x_wconf 89' lang='lat' dir='ltr'><strong>nos</strong></span> <span class='ocrx_word' id='word_1_38' title='bbox 684 360 780 387; x_wconf 83' lang='lat' dir='ltr'><strong>cedere</strong></span> <span class='ocrx_word' id='word_1_39' title='bbox 794 360 947 387; x_wconf 83' lang='lat' dir='ltr'><strong>didicimus.</strong></span> <span class='ocrx_word' id='word_1_40' title='bbox 963 359 1040 392; x_wconf 86' lang='lat' dir='ltr'><strong>Quod</strong></span> 
     </span>
    </p>
   </div>
   <div class='ocr_carea' id='block_1_9' title="bbox 254 405 1041 439">
    <p class='ocr_par' dir='ltr' id='par_1_9' title="bbox 254 405 1041 439">
     <span class='ocr_line' id='line_1_9' title="bbox 254 405 1041 439; baseline -0.001 -8"><span class='ocrx_word' id='word_1_41' title='bbox 254 405 277 431; x_wconf 75' lang='lat' dir='ltr'><strong>si</strong></span> <span class='ocrx_word' id='word_1_42' title='bbox 295 412 322 431; x_wconf 90' lang='lat' dir='ltr'><strong>tu</strong></span> <span class='ocrx_word' id='word_1_43' title='bbox 350 413 430 433; x_wconf 82' lang='lat' dir='ltr'><strong>secus</strong></span> <span class='ocrx_word' id='word_1_44' title='bbox 450 406 579 432; x_wconf 85' lang='lat' dir='ltr'><strong>statueris</strong></span> <span class='ocrx_word' id='word_1_45' title='bbox 605 406 704 438; x_wconf 81' lang='lat' dir='ltr'><strong>facere,</strong></span> <span class='ocrx_word' id='word_1_46' title='bbox 729 413 808 439; x_wconf 85' lang='lat' dir='ltr'><strong>quam</strong></span> <span class='ocrx_word' id='word_1_47' title='bbox 834 405 915 432; x_wconf 89' lang='lat' dir='ltr'><strong>nobis</strong></span> <span class='ocrx_word' id='word_1_48' title='bbox 939 405 1041 436; x_wconf 78' lang='lat' dir='ltr'><strong>dixisti,</strong></span> 
     </span>
    </p>
   </div>
   <div class='ocr_carea' id='block_1_10' title="bbox 256 449 1042 485">
    <p class='ocr_par' dir='ltr' id='par_1_10' title="bbox 256 449 1042 485">
     <span class='ocr_line' id='line_1_10' title="bbox 256 449 1042 485; baseline 0 -9"><span class='ocrx_word' id='word_1_49' title='bbox 256 449 340 482; x_wconf 85' lang='lat' dir='ltr'><strong>Deus,</strong></span> <span class='ocrx_word' id='word_1_50' title='bbox 366 451 411 484; x_wconf 89' lang='lat' dir='ltr'><strong>qui</strong></span> <span class='ocrx_word' id='word_1_51' title='bbox 438 455 480 477; x_wconf 89' lang='lat' dir='ltr'><strong>est</strong></span> <span class='ocrx_word' id='word_1_52' title='bbox 503 455 642 485; x_wconf 83' lang='lat' dir='ltr'><strong>spectator</strong></span> <span class='ocrx_word' id='word_1_53' title='bbox 664 450 853 484; x_wconf 84' lang='lat' dir='ltr'><strong>jurisjurandi.</strong></span> <span class='ocrx_word' id='word_1_54' title='bbox 879 450 903 476; x_wconf 89' lang='lat' dir='ltr'><strong>id</strong></span> <span class='ocrx_word' id='word_1_55' title='bbox 930 450 1042 476; x_wconf 88' lang='lat' dir='ltr'><strong>omnino</strong></span> 
     </span>
    </p>
   </div>
   <div class='ocr_carea' id='block_1_11' title="bbox 254 495 1042 530">
    <p class='ocr_par' dir='ltr' id='par_1_11' title="bbox 254 495 1042 530">
     <span class='ocr_line' id='line_1_11' title="bbox 254 495 1042 530; baseline 0.001 -9"><span class='ocrx_word' id='word_1_56' title='bbox 254 495 411 528; x_wconf 89' lang='lat' dir='ltr'><strong>ulciscetur,</strong></span> <span class='ocrx_word' id='word_1_57' title='bbox 440 503 529 530; x_wconf 90' lang='lat' dir='ltr'><strong>neque</strong></span> <span class='ocrx_word' id='word_1_58' title='bbox 557 496 602 523; x_wconf 91' lang='lat' dir='ltr'><strong>diu</strong></span> <span class='ocrx_word' id='word_1_59' title='bbox 639 496 748 523; x_wconf 79' lang='lat' dir='ltr'><strong>dlﬂeret</strong></span> <span class='ocrx_word' id='word_1_60' title='bbox 774 496 932 522; x_wconf 74' lang='lat' dir='ltr'><strong>vindictam.</strong></span> <span class='ocrx_word' id='word_1_61' title='bbox 959 495 1042 522; x_wconf 79' lang='lat' dir='ltr'><strong>Nrbis</strong></span> 
     </span>
    </p>
   </div>
   <div class='ocr_carea' id='block_1_12' title="bbox 253 540 1042 572">
    <p class='ocr_par' dir='ltr' id='par_1_12' title="bbox 253 540 1042 572">
     <span class='ocr_line' id='line_1_12' title="bbox 253 540 1042 572; baseline -0.003 -4"><span class='ocrx_word' id='word_1_62' title='bbox 253 541 339 572; x_wconf 90' lang='lat' dir='ltr'><strong>enim,</strong></span> <span class='ocrx_word' id='word_1_63' title='bbox 360 541 498 572; x_wconf 87' lang='lat' dir='ltr'><strong>dicebant,</strong></span> <span class='ocrx_word' id='word_1_64' title='bbox 517 540 652 568; x_wconf 87' lang='lat' dir='ltr'><strong>oChriste</strong></span> <span class='ocrx_word' id='word_1_65' title='bbox 675 541 810 572; x_wconf 81' lang='lat' dir='ltr'><strong>Salvator,</strong></span> <span class='ocrx_word' id='word_1_66' title='bbox 828 545 854 566; x_wconf 90' lang='lat' dir='ltr'><strong>et</strong></span> <span class='ocrx_word' id='word_1_67' title='bbox 865 540 913 567; x_wconf 85' lang='lat' dir='ltr'><strong>Fili</strong></span> <span class='ocrx_word' id='word_1_68' title='bbox 935 540 992 571; x_wconf 77' lang='lat' dir='ltr'><strong>Dei,</strong></span> <span class='ocrx_word' id='word_1_69' title='bbox 1015 544 1042 566; x_wconf 85' lang='lat' dir='ltr'><strong>et</strong></span> 
     </span>
    </p>
   </div>
   <div class='ocr_carea' id='block_1_13' title="bbox 255 586 1042 622">
    <p class='ocr_par' dir='ltr' id='par_1_13' title="bbox 255 586 1042 622">
     <span class='ocr_line' id='line_1_13' title="bbox 255 586 1042 622; baseline -0.001 -9"><span class='ocrx_word' id='word_1_70' title='bbox 255 587 340 618; x_wconf 81' lang='lat' dir='ltr'><strong>Deus,</strong></span> <span class='ocrx_word' id='word_1_71' title='bbox 371 594 421 622; x_wconf 88' lang='lat' dir='ltr'><strong>pro</strong></span> <span class='ocrx_word' id='word_1_72' title='bbox 448 591 474 614; x_wconf 91' lang='lat' dir='ltr'><strong>te</strong></span> <span class='ocrx_word' id='word_1_73' title='bbox 496 587 537 614; x_wconf 83' lang='lat' dir='ltr'><strong>vel</strong></span> <span class='ocrx_word' id='word_1_74' title='bbox 568 587 695 614; x_wconf 85' lang='lat' dir='ltr'><strong>omnibus</strong></span> <span class='ocrx_word' id='word_1_75' title='bbox 721 586 823 620; x_wconf 85' lang='lat' dir='ltr'><strong>privari</strong></span> <span class='ocrx_word' id='word_1_76' title='bbox 858 586 1042 617; x_wconf 83' lang='lat' dir='ltr'><strong>lacullalibus,</strong></span> 
     </span>
    </p>
   </div>
   <div class='ocr_carea' id='block_1_14' title="bbox 253 631 1043 667">
    <p class='ocr_par' dir='ltr' id='par_1_14' title="bbox 253 631 1043 667">
     <span class='ocr_line' id='line_1_14' title="bbox 253 631 1043 667; baseline -0.001 -8"><span class='ocrx_word' id='word_1_77' title='bbox 253 637 335 667; x_wconf 90' lang='lat' dir='ltr'><strong>atque</strong></span> <span class='ocrx_word' id='word_1_78' title='bbox 352 633 421 660; x_wconf 87' lang='lat' dir='ltr'><strong>adeo</strong></span> <span class='ocrx_word' id='word_1_79' title='bbox 441 632 498 666; x_wconf 87' lang='lat' dir='ltr'><strong>ipsa</strong></span> <span class='ocrx_word' id='word_1_80' title='bbox 513 634 577 664; x_wconf 86' lang='lat' dir='ltr'><strong>vita,</strong></span> <span class='ocrx_word' id='word_1_81' title='bbox 592 640 646 659; x_wconf 91' lang='lat' dir='ltr'><strong>non</strong></span> <span class='ocrx_word' id='word_1_82' title='bbox 682 632 741 659; x_wconf 78' lang='lat' dir='ltr'><strong>leve</strong></span> <span class='ocrx_word' id='word_1_83' title='bbox 764 636 806 659; x_wconf 88' lang='lat' dir='ltr'><strong>est</strong></span> <span class='ocrx_word' id='word_1_84' title='bbox 831 631 947 658; x_wconf 89' lang='lat' dir='ltr'><strong>lucrum.</strong></span> <span class='ocrx_word' id='word_1_85' title='bbox 963 631 1043 658; x_wconf 79' lang='lat' dir='ltr'><strong>Absit</strong></span> 
     </span>
    </p>
   </div>
   <div class='ocr_carea' id='block_1_15' title="bbox 253 678 1040 712">
    <p class='ocr_par' dir='ltr' id='par_1_15' title="bbox 253 678 1040 712">
     <span class='ocr_line' id='line_1_15' title="bbox 253 678 1040 712; baseline -0.001 -7"><span class='ocrx_word' id='word_1_86' title='bbox 253 684 354 709; x_wconf 82' lang='lat' dir='ltr'><strong>autem,</strong></span> <span class='ocrx_word' id='word_1_87' title='bbox 374 683 404 704; x_wconf 86' lang='lat' dir='ltr'><strong>ut</strong></span> <span class='ocrx_word' id='word_1_88' title='bbox 418 683 493 704; x_wconf 93' lang='lat' dir='ltr'><strong>tuum</strong></span> <span class='ocrx_word' id='word_1_89' title='bbox 510 685 609 704; x_wconf 88' lang='lat' dir='ltr'><strong>nomen</strong></span> <span class='ocrx_word' id='word_1_90' title='bbox 623 685 764 712; x_wconf 77' lang='lat' dir='ltr'><strong>negemus,</strong></span> <span class='ocrx_word' id='word_1_91' title='bbox 784 682 814 704; x_wconf 94' lang='lat' dir='ltr'><strong>ut</strong></span> <span class='ocrx_word' id='word_1_92' title='bbox 831 682 872 704; x_wconf 88' lang='lat' dir='ltr'><strong>est</strong></span> <span class='ocrx_word' id='word_1_93' title='bbox 897 678 1040 712; x_wconf 88' lang='lat' dir='ltr'><strong>impiorum</strong></span> 
     </span>
    </p>
   </div>
   <div class='ocr_carea' id='block_1_16' title="bbox 253 722 1040 756">
    <p class='ocr_par' dir='ltr' id='par_1_16' title="bbox 253 722 1040 756">
     <span class='ocr_line' id='line_1_16' title="bbox 253 722 1040 756; baseline -0.001 -7"><span class='ocrx_word' id='word_1_94' title='bbox 253 722 409 750; x_wconf 86' lang='lat' dir='ltr'><strong>institutum</strong></span> <span class='ocrx_word' id='word_1_95' title='bbox 429 723 435 749; x_wconf 82' lang='lat' dir='ltr'><strong>l</strong></span> <span class='ocrx_word' id='word_1_96' title='bbox 455 729 506 749; x_wconf 90' lang='lat' dir='ltr'><strong>nec</strong></span> <span class='ocrx_word' id='word_1_97' title='bbox 522 723 544 750; x_wconf 90' lang='lat' dir='ltr'><strong>si</strong></span> <span class='ocrx_word' id='word_1_98' title='bbox 558 722 609 749; x_wconf 87' lang='lat' dir='ltr'><strong>tale</strong></span> <span class='ocrx_word' id='word_1_99' title='bbox 629 723 692 756; x_wconf 86' lang='lat' dir='ltr'><strong>quid</strong></span> <span class='ocrx_word' id='word_1_100' title='bbox 705 723 861 755; x_wconf 77' lang='lat' dir='ltr'><strong>fecerimus,</strong></span> <span class='ocrx_word' id='word_1_101' title='bbox 881 730 941 755; x_wconf 90' lang='lat' dir='ltr'><strong>nos,</strong></span> <span class='ocrx_word' id='word_1_102' title='bbox 960 730 975 749; x_wconf 89' lang='grc' dir='ltr'><strong>ο</strong></span> <span class='ocrx_word' id='word_1_103' title='bbox 990 723 1040 754; x_wconf 85' lang='lat' dir='ltr'><strong>sol,</strong></span> 
     </span>
    </p>
   </div>
   <div class='ocr_carea' id='block_1_17' title="bbox 253 765 1039 802">
    <p class='ocr_par' dir='ltr' id='par_1_17' title="bbox 253 765 1039 802">
     <span class='ocr_line' id='line_1_17' title="bbox 253 765 1039 802; baseline 0.001 -8"><span class='ocrx_word' id='word_1_104' title='bbox 253 768 379 802; x_wconf 86' lang='lat' dir='ltr'><strong>aspicias.</strong></span> <span class='ocrx_word' id='word_1_105' title='bbox 396 767 462 800; x_wconf 68' lang='lat' dir='ltr'><strong>Quae</strong></span> <span class='ocrx_word' id='word_1_106' title='bbox 481 768 563 794; x_wconf 86' lang='lat' dir='ltr'><strong>simul</strong></span> <span class='ocrx_word' id='word_1_107' title='bbox 587 772 668 802; x_wconf 88' lang='lat' dir='ltr'><strong>atque</strong></span> <span class='ocrx_word' id='word_1_108' title='bbox 693 765 837 797; x_wconf 70' lang='lat' dir='ltr'><strong>dixissent,</strong></span> <span class='ocrx_word' id='word_1_109' title='bbox 861 773 932 795; x_wconf 89' lang='lat' dir='ltr'><strong>totas</strong></span> <span class='ocrx_word' id='word_1_110' title='bbox 948 773 1039 802; x_wconf 79' lang='lat' dir='ltr'><strong>partas</strong></span> 
     </span>
    </p>
   </div>
   <div class='ocr_carea' id='block_1_18' title="bbox 252 812 1039 848">
    <p class='ocr_par' dir='ltr' id='par_1_18' title="bbox 252 812 1039 848">
     <span class='ocr_line' id='line_1_18' title="bbox 252 812 1039 848; baseline 0.003 -10"><span class='ocrx_word' id='word_1_111' title='bbox 252 813 380 846; x_wconf 86' lang='lat' dir='ltr'><strong>aperiunt</strong></span> <span class='ocrx_word' id='word_1_112' title='bbox 394 817 422 839; x_wconf 90' lang='lat' dir='ltr'><strong>et</strong></span> <span class='ocrx_word' id='word_1_113' title='bbox 436 812 506 839; x_wconf 89' lang='lat' dir='ltr'><strong>intra</strong></span> <span class='ocrx_word' id='word_1_114' title='bbox 523 813 608 846; x_wconf 80' lang='lat' dir='ltr'><strong>ipsam</strong></span> <span class='ocrx_word' id='word_1_115' title='bbox 630 814 781 844; x_wconf 83' lang='lat' dir='ltr'><strong>civitatem,</strong></span> <span class='ocrx_word' id='word_1_116' title='bbox 798 819 926 848; x_wconf 85' lang='lat' dir='ltr'><strong>tanquam</strong></span> <span class='ocrx_word' id='word_1_117' title='bbox 947 814 1039 848; x_wconf 88' lang='lat' dir='ltr'><strong>lupum</strong></span> 
     </span>
    </p>
   </div>
   <div class='ocr_carea' id='block_1_19' title="bbox 253 856 1037 890">
    <p class='ocr_par' dir='ltr' id='par_1_19' title="bbox 253 856 1037 890">
     <span class='ocr_line' id='line_1_19' title="bbox 253 856 1037 890; baseline 0.003 -8"><span class='ocrx_word' id='word_1_118' title='bbox 253 856 281 882; x_wconf 91' lang='lat' dir='ltr'><strong>in</strong></span> <span class='ocrx_word' id='word_1_119' title='bbox 299 856 450 888; x_wconf 82' lang='lat' dir='ltr'><strong>stabulum,</strong></span> <span class='ocrx_word' id='word_1_120' title='bbox 469 856 570 883; x_wconf 88' lang='lat' dir='ltr'><strong>malum</strong></span> <span class='ocrx_word' id='word_1_121' title='bbox 585 864 675 890; x_wconf 75' lang='lat' dir='ltr'><strong>regem</strong></span> <span class='ocrx_word' id='word_1_122' title='bbox 701 857 856 884; x_wconf 80' lang='lat' dir='ltr'><strong>admittunt.</strong></span> <span class='ocrx_word' id='word_1_123' title='bbox 885 857 928 884; x_wconf 89' lang='lat' dir='ltr'><strong>Ille</strong></span> <span class='ocrx_word' id='word_1_124' title='bbox 947 864 1037 884; x_wconf 83' lang='lat' dir='ltr'><strong>aute.u</strong></span> 
     </span>
    </p>
   </div>
   <div class='ocr_carea' id='block_1_20' title="bbox 254 890 1078 935">
    <p class='ocr_par' dir='ltr' id='par_1_20' title="bbox 254 890 1078 935">
     <span class='ocr_line' id='line_1_20' title="bbox 254 890 1078 935; baseline 0.001 -7"><span class='ocrx_word' id='word_1_125' title='bbox 254 909 317 928; x_wconf 88' lang='lat' dir='ltr'><strong>cum</strong></span> <span class='ocrx_word' id='word_1_126' title='bbox 334 906 362 927; x_wconf 90' lang='lat' dir='ltr'><strong>et</strong></span> <span class='ocrx_word' id='word_1_127' title='bbox 376 901 500 935; x_wconf 72' lang='lat' dir='ltr'><strong>ﬁguram,</strong></span> <span class='ocrx_word' id='word_1_128' title='bbox 527 906 555 928; x_wconf 89' lang='lat' dir='ltr'><strong>et</strong></span> <span class='ocrx_word' id='word_1_129' title='bbox 580 901 674 933; x_wconf 88' lang='lat' dir='ltr'><strong>silum,</strong></span> <span class='ocrx_word' id='word_1_130' title='bbox 701 907 729 928; x_wconf 90' lang='lat' dir='ltr'><strong>et</strong></span> <span class='ocrx_word' id='word_1_131' title='bbox 752 902 823 928; x_wconf 80' lang='lat' dir='ltr'><strong>illam</strong></span> <span class='ocrx_word' id='word_1_132' title='bbox 849 902 965 929; x_wconf 80' lang='lat' dir='ltr'><strong>civitatis</strong></span> <span class='ocrx_word' id='word_1_133' title='bbox 982 904 1040 929; x_wconf 84' lang='lat' dir='ltr'><strong>lau-</strong></span> <span class='ocrx_word' id='word_1_134' title='bbox 1058 890 1078 918; x_wconf 68' lang='grc' dir='ltr'><strong>Β</strong></span> 
     </span>
    </p>
   </div>
   <div class='ocr_carea' id='block_1_21' title="bbox 255 947 1041 983">
    <p class='ocr_par' dir='ltr' id='par_1_21' title="bbox 255 947 1041 983">
     <span class='ocr_line' id='line_1_21' title="bbox 255 947 1041 983; baseline 0.001 -8"><span class='ocrx_word' id='word_1_135' title='bbox 255 948 347 975; x_wconf 90' lang='lat' dir='ltr'><strong>dasset</strong></span> <span class='ocrx_word' id='word_1_136' title='bbox 361 947 556 981; x_wconf 80' lang='lat' dir='ltr'><strong>frequentiam,</strong></span> <span class='ocrx_word' id='word_1_137' title='bbox 572 952 600 974; x_wconf 87' lang='lat' dir='ltr'><strong>et</strong></span> <span class='ocrx_word' id='word_1_138' title='bbox 614 948 714 974; x_wconf 81' lang='lat' dir='ltr'><strong>civium</strong></span> <span class='ocrx_word' id='word_1_139' title='bbox 732 956 838 983; x_wconf 84' lang='lat' dir='ltr'><strong>quoque</strong></span> <span class='ocrx_word' id='word_1_140' title='bbox 857 949 1041 983; x_wconf 83' lang='lat' dir='ltr'><strong>splendorem,</strong></span> 
     </span>
    </p>
   </div>
   <div class='ocr_carea' id='block_1_22' title="bbox 256 993 1042 1028">
    <p class='ocr_par' dir='ltr' id='par_1_22' title="bbox 256 993 1042 1028">
     <span class='ocr_line' id='line_1_22' title="bbox 256 993 1042 1028; baseline 0.003 -9"><span class='ocrx_word' id='word_1_141' title='bbox 256 1001 382 1028; x_wconf 74' lang='lat' dir='ltr'><strong>egressus</strong></span> <span class='ocrx_word' id='word_1_142' title='bbox 407 997 459 1025; x_wconf 87' lang='lat' dir='ltr'><strong>est,</strong></span> <span class='ocrx_word' id='word_1_143' title='bbox 482 993 508 1019; x_wconf 91' lang='lat' dir='ltr'><strong>in</strong></span> <span class='ocrx_word' id='word_1_144' title='bbox 545 1000 603 1025; x_wconf 81' lang='lat' dir='ltr'><strong>eos.</strong></span> <span class='ocrx_word' id='word_1_145' title='bbox 629 994 675 1028; x_wconf 92' lang='lat' dir='ltr'><strong>qui</strong></span> <span class='ocrx_word' id='word_1_146' title='bbox 706 994 866 1021; x_wconf 69' lang='lat' dir='ltr'><strong>habitabant</strong></span> <span class='ocrx_word' id='word_1_147' title='bbox 892 995 1042 1026; x_wconf 80' lang='lat' dir='ltr'><strong>civitatem,</strong></span> 
     </span>
    </p>
   </div>
   <div class='ocr_carea' id='block_1_23' title="bbox 256 1040 1041 1076">
    <p class='ocr_par' dir='ltr' id='par_1_23' title="bbox 256 1040 1041 1076">
     <span class='ocr_line' id='line_1_23' title="bbox 256 1040 1041 1076; baseline 0 -11"><span class='ocrx_word' id='word_1_148' title='bbox 256 1040 348 1074; x_wconf 73' lang='lat' dir='ltr'><strong>gravia</strong></span> <span class='ocrx_word' id='word_1_149' title='bbox 365 1047 493 1071; x_wconf 84' lang='lat' dir='ltr'><strong>versans,</strong></span> <span class='ocrx_word' id='word_1_150' title='bbox 514 1044 543 1065; x_wconf 88' lang='lat' dir='ltr'><strong>ut</strong></span> <span class='ocrx_word' id='word_1_151' title='bbox 569 1040 698 1066; x_wconf 88' lang='lat' dir='ltr'><strong>indicavit</strong></span> <span class='ocrx_word' id='word_1_152' title='bbox 717 1041 817 1071; x_wconf 88' lang='lat' dir='ltr'><strong>exitus,</strong></span> <span class='ocrx_word' id='word_1_153' title='bbox 840 1041 1041 1076; x_wconf 80' lang='lat' dir='ltr'><strong>jusjurandum,</strong></span> 
     </span>
    </p>
   </div>
   <div class='ocr_carea' id='block_1_24' title="bbox 255 1086 1044 1120">
    <p class='ocr_par' dir='ltr' id='par_1_24' title="bbox 255 1086 1044 1120">
     <span class='ocr_line' id='line_1_24' title="bbox 255 1086 1044 1120; baseline 0 -8"><span class='ocrx_word' id='word_1_154' title='bbox 255 1090 283 1112; x_wconf 90' lang='lat' dir='ltr'><strong>et</strong></span> <span class='ocrx_word' id='word_1_155' title='bbox 298 1090 376 1119; x_wconf 79' lang='lat' dir='ltr'><strong>pacta</strong></span> <span class='ocrx_word' id='word_1_156' title='bbox 389 1090 536 1114; x_wconf 83' lang='lat' dir='ltr'><strong>conventa.</strong></span> <span class='ocrx_word' id='word_1_157' title='bbox 553 1089 580 1111; x_wconf 88' lang='lat' dir='ltr'><strong>et</strong></span> <span class='ocrx_word' id='word_1_158' title='bbox 600 1092 769 1120; x_wconf 72' lang='lat' dir='ltr'><strong>quaecunque</strong></span> <span class='ocrx_word' id='word_1_159' title='bbox 795 1086 847 1112; x_wconf 86' lang='lat' dir='ltr'><strong>alia</strong></span> <span class='ocrx_word' id='word_1_160' title='bbox 868 1087 908 1112; x_wconf 87' lang='lat' dir='ltr'><strong>eis</strong></span> <span class='ocrx_word' id='word_1_161' title='bbox 928 1087 1044 1120; x_wconf 73' lang='lat' dir='ltr'><strong>praebuit</strong></span> 
     </span>
    </p>
   </div>
   <div class='ocr_carea' id='block_1_25' title="bbox 256 1129 1042 1167">
    <p class='ocr_par' dir='ltr' id='par_1_25' title="bbox 256 1129 1042 1167">
     <span class='ocr_line' id='line_1_25' title="bbox 256 1129 1042 1167; baseline 0.004 -11"><span class='ocrx_word' id='word_1_162' title='bbox 256 1131 288 1157; x_wconf 87' lang='lat' dir='ltr'><strong>ad</strong></span> <span class='ocrx_word' id='word_1_163' title='bbox 309 1130 390 1157; x_wconf 84' lang='lat' dir='ltr'><strong>ﬁdem</strong></span> <span class='ocrx_word' id='word_1_164' title='bbox 409 1129 581 1163; x_wconf 76' lang='lat' dir='ltr'><strong>faciendam,</strong></span> <span class='ocrx_word' id='word_1_165' title='bbox 597 1138 628 1158; x_wconf 91' lang='lat' dir='ltr'><strong>ea</strong></span> <span class='ocrx_word' id='word_1_166' title='bbox 642 1138 702 1158; x_wconf 85' lang='lat' dir='ltr'><strong>esse</strong></span> <span class='ocrx_word' id='word_1_167' title='bbox 727 1132 886 1159; x_wconf 86' lang='lat' dir='ltr'><strong>existimans</strong></span> <span class='ocrx_word' id='word_1_168' title='bbox 910 1132 1042 1167; x_wconf 87' lang='lat' dir='ltr'><strong>puerilem</strong></span> 
     </span>
    </p>
   </div>
   <div class='ocr_carea' id='block_1_26' title="bbox 256 1176 458 1209">
    <p class='ocr_par' dir='ltr' id='par_1_26' title="bbox 256 1176 458 1209">
     <span class='ocr_line' id='line_1_26' title="bbox 256 1176 458 1209; baseline -0.005 -6"><span class='ocrx_word' id='word_1_169' title='bbox 256 1176 444 1209; x_wconf 74' lang='lat' dir='ltr'><strong>dercptionem</strong></span> <span class='ocrx_word' id='word_1_170' title='bbox 451 1195 458 1202; x_wconf 96' lang='lat'><strong>.</strong></span> 
     </span>
    </p>
   </div>
   <div class='ocr_carea' id='block_1_27' title="bbox 293 1220 1041 1256">
    <p class='ocr_par' dir='ltr' id='par_1_27' title="bbox 293 1220 1041 1256">
     <span class='ocr_line' id='line_1_27' title="bbox 293 1220 1041 1256; baseline 0.005 -10"><span class='ocrx_word' id='word_1_171' title='bbox 293 1220 347 1247; x_wconf 81' lang='grc' dir='ltr'><strong>νη.</strong></span> <span class='ocrx_word' id='word_1_172' title='bbox 358 1221 424 1247; x_wconf 81' lang='lat' dir='ltr'><strong>Cum</strong></span> <span class='ocrx_word' id='word_1_173' title='bbox 436 1224 525 1247; x_wconf 90' lang='lat' dir='ltr'><strong>autem</strong></span> <span class='ocrx_word' id='word_1_174' title='bbox 533 1221 587 1255; x_wconf 89' lang='lat' dir='ltr'><strong>jam</strong></span> <span class='ocrx_word' id='word_1_175' title='bbox 601 1229 630 1249; x_wconf 90' lang='lat' dir='ltr'><strong>se</strong></span> <span class='ocrx_word' id='word_1_176' title='bbox 642 1226 749 1256; x_wconf 87' lang='lat' dir='ltr'><strong>pararet</strong></span> <span class='ocrx_word' id='word_1_177' title='bbox 759 1221 791 1248; x_wconf 89' lang='lat' dir='ltr'><strong>ad</strong></span> <span class='ocrx_word' id='word_1_178' title='bbox 803 1229 851 1249; x_wconf 90' lang='lat' dir='ltr'><strong>eos</strong></span> <span class='ocrx_word' id='word_1_179' title='bbox 864 1223 1041 1255; x_wconf 88' lang='lat' dir='ltr'><strong>evertendos,</strong></span> 
     </span>
    </p>
   </div>
   <div class='ocr_carea' id='block_1_28' title="bbox 257 1266 1044 1304">
    <p class='ocr_par' dir='ltr' id='par_1_28' title="bbox 257 1266 1044 1304">
     <span class='ocr_line' id='line_1_28' title="bbox 257 1266 1044 1304; baseline 0.004 -11"><span class='ocrx_word' id='word_1_180' title='bbox 257 1271 336 1294; x_wconf 87' lang='lat' dir='ltr'><strong>vocat</strong></span> <span class='ocrx_word' id='word_1_181' title='bbox 366 1270 442 1293; x_wconf 81' lang='lat' dir='ltr'><strong>extra</strong></span> <span class='ocrx_word' id='word_1_182' title='bbox 472 1266 620 1294; x_wconf 76' lang='lat' dir='ltr'><strong>civitatem.</strong></span> <span class='ocrx_word' id='word_1_183' title='bbox 659 1268 779 1294; x_wconf 84' lang='lat' dir='ltr'><strong>Aderant</strong></span> <span class='ocrx_word' id='word_1_184' title='bbox 804 1275 869 1295; x_wconf 85' lang='lat' dir='ltr'><strong>vero</strong></span> <span class='ocrx_word' id='word_1_185' title='bbox 889 1269 1044 1304; x_wconf 87' lang='lat' dir='ltr'><strong>quicunque</strong></span> 
     </span>
    </p>
   </div>
   <div class='ocr_carea' id='block_1_29' title="bbox 256 1312 1043 1348">
    <p class='ocr_par' dir='ltr' id='par_1_29' title="bbox 256 1312 1043 1348">
     <span class='ocr_line' id='line_1_29' title="bbox 256 1312 1043 1348; baseline 0.001 -9"><span class='ocrx_word' id='word_1_186' title='bbox 256 1316 334 1339; x_wconf 88' lang='lat' dir='ltr'><strong>erant</strong></span> <span class='ocrx_word' id='word_1_187' title='bbox 348 1312 468 1346; x_wconf 76' lang='lat' dir='ltr'><strong>insignes</strong></span> <span class='ocrx_word' id='word_1_188' title='bbox 485 1312 583 1346; x_wconf 86' lang='lat' dir='ltr'><strong>opibus</strong></span> <span class='ocrx_word' id='word_1_189' title='bbox 598 1317 625 1340; x_wconf 89' lang='lat' dir='ltr'><strong>et</strong></span> <span class='ocrx_word' id='word_1_190' title='bbox 639 1313 734 1348; x_wconf 75' lang='lat' dir='ltr'><strong>gloria.</strong></span> <span class='ocrx_word' id='word_1_191' title='bbox 752 1314 811 1340; x_wconf 70' lang='lat' dir='ltr'><strong>Pra:</strong></span> <span class='ocrx_word' id='word_1_192' title='bbox 830 1314 936 1340; x_wconf 68' lang='lat' dir='ltr'><strong>caneris</strong></span> <span class='ocrx_word' id='word_1_193' title='bbox 953 1319 1043 1340; x_wconf 92' lang='lat' dir='ltr'><strong>autem</strong></span> 
     </span>
    </p>
   </div>
   <div class='ocr_carea' id='block_1_30' title="bbox 257 1356 1044 1391">
    <p class='ocr_par' dir='ltr' id='par_1_30' title="bbox 257 1356 1044 1391">
     <span class='ocr_line' id='line_1_30' title="bbox 257 1356 1044 1391; baseline 0.001 -9"><span class='ocrx_word' id='word_1_194' title='bbox 257 1358 290 1387; x_wconf 89' lang='lat' dir='ltr'><strong>is,</strong></span> <span class='ocrx_word' id='word_1_195' title='bbox 301 1356 345 1391; x_wconf 87' lang='lat' dir='ltr'><strong>qui</strong></span> <span class='ocrx_word' id='word_1_196' title='bbox 361 1360 388 1383; x_wconf 87' lang='lat' dir='ltr'><strong>ct</strong></span> <span class='ocrx_word' id='word_1_197' title='bbox 408 1356 521 1388; x_wconf 85' lang='lat' dir='ltr'><strong>canitie,</strong></span> <span class='ocrx_word' id='word_1_198' title='bbox 538 1359 566 1383; x_wconf 87' lang='lat' dir='ltr'><strong>et</strong></span> <span class='ocrx_word' id='word_1_199' title='bbox 581 1357 723 1391; x_wconf 85' lang='lat' dir='ltr'><strong>sapientia,</strong></span> <span class='ocrx_word' id='word_1_200' title='bbox 740 1357 773 1390; x_wconf 76' lang='lat' dir='ltr'><strong>let</strong></span> <span class='ocrx_word' id='word_1_201' title='bbox 787 1364 893 1383; x_wconf 88' lang='lat' dir='ltr'><strong>morum</strong></span> <span class='ocrx_word' id='word_1_202' title='bbox 913 1356 1044 1384; x_wconf 82' lang='lat' dir='ltr'><strong>modestia</strong></span> 
     </span>
    </p>
   </div>
   <div class='ocr_carea' id='block_1_31' title="bbox 257 1402 1043 1436">
    <p class='ocr_par' dir='ltr' id='par_1_31' title="bbox 257 1402 1043 1436">
     <span class='ocr_line' id='line_1_31' title="bbox 257 1402 1043 1436; baseline 0.001 -9"><span class='ocrx_word' id='word_1_203' title='bbox 257 1406 316 1428; x_wconf 80' lang='lat' dir='ltr'><strong>erat</strong></span> <span class='ocrx_word' id='word_1_204' title='bbox 346 1402 600 1436; x_wconf 69' lang='lat' dir='ltr'><strong>praestantissimus,</strong></span> <span class='ocrx_word' id='word_1_205' title='bbox 623 1403 741 1434; x_wconf 88' lang='lat' dir='ltr'><strong>divinus,</strong></span> <span class='ocrx_word' id='word_1_206' title='bbox 762 1402 883 1436; x_wconf 86' lang='lat' dir='ltr'><strong>inquam,</strong></span> <span class='ocrx_word' id='word_1_207' title='bbox 907 1402 1043 1435; x_wconf 59' lang='lat' dir='ltr'><strong>‘Arellias,</strong></span> 
     </span>
    </p>
   </div>
   <div class='ocr_carea' id='block_1_32' title="bbox 258 1447 1042 1482">
    <p class='ocr_par' dir='ltr' id='par_1_32' title="bbox 258 1447 1042 1482">
     <span class='ocr_line' id='line_1_32' title="bbox 258 1447 1042 1482; baseline 0.003 -9"><span class='ocrx_word' id='word_1_208' title='bbox 258 1447 304 1473; x_wconf 86' lang='lat' dir='ltr'><strong>cui</strong></span> <span class='ocrx_word' id='word_1_209' title='bbox 327 1447 378 1481; x_wconf 74' lang='lat' dir='ltr'><strong>ipsi</strong></span> <span class='ocrx_word' id='word_1_210' title='bbox 396 1455 505 1482; x_wconf 89' lang='lat' dir='ltr'><strong>quoque</strong></span> <span class='ocrx_word' id='word_1_211' title='bbox 525 1448 613 1475; x_wconf 78' lang='lat' dir='ltr'><strong>fuerat</strong></span> <span class='ocrx_word' id='word_1_212' title='bbox 638 1448 783 1475; x_wconf 87' lang='lat' dir='ltr'><strong>commissa</strong></span> <span class='ocrx_word' id='word_1_213' title='bbox 807 1450 891 1475; x_wconf 84' lang='lat' dir='ltr'><strong>reetio</strong></span> <span class='ocrx_word' id='word_1_214' title='bbox 914 1448 1042 1476; x_wconf 87' lang='lat' dir='ltr'><strong>civitatis.</strong></span> 
     </span>
    </p>
   </div>
   <div class='ocr_carea' id='block_1_33' title="bbox 258 1492 1044 1528">
    <p class='ocr_par' dir='ltr' id='par_1_33' title="bbox 258 1492 1044 1528">
     <span class='ocr_line' id='line_1_33' title="bbox 258 1492 1044 1528; baseline 0.001 -9"><span class='ocrx_word' id='word_1_215' title='bbox 258 1492 361 1520; x_wconf 91' lang='lat' dir='ltr'><strong>Omnes</strong></span> <span class='ocrx_word' id='word_1_216' title='bbox 378 1493 461 1528; x_wconf 77' lang='lat' dir='ltr'><strong>igitur</strong></span> <span class='ocrx_word' id='word_1_217' title='bbox 485 1493 723 1526; x_wconf 80' lang='lat' dir='ltr'><strong>commendabant,</strong></span> <span class='ocrx_word' id='word_1_218' title='bbox 750 1493 928 1525; x_wconf 78' lang='lat' dir='ltr'><strong>extollebant,</strong></span> <span class='ocrx_word' id='word_1_219' title='bbox 957 1493 1044 1520; x_wconf 80' lang='lat' dir='ltr'><strong>laudi-</strong></span> 
     </span>
    </p>
   </div>
   <div class='ocr_carea' id='block_1_34' title="bbox 255 1538 1044 1573">
    <p class='ocr_par' dir='ltr' id='par_1_34' title="bbox 255 1538 1044 1573">
     <span class='ocr_line' id='line_1_34' title="bbox 255 1538 1044 1573; baseline 0 -8"><span class='ocrx_word' id='word_1_220' title='bbox 255 1539 361 1573; x_wconf 85' lang='lat' dir='ltr'><strong>busque</strong></span> <span class='ocrx_word' id='word_1_221' title='bbox 376 1539 561 1571; x_wconf 86' lang='lat' dir='ltr'><strong>celebrabant,</strong></span> <span class='ocrx_word' id='word_1_222' title='bbox 575 1544 603 1566; x_wconf 86' lang='lat' dir='ltr'><strong>et</strong></span> <span class='ocrx_word' id='word_1_223' title='bbox 616 1547 725 1566; x_wconf 92' lang='lat' dir='ltr'><strong>omnem</strong></span> <span class='ocrx_word' id='word_1_224' title='bbox 741 1539 872 1566; x_wconf 86' lang='lat' dir='ltr'><strong>honorem</strong></span> <span class='ocrx_word' id='word_1_225' title='bbox 890 1538 1044 1565; x_wconf 74' lang='lat' dir='ltr'><strong>tribuebant</strong></span> 
     </span>
    </p>
   </div>
   <div class='ocr_carea' id='block_1_35' title="bbox 257 1584 1039 1620">
    <p class='ocr_par' dir='ltr' id='par_1_35' title="bbox 257 1584 1039 1620">
     <span class='ocr_line' id='line_1_35' title="bbox 257 1584 1039 1620; baseline -0.003 -8"><span class='ocrx_word' id='word_1_226' title='bbox 257 1586 294 1616; x_wconf 86' lang='lat' dir='ltr'><strong>ei,</strong></span> <span class='ocrx_word' id='word_1_227' title='bbox 309 1585 356 1620; x_wconf 76' lang='lat' dir='ltr'><strong>qui</strong></span> <span class='ocrx_word' id='word_1_228' title='bbox 373 1585 519 1613; x_wconf 86' lang='lat' dir='ltr'><strong>videbatur</strong></span> <span class='ocrx_word' id='word_1_229' title='bbox 537 1593 598 1613; x_wconf 85' lang='lat' dir='ltr'><strong>esse</strong></span> <span class='ocrx_word' id='word_1_230' title='bbox 610 1590 734 1612; x_wconf 88' lang='lat' dir='ltr'><strong>servator</strong></span> <span class='ocrx_word' id='word_1_231' title='bbox 756 1590 783 1612; x_wconf 85' lang='lat' dir='ltr'><strong>et</strong></span> <span class='ocrx_word' id='word_1_232' title='bbox 800 1592 859 1612; x_wconf 89' lang='lat' dir='ltr'><strong>rex.</strong></span> <span class='ocrx_word' id='word_1_233' title='bbox 883 1584 930 1611; x_wconf 91' lang='lat' dir='ltr'><strong>Ille</strong></span> <span class='ocrx_word' id='word_1_234' title='bbox 946 1589 1039 1611; x_wconf 84' lang='lat' dir='ltr'><strong>autem</strong></span> 
     </span>
    </p>
   </div>
   <div class='ocr_carea' id='block_1_36' title="bbox 255 1629 1044 1666">
    <p class='ocr_par' dir='ltr' id='par_1_36' title="bbox 255 1629 1044 1666">
     <span class='ocr_line' id='line_1_36' title="bbox 255 1629 1044 1666; baseline -0.003 -8"><span class='ocrx_word' id='word_1_235' title='bbox 255 1631 308 1659; x_wconf 87' lang='lat' dir='ltr'><strong>sibi</strong></span> <span class='ocrx_word' id='word_1_236' title='bbox 336 1631 424 1666; x_wconf 74' lang='lat' dir='ltr'><strong>eulpae</strong></span> <span class='ocrx_word' id='word_1_237' title='bbox 449 1631 570 1658; x_wconf 82' lang='lat' dir='ltr'><strong>dandum</strong></span> <span class='ocrx_word' id='word_1_238' title='bbox 590 1639 652 1658; x_wconf 85' lang='lat' dir='ltr'><strong>esse</strong></span> <span class='ocrx_word' id='word_1_239' title='bbox 674 1631 809 1663; x_wconf 86' lang='lat' dir='ltr'><strong>tribuens,</strong></span> <span class='ocrx_word' id='word_1_240' title='bbox 836 1630 908 1664; x_wconf 91' lang='lat' dir='ltr'><strong>quod</strong></span> <span class='ocrx_word' id='word_1_241' title='bbox 922 1629 1044 1657; x_wconf 80' lang='lat' dir='ltr'><strong>diﬂ&#39;erret</strong></span> 
     </span>
    </p>
   </div>
   <div class='ocr_carea' id='block_1_37' title="bbox 255 1676 1043 1711">
    <p class='ocr_par' dir='ltr' id='par_1_37' title="bbox 255 1676 1043 1711">
     <span class='ocr_line' id='line_1_37' title="bbox 255 1676 1043 1711; baseline -0.003 -7"><span class='ocrx_word' id='word_1_242' title='bbox 255 1677 332 1704; x_wconf 89' lang='lat' dir='ltr'><strong>cerni</strong></span> <span class='ocrx_word' id='word_1_243' title='bbox 351 1677 451 1708; x_wconf 86' lang='lat' dir='ltr'><strong>malus,</strong></span> <span class='ocrx_word' id='word_1_244' title='bbox 469 1684 525 1703; x_wconf 90' lang='lat' dir='ltr'><strong>non</strong></span> <span class='ocrx_word' id='word_1_245' title='bbox 539 1677 658 1710; x_wconf 85' lang='lat' dir='ltr'><strong>amplius</strong></span> <span class='ocrx_word' id='word_1_246' title='bbox 697 1681 863 1711; x_wconf 75' lang='lat' dir='ltr'><strong>exspectans</strong></span> <span class='ocrx_word' id='word_1_247' title='bbox 885 1677 982 1710; x_wconf 85' lang='lat' dir='ltr'><strong>aperit,</strong></span> <span class='ocrx_word' id='word_1_248' title='bbox 997 1676 1043 1711; x_wconf 93' lang='lat' dir='ltr'><strong>qui</strong></span> 
     </span>
    </p>
   </div>
   <div class='ocr_carea' id='block_1_38' title="bbox 257 1722 1043 1757">
    <p class='ocr_par' dir='ltr' id='par_1_38' title="bbox 257 1722 1043 1757">
     <span class='ocr_line' id='line_1_38' title="bbox 257 1722 1043 1757; baseline -0.001 -8"><span class='ocrx_word' id='word_1_249' title='bbox 257 1723 331 1750; x_wconf 74' lang='lat' dir='ltr'><strong>intus</strong></span> <span class='ocrx_word' id='word_1_250' title='bbox 358 1722 471 1754; x_wconf 81' lang='lat' dir='ltr'><strong>latebat,</strong></span> <span class='ocrx_word' id='word_1_251' title='bbox 496 1723 620 1754; x_wconf 87' lang='lat' dir='ltr'><strong>Dunaan,</strong></span> <span class='ocrx_word' id='word_1_252' title='bbox 647 1727 675 1748; x_wconf 90' lang='lat' dir='ltr'><strong>et</strong></span> <span class='ocrx_word' id='word_1_253' title='bbox 697 1722 779 1757; x_wconf 78' lang='lat' dir='ltr'><strong>jussit</strong></span> <span class='ocrx_word' id='word_1_254' title='bbox 803 1722 930 1756; x_wconf 88' lang='lat' dir='ltr'><strong>protinus</strong></span> <span class='ocrx_word' id='word_1_255' title='bbox 948 1729 1043 1748; x_wconf 86' lang='lat' dir='ltr'><strong>omnes</strong></span> 
     </span>
    </p>
   </div>
   <div class='ocr_carea' id='block_1_39' title="bbox 257 1767 1044 1802">
    <p class='ocr_par' dir='ltr' id='par_1_39' title="bbox 257 1767 1044 1802">
     <span class='ocr_line' id='line_1_39' title="bbox 257 1767 1044 1802; baseline -0.003 -7"><span class='ocrx_word' id='word_1_256' title='bbox 257 1768 391 1795; x_wconf 87' lang='lat' dir='ltr'><strong>custodiri</strong></span> <span class='ocrx_word' id='word_1_257' title='bbox 408 1769 435 1794; x_wconf 93' lang='lat' dir='ltr'><strong>in</strong></span> <span class='ocrx_word' id='word_1_258' title='bbox 452 1768 578 1795; x_wconf 90' lang='lat' dir='ltr'><strong>vinculis.</strong></span> <span class='ocrx_word' id='word_1_259' title='bbox 597 1768 700 1794; x_wconf 87' lang='lat' dir='ltr'><strong>Deinde</strong></span> <span class='ocrx_word' id='word_1_260' title='bbox 719 1768 801 1794; x_wconf 89' lang='lat' dir='ltr'><strong>etiam</strong></span> <span class='ocrx_word' id='word_1_261' title='bbox 826 1767 941 1802; x_wconf 86' lang='lat' dir='ltr'><strong>privavit</strong></span> <span class='ocrx_word' id='word_1_262' title='bbox 958 1767 1044 1794; x_wconf 82' lang='lat' dir='ltr'><strong>facul-</strong></span> 
     </span>
    </p>
   </div>
   <div class='ocr_carea' id='block_1_40' title="bbox 258 1813 1042 1849">
    <p class='ocr_par' dir='ltr' id='par_1_40' title="bbox 258 1813 1042 1849">
     <span class='ocr_line' id='line_1_40' title="bbox 258 1813 1042 1849; baseline -0.001 -9"><span class='ocrx_word' id='word_1_263' title='bbox 258 1814 372 1845; x_wconf 89' lang='lat' dir='ltr'><strong>tatibus,</strong></span> <span class='ocrx_word' id='word_1_264' title='bbox 400 1818 429 1841; x_wconf 89' lang='lat' dir='ltr'><strong>et</strong></span> <span class='ocrx_word' id='word_1_265' title='bbox 455 1814 560 1849; x_wconf 73' lang='lat' dir='ltr'><strong>rogavit</strong></span> <span class='ocrx_word' id='word_1_266' title='bbox 584 1813 695 1840; x_wconf 87' lang='lat' dir='ltr'><strong>ubinam</strong></span> <span class='ocrx_word' id='word_1_267' title='bbox 720 1818 793 1840; x_wconf 87' lang='lat' dir='ltr'><strong>esset</strong></span> <span class='ocrx_word' id='word_1_268' title='bbox 821 1813 920 1840; x_wconf 89' lang='lat' dir='ltr'><strong>Paulus</strong></span> <span class='ocrx_word' id='word_1_269' title='bbox 947 1820 1042 1840; x_wconf 89' lang='lat' dir='ltr'><strong>eorum</strong></span> 
     </span>
    </p>
   </div>
   <div class='ocr_carea' id='block_1_41' title="bbox 258 1857 1042 1894">
    <p class='ocr_par' dir='ltr' id='par_1_41' title="bbox 258 1857 1042 1894">
     <span class='ocr_line' id='line_1_41' title="bbox 258 1857 1042 1894; baseline -0.005 -8"><span class='ocrx_word' id='word_1_270' title='bbox 258 1859 414 1894; x_wconf 79' lang='lat' dir='ltr'><strong>episcopus.</strong></span> <span class='ocrx_word' id='word_1_271' title='bbox 442 1858 509 1886; x_wconf 90' lang='lat' dir='ltr'><strong>Cum</strong></span> <span class='ocrx_word' id='word_1_272' title='bbox 542 1863 634 1885; x_wconf 91' lang='lat' dir='ltr'><strong>autem</strong></span> <span class='ocrx_word' id='word_1_273' title='bbox 659 1858 716 1892; x_wconf 87' lang='lat' dir='ltr'><strong>jam</strong></span> <span class='ocrx_word' id='word_1_274' title='bbox 749 1857 856 1884; x_wconf 87' lang='lat' dir='ltr'><strong>duobus</strong></span> <span class='ocrx_word' id='word_1_275' title='bbox 876 1861 940 1883; x_wconf 88' lang='lat' dir='ltr'><strong>ante</strong></span> <span class='ocrx_word' id='word_1_276' title='bbox 963 1857 1042 1883; x_wconf 83' lang='lat' dir='ltr'><strong>annis</strong></span> 
     </span>
    </p>
   </div>
   <div class='ocr_carea' id='block_1_42' title="bbox 257 1903 1041 1934">
    <p class='ocr_par' dir='ltr' id='par_1_42' title="bbox 257 1903 1041 1934">
     <span class='ocr_line' id='line_1_42' title="bbox 257 1903 1041 1934; baseline -0.003 -3"><span class='ocrx_word' id='word_1_277' title='bbox 257 1912 320 1932; x_wconf 89' lang='lat' dir='ltr'><strong>eum</strong></span> <span class='ocrx_word' id='word_1_278' title='bbox 349 1904 527 1931; x_wconf 75' lang='lat' dir='ltr'><strong>intellexisset</strong></span> <span class='ocrx_word' id='word_1_279' title='bbox 552 1911 612 1931; x_wconf 87' lang='lat' dir='ltr'><strong>esse</strong></span> <span class='ocrx_word' id='word_1_280' title='bbox 637 1908 788 1934; x_wconf 89' lang='lat' dir='ltr'><strong>mortuum,</strong></span> <span class='ocrx_word' id='word_1_281' title='bbox 812 1911 866 1930; x_wconf 91' lang='lat' dir='ltr'><strong>non</strong></span> <span class='ocrx_word' id='word_1_282' title='bbox 889 1903 990 1930; x_wconf 80' lang='lat' dir='ltr'><strong>habens</strong></span> <span class='ocrx_word' id='word_1_283' title='bbox 1015 1903 1041 1929; x_wconf 81' lang='lat' dir='ltr'><strong>in</strong></span> 
     </span>
    </p>
   </div>
   <div class='ocr_carea' id='block_1_43' title="bbox 259 1948 1043 1985">
    <p class='ocr_par' dir='ltr' id='par_1_43' title="bbox 259 1948 1043 1985">
     <span class='ocr_line' id='line_1_43' title="bbox 259 1948 1043 1985; baseline -0.005 -8"><span class='ocrx_word' id='word_1_284' title='bbox 259 1958 340 1985; x_wconf 90' lang='lat' dir='ltr'><strong>quem</strong></span> <span class='ocrx_word' id='word_1_285' title='bbox 358 1950 426 1977; x_wconf 85' lang='lat' dir='ltr'><strong>iram</strong></span> <span class='ocrx_word' id='word_1_286' title='bbox 440 1949 611 1981; x_wconf 86' lang='lat' dir='ltr'><strong>immitteret,</strong></span> <span class='ocrx_word' id='word_1_287' title='bbox 628 1949 769 1976; x_wconf 89' lang='lat' dir='ltr'><strong>contendit</strong></span> <span class='ocrx_word' id='word_1_288' title='bbox 781 1948 815 1976; x_wconf 82' lang='lat' dir='ltr'><strong>ad</strong></span> <span class='ocrx_word' id='word_1_289' title='bbox 838 1948 988 1983; x_wconf 83' lang='lat' dir='ltr'><strong>pulverem,</strong></span> <span class='ocrx_word' id='word_1_290' title='bbox 1016 1952 1043 1974; x_wconf 88' lang='lat' dir='ltr'><strong>et</strong></span> 
     </span>
    </p>
   </div>
   <div class='ocr_carea' id='block_1_44' title="bbox 255 1993 1043 2030">
    <p class='ocr_par' dir='ltr' id='par_1_44' title="bbox 255 1993 1043 2030">
     <span class='ocr_line' id='line_1_44' title="bbox 255 1993 1043 2030; baseline -0.004 -8"><span class='ocrx_word' id='word_1_291' title='bbox 255 1996 339 2030; x_wconf 78' lang='lat' dir='ltr'><strong>jussit</strong></span> <span class='ocrx_word' id='word_1_292' title='bbox 353 1996 511 2030; x_wconf 90' lang='lat' dir='ltr'><strong>sepulcrum</strong></span> <span class='ocrx_word' id='word_1_293' title='bbox 528 1995 658 2026; x_wconf 82' lang='lat' dir='ltr'><strong>ellodere,</strong></span> <span class='ocrx_word' id='word_1_294' title='bbox 674 1999 701 2022; x_wconf 89' lang='lat' dir='ltr'><strong>et</strong></span> <span class='ocrx_word' id='word_1_295' title='bbox 718 1995 790 2021; x_wconf 90' lang='lat' dir='ltr'><strong>illius</strong></span> <span class='ocrx_word' id='word_1_296' title='bbox 811 2001 910 2028; x_wconf 88' lang='lat' dir='ltr'><strong>corpus</strong></span> <span class='ocrx_word' id='word_1_297' title='bbox 930 1993 1043 2020; x_wconf 86' lang='lat' dir='ltr'><strong>combu-</strong></span> 
     </span>
    </p>
   </div>
   <div class='ocr_carea' id='block_1_45' title="bbox 257 2038 1043 2073">
    <p class='ocr_par' dir='ltr' id='par_1_45' title="bbox 257 2038 1043 2073">
     <span class='ocr_line' id='line_1_45' title="bbox 257 2038 1043 2073; baseline -0.004 -7"><span class='ocrx_word' id='word_1_298' title='bbox 257 2045 351 2067; x_wconf 83' lang='lat' dir='ltr'><strong>rentes</strong></span> <span class='ocrx_word' id='word_1_299' title='bbox 368 2041 394 2066; x_wconf 94' lang='lat' dir='ltr'><strong>in</strong></span> <span class='ocrx_word' id='word_1_300' title='bbox 410 2047 500 2067; x_wconf 88' lang='lat' dir='ltr'><strong>aerem</strong></span> <span class='ocrx_word' id='word_1_301' title='bbox 520 2039 660 2066; x_wconf 86' lang='lat' dir='ltr'><strong>ventilare.</strong></span> <span class='ocrx_word' id='word_1_302' title='bbox 677 2039 758 2066; x_wconf 77' lang='lat' dir='ltr'><strong>Aliud</strong></span> <span class='ocrx_word' id='word_1_303' title='bbox 775 2045 883 2073; x_wconf 86' lang='lat' dir='ltr'><strong>quoque</strong></span> <span class='ocrx_word' id='word_1_304' title='bbox 909 2038 1043 2072; x_wconf 74' lang='lat' dir='ltr'><strong>excogitat</strong></span> 
     </span>
    </p>
   </div>
   <div class='ocr_carea' id='block_1_46' title="bbox 258 2082 1042 2119">
    <p class='ocr_par' dir='ltr' id='par_1_46' title="bbox 258 2082 1042 2119">
     <span class='ocr_line' id='line_1_46' title="bbox 258 2082 1042 2119; baseline -0.004 -8"><span class='ocrx_word' id='word_1_305' title='bbox 258 2085 359 2112; x_wconf 80' lang='lat' dir='ltr'><strong>furiosa</strong></span> <span class='ocrx_word' id='word_1_306' title='bbox 375 2085 476 2117; x_wconf 87' lang='lat' dir='ltr'><strong>anima,</strong></span> <span class='ocrx_word' id='word_1_307' title='bbox 494 2091 544 2112; x_wconf 84' lang='lat' dir='ltr'><strong>nec</strong></span> <span class='ocrx_word' id='word_1_308' title='bbox 559 2092 618 2110; x_wconf 84' lang='lat' dir='ltr'><strong>eam</strong></span> <span class='ocrx_word' id='word_1_309' title='bbox 640 2084 711 2119; x_wconf 82' lang='lat' dir='ltr'><strong>capit</strong></span> <span class='ocrx_word' id='word_1_310' title='bbox 727 2083 839 2110; x_wconf 84' lang='lat' dir='ltr'><strong>satietas</strong></span> <span class='ocrx_word' id='word_1_311' title='bbox 859 2082 959 2117; x_wconf 86' lang='lat' dir='ltr'><strong>aliquid</strong></span> <span class='ocrx_word' id='word_1_312' title='bbox 982 2089 1042 2109; x_wconf 82' lang='lat' dir='ltr'><strong>uio—</strong></span> 
     </span>
    </p>
   </div>
   <div class='ocr_carea' id='block_1_47' title="bbox 258 2128 1040 2164">
    <p class='ocr_par' dir='ltr' id='par_1_47' title="bbox 258 2128 1040 2164">
     <span class='ocr_line' id='line_1_47' title="bbox 258 2128 1040 2164; baseline -0.004 -7"><span class='ocrx_word' id='word_1_313' title='bbox 258 2130 340 2158; x_wconf 88' lang='lat' dir='ltr'><strong>lieudi</strong></span> <span class='ocrx_word' id='word_1_314' title='bbox 357 2131 488 2157; x_wconf 87' lang='lat' dir='ltr'><strong>adversus</strong></span> <span class='ocrx_word' id='word_1_315' title='bbox 503 2130 684 2162; x_wconf 83' lang='lat' dir='ltr'><strong>Christianos,</strong></span> <span class='ocrx_word' id='word_1_316' title='bbox 700 2129 748 2156; x_wconf 90' lang='lat' dir='ltr'><strong>sed</strong></span> <span class='ocrx_word' id='word_1_317' title='bbox 766 2129 846 2164; x_wconf 82' lang='lat' dir='ltr'><strong>jubet</strong></span> <span class='ocrx_word' id='word_1_318' title='bbox 861 2128 974 2155; x_wconf 86' lang='lat' dir='ltr'><strong>accendi</strong></span> <span class='ocrx_word' id='word_1_319' title='bbox 995 2135 1040 2154; x_wconf 92' lang='lat' dir='ltr'><strong>ro-</strong></span> 
     </span>
    </p>
   </div>
   <div class='ocr_carea' id='block_1_48' title="bbox 257 2173 1040 2211">
    <p class='ocr_par' dir='ltr' id='par_1_48' title="bbox 257 2173 1040 2211">
     <span class='ocr_line' id='line_1_48' title="bbox 257 2173 1040 2211; baseline -0.004 -10"><span class='ocrx_word' id='word_1_320' title='bbox 257 2184 331 2211; x_wconf 77' lang='lat' dir='ltr'><strong>gum,</strong></span> <span class='ocrx_word' id='word_1_321' title='bbox 348 2176 393 2210; x_wconf 88' lang='lat' dir='ltr'><strong>qui</strong></span> <span class='ocrx_word' id='word_1_322' title='bbox 410 2177 495 2203; x_wconf 90' lang='lat' dir='ltr'><strong>multa</strong></span> <span class='ocrx_word' id='word_1_323' title='bbox 518 2175 636 2202; x_wconf 87' lang='lat' dir='ltr'><strong>aleretur</strong></span> <span class='ocrx_word' id='word_1_324' title='bbox 650 2175 774 2207; x_wconf 82' lang='lat' dir='ltr'><strong>materia,</strong></span> <span class='ocrx_word' id='word_1_325' title='bbox 790 2178 817 2201; x_wconf 87' lang='lat' dir='ltr'><strong>et</strong></span> <span class='ocrx_word' id='word_1_326' title='bbox 838 2174 930 2201; x_wconf 75' lang='lat' dir='ltr'><strong>statim</strong></span> <span class='ocrx_word' id='word_1_327' title='bbox 943 2173 1040 2200; x_wconf 85' lang='lat' dir='ltr'><strong>civita-</strong></span> 
     </span>
    </p>
   </div>
   <div class='ocr_carea' id='block_1_49' title="bbox 259 2218 1043 2255">
    <p class='ocr_par' dir='ltr' id='par_1_49' title="bbox 259 2218 1043 2255">
     <span class='ocr_line' id='line_1_49' title="bbox 259 2218 1043 2255; baseline -0.005 -8"><span class='ocrx_word' id='word_1_328' title='bbox 259 2222 304 2251; x_wconf 85' lang='lat' dir='ltr'><strong>tis,</strong></span> <span class='ocrx_word' id='word_1_329' title='bbox 321 2225 348 2248; x_wconf 89' lang='lat' dir='ltr'><strong>et</strong></span> <span class='ocrx_word' id='word_1_330' title='bbox 362 2221 436 2255; x_wconf 83' lang='lat' dir='ltr'><strong>ejus,</strong></span> <span class='ocrx_word' id='word_1_331' title='bbox 452 2227 514 2254; x_wconf 72' lang='lat' dir='ltr'><strong>quae</strong></span> <span class='ocrx_word' id='word_1_332' title='bbox 528 2224 569 2246; x_wconf 87' lang='lat' dir='ltr'><strong>est</strong></span> <span class='ocrx_word' id='word_1_333' title='bbox 592 2218 780 2250; x_wconf 89' lang='lat' dir='ltr'><strong>circumcirca,</strong></span> <span class='ocrx_word' id='word_1_334' title='bbox 809 2218 927 2253; x_wconf 80' lang='lat' dir='ltr'><strong>regionis</strong></span> <span class='ocrx_word' id='word_1_335' title='bbox 952 2224 1043 2244; x_wconf 85' lang='lat' dir='ltr'><strong>sacer-</strong></span> 
     </span>
    </p>
   </div>
   <div class='ocr_carea' id='block_1_50' title="bbox 257 2259 1042 2299">
    <p class='ocr_par' dir='ltr' id='par_1_50' title="bbox 257 2259 1042 2299">
     <span class='ocr_line' id='line_1_50' title="bbox 257 2259 1042 2299; baseline -0.005 -5"><span class='ocrx_word' id='word_1_336' title='bbox 257 2268 346 2299; x_wconf 83' lang='lat' dir='ltr'><strong>dotes,</strong></span> <span class='ocrx_word' id='word_1_337' title='bbox 365 2271 393 2294; x_wconf 88' lang='lat' dir='ltr'><strong>et</strong></span> <span class='ocrx_word' id='word_1_338' title='bbox 412 2259 576 2298; x_wconf 77' lang='lat' dir='ltr'><strong>monachos,</strong></span> <span class='ocrx_word' id='word_1_339' title='bbox 588 2269 616 2292; x_wconf 86' lang='lat' dir='ltr'><strong>et</strong></span> <span class='ocrx_word' id='word_1_340' title='bbox 643 2265 699 2292; x_wconf 87' lang='lat' dir='ltr'><strong>Deo</strong></span> <span class='ocrx_word' id='word_1_341' title='bbox 723 2269 896 2292; x_wconf 87' lang='lat' dir='ltr'><strong>consecratas</strong></span> <span class='ocrx_word' id='word_1_342' title='bbox 912 2263 1042 2299; x_wconf 75' lang='lat' dir='ltr'><strong>virgines,</strong></span> 
     </span>
    </p>
   </div>
   <div class='ocr_carea' id='block_1_51' title="bbox 257 2308 1045 2346">
    <p class='ocr_par' dir='ltr' id='par_1_51' title="bbox 257 2308 1045 2346">
     <span class='ocr_line' id='line_1_51' title="bbox 257 2308 1045 2346; baseline -0.004 -8"><span class='ocrx_word' id='word_1_343' title='bbox 257 2312 323 2346; x_wconf 88' lang='lat' dir='ltr'><strong>quin</strong></span> <span class='ocrx_word' id='word_1_344' title='bbox 347 2311 430 2338; x_wconf 86' lang='lat' dir='ltr'><strong>etiam</strong></span> <span class='ocrx_word' id='word_1_345' title='bbox 446 2311 562 2338; x_wconf 76' lang='lat' dir='ltr'><strong>feminas</strong></span> <span class='ocrx_word' id='word_1_346' title='bbox 589 2317 650 2345; x_wconf 59' lang='lat' dir='ltr'><strong>quae</strong></span> <span class='ocrx_word' id='word_1_347' title='bbox 667 2310 748 2336; x_wconf 82' lang='lat' dir='ltr'><strong>vitam</strong></span> <span class='ocrx_word' id='word_1_348' title='bbox 761 2310 899 2344; x_wconf 77' lang='lat' dir='ltr'><strong>elegerant</strong></span> <span class='ocrx_word' id='word_1_349' title='bbox 913 2308 1045 2336; x_wconf 91' lang='lat' dir='ltr'><strong>monasti-</strong></span> 
     </span>
    </p>
   </div>
   <div class='ocr_carea' id='block_1_52' title="bbox 258 2355 1042 2390">
    <p class='ocr_par' dir='ltr' id='par_1_52' title="bbox 258 2355 1042 2390">
     <span class='ocr_line' id='line_1_52' title="bbox 258 2355 1042 2390; baseline -0.004 -6"><span class='ocrx_word' id='word_1_350' title='bbox 258 2365 329 2388; x_wconf 86' lang='lat' dir='ltr'><strong>cam,</strong></span> <span class='ocrx_word' id='word_1_351' title='bbox 346 2363 442 2384; x_wconf 90' lang='lat' dir='ltr'><strong>omnes</strong></span> <span class='ocrx_word' id='word_1_352' title='bbox 456 2356 537 2384; x_wconf 87' lang='lat' dir='ltr'><strong>simul</strong></span> <span class='ocrx_word' id='word_1_353' title='bbox 555 2356 583 2383; x_wconf 91' lang='lat' dir='ltr'><strong>in</strong></span> <span class='ocrx_word' id='word_1_354' title='bbox 601 2363 664 2383; x_wconf 88' lang='lat' dir='ltr'><strong>eum</strong></span> <span class='ocrx_word' id='word_1_355' title='bbox 690 2355 776 2390; x_wconf 86' lang='lat' dir='ltr'><strong>injiei.</strong></span> <span class='ocrx_word' id='word_1_356' title='bbox 797 2355 818 2382; x_wconf 93' lang='lat' dir='ltr'><strong>li</strong></span> <span class='ocrx_word' id='word_1_357' title='bbox 842 2355 927 2388; x_wconf 88' lang='lat' dir='ltr'><strong>enim,</strong></span> <span class='ocrx_word' id='word_1_358' title='bbox 944 2355 1042 2389; x_wconf 88' lang='lat' dir='ltr'><strong>inquit,</strong></span> 
     </span>
    </p>
   </div>
   <div class='ocr_carea' id='block_1_53' title="bbox 259 2401 1044 2436">
    <p class='ocr_par' dir='ltr' id='par_1_53' title="bbox 259 2401 1044 2436">
     <span class='ocr_line' id='line_1_53' title="bbox 259 2401 1044 2436; baseline -0.001 -7"><span class='ocrx_word' id='word_1_359' title='bbox 259 2406 324 2429; x_wconf 87' lang='lat' dir='ltr'><strong>sunt</strong></span> <span class='ocrx_word' id='word_1_360' title='bbox 338 2402 419 2436; x_wconf 86' lang='lat' dir='ltr'><strong>plane</strong></span> <span class='ocrx_word' id='word_1_361' title='bbox 444 2409 527 2429; x_wconf 86' lang='lat' dir='ltr'><strong>causa</strong></span> <span class='ocrx_word' id='word_1_362' title='bbox 550 2402 664 2428; x_wconf 83' lang='lat' dir='ltr'><strong>aliorum</strong></span> <span class='ocrx_word' id='word_1_363' title='bbox 689 2401 827 2432; x_wconf 80' lang='lat' dir='ltr'><strong>interitus,</strong></span> <span class='ocrx_word' id='word_1_364' title='bbox 848 2401 1044 2435; x_wconf 84' lang='lat' dir='ltr'><strong>persuadentes</strong></span> 
     </span>
    </p>
   </div>
   <div class='ocr_carea' id='block_1_54' title="bbox 259 2446 1043 2480">
    <p class='ocr_par' dir='ltr' id='par_1_54' title="bbox 259 2446 1043 2480">
     <span class='ocr_line' id='line_1_54' title="bbox 259 2446 1043 2480; baseline -0.003 -6"><span class='ocrx_word' id='word_1_365' title='bbox 259 2447 419 2474; x_wconf 79' lang='lat' dir='ltr'><strong>cruciﬁxum</strong></span> <span class='ocrx_word' id='word_1_366' title='bbox 438 2447 539 2478; x_wconf 89' lang='lat' dir='ltr'><strong>colere,</strong></span> <span class='ocrx_word' id='word_1_367' title='bbox 561 2451 689 2480; x_wconf 89' lang='lat' dir='ltr'><strong>tanquam</strong></span> <span class='ocrx_word' id='word_1_368' title='bbox 707 2446 805 2473; x_wconf 88' lang='lat' dir='ltr'><strong>Deum.</strong></span> <span class='ocrx_word' id='word_1_369' title='bbox 828 2446 869 2472; x_wconf 84' lang='lat' dir='ltr'><strong>Ad</strong></span> <span class='ocrx_word' id='word_1_370' title='bbox 892 2446 950 2473; x_wconf 65' lang='lat' dir='ltr'><strong>haec</strong></span> <span class='ocrx_word' id='word_1_371' title='bbox 978 2453 1043 2480; x_wconf 86' lang='lat' dir='ltr'><strong>per-</strong></span> 
     </span>
    </p>
   </div>
   <div class='ocr_carea' id='block_1_55' title="bbox 262 2491 1044 2526">
    <p class='ocr_par' dir='ltr' id='par_1_55' title="bbox 262 2491 1044 2526">
     <span class='ocr_line' id='line_1_55' title="bbox 262 2491 1044 2526; baseline 0 -8"><span class='ocrx_word' id='word_1_372' title='bbox 262 2491 325 2518; x_wconf 89' lang='lat' dir='ltr'><strong>inde</strong></span> <span class='ocrx_word' id='word_1_373' title='bbox 338 2498 370 2518; x_wconf 91' lang='lat' dir='ltr'><strong>ac</strong></span> <span class='ocrx_word' id='word_1_374' title='bbox 386 2491 409 2517; x_wconf 90' lang='lat' dir='ltr'><strong>si</strong></span> <span class='ocrx_word' id='word_1_375' title='bbox 424 2498 478 2518; x_wconf 93' lang='lat' dir='ltr'><strong>non</strong></span> <span class='ocrx_word' id='word_1_376' title='bbox 500 2491 648 2524; x_wconf 75' lang='lat' dir='ltr'><strong>sufﬁceret,</strong></span> <span class='ocrx_word' id='word_1_377' title='bbox 672 2492 743 2526; x_wconf 90' lang='lat' dir='ltr'><strong>quod</strong></span> <span class='ocrx_word' id='word_1_378' title='bbox 768 2493 869 2519; x_wconf 84' lang='lat' dir='ltr'><strong>laetum</strong></span> <span class='ocrx_word' id='word_1_379' title='bbox 894 2492 992 2523; x_wconf 82' lang='lat' dir='ltr'><strong>fuerat,</strong></span> <span class='ocrx_word' id='word_1_380' title='bbox 1011 2492 1044 2518; x_wconf 82' lang='lat' dir='ltr'><strong>ad</strong></span> 
     </span>
    </p>
   </div>
   <div class='ocr_carea' id='block_1_56' title="bbox 260 2537 1043 2573">
    <p class='ocr_par' dir='ltr' id='par_1_56' title="bbox 260 2537 1043 2573">
     <span class='ocr_line' id='line_1_56' title="bbox 260 2537 1043 2573; baseline -0.001 -8"><span class='ocrx_word' id='word_1_381' title='bbox 260 2538 319 2573; x_wconf 83' lang='lat' dir='ltr'><strong>ejus</strong></span> <span class='ocrx_word' id='word_1_382' title='bbox 343 2537 583 2572; x_wconf 90' lang='lat' dir='ltr'><strong>incomparabilem</strong></span> <span class='ocrx_word' id='word_1_383' title='bbox 606 2538 802 2564; x_wconf 88' lang='lat' dir='ltr'><strong>ostendendam</strong></span> <span class='ocrx_word' id='word_1_384' title='bbox 833 2538 1043 2572; x_wconf 87' lang='lat' dir='ltr'><strong>improbitatem,</strong></span> 
     </span>
    </p>
   </div>
   <div class='ocr_carea' id='block_1_57' title="bbox 263 2582 1045 2618">
    <p class='ocr_par' dir='ltr' id='par_1_57' title="bbox 263 2582 1045 2618">
     <span class='ocr_line' id='line_1_57' title="bbox 263 2582 1045 2618; baseline -0.001 -8"><span class='ocrx_word' id='word_1_385' title='bbox 263 2588 293 2610; x_wconf 91' lang='lat' dir='ltr'><strong>ut</strong></span> <span class='ocrx_word' id='word_1_386' title='bbox 312 2583 380 2610; x_wconf 88' lang='lat' dir='ltr'><strong>alios</strong></span> <span class='ocrx_word' id='word_1_387' title='bbox 393 2591 502 2618; x_wconf 91' lang='lat' dir='ltr'><strong>quoque</strong></span> <span class='ocrx_word' id='word_1_388' title='bbox 514 2583 565 2610; x_wconf 84' lang='lat' dir='ltr'><strong>sibi</strong></span> <span class='ocrx_word' id='word_1_389' title='bbox 583 2582 770 2618; x_wconf 77' lang='lat' dir='ltr'><strong>subjungeret,</strong></span> <span class='ocrx_word' id='word_1_390' title='bbox 787 2583 964 2610; x_wconf 81' lang='lat' dir='ltr'><strong>vehementer</strong></span> <span class='ocrx_word' id='word_1_391' title='bbox 979 2591 1045 2610; x_wconf 85' lang='lat' dir='ltr'><strong>cott-</strong></span> 
     </span>
    </p>
   </div>
   <div class='ocr_carea' id='block_1_58' title="bbox 262 2629 1046 2665">
    <p class='ocr_par' dir='ltr' id='par_1_58' title="bbox 262 2629 1046 2665">
     <span class='ocr_line' id='line_1_58' title="bbox 262 2629 1046 2665; baseline 0 -9"><span class='ocrx_word' id='word_1_392' title='bbox 262 2630 361 2660; x_wconf 83' lang='lat' dir='ltr'><strong>tendit,</strong></span> <span class='ocrx_word' id='word_1_393' title='bbox 377 2635 405 2656; x_wconf 92' lang='lat' dir='ltr'><strong>et</strong></span> <span class='ocrx_word' id='word_1_394' title='bbox 418 2630 500 2664; x_wconf 80' lang='lat' dir='ltr'><strong>jussit</strong></span> <span class='ocrx_word' id='word_1_395' title='bbox 516 2637 657 2664; x_wconf 66' lang='lat' dir='ltr'><strong>praecones</strong></span> <span class='ocrx_word' id='word_1_396' title='bbox 672 2629 750 2656; x_wconf 84' lang='lat' dir='ltr'><strong>obire</strong></span> <span class='ocrx_word' id='word_1_397' title='bbox 764 2629 904 2656; x_wconf 86' lang='lat' dir='ltr'><strong>civitatem</strong></span> <span class='ocrx_word' id='word_1_398' title='bbox 919 2635 945 2656; x_wconf 89' lang='lat' dir='ltr'><strong>et</strong></span> <span class='ocrx_word' id='word_1_399' title='bbox 960 2630 1046 2665; x_wconf 71' lang='lat' dir='ltr'><strong>regio-</strong></span> 
     </span>
    </p>
   </div>
   <div class='ocr_carea' id='block_1_59' title="bbox 259 2675 1045 2710">
    <p class='ocr_par' dir='ltr' id='par_1_59' title="bbox 259 2675 1045 2710">
     <span class='ocr_line' id='line_1_59' title="bbox 259 2675 1045 2710; baseline -0.001 -7"><span class='ocrx_word' id='word_1_400' title='bbox 259 2683 322 2703; x_wconf 86' lang='lat' dir='ltr'><strong>nem</strong></span> <span class='ocrx_word' id='word_1_401' title='bbox 339 2676 536 2709; x_wconf 85' lang='lat' dir='ltr'><strong>proclamantes</strong></span> <span class='ocrx_word' id='word_1_402' title='bbox 556 2680 585 2703; x_wconf 90' lang='lat' dir='ltr'><strong>ut</strong></span> <span class='ocrx_word' id='word_1_403' title='bbox 600 2675 738 2703; x_wconf 85' lang='lat' dir='ltr'><strong>Christum</strong></span> <span class='ocrx_word' id='word_1_404' title='bbox 763 2680 903 2710; x_wconf 76' lang='lat' dir='ltr'><strong>negarent,</strong></span> <span class='ocrx_word' id='word_1_405' title='bbox 930 2681 958 2702; x_wconf 88' lang='lat' dir='ltr'><strong>et</strong></span> <span class='ocrx_word' id='word_1_406' title='bbox 974 2676 1045 2702; x_wconf 88' lang='lat' dir='ltr'><strong>vive-</strong></span> 
     </span>
    </p>
   </div>
   <div class='ocr_carea' id='block_1_60' title="bbox 259 2719 864 2756">
    <p class='ocr_par' dir='ltr' id='par_1_60' title="bbox 259 2719 864 2756">
     <span class='ocr_line' id='line_1_60' title="bbox 259 2719 864 2756; baseline -0.002 -8"><span class='ocrx_word' id='word_1_407' title='bbox 259 2725 320 2753; x_wconf 78' lang='lat' dir='ltr'><strong>rent</strong></span> <span class='ocrx_word' id='word_1_408' title='bbox 330 2719 452 2755; x_wconf 72' lang='lat' dir='ltr'><strong>Judaice,</strong></span> <span class='ocrx_word' id='word_1_409' title='bbox 464 2722 559 2749; x_wconf 85' lang='lat' dir='ltr'><strong>eadem</strong></span> <span class='ocrx_word' id='word_1_410' title='bbox 572 2729 632 2756; x_wconf 83' lang='lat' dir='ltr'><strong>quae</strong></span> <span class='ocrx_word' id='word_1_411' title='bbox 647 2729 694 2748; x_wconf 80' lang='lat' dir='ltr'><strong>rex</strong></span> <span class='ocrx_word' id='word_1_412' title='bbox 704 2721 864 2748; x_wconf 79' lang='lat' dir='ltr'><strong>sentientes.</strong></span> 
     </span>
    </p>
   </div>
   <div class='ocr_carea' id='block_1_61' title="bbox 296 2778 1046 2813">
    <p class='ocr_par' dir='ltr' id='par_1_61' title="bbox 296 2778 1046 2813">
     <span class='ocr_line' id='line_1_61' title="bbox 296 2778 1046 2813; baseline -0.003 -7"><span class='ocrx_word' id='word_1_413' title='bbox 296 2779 365 2806; x_wconf 82' lang='grc' dir='ltr'>νιιι.</span> <span class='ocrx_word' id='word_1_414' title='bbox 383 2778 470 2806; x_wconf 85' lang='lat' dir='ltr'><strong>Porro</strong></span> <span class='ocrx_word' id='word_1_415' title='bbox 491 2784 583 2806; x_wconf 88' lang='lat' dir='ltr'><strong>autem</strong></span> <span class='ocrx_word' id='word_1_416' title='bbox 606 2779 666 2813; x_wconf 88' lang='lat' dir='ltr'><strong>ipse</strong></span> <span class='ocrx_word' id='word_1_417' title='bbox 681 2785 789 2813; x_wconf 83' lang='lat' dir='ltr'><strong>quoque</strong></span> <span class='ocrx_word' id='word_1_418' title='bbox 813 2784 858 2805; x_wconf 86' lang='lat' dir='ltr'><strong>rex</strong></span> <span class='ocrx_word' id='word_1_419' title='bbox 884 2778 991 2805; x_wconf 76' lang='lat' dir='ltr'><strong>Aretlue</strong></span> <span class='ocrx_word' id='word_1_420' title='bbox 1007 2778 1046 2806; x_wconf 83' lang='lat' dir='ltr'><strong>si-</strong></span> 
     </span>
    </p>
   </div>
   <div class='ocr_carea' id='block_1_62' title="bbox 261 2819 1044 2860">
    <p class='ocr_par' dir='ltr' id='par_1_62' title="bbox 261 2819 1044 2860">
     <span class='ocr_line' id='line_1_62' title="bbox 261 2819 1044 2860; baseline 0 -10"><span class='ocrx_word' id='word_1_421' title='bbox 261 2824 334 2851; x_wconf 89' lang='lat' dir='ltr'><strong>milia</strong></span> <span class='ocrx_word' id='word_1_422' title='bbox 348 2825 517 2858; x_wconf 87' lang='lat' dir='ltr'><strong>consulebat,</strong></span> <span class='ocrx_word' id='word_1_423' title='bbox 529 2819 672 2860; x_wconf 84' lang='lat' dir='ltr'><strong>adjiciens,</strong></span> <span class='ocrx_word' id='word_1_424' title='bbox 699 2825 770 2859; x_wconf 91' lang='lat' dir='ltr'><strong>quod</strong></span> <span class='ocrx_word' id='word_1_425' title='bbox 792 2824 842 2858; x_wconf 88' lang='lat' dir='ltr'><strong>ipsi</strong></span> <span class='ocrx_word' id='word_1_426' title='bbox 865 2832 973 2859; x_wconf 85' lang='lat' dir='ltr'><strong>quoque</strong></span> <span class='ocrx_word' id='word_1_427' title='bbox 995 2832 1044 2851; x_wconf 91' lang='lat' dir='ltr'><strong>no-</strong></span> 
     </span>
    </p>
   </div>
   <div class='ocr_carea' id='block_1_63' title="bbox 260 2870 1040 2906">
    <p class='ocr_par' dir='ltr' id='par_1_63' title="bbox 260 2870 1040 2906">
     <span class='ocr_line' id='line_1_63' title="bbox 260 2870 1040 2906; baseline 0.003 -11"><span class='ocrx_word' id='word_1_428' title='bbox 260 2875 320 2896; x_wconf 83' lang='lat' dir='ltr'><strong>rant</strong></span> <span class='ocrx_word' id='word_1_429' title='bbox 334 2870 541 2904; x_wconf 76' lang='lat' dir='ltr'><strong>Romani,&#39;illius</strong></span> <span class='ocrx_word' id='word_1_430' title='bbox 564 2870 681 2906; x_wconf 66' lang='lat' dir='ltr'><strong>majores</strong></span> <span class='ocrx_word' id='word_1_431' title='bbox 705 2871 732 2897; x_wconf 88' lang='lat' dir='ltr'><strong>in</strong></span> <span class='ocrx_word' id='word_1_432' title='bbox 757 2878 865 2898; x_wconf 76' lang='lat' dir='ltr'><strong>crucem</strong></span> <span class='ocrx_word' id='word_1_433' title='bbox 887 2871 973 2905; x_wconf 73' lang='lat' dir='ltr'><strong>egisse</strong></span> <span class='ocrx_word' id='word_1_434' title='bbox 991 2871 1040 2897; x_wconf 82' lang='lat' dir='ltr'><strong>llo-</strong></span> 
     </span>
    </p>
   </div>
   <div class='ocr_carea' id='block_1_64' title="bbox 1091 269 1877 310">
    <p class='ocr_par' dir='ltr' id='par_1_64' title="bbox 1091 269 1877 310">
     <span class='ocr_line' id='line_1_64' title="bbox 1091 269 1877 310; baseline 0.009 -16"><span class='ocrx_word' id='word_1_435' title='bbox 1091 269 1178 300; x_wconf 80' lang='grc' dir='ltr'>πόλει,</span> <span class='ocrx_word' id='word_1_436' title='bbox 1202 270 1261 304; x_wconf 85' lang='grc' dir='ltr'><strong>Θεῷ</strong></span> <span class='ocrx_word' id='word_1_437' title='bbox 1285 271 1316 296; x_wconf 76' lang='grc' dir='ltr'><strong>τὸ</strong></span> <span class='ocrx_word' id='word_1_438' title='bbox 1338 272 1392 297; x_wconf 84' lang='grc' dir='ltr'>πᾶν</span> <span class='ocrx_word' id='word_1_439' title='bbox 1418 272 1619 306; x_wconf 72' lang='grc' dir='ltr'>ἐπιτρέψαντας</span> <span class='ocrx_word' id='word_1_440' title='bbox 1648 274 1687 307; x_wconf 90' lang='grc' dir='ltr'>τῷ</span> <span class='ocrx_word' id='word_1_441' title='bbox 1710 275 1766 302; x_wconf 82' lang='grc' dir='ltr'>τῶν</span> <span class='ocrx_word' id='word_1_442' title='bbox 1785 275 1877 310; x_wconf 79' lang='grc' dir='ltr'>ὅρκων</span> 
     </span>
    </p>
   </div>
   <div class='ocr_carea' id='block_1_65' title="bbox 1093 314 1879 352">
    <p class='ocr_par' dir='ltr' id='par_1_65' title="bbox 1093 314 1879 352">
     <span class='ocr_line' id='line_1_65' title="bbox 1093 314 1879 352; baseline 0.01 -13"><span class='ocrx_word' id='word_1_443' title='bbox 1093 314 1225 349; x_wconf 80' lang='grc' dir='ltr'>μάρτυρι,</span> <span class='ocrx_word' id='word_1_444' title='bbox 1248 315 1294 341; x_wconf 86' lang='grc' dir='ltr'>καὶ</span> <span class='ocrx_word' id='word_1_445' title='bbox 1321 315 1399 341; x_wconf 74' lang='grc' dir='ltr'>τοῦτο</span> <span class='ocrx_word' id='word_1_446' title='bbox 1426 316 1593 348; x_wconf 83' lang='grc' dir='ltr'>ὑπειπόντας</span> <span class='ocrx_word' id='word_1_447' title='bbox 1625 318 1715 352; x_wconf 77' lang='grc' dir='ltr'>μόνον,</span> <span class='ocrx_word' id='word_1_448' title='bbox 1746 319 1786 346; x_wconf 81' lang='grc' dir='ltr'>ὅτι</span> <span class='ocrx_word' id='word_1_449' title='bbox 1815 320 1879 352; x_wconf 83' lang='grc' dir='ltr'><strong>Τοῖς</strong></span> 
     </span>
    </p>
   </div>
   <div class='ocr_carea' id='block_1_66' title="bbox 1092 360 1878 397">
    <p class='ocr_par' dir='ltr' id='par_1_66' title="bbox 1092 360 1878 397">
     <span class='ocr_line' id='line_1_66' title="bbox 1092 360 1878 397; baseline 0.008 -12"><span class='ocrx_word' id='word_1_450' title='bbox 1092 360 1248 395; x_wconf 79' lang='grc' dir='ltr'>βασιλεῦσιν</span> <span class='ocrx_word' id='word_1_451' title='bbox 1271 361 1394 387; x_wconf 79' lang='grc' dir='ltr'><strong>ὑπείκειν</strong></span> <span class='ocrx_word' id='word_1_452' title='bbox 1415 362 1565 397; x_wconf 82' lang='grc' dir='ltr'>ἐμάθομεν,</span> <span class='ocrx_word' id='word_1_453' title='bbox 1595 364 1642 389; x_wconf 73' lang='grc' dir='ltr'>καὶ</span> <span class='ocrx_word' id='word_1_454' title='bbox 1668 363 1720 397; x_wconf 77' lang='grc' dir='ltr'><strong>ὡς,</strong></span> <span class='ocrx_word' id='word_1_455' title='bbox 1736 365 1769 391; x_wconf 72' lang='grc' dir='ltr'><strong>Εἴ</strong></span> <span class='ocrx_word' id='word_1_456' title='bbox 1782 374 1808 391; x_wconf 89' lang='grc' dir='ltr'><strong>τι</strong></span> <span class='ocrx_word' id='word_1_457' title='bbox 1822 365 1878 391; x_wconf 85' lang='grc' dir='ltr'>τῶν</span> 
     </span>
    </p>
   </div>
   <div class='ocr_carea' id='block_1_67' title="bbox 1093 405 1879 442">
    <p class='ocr_par' dir='ltr' id='par_1_67' title="bbox 1093 405 1879 442">
     <span class='ocr_line' id='line_1_67' title="bbox 1093 405 1879 442; baseline 0.006 -11"><span class='ocrx_word' id='word_1_458' title='bbox 1093 407 1161 440; x_wconf 69' lang='grc' dir='ltr'>πρὸς</span> <span class='ocrx_word' id='word_1_459' title='bbox 1191 407 1266 440; x_wconf 77' lang='grc' dir='ltr'>ἡμᾶς</span> <span class='ocrx_word' id='word_1_460' title='bbox 1294 406 1384 440; x_wconf 78' lang='grc' dir='ltr'>λόγων</span> <span class='ocrx_word' id='word_1_461' title='bbox 1415 405 1494 439; x_wconf 75' lang='grc' dir='ltr'>οὗτος</span> <span class='ocrx_word' id='word_1_462' title='bbox 1523 408 1782 442; x_wconf 75' lang='grc' dir='ltr'>μεταδουλεὺσεται,</span> <span class='ocrx_word' id='word_1_463' title='bbox 1810 411 1879 437; x_wconf 72' lang='grc' dir='ltr'>ἀὶλα</span> 
     </span>
    </p>
   </div>
   <div class='ocr_carea' id='block_1_68' title="bbox 1092 451 1876 489">
    <p class='ocr_par' dir='ltr' id='par_1_68' title="bbox 1092 451 1876 489">
     <span class='ocr_line' id='line_1_68' title="bbox 1092 451 1876 489; baseline 0.006 -12"><span class='ocrx_word' id='word_1_464' title='bbox 1092 452 1158 482; x_wconf 77' lang='grc' dir='ltr'>Θεὸς</span> <span class='ocrx_word' id='word_1_465' title='bbox 1173 451 1256 478; x_wconf 67' lang='grc' dir='ltr'>αὑτὸν</span> <span class='ocrx_word' id='word_1_466' title='bbox 1267 452 1377 484; x_wconf 80' lang='grc' dir='ltr'>πάντως</span> <span class='ocrx_word' id='word_1_467' title='bbox 1388 453 1402 478; x_wconf 81' lang='grc' dir='ltr'><strong><em>ὁ</em></strong></span> <span class='ocrx_word' id='word_1_468' title='bbox 1420 453 1475 479; x_wconf 78' lang='grc' dir='ltr'>τῶν</span> <span class='ocrx_word' id='word_1_469' title='bbox 1494 453 1583 487; x_wconf 78' lang='grc' dir='ltr'>ὅρκων</span> <span class='ocrx_word' id='word_1_470' title='bbox 1596 453 1695 489; x_wconf 72' lang='grc' dir='ltr'>ἔφορος</span> <span class='ocrx_word' id='word_1_471' title='bbox 1716 456 1876 489; x_wconf 78' lang='grc' dir='ltr'><strong>ἀμυνεῖται,</strong></span> 
     </span>
    </p>
   </div>
   <div class='ocr_carea' id='block_1_69' title="bbox 1093 499 1877 537">
    <p class='ocr_par' dir='ltr' id='par_1_69' title="bbox 1093 499 1877 537">
     <span class='ocr_line' id='line_1_69' title="bbox 1093 499 1877 537; baseline 0.005 -13"><span class='ocrx_word' id='word_1_472' title='bbox 1093 499 1138 525; x_wconf 76' lang='grc' dir='ltr'>καὶ</span> <span class='ocrx_word' id='word_1_473' title='bbox 1152 499 1181 524; x_wconf 78' lang='grc' dir='ltr'>οὐ</span> <span class='ocrx_word' id='word_1_474' title='bbox 1199 499 1295 533; x_wconf 67' lang='grc' dir='ltr'>βραδὺς</span> <span class='ocrx_word' id='word_1_475' title='bbox 1306 499 1381 526; x_wconf 81' lang='grc' dir='ltr'>ἔσται</span> <span class='ocrx_word' id='word_1_476' title='bbox 1395 501 1463 534; x_wconf 71' lang='grc' dir='ltr'>ττρδς</span> <span class='ocrx_word' id='word_1_477' title='bbox 1480 500 1528 534; x_wconf 81' lang='grc' dir='ltr'>τὴν</span> <span class='ocrx_word' id='word_1_478' title='bbox 1543 500 1691 535; x_wconf 75' lang='grc' dir='ltr'>ἐκδίκησιν.</span> <span class='ocrx_word' id='word_1_479' title='bbox 1716 500 1796 536; x_wconf 83' lang='grc' dir='ltr'><strong>Ἡμῖν</strong></span> <span class='ocrx_word' id='word_1_480' title='bbox 1811 502 1877 537; x_wconf 81' lang='grc' dir='ltr'>γὰρ,</span> 
     </span>
    </p>
   </div>
   <div class='ocr_carea' id='block_1_70' title="bbox 1092 541 1879 580">
    <p class='ocr_par' dir='ltr' id='par_1_70' title="bbox 1092 541 1879 580">
     <span class='ocr_line' id='line_1_70' title="bbox 1092 541 1879 580; baseline 0.006 -11"><span class='ocrx_word' id='word_1_481' title='bbox 1092 541 1114 570; x_wconf 80' lang='grc' dir='ltr'><strong>ὦ</strong></span> <span class='ocrx_word' id='word_1_482' title='bbox 1129 544 1230 580; x_wconf 82' lang='grc' dir='ltr'>Σὼτερ,</span> <span class='ocrx_word' id='word_1_483' title='bbox 1243 545 1346 579; x_wconf 81' lang='grc' dir='ltr'>ἔλεγον,</span> <span class='ocrx_word' id='word_1_484' title='bbox 1361 546 1475 580; x_wconf 82' lang='grc' dir='ltr'>Χριστὲ,</span> <span class='ocrx_word' id='word_1_485' title='bbox 1492 546 1539 572; x_wconf 64' lang='grc' dir='ltr'><strong>καὶ¹</strong></span> <span class='ocrx_word' id='word_1_486' title='bbox 1558 546 1625 572; x_wconf 75' lang='grc' dir='ltr'>Θεοῦ</span> <span class='ocrx_word' id='word_1_487' title='bbox 1644 547 1690 573; x_wconf 78' lang='grc' dir='ltr'><strong>Υἱὲ</strong></span> <span class='ocrx_word' id='word_1_488' title='bbox 1710 548 1757 573; x_wconf 78' lang='grc' dir='ltr'><strong>καὶ</strong></span> <span class='ocrx_word' id='word_1_489' title='bbox 1771 547 1832 578; x_wconf 80' lang='grc' dir='ltr'><strong>Θεὲ,</strong></span> <span class='ocrx_word' id='word_1_490' title='bbox 1847 548 1879 574; x_wconf 82' lang='grc' dir='ltr'><strong>τὺ</strong></span> 
     </span>
    </p>
   </div>
   <div class='ocr_carea' id='block_1_71' title="bbox 1094 591 1878 628">
    <p class='ocr_par' dir='ltr' id='par_1_71' title="bbox 1094 591 1878 628">
     <span class='ocr_line' id='line_1_71' title="bbox 1094 591 1878 628; baseline 0.005 -12"><span class='ocrx_word' id='word_1_491' title='bbox 1094 591 1164 625; x_wconf 76' lang='grc' dir='ltr'>ὑπὲρ</span> <span class='ocrx_word' id='word_1_492' title='bbox 1179 591 1225 617; x_wconf 80' lang='grc' dir='ltr'>σοῦ</span> <span class='ocrx_word' id='word_1_493' title='bbox 1242 592 1289 617; x_wconf 84' lang='grc' dir='ltr'>καὶ</span> <span class='ocrx_word' id='word_1_494' title='bbox 1303 593 1463 625; x_wconf 75' lang='grc' dir='ltr'><strong>περιουσίας</strong></span> <span class='ocrx_word' id='word_1_495' title='bbox 1480 594 1570 627; x_wconf 80' lang='grc' dir='ltr'>πάσης</span> <span class='ocrx_word' id='word_1_496' title='bbox 1587 593 1751 628; x_wconf 69' lang='grc' dir='ltr'><strong>στερηθῆναι</strong></span> <span class='ocrx_word' id='word_1_497' title='bbox 1766 595 1813 620; x_wconf 71' lang='grc' dir='ltr'>καὶ</span> <span class='ocrx_word' id='word_1_498' title='bbox 1826 595 1878 628; x_wconf 75' lang='grc' dir='ltr'>τῆς</span> 
     </span>
    </p>
   </div>
   <div class='ocr_carea' id='block_1_72' title="bbox 1093 636 1881 674">
    <p class='ocr_par' dir='ltr' id='par_1_72' title="bbox 1093 636 1881 674">
     <span class='ocr_line' id='line_1_72' title="bbox 1093 636 1881 674; baseline 0.004 -11"><span class='ocrx_word' id='word_1_499' title='bbox 1093 636 1166 671; x_wconf 81' lang='grc' dir='ltr'><strong>ζωῆς</strong></span> <span class='ocrx_word' id='word_1_500' title='bbox 1199 637 1295 672; x_wconf 80' lang='grc' dir='ltr'>κέρδος</span> <span class='ocrx_word' id='word_1_501' title='bbox 1331 638 1396 664; x_wconf 69' lang='grc' dir='ltr'>αὐτὸ</span> <span class='ocrx_word' id='word_1_502' title='bbox 1424 638 1514 673; x_wconf 81' lang='grc' dir='ltr'>τυχόν.</span> <span class='ocrx_word' id='word_1_503' title='bbox 1542 639 1617 674; x_wconf 73' lang='grc' dir='ltr'>Μηδὲ</span> <span class='ocrx_word' id='word_1_504' title='bbox 1643 639 1749 672; x_wconf 78' lang='grc' dir='ltr'>γένοιτο</span> <span class='ocrx_word' id='word_1_505' title='bbox 1773 640 1803 666; x_wconf 84' lang='grc' dir='ltr'>τὸ</span> <span class='ocrx_word' id='word_1_506' title='bbox 1834 641 1881 666; x_wconf 75' lang='grc' dir='ltr'><strong>σὺν</strong></span> 
     </span>
    </p>
   </div>
   <div class='ocr_carea' id='block_1_73' title="bbox 1091 683 1874 718">
    <p class='ocr_par' dir='ltr' id='par_1_73' title="bbox 1091 683 1874 718">
     <span class='ocr_line' id='line_1_73' title="bbox 1091 683 1874 718; baseline 0.006 -11"><span class='ocrx_word' id='word_1_507' title='bbox 1091 683 1165 716; x_wconf 78' lang='grc' dir='ltr'>ἡμᾶς</span> <span class='ocrx_word' id='word_1_508' title='bbox 1175 683 1386 717; x_wconf 70' lang='grc' dir='ltr'><strong>ἀπαρνήσασθαι</strong></span> <span class='ocrx_word' id='word_1_509' title='bbox 1398 683 1494 718; x_wconf 75' lang='grc' dir='ltr'>ὄνομα,</span> <span class='ocrx_word' id='word_1_510' title='bbox 1507 684 1544 715; x_wconf 81' lang='grc' dir='ltr'>ὡς</span> <span class='ocrx_word' id='word_1_511' title='bbox 1563 686 1618 716; x_wconf 84' lang='grc' dir='ltr'>τοῖς</span> <span class='ocrx_word' id='word_1_512' title='bbox 1631 685 1743 712; x_wconf 69' lang='grc' dir='ltr'>ἀσεϐέσι</span> <span class='ocrx_word' id='word_1_513' title='bbox 1760 686 1874 717; x_wconf 77' lang='grc' dir='ltr'>σκοπὸς,</span> 
     </span>
    </p>
   </div>
   <div class='ocr_carea' id='block_1_74' title="bbox 1093 729 1880 766">
    <p class='ocr_par' dir='ltr' id='par_1_74' title="bbox 1093 729 1880 766">
     <span class='ocr_line' id='line_1_74' title="bbox 1093 729 1880 766; baseline 0.005 -12"><span class='ocrx_word' id='word_1_514' title='bbox 1093 729 1160 762; x_wconf 73' lang='grc' dir='ltr'>μηδὲ</span> <span class='ocrx_word' id='word_1_515' title='bbox 1195 729 1316 755; x_wconf 73' lang='grc' dir='ltr'>τοιοῦτον</span> <span class='ocrx_word' id='word_1_516' title='bbox 1346 730 1622 764; x_wconf 79' lang='grc' dir='ltr'>καταπραξαμὲνους,</span> <span class='ocrx_word' id='word_1_517' title='bbox 1656 729 1678 757; x_wconf 84' lang='grc' dir='ltr'><strong>ὧ</strong></span> <span class='ocrx_word' id='word_1_518' title='bbox 1709 732 1781 766; x_wconf 67' lang='grc' dir='ltr'>ἥλιε,</span> <span class='ocrx_word' id='word_1_519' title='bbox 1811 733 1880 762; x_wconf 76' lang='grc' dir='ltr'>ἴδοις</span> 
     </span>
    </p>
   </div>
   <div class='ocr_carea' id='block_1_75' title="bbox 1091 774 1877 809">
    <p class='ocr_par' dir='ltr' id='par_1_75' title="bbox 1091 774 1877 809">
     <span class='ocr_line' id='line_1_75' title="bbox 1091 774 1877 809; baseline 0.004 -9"><span class='ocrx_word' id='word_1_520' title='bbox 1091 775 1174 809; x_wconf 75' lang='grc' dir='ltr'>ἡμᾶς.</span> <span class='ocrx_word' id='word_1_521' title='bbox 1193 775 1245 801; x_wconf 67' lang='grc' dir='ltr'>Καὶ</span> <span class='ocrx_word' id='word_1_522' title='bbox 1270 775 1328 809; x_wconf 70' lang='grc' dir='ltr'>ἅμα</span> <span class='ocrx_word' id='word_1_523' title='bbox 1357 774 1485 808; x_wconf 73' lang='grc' dir='ltr'>λέγοντες</span> <span class='ocrx_word' id='word_1_524' title='bbox 1501 776 1565 808; x_wconf 84' lang='grc' dir='ltr'>ὅλας</span> <span class='ocrx_word' id='word_1_525' title='bbox 1585 778 1741 804; x_wconf 83' lang='grc' dir='ltr'>ἀναπετὼσι</span> <span class='ocrx_word' id='word_1_526' title='bbox 1758 778 1807 808; x_wconf 78' lang='grc' dir='ltr'><strong>τὰς</strong></span> <span class='ocrx_word' id='word_1_527' title='bbox 1823 778 1877 803; x_wconf 68' lang='grc' dir='ltr'><strong>πύ-</strong></span> 
     </span>
    </p>
   </div>
   <div class='ocr_carea' id='block_1_76' title="bbox 1092 820 1880 858">
    <p class='ocr_par' dir='ltr' id='par_1_76' title="bbox 1092 820 1880 858">
     <span class='ocr_line' id='line_1_76' title="bbox 1092 820 1880 858; baseline 0.008 -14"><span class='ocrx_word' id='word_1_528' title='bbox 1092 820 1150 850; x_wconf 70' lang='grc' dir='ltr'>ὶας,</span> <span class='ocrx_word' id='word_1_529' title='bbox 1168 820 1216 846; x_wconf 71' lang='grc' dir='ltr'><strong>καὶ</strong></span> <span class='ocrx_word' id='word_1_530' title='bbox 1233 820 1319 854; x_wconf 70' lang='grc' dir='ltr'>αὐτῆς</span> <span class='ocrx_word' id='word_1_531' title='bbox 1335 820 1410 846; x_wconf 75' lang='grc' dir='ltr'>ἔνδον</span> <span class='ocrx_word' id='word_1_532' title='bbox 1427 821 1475 855; x_wconf 83' lang='grc' dir='ltr'>τῆς</span> <span class='ocrx_word' id='word_1_533' title='bbox 1488 821 1592 852; x_wconf 76' lang='grc' dir='ltr'>πόλεως</span> <span class='ocrx_word' id='word_1_534' title='bbox 1610 823 1647 854; x_wconf 85' lang='grc' dir='ltr'>ὡς</span> <span class='ocrx_word' id='word_1_535' title='bbox 1659 823 1688 848; x_wconf 81' lang='grc' dir='ltr'>ἐν</span> <span class='ocrx_word' id='word_1_536' title='bbox 1703 823 1779 858; x_wconf 82' lang='grc' dir='ltr'>σηκῷ</span> <span class='ocrx_word' id='word_1_537' title='bbox 1795 823 1880 850; x_wconf 67' lang='grc' dir='ltr'>λύκον</span> 
     </span>
    </p>
   </div>
   <div class='ocr_carea' id='block_1_77' title="bbox 1094 865 1876 904">
    <p class='ocr_par' dir='ltr' id='par_1_77' title="bbox 1094 865 1876 904">
     <span class='ocr_line' id='line_1_77' title="bbox 1094 865 1876 904; baseline 0.004 -13"><span class='ocrx_word' id='word_1_538' title='bbox 1094 866 1140 891; x_wconf 66' lang='grc' dir='ltr'><strong>τὸν</strong></span> <span class='ocrx_word' id='word_1_539' title='bbox 1159 865 1276 900; x_wconf 64' lang='grc' dir='ltr'>πονηρὸν</span> <span class='ocrx_word' id='word_1_540' title='bbox 1293 866 1456 901; x_wconf 79' lang='grc' dir='ltr'><strong>εἰσδέχονται</strong></span> <span class='ocrx_word' id='word_1_541' title='bbox 1468 867 1590 901; x_wconf 81' lang='grc' dir='ltr'>βασιλέα.</span> <span class='ocrx_word' id='word_1_542' title='bbox 1608 867 1636 893; x_wconf 83' lang='lat'>&#39;0</span> <span class='ocrx_word' id='word_1_543' title='bbox 1651 868 1689 899; x_wconf 78' lang='grc' dir='ltr'><strong>δὲ,</strong></span> <span class='ocrx_word' id='word_1_544' title='bbox 1709 869 1755 894; x_wconf 76' lang='grc' dir='ltr'>καὶ</span> <span class='ocrx_word' id='word_1_545' title='bbox 1771 869 1876 904; x_wconf 81' lang='grc' dir='ltr'>σχῆμα,</span> 
     </span>
    </p>
   </div>
   <div class='ocr_carea' id='block_1_78' title="bbox 1094 911 1877 949">
    <p class='ocr_par' dir='ltr' id='par_1_78' title="bbox 1094 911 1877 949">
     <span class='ocr_line' id='line_1_78' title="bbox 1094 911 1877 949; baseline 0.004 -12"><span class='ocrx_word' id='word_1_546' title='bbox 1094 912 1140 938; x_wconf 74' lang='grc' dir='ltr'>καὶ</span> <span class='ocrx_word' id='word_1_547' title='bbox 1167 911 1253 943; x_wconf 78' lang='grc' dir='ltr'>θέσιν,</span> <span class='ocrx_word' id='word_1_548' title='bbox 1281 912 1329 938; x_wconf 64' lang='grc' dir='ltr'>καὶ</span> <span class='ocrx_word' id='word_1_549' title='bbox 1352 912 1381 937; x_wconf 60' lang='grc' dir='ltr'><strong>τ),</strong></span> <span class='ocrx_word' id='word_1_550' title='bbox 1405 911 1619 948; x_wconf 78' lang='grc' dir='ltr'>πολυάνθρωπον</span> <span class='ocrx_word' id='word_1_551' title='bbox 1646 914 1734 939; x_wconf 80' lang='grc' dir='ltr'>ἐκεῖνο</span> <span class='ocrx_word' id='word_1_552' title='bbox 1756 914 1807 949; x_wconf 74' lang='grc' dir='ltr'>τῆς</span> <span class='ocrx_word' id='word_1_553' title='bbox 1828 915 1877 940; x_wconf 78' lang='lat'><strong>7:6-</strong></span> 
     </span>
    </p>
   </div>
   <div class='ocr_carea' id='block_1_79' title="bbox 1094 957 1879 993">
    <p class='ocr_par' dir='ltr' id='par_1_79' title="bbox 1094 957 1879 993">
     <span class='ocr_line' id='line_1_79' title="bbox 1094 957 1879 993; baseline 0.003 -9"><span class='ocrx_word' id='word_1_554' title='bbox 1094 958 1173 989; x_wconf 84' lang='grc' dir='ltr'>λεως,</span> <span class='ocrx_word' id='word_1_555' title='bbox 1192 957 1228 988; x_wconf 78' lang='grc' dir='ltr'>ὡς</span> <span class='ocrx_word' id='word_1_556' title='bbox 1246 957 1273 983; x_wconf 71' lang='grc' dir='ltr'>δὲ</span> <span class='ocrx_word' id='word_1_557' title='bbox 1297 958 1343 984; x_wconf 62' lang='grc' dir='ltr'>καὶ</span> <span class='ocrx_word' id='word_1_558' title='bbox 1362 959 1391 984; x_wconf 77' lang='grc' dir='ltr'><strong>τὸ</strong></span> <span class='ocrx_word' id='word_1_559' title='bbox 1414 959 1562 993; x_wconf 77' lang='grc' dir='ltr'>περιφανὲς</span> <span class='ocrx_word' id='word_1_560' title='bbox 1580 959 1634 984; x_wconf 81' lang='grc' dir='ltr'>τῶν</span> <span class='ocrx_word' id='word_1_561' title='bbox 1658 959 1776 986; x_wconf 73' lang='grc' dir='ltr'>πολιτῶν</span> <span class='ocrx_word' id='word_1_562' title='bbox 1797 961 1879 986; x_wconf 74' lang='grc' dir='ltr'>ἐπαι-</span> 
     </span>
    </p>
   </div>
   <div class='ocr_carea' id='block_1_80' title="bbox 1093 1003 1879 1040">
    <p class='ocr_par' dir='ltr' id='par_1_80' title="bbox 1093 1003 1879 1040">
     <span class='ocr_line' id='line_1_80' title="bbox 1093 1003 1879 1040; baseline 0.003 -11"><span class='ocrx_word' id='word_1_563' title='bbox 1093 1003 1184 1034; x_wconf 81' lang='grc' dir='ltr'>νέσας,</span> <span class='ocrx_word' id='word_1_564' title='bbox 1206 1003 1290 1038; x_wconf 74' lang='grc' dir='ltr'><strong>ἐξῄει,</strong></span> <span class='ocrx_word' id='word_1_565' title='bbox 1305 1003 1379 1029; x_wconf 74' lang='grc' dir='ltr'>δεινά</span> <span class='ocrx_word' id='word_1_566' title='bbox 1398 1004 1461 1029; x_wconf 73' lang='grc' dir='ltr'>κατ’</span> <span class='ocrx_word' id='word_1_567' title='bbox 1486 1004 1577 1030; x_wconf 76' lang='grc' dir='ltr'>αὐτῶν</span> <span class='ocrx_word' id='word_1_568' title='bbox 1601 1005 1654 1039; x_wconf 69' lang='grc' dir='ltr'>ἄρα</span> <span class='ocrx_word' id='word_1_569' title='bbox 1669 1005 1723 1031; x_wconf 82' lang='grc' dir='ltr'><strong>τῶν</strong></span> <span class='ocrx_word' id='word_1_570' title='bbox 1738 1005 1787 1040; x_wconf 74' lang='grc' dir='ltr'>τὴν</span> <span class='ocrx_word' id='word_1_571' title='bbox 1799 1006 1879 1032; x_wconf 76' lang='grc' dir='ltr'>πόλιν</span> 
     </span>
    </p>
   </div>
   <div class='ocr_carea' id='block_1_81' title="bbox 1094 1049 1878 1086">
    <p class='ocr_par' dir='ltr' id='par_1_81' title="bbox 1094 1049 1878 1086">
     <span class='ocr_line' id='line_1_81' title="bbox 1094 1049 1878 1086; baseline 0.004 -11"><span class='ocrx_word' id='word_1_572' title='bbox 1094 1049 1244 1076; x_wconf 74' lang='grc' dir='ltr'>οἰκούντων</span> <span class='ocrx_word' id='word_1_573' title='bbox 1274 1049 1312 1080; x_wconf 83' lang='grc' dir='ltr'><strong>ὡς</strong></span> <span class='ocrx_word' id='word_1_574' title='bbox 1327 1050 1356 1075; x_wconf 64' lang='grc' dir='ltr'>τι</span> <span class='ocrx_word' id='word_1_575' title='bbox 1378 1050 1468 1085; x_wconf 78' lang='grc' dir='ltr'>πέρας</span> <span class='ocrx_word' id='word_1_576' title='bbox 1488 1050 1583 1082; x_wconf 78' lang='grc' dir='ltr'><strong>ἔδειξε,</strong></span> <span class='ocrx_word' id='word_1_577' title='bbox 1614 1052 1749 1086; x_wconf 59' lang='grc' dir='ltr'>στρέφων,</span> <span class='ocrx_word' id='word_1_578' title='bbox 1778 1052 1878 1086; x_wconf 85' lang='grc' dir='ltr'>ὅρκους</span> 
     </span>
    </p>
   </div>
   <div class='ocr_carea' id='block_1_82' title="bbox 1095 1096 1878 1131">
    <p class='ocr_par' dir='ltr' id='par_1_82' title="bbox 1095 1096 1878 1131">
     <span class='ocr_line' id='line_1_82' title="bbox 1095 1096 1878 1131; baseline 0.005 -10"><span class='ocrx_word' id='word_1_579' title='bbox 1095 1096 1141 1121; x_wconf 78' lang='grc' dir='ltr'>καὶ</span> <span class='ocrx_word' id='word_1_580' title='bbox 1162 1096 1312 1130; x_wconf 80' lang='grc' dir='ltr'>συνθήκας,</span> <span class='ocrx_word' id='word_1_581' title='bbox 1331 1097 1378 1122; x_wconf 78' lang='grc' dir='ltr'>καὶ</span> <span class='ocrx_word' id='word_1_582' title='bbox 1403 1096 1454 1122; x_wconf 73' lang='grc' dir='ltr'>ὅσα</span> <span class='ocrx_word' id='word_1_583' title='bbox 1485 1096 1552 1122; x_wconf 73' lang='grc' dir='ltr'>ἄλλα</span> <span class='ocrx_word' id='word_1_584' title='bbox 1579 1097 1648 1131; x_wconf 62' lang='grc' dir='ltr'>προς</span> <span class='ocrx_word' id='word_1_585' title='bbox 1674 1098 1766 1124; x_wconf 78' lang='grc' dir='ltr'>πίστιν</span> <span class='ocrx_word' id='word_1_586' title='bbox 1785 1098 1878 1131; x_wconf 74' lang='grc' dir='ltr'>αὐτοῖς</span> 
     </span>
    </p>
   </div>
   <div class='ocr_carea' id='block_1_83' title="bbox 1095 1141 1876 1179">
    <p class='ocr_par' dir='ltr' id='par_1_83' title="bbox 1095 1141 1876 1179">
     <span class='ocr_line' id='line_1_83' title="bbox 1095 1141 1876 1179; baseline 0.005 -13"><span class='ocrx_word' id='word_1_587' title='bbox 1095 1141 1261 1175; x_wconf 73' lang='grc' dir='ltr'>παρέσχετο,</span> <span class='ocrx_word' id='word_1_588' title='bbox 1272 1141 1385 1174; x_wconf 11' lang='grc' dir='ltr'>ςπαίδων</span> <span class='ocrx_word' id='word_1_589' title='bbox 1402 1141 1509 1176; x_wconf 68' lang='grc' dir='ltr'>ἀπάτην</span> <span class='ocrx_word' id='word_1_590' title='bbox 1526 1141 1596 1168; x_wconf 73' lang='grc' dir='ltr'>εἶναι</span> <span class='ocrx_word' id='word_1_591' title='bbox 1612 1142 1738 1176; x_wconf 73' lang='grc' dir='ltr'>νομίσας,</span> <span class='ocrx_word' id='word_1_592' title='bbox 1760 1145 1808 1170; x_wconf 48' lang='grc' dir='ltr'>καὶ.</span> <span class='ocrx_word' id='word_1_593' title='bbox 1824 1144 1876 1179; x_wconf 71' lang='grc' dir='ltr'><strong>ἠδη</strong></span> 
     </span>
    </p>
   </div>
   <div class='ocr_carea' id='block_1_84' title="bbox 1095 1185 1740 1222">
    <p class='ocr_par' dir='ltr' id='par_1_84' title="bbox 1095 1185 1740 1222">
     <span class='ocr_line' id='line_1_84' title="bbox 1095 1185 1740 1222; baseline 0.002 -10"><span class='ocrx_word' id='word_1_594' title='bbox 1095 1186 1162 1221; x_wconf 69' lang='grc' dir='ltr'>πρὸς</span> <span class='ocrx_word' id='word_1_595' title='bbox 1175 1187 1333 1220; x_wconf 65' lang='grc' dir='ltr'>ἀνατροπὴν</span> <span class='ocrx_word' id='word_1_596' title='bbox 1348 1187 1438 1212; x_wconf 76' lang='grc' dir='ltr'>αὐτῶν</span> <span class='ocrx_word' id='word_1_597' title='bbox 1451 1185 1740 1222; x_wconf 61' lang='grc' dir='ltr'><strong>παρασκευαζόμενος.</strong></span> 
     </span>
    </p>
   </div>
   <div class='ocr_carea' id='block_1_85' title="bbox 1131 1230 1876 1268">
    <p class='ocr_par' dir='ltr' id='par_1_85' title="bbox 1131 1230 1876 1268">
     <span class='ocr_line' id='line_1_85' title="bbox 1131 1230 1876 1268; baseline 0.001 -10"><span class='ocrx_word' id='word_1_598' title='bbox 1131 1230 1168 1258; x_wconf 92' lang='grc' dir='ltr'><strong>Ζ’.</strong></span> <span class='ocrx_word' id='word_1_599' title='bbox 1195 1232 1300 1258; x_wconf 83' lang='grc' dir='ltr'>Ἕωθεν</span> <span class='ocrx_word' id='word_1_600' title='bbox 1323 1230 1368 1258; x_wconf 84' lang='grc' dir='ltr'>οὖν</span> <span class='ocrx_word' id='word_1_601' title='bbox 1388 1232 1446 1266; x_wconf 74' lang='grc' dir='ltr'>ἅμα</span> <span class='ocrx_word' id='word_1_602' title='bbox 1463 1233 1533 1267; x_wconf 66' lang='grc' dir='ltr'>φωτὶ</span> <span class='ocrx_word' id='word_1_603' title='bbox 1551 1233 1603 1265; x_wconf 76' lang='grc' dir='ltr'><strong>ἔξω</strong></span> <span class='ocrx_word' id='word_1_604' title='bbox 1621 1233 1719 1268; x_wconf 81' lang='grc' dir='ltr'>τειχῶν</span> <span class='ocrx_word' id='word_1_605' title='bbox 1733 1233 1782 1268; x_wconf 74' lang='grc' dir='ltr'>τὴν</span> <span class='ocrx_word' id='word_1_606' title='bbox 1799 1233 1876 1260; x_wconf 82' lang='grc' dir='ltr'>πόλιν</span> 
     </span>
    </p>
   </div>
   <div class='ocr_carea' id='block_1_86' title="bbox 1095 1277 1879 1313">
    <p class='ocr_par' dir='ltr' id='par_1_86' title="bbox 1095 1277 1879 1313">
     <span class='ocr_line' id='line_1_86' title="bbox 1095 1277 1879 1313; baseline 0.001 -9"><span class='ocrx_word' id='word_1_607' title='bbox 1095 1277 1187 1304; x_wconf 78' lang='grc' dir='ltr'>ἐκάλει</span> <span class='ocrx_word' id='word_1_608' title='bbox 1200 1285 1207 1292; x_wconf 90' lang='grc'>·</span> <span class='ocrx_word' id='word_1_609' title='bbox 1225 1279 1272 1304; x_wconf 75' lang='grc' dir='ltr'>καὶ</span> <span class='ocrx_word' id='word_1_610' title='bbox 1288 1278 1414 1312; x_wconf 77' lang='grc' dir='ltr'>παρῆσαν</span> <span class='ocrx_word' id='word_1_611' title='bbox 1434 1279 1489 1304; x_wconf 78' lang='grc' dir='ltr'>ὃτοι</span> <span class='ocrx_word' id='word_1_612' title='bbox 1510 1278 1618 1313; x_wconf 84' lang='grc' dir='ltr'>πλούτῳ</span> <span class='ocrx_word' id='word_1_613' title='bbox 1639 1281 1686 1305; x_wconf 75' lang='grc' dir='ltr'>καὶ</span> <span class='ocrx_word' id='word_1_614' title='bbox 1703 1279 1766 1313; x_wconf 80' lang='grc' dir='ltr'><strong>δόξῃ</strong></span> <span class='ocrx_word' id='word_1_615' title='bbox 1786 1279 1879 1313; x_wconf 78' lang='grc' dir='ltr'>διαφέ-</span> 
     </span>
    </p>
   </div>
   <div class='ocr_carea' id='block_1_87' title="bbox 1097 1320 1877 1358">
    <p class='ocr_par' dir='ltr' id='par_1_87' title="bbox 1097 1320 1877 1358">
     <span class='ocr_line' id='line_1_87' title="bbox 1097 1320 1877 1358; baseline 0.001 -9"><span class='ocrx_word' id='word_1_616' title='bbox 1097 1331 1188 1358; x_wconf 80' lang='grc' dir='ltr'>ροντες</span> <span class='ocrx_word' id='word_1_617' title='bbox 1205 1320 1276 1358; x_wconf 84' lang='grc' dir='ltr'>ἦσαν</span> <span class='ocrx_word' id='word_1_618' title='bbox 1288 1331 1294 1338; x_wconf 88' lang='grc'><strong>·</strong></span> <span class='ocrx_word' id='word_1_619' title='bbox 1308 1323 1356 1349; x_wconf 77' lang='grc' dir='ltr'>καὶ</span> <span class='ocrx_word' id='word_1_620' title='bbox 1374 1323 1427 1357; x_wconf 71' lang='grc' dir='ltr'><strong>πρὸ</strong></span> <span class='ocrx_word' id='word_1_621' title='bbox 1442 1323 1496 1349; x_wconf 82' lang='grc' dir='ltr'><strong>τῶν</strong></span> <span class='ocrx_word' id='word_1_622' title='bbox 1511 1323 1597 1350; x_wconf 80' lang='grc' dir='ltr'>ἄλλων</span> <span class='ocrx_word' id='word_1_623' title='bbox 1616 1324 1698 1355; x_wconf 75' lang='grc' dir='ltr'>αὐτὸς</span> <span class='ocrx_word' id='word_1_624' title='bbox 1718 1325 1732 1350; x_wconf 89' lang='grc' dir='ltr'>ὁ</span> <span class='ocrx_word' id='word_1_625' title='bbox 1750 1325 1798 1350; x_wconf 76' lang='grc' dir='ltr'><strong>καὶ</strong></span> <span class='ocrx_word' id='word_1_626' title='bbox 1809 1325 1877 1351; x_wconf 84' lang='grc' dir='ltr'>πάν-</span> 
     </span>
    </p>
   </div>
   <div class='ocr_carea' id='block_1_88' title="bbox 1094 1369 1878 1405">
    <p class='ocr_par' dir='ltr' id='par_1_88' title="bbox 1094 1369 1878 1405">
     <span class='ocr_line' id='line_1_88' title="bbox 1094 1369 1878 1405; baseline 0.001 -10"><span class='ocrx_word' id='word_1_627' title='bbox 1094 1377 1149 1395; x_wconf 86' lang='grc' dir='ltr'><strong>των</strong></span> <span class='ocrx_word' id='word_1_628' title='bbox 1161 1369 1242 1404; x_wconf 73' lang='grc' dir='ltr'><strong>¹πολιᾷ</strong></span> <span class='ocrx_word' id='word_1_629' title='bbox 1257 1369 1304 1395; x_wconf 70' lang='grc' dir='ltr'>καὶ</span> <span class='ocrx_word' id='word_1_630' title='bbox 1322 1369 1440 1400; x_wconf 77' lang='grc' dir='ltr'>συνέσει.</span> <span class='ocrx_word' id='word_1_631' title='bbox 1459 1369 1504 1396; x_wconf 80' lang='grc' dir='ltr'>καὶ</span> <span class='ocrx_word' id='word_1_632' title='bbox 1521 1369 1558 1403; x_wconf 81' lang='grc' dir='ltr'><strong>τῷ</strong></span> <span class='ocrx_word' id='word_1_633' title='bbox 1581 1370 1635 1396; x_wconf 85' lang='grc' dir='ltr'>τῶν</span> <span class='ocrx_word' id='word_1_634' title='bbox 1651 1370 1724 1404; x_wconf 70' lang='grc' dir='ltr'>ἠθῶν</span> <span class='ocrx_word' id='word_1_635' title='bbox 1747 1370 1878 1405; x_wconf 76' lang='grc' dir='ltr'><strong>εὐκόσμῳ</strong></span> 
     </span>
    </p>
   </div>
   <div class='ocr_carea' id='block_1_89' title="bbox 1094 1413 1874 1449">
    <p class='ocr_par' dir='ltr' id='par_1_89' title="bbox 1094 1413 1874 1449">
     <span class='ocr_line' id='line_1_89' title="bbox 1094 1413 1874 1449; baseline 0.001 -9"><span class='ocrx_word' id='word_1_636' title='bbox 1094 1413 1309 1448; x_wconf 79' lang='grc' dir='ltr'>διαφορώτατος,</span> <span class='ocrx_word' id='word_1_637' title='bbox 1330 1414 1469 1449; x_wconf 73' lang='grc' dir='ltr'>Ἀρὲθαςΰ</span> <span class='ocrx_word' id='word_1_638' title='bbox 1484 1414 1566 1446; x_wconf 79' lang='grc' dir='ltr'><strong>θεῖος1</strong></span> <span class='ocrx_word' id='word_1_639' title='bbox 1581 1414 1664 1449; x_wconf 71' lang='grc' dir='ltr'>φημὶ.</span> <span class='ocrx_word' id='word_1_640' title='bbox 1691 1415 1705 1441; x_wconf 84' lang='grc' dir='ltr'><strong>δ</strong></span> <span class='ocrx_word' id='word_1_641' title='bbox 1726 1415 1773 1441; x_wconf 72' lang='grc' dir='ltr'><strong>καὶ</strong></span> <span class='ocrx_word' id='word_1_642' title='bbox 1789 1416 1874 1449; x_wconf 79' lang='grc' dir='ltr'>αὐτὴν</span> 
     </span>
    </p>
   </div>
   <div class='ocr_carea' id='block_1_90' title="bbox 1094 1458 1877 1494">
    <p class='ocr_par' dir='ltr' id='par_1_90' title="bbox 1094 1458 1877 1494">
     <span class='ocr_line' id='line_1_90' title="bbox 1094 1458 1877 1494; baseline 0.003 -9"><span class='ocrx_word' id='word_1_643' title='bbox 1094 1459 1179 1493; x_wconf 72' lang='grc' dir='ltr'>δήπου</span> <span class='ocrx_word' id='word_1_644' title='bbox 1193 1459 1244 1493; x_wconf 86' lang='grc' dir='ltr'>τὴν</span> <span class='ocrx_word' id='word_1_645' title='bbox 1260 1458 1347 1494; x_wconf 81' lang='grc' dir='ltr'>ἀρχὴν</span> <span class='ocrx_word' id='word_1_646' title='bbox 1364 1459 1415 1494; x_wconf 83' lang='grc' dir='ltr'>τῆς</span> <span class='ocrx_word' id='word_1_647' title='bbox 1451 1459 1556 1490; x_wconf 76' lang='grc' dir='ltr'>πόλεως</span> <span class='ocrx_word' id='word_1_648' title='bbox 1569 1460 1821 1494; x_wconf 80' lang='grc' dir='ltr'>ἐγκεχειρισμένος.</span> <span class='ocrx_word' id='word_1_649' title='bbox 1845 1460 1877 1487; x_wconf 85' lang='grc' dir='ltr'><strong>Οἶ</strong></span> 
     </span>
    </p>
   </div>
   <div class='ocr_carea' id='block_1_91' title="bbox 1095 1497 1877 1538">
    <p class='ocr_par' dir='ltr' id='par_1_91' title="bbox 1095 1502 1877 1538">
     <span class='ocr_line' id='line_1_91' title="bbox 1095 1502 1877 1538; baseline 0.003 -8"><span class='ocrx_word' id='word_1_650' title='bbox 1095 1505 1142 1530; x_wconf 73' lang='grc' dir='ltr'>καὶ</span> <span class='ocrx_word' id='word_1_651' title='bbox 1166 1502 1236 1538; x_wconf 81' lang='grc' dir='ltr'>ἦσαν</span> <span class='ocrx_word' id='word_1_652' title='bbox 1254 1504 1468 1536; x_wconf 73' lang='grc' dir='ltr'>ἐπιθειάζοντες,</span> <span class='ocrx_word' id='word_1_653' title='bbox 1488 1505 1690 1538; x_wconf 72' lang='grc' dir='ltr'>εὐφημοῦντες,</span> <span class='ocrx_word' id='word_1_654' title='bbox 1717 1507 1764 1531; x_wconf 74' lang='grc' dir='ltr'><strong>καὶ</strong></span> <span class='ocrx_word' id='word_1_655' title='bbox 1786 1506 1877 1532; x_wconf 75' lang='grc' dir='ltr'>πᾶσαν</span> 
     </span>
    </p>
   </div>
   <div class='ocr_carea' id='block_1_92' title="bbox 1056 1549 1875 1589">
    <p class='ocr_par' dir='ltr' id='par_1_92' title="bbox 1056 1549 1875 1589">
     <span class='ocr_line' id='line_1_92' title="bbox 1056 1549 1875 1589; baseline 0.001 -13"><span class='ocrx_word' id='word_1_656' title='bbox 1056 1560 1078 1589; x_wconf 74' lang='lat' dir='ltr'><strong>c</strong></span> <span class='ocrx_word' id='word_1_657' title='bbox 1094 1550 1178 1585; x_wconf 80' lang='grc' dir='ltr'>τιμὴν</span> <span class='ocrx_word' id='word_1_658' title='bbox 1190 1551 1372 1584; x_wconf 77' lang='grc' dir='ltr'>ἀπονέμοντες</span> <span class='ocrx_word' id='word_1_659' title='bbox 1387 1550 1425 1584; x_wconf 80' lang='grc' dir='ltr'><strong>τῷ</strong></span> <span class='ocrx_word' id='word_1_660' title='bbox 1435 1549 1558 1576; x_wconf 75' lang='grc' dir='ltr'>δοκοῦντι</span> <span class='ocrx_word' id='word_1_661' title='bbox 1578 1551 1681 1584; x_wconf 69' lang='grc' dir='ltr'>σωτῆρι</span> <span class='ocrx_word' id='word_1_662' title='bbox 1696 1552 1742 1577; x_wconf 72' lang='grc' dir='ltr'>καὶ</span> <span class='ocrx_word' id='word_1_663' title='bbox 1758 1551 1875 1585; x_wconf 84' lang='grc' dir='ltr'>βασιλεῖ.</span> 
     </span>
    </p>
   </div>
   <div class='ocr_carea' id='block_1_93' title="bbox 1100 1593 1877 1632">
    <p class='ocr_par' dir='ltr' id='par_1_93' title="bbox 1100 1593 1877 1632">
     <span class='ocr_line' id='line_1_93' title="bbox 1100 1593 1877 1632; baseline 0.003 -11"><span class='ocrx_word' id='word_1_664' title='bbox 1100 1596 1129 1622; x_wconf 94' lang='lat'><strong>&#39;0</strong></span> <span class='ocrx_word' id='word_1_665' title='bbox 1143 1596 1171 1622; x_wconf 77' lang='grc' dir='ltr'>δὲ</span> <span class='ocrx_word' id='word_1_666' title='bbox 1185 1595 1290 1630; x_wconf 72' lang='grc' dir='ltr'>μέμψιν</span> <span class='ocrx_word' id='word_1_667' title='bbox 1302 1593 1372 1622; x_wconf 76' lang='grc' dir='ltr'>εἶναι</span> <span class='ocrx_word' id='word_1_668' title='bbox 1387 1596 1502 1630; x_wconf 77' lang='grc' dir='ltr'>νομίσας</span> <span class='ocrx_word' id='word_1_669' title='bbox 1517 1596 1548 1622; x_wconf 87' lang='grc' dir='ltr'><strong>τδ</strong></span> <span class='ocrx_word' id='word_1_670' title='bbox 1561 1597 1600 1627; x_wconf 71' lang='grc' dir='ltr'>εἰς</span> <span class='ocrx_word' id='word_1_671' title='bbox 1611 1597 1744 1628; x_wconf 71' lang='grc' dir='ltr'>ἀναϐολὰς</span> <span class='ocrx_word' id='word_1_672' title='bbox 1760 1597 1877 1632; x_wconf 77' lang='grc' dir='ltr'>ὀφθῆναι</span> 
     </span>
    </p>
   </div>
   <div class='ocr_carea' id='block_1_94' title="bbox 1094 1641 1877 1676">
    <p class='ocr_par' dir='ltr' id='par_1_94' title="bbox 1094 1641 1877 1676">
     <span class='ocr_line' id='line_1_94' title="bbox 1094 1641 1877 1676; baseline 0.003 -9"><span class='ocrx_word' id='word_1_673' title='bbox 1094 1642 1189 1674; x_wconf 61' lang='grc' dir='ltr'>κακὸς,</span> <span class='ocrx_word' id='word_1_674' title='bbox 1214 1642 1260 1667; x_wconf 72' lang='grc' dir='ltr'>καὶ</span> <span class='ocrx_word' id='word_1_675' title='bbox 1291 1641 1328 1676; x_wconf 82' lang='grc' dir='ltr'>μὴ</span> <span class='ocrx_word' id='word_1_676' title='bbox 1358 1641 1520 1675; x_wconf 79' lang='grc' dir='ltr'>ἀναμείνας,</span> <span class='ocrx_word' id='word_1_677' title='bbox 1543 1641 1728 1668; x_wconf 73' lang='grc' dir='ltr'>άναχαλύπτει</span> <span class='ocrx_word' id='word_1_678' title='bbox 1743 1642 1789 1668; x_wconf 72' lang='grc' dir='ltr'><strong>τὸν</strong></span> <span class='ocrx_word' id='word_1_679' title='bbox 1803 1643 1877 1669; x_wconf 81' lang='grc' dir='ltr'>ἔνδον</span> 
     </span>
    </p>
   </div>
   <div class='ocr_carea' id='block_1_95' title="bbox 1094 1686 1877 1722">
    <p class='ocr_par' dir='ltr' id='par_1_95' title="bbox 1094 1686 1877 1722">
     <span class='ocr_line' id='line_1_95' title="bbox 1094 1686 1877 1722; baseline 0 -8"><span class='ocrx_word' id='word_1_680' title='bbox 1094 1686 1284 1722; x_wconf 77' lang='grc' dir='ltr'>κρυπτόμενον</span> <span class='ocrx_word' id='word_1_681' title='bbox 1308 1687 1442 1719; x_wconf 79' lang='grc' dir='ltr'>Δουναὰν,</span> <span class='ocrx_word' id='word_1_682' title='bbox 1459 1687 1508 1713; x_wconf 81' lang='grc' dir='ltr'>καὶ</span> <span class='ocrx_word' id='word_1_683' title='bbox 1529 1688 1634 1718; x_wconf 81' lang='grc' dir='ltr'>πάντας</span> <span class='ocrx_word' id='word_1_684' title='bbox 1658 1688 1739 1718; x_wconf 65' lang='grc' dir='ltr'>εὐθὺς</span> <span class='ocrx_word' id='word_1_685' title='bbox 1765 1688 1877 1715; x_wconf 80' lang='grc' dir='ltr'>ἐκέλευε</span> 
     </span>
    </p>
   </div>
   <div class='ocr_carea' id='block_1_96' title="bbox 1095 1732 1878 1769">
    <p class='ocr_par' dir='ltr' id='par_1_96' title="bbox 1095 1732 1878 1769">
     <span class='ocr_line' id='line_1_96' title="bbox 1095 1732 1878 1769; baseline 0.003 -11"><span class='ocrx_word' id='word_1_686' title='bbox 1095 1733 1223 1763; x_wconf 75' lang='grc' dir='ltr'>δεθέντας</span> <span class='ocrx_word' id='word_1_687' title='bbox 1247 1733 1437 1767; x_wconf 83' lang='grc' dir='ltr'>φρουρεῖσθαι.</span> <span class='ocrx_word' id='word_1_688' title='bbox 1463 1732 1529 1759; x_wconf 81' lang='grc' dir='ltr'>Εἶτα</span> <span class='ocrx_word' id='word_1_689' title='bbox 1553 1734 1600 1759; x_wconf 75' lang='grc' dir='ltr'>καὶ</span> <span class='ocrx_word' id='word_1_690' title='bbox 1625 1733 1678 1759; x_wconf 84' lang='grc' dir='ltr'>τῶν</span> <span class='ocrx_word' id='word_1_691' title='bbox 1698 1733 1878 1769; x_wconf 75' lang='grc' dir='ltr'><strong>ὑπαρχόντων</strong></span> 
     </span>
    </p>
   </div>
   <div class='ocr_carea' id='block_1_97' title="bbox 1094 1777 1878 1814">
    <p class='ocr_par' dir='ltr' id='par_1_97' title="bbox 1094 1777 1878 1814">
     <span class='ocr_line' id='line_1_97' title="bbox 1094 1777 1878 1814; baseline 0.004 -11"><span class='ocrx_word' id='word_1_692' title='bbox 1094 1777 1226 1812; x_wconf 77' lang='grc' dir='ltr'>ἐγύμνου,</span> <span class='ocrx_word' id='word_1_693' title='bbox 1250 1778 1298 1803; x_wconf 77' lang='grc' dir='ltr'>καὶ</span> <span class='ocrx_word' id='word_1_694' title='bbox 1319 1778 1524 1811; x_wconf 76' lang='grc' dir='ltr'>διεπυνθάνετο,</span> <span class='ocrx_word' id='word_1_695' title='bbox 1546 1779 1598 1805; x_wconf 73' lang='grc' dir='ltr'>ποῦ</span> <span class='ocrx_word' id='word_1_696' title='bbox 1617 1779 1649 1806; x_wconf 85' lang='grc' dir='ltr'><strong>ἂν</strong></span> <span class='ocrx_word' id='word_1_697' title='bbox 1677 1780 1719 1814; x_wconf 82' lang='grc' dir='ltr'>εῐη</span> <span class='ocrx_word' id='word_1_698' title='bbox 1740 1780 1847 1812; x_wconf 70' lang='grc' dir='ltr'>Παῦλος</span> <span class='ocrx_word' id='word_1_699' title='bbox 1863 1782 1878 1807; x_wconf 83' lang='grc' dir='ltr'><strong>ό</strong></span> 
     </span>
    </p>
   </div>
   <div class='ocr_carea' id='block_1_98' title="bbox 1092 1823 1877 1861">
    <p class='ocr_par' dir='ltr' id='par_1_98' title="bbox 1092 1823 1877 1861">
     <span class='ocr_line' id='line_1_98' title="bbox 1092 1823 1877 1861; baseline 0.005 -12"><span class='ocrx_word' id='word_1_700' title='bbox 1092 1823 1195 1850; x_wconf 77' lang='grc' dir='ltr'>τούτων</span> <span class='ocrx_word' id='word_1_701' title='bbox 1220 1824 1382 1855; x_wconf 81' lang='grc' dir='ltr'>ἐπίσκοπος.</span> <span class='ocrx_word' id='word_1_702' title='bbox 1400 1824 1445 1854; x_wconf 81' lang='grc' dir='ltr'>Ὠς</span> <span class='ocrx_word' id='word_1_703' title='bbox 1461 1825 1489 1850; x_wconf 79' lang='grc' dir='ltr'>δὲ</span> <span class='ocrx_word' id='word_1_704' title='bbox 1509 1825 1635 1851; x_wconf 81' lang='grc' dir='ltr'>τεθνάναι</span> <span class='ocrx_word' id='word_1_705' title='bbox 1651 1825 1778 1861; x_wconf 80' lang='grc' dir='ltr'>δεύτερον</span> <span class='ocrx_word' id='word_1_706' title='bbox 1795 1827 1877 1853; x_wconf 74' lang='grc' dir='ltr'>αὐτὸν</span> 
     </span>
    </p>
   </div>
   <div class='ocr_carea' id='block_1_99' title="bbox 1093 1870 1878 1908">
    <p class='ocr_par' dir='ltr' id='par_1_99' title="bbox 1093 1870 1878 1908">
     <span class='ocr_line' id='line_1_99' title="bbox 1093 1870 1878 1908; baseline 0.005 -13"><span class='ocrx_word' id='word_1_707' title='bbox 1093 1870 1143 1904; x_wconf 71' lang='grc' dir='ltr'>ἤδη</span> <span class='ocrx_word' id='word_1_708' title='bbox 1173 1870 1270 1905; x_wconf 82' lang='grc' dir='ltr'>χρόνον</span> <span class='ocrx_word' id='word_1_709' title='bbox 1297 1871 1445 1905; x_wconf 77' lang='grc' dir='ltr'>ἐμάνθανε,</span> <span class='ocrx_word' id='word_1_710' title='bbox 1470 1871 1508 1906; x_wconf 81' lang='grc' dir='ltr'>μὴ</span> <span class='ocrx_word' id='word_1_711' title='bbox 1532 1871 1602 1906; x_wconf 82' lang='grc' dir='ltr'><strong>ἔχων</strong></span> <span class='ocrx_word' id='word_1_712' title='bbox 1629 1871 1695 1897; x_wconf 75' lang='grc' dir='ltr'>ὅπου</span> <span class='ocrx_word' id='word_1_713' title='bbox 1721 1875 1770 1907; x_wconf 76' lang='grc' dir='ltr'><strong>την</strong></span> <span class='ocrx_word' id='word_1_714' title='bbox 1791 1873 1878 1908; x_wconf 75' lang='grc' dir='ltr'>ὀργὴν</span> 
     </span>
    </p>
   </div>
   <div class='ocr_carea' id='block_1_100' title="bbox 1093 1914 1876 1951">
    <p class='ocr_par' dir='ltr' id='par_1_100' title="bbox 1093 1914 1876 1951">
     <span class='ocr_line' id='line_1_100' title="bbox 1093 1914 1876 1951; baseline 0.005 -12"><span class='ocrx_word' id='word_1_715' title='bbox 1093 1915 1185 1949; x_wconf 68' lang='grc' dir='ltr'>ἐπαφῇ</span> <span class='ocrx_word' id='word_1_716' title='bbox 1206 1914 1275 1949; x_wconf 83' lang='grc' dir='ltr'>πρὸς</span> <span class='ocrx_word' id='word_1_717' title='bbox 1288 1915 1338 1949; x_wconf 79' lang='grc' dir='ltr'>τὴν</span> <span class='ocrx_word' id='word_1_718' title='bbox 1362 1916 1436 1940; x_wconf 80' lang='grc' dir='ltr'>κόνιν</span> <span class='ocrx_word' id='word_1_719' title='bbox 1458 1915 1567 1950; x_wconf 82' lang='grc' dir='ltr'>ἐχώρει,</span> <span class='ocrx_word' id='word_1_720' title='bbox 1585 1915 1632 1941; x_wconf 83' lang='grc' dir='ltr'>καὶ</span> <span class='ocrx_word' id='word_1_721' title='bbox 1657 1917 1816 1951; x_wconf 78' lang='grc' dir='ltr'>ἀνορύττειν</span> <span class='ocrx_word' id='word_1_722' title='bbox 1831 1918 1876 1943; x_wconf 67' lang='grc' dir='ltr'>τὸν</span> 
     </span>
    </p>
   </div>
   <div class='ocr_carea' id='block_1_101' title="bbox 1092 1959 1878 1997">
    <p class='ocr_par' dir='ltr' id='par_1_101' title="bbox 1092 1959 1878 1997">
     <span class='ocr_line' id='line_1_101' title="bbox 1092 1959 1878 1997; baseline 0.005 -12"><span class='ocrx_word' id='word_1_723' title='bbox 1092 1959 1177 1994; x_wconf 75' lang='grc' dir='ltr'>τάφον</span> <span class='ocrx_word' id='word_1_724' title='bbox 1197 1959 1378 1995; x_wconf 80' lang='grc' dir='ltr'>προσέταττε,</span> <span class='ocrx_word' id='word_1_725' title='bbox 1402 1961 1450 1986; x_wconf 79' lang='grc' dir='ltr'>καὶ</span> <span class='ocrx_word' id='word_1_726' title='bbox 1471 1961 1517 1987; x_wconf 84' lang='grc' dir='ltr'>τὸν</span> <span class='ocrx_word' id='word_1_727' title='bbox 1532 1961 1638 1987; x_wconf 75' lang='grc' dir='ltr'>ἐκείνου</span> <span class='ocrx_word' id='word_1_728' title='bbox 1668 1963 1766 1997; x_wconf 74' lang='grc' dir='ltr'>νεκρὸν</span> <span class='ocrx_word' id='word_1_729' title='bbox 1795 1971 1878 1989; x_wconf 83' lang='grc' dir='ltr'>κατα-</span> 
     </span>
    </p>
   </div>
   <div class='ocr_carea' id='block_1_102' title="bbox 1092 2004 1878 2042">
    <p class='ocr_par' dir='ltr' id='par_1_102' title="bbox 1092 2004 1878 2042">
     <span class='ocr_line' id='line_1_102' title="bbox 1092 2004 1878 2042; baseline 0.003 -12"><span class='ocrx_word' id='word_1_730' title='bbox 1092 2005 1232 2036; x_wconf 80' lang='grc' dir='ltr'>καίοντας,</span> <span class='ocrx_word' id='word_1_731' title='bbox 1249 2005 1289 2036; x_wconf 87' lang='grc' dir='ltr'><strong>εἰς</strong></span> <span class='ocrx_word' id='word_1_732' title='bbox 1304 2005 1372 2039; x_wconf 83' lang='grc' dir='ltr'>ἀέρα</span> <span class='ocrx_word' id='word_1_733' title='bbox 1387 2004 1499 2039; x_wconf 84' lang='grc' dir='ltr'>λικμᾷν.</span> <span class='ocrx_word' id='word_1_734' title='bbox 1511 2005 1640 2039; x_wconf 77' lang='grc' dir='ltr'>Εὖρίσκει</span> <span class='ocrx_word' id='word_1_735' title='bbox 1655 2008 1700 2032; x_wconf 84' lang='grc' dir='ltr'>καὶ</span> <span class='ocrx_word' id='word_1_736' title='bbox 1718 2006 1802 2042; x_wconf 79' lang='grc' dir='ltr'>ἀλλην</span> <span class='ocrx_word' id='word_1_737' title='bbox 1816 2007 1878 2033; x_wconf 67' lang='grc' dir='ltr'><strong>ἑπίο</strong></span> 
     </span>
    </p>
   </div>
   <div class='ocr_carea' id='block_1_103' title="bbox 1092 2049 1879 2085">
    <p class='ocr_par' dir='ltr' id='par_1_103' title="bbox 1092 2049 1879 2085">
     <span class='ocr_line' id='line_1_103' title="bbox 1092 2049 1879 2085; baseline 0.004 -11"><span class='ocrx_word' id='word_1_738' title='bbox 1092 2057 1166 2075; x_wconf 88' lang='grc' dir='ltr'>νοιαν</span> <span class='ocrx_word' id='word_1_739' title='bbox 1179 2051 1194 2084; x_wconf 83' lang='grc' dir='ltr'><strong>ἡ</strong></span> <span class='ocrx_word' id='word_1_740' title='bbox 1209 2049 1351 2084; x_wconf 83' lang='grc' dir='ltr'>μανιώδης</span> <span class='ocrx_word' id='word_1_741' title='bbox 1363 2049 1448 2084; x_wconf 76' lang='grc' dir='ltr'>ψυχὴ,</span> <span class='ocrx_word' id='word_1_742' title='bbox 1461 2050 1508 2075; x_wconf 68' lang='grc' dir='ltr'>καὶ</span> <span class='ocrx_word' id='word_1_743' title='bbox 1521 2050 1552 2076; x_wconf 89' lang='grc' dir='ltr'>οὑ</span> <span class='ocrx_word' id='word_1_744' title='bbox 1564 2050 1699 2084; x_wconf 76' lang='grc' dir='ltr'>λαμϐάνει</span> <span class='ocrx_word' id='word_1_745' title='bbox 1717 2051 1795 2085; x_wconf 80' lang='grc' dir='ltr'>κόρον</span> <span class='ocrx_word' id='word_1_746' title='bbox 1806 2051 1879 2077; x_wconf 71' lang='grc' dir='ltr'>κατὰ</span> 
     </span>
    </p>
   </div>
   <div class='ocr_carea' id='block_1_104' title="bbox 1091 2094 1879 2132">
    <p class='ocr_par' dir='ltr' id='par_1_104' title="bbox 1091 2094 1879 2132">
     <span class='ocr_line' id='line_1_104' title="bbox 1091 2094 1879 2132; baseline 0.003 -12"><span class='ocrx_word' id='word_1_747' title='bbox 1091 2094 1263 2128; x_wconf 77' lang='grc' dir='ltr'>Χριστιανῶν</span> <span class='ocrx_word' id='word_1_748' title='bbox 1292 2094 1368 2120; x_wconf 80' lang='grc' dir='ltr'>κακὰ</span> <span class='ocrx_word' id='word_1_749' title='bbox 1394 2094 1587 2121; x_wconf 80' lang='grc' dir='ltr'>τεκταίνουσα·</span> <span class='ocrx_word' id='word_1_750' title='bbox 1617 2095 1684 2122; x_wconf 81' lang='grc' dir='ltr'>ἀλλὰ</span> <span class='ocrx_word' id='word_1_751' title='bbox 1709 2097 1800 2130; x_wconf 73' lang='grc' dir='ltr'>πυρὰν</span> <span class='ocrx_word' id='word_1_752' title='bbox 1827 2096 1879 2132; x_wconf 77' lang='grc' dir='ltr'><strong>’ύλῃ</strong></span> 
     </span>
    </p>
   </div>
   <div class='ocr_carea' id='block_1_105' title="bbox 1092 2140 1878 2177">
    <p class='ocr_par' dir='ltr' id='par_1_105' title="bbox 1092 2140 1878 2177">
     <span class='ocr_line' id='line_1_105' title="bbox 1092 2140 1878 2177; baseline 0.004 -12"><span class='ocrx_word' id='word_1_753' title='bbox 1092 2140 1176 2175; x_wconf 85' lang='grc' dir='ltr'>πολλῇ</span> <span class='ocrx_word' id='word_1_754' title='bbox 1199 2141 1382 2175; x_wconf 81' lang='grc' dir='ltr'>τρεφομένην,</span> <span class='ocrx_word' id='word_1_755' title='bbox 1405 2141 1560 2168; x_wconf 73' lang='grc' dir='ltr'>ἀνακαῦσαι</span> <span class='ocrx_word' id='word_1_756' title='bbox 1575 2141 1692 2174; x_wconf 82' lang='grc' dir='ltr'>κελεύει,</span> <span class='ocrx_word' id='word_1_757' title='bbox 1719 2144 1766 2168; x_wconf 77' lang='grc' dir='ltr'>καὶ</span> <span class='ocrx_word' id='word_1_758' title='bbox 1789 2151 1878 2177; x_wconf 78' lang='grc' dir='ltr'>παρι-</span> 
     </span>
    </p>
   </div>
   <div class='ocr_carea' id='block_1_106' title="bbox 1094 2185 1878 2222">
    <p class='ocr_par' dir='ltr' id='par_1_106' title="bbox 1094 2185 1878 2222">
     <span class='ocr_line' id='line_1_106' title="bbox 1094 2185 1878 2222; baseline 0.004 -12"><span class='ocrx_word' id='word_1_759' title='bbox 1094 2186 1188 2220; x_wconf 86' lang='grc' dir='ltr'>χρῆμα</span> <span class='ocrx_word' id='word_1_760' title='bbox 1209 2185 1272 2216; x_wconf 71' lang='grc' dir='ltr'>τούς</span> <span class='ocrx_word' id='word_1_761' title='bbox 1287 2193 1317 2211; x_wconf 79' lang='grc' dir='ltr'><strong>τε</strong></span> <span class='ocrx_word' id='word_1_762' title='bbox 1341 2186 1391 2219; x_wconf 87' lang='grc' dir='ltr'>τῆς</span> <span class='ocrx_word' id='word_1_763' title='bbox 1416 2185 1519 2217; x_wconf 80' lang='grc' dir='ltr'>πόλεως</span> <span class='ocrx_word' id='word_1_764' title='bbox 1542 2186 1590 2212; x_wconf 80' lang='grc' dir='ltr'>καὶ</span> <span class='ocrx_word' id='word_1_765' title='bbox 1605 2187 1774 2222; x_wconf 82' lang='grc' dir='ltr'>περιοικίδας</span> <span class='ocrx_word' id='word_1_766' title='bbox 1793 2188 1878 2222; x_wconf 73' lang='grc' dir='ltr'>ἱερεῖς</span> 
     </span>
    </p>
   </div>
   <div class='ocr_carea' id='block_1_107' title="bbox 1096 2230 1878 2266">
    <p class='ocr_par' dir='ltr' id='par_1_107' title="bbox 1096 2230 1878 2266">
     <span class='ocr_line' id='line_1_107' title="bbox 1096 2230 1878 2266; baseline 0 -9"><span class='ocrx_word' id='word_1_767' title='bbox 1096 2232 1144 2258; x_wconf 79' lang='grc' dir='ltr'>καὶ</span> <span class='ocrx_word' id='word_1_768' title='bbox 1161 2230 1336 2266; x_wconf 82' lang='grc' dir='ltr'>μονάζοντας,</span> <span class='ocrx_word' id='word_1_769' title='bbox 1355 2231 1401 2261; x_wconf 85' lang='grc' dir='ltr'><strong>τὰς</strong></span> <span class='ocrx_word' id='word_1_770' title='bbox 1418 2230 1457 2265; x_wconf 85' lang='grc' dir='ltr'>τῷ</span> <span class='ocrx_word' id='word_1_771' title='bbox 1470 2230 1530 2265; x_wconf 85' lang='grc' dir='ltr'><strong>Θεῷ</strong></span> <span class='ocrx_word' id='word_1_772' title='bbox 1546 2231 1699 2266; x_wconf 67' lang='grc' dir='ltr'>ἱερωμένας</span> <span class='ocrx_word' id='word_1_773' title='bbox 1712 2231 1878 2266; x_wconf 77' lang='grc' dir='ltr'>παρθένους,</span> 
     </span>
    </p>
   </div>
   <div class='ocr_carea' id='block_1_108' title="bbox 1095 2276 1879 2312">
    <p class='ocr_par' dir='ltr' id='par_1_108' title="bbox 1095 2276 1879 2312">
     <span class='ocr_line' id='line_1_108' title="bbox 1095 2276 1879 2312; baseline -0.001 -9"><span class='ocrx_word' id='word_1_774' title='bbox 1095 2277 1165 2312; x_wconf 79' lang='grc' dir='ltr'>πρὸς</span> <span class='ocrx_word' id='word_1_775' title='bbox 1181 2277 1209 2302; x_wconf 87' lang='grc' dir='ltr'>δὲ</span> <span class='ocrx_word' id='word_1_776' title='bbox 1229 2277 1276 2302; x_wconf 74' lang='grc' dir='ltr'>καὶ</span> <span class='ocrx_word' id='word_1_777' title='bbox 1299 2277 1445 2309; x_wconf 69' lang='grc' dir='ltr'>γυναῖκας,</span> <span class='ocrx_word' id='word_1_778' title='bbox 1462 2276 1523 2303; x_wconf 85' lang='grc' dir='ltr'>ὅσαι</span> <span class='ocrx_word' id='word_1_779' title='bbox 1538 2277 1584 2302; x_wconf 75' lang='grc' dir='ltr'><strong>τὸν</strong></span> <span class='ocrx_word' id='word_1_780' title='bbox 1605 2277 1754 2311; x_wconf 71' lang='grc' dir='ltr'>ἀσκητικὸν</span> <span class='ocrx_word' id='word_1_781' title='bbox 1773 2277 1879 2303; x_wconf 81' lang='grc' dir='ltr'>εἴλοντο</span> 
     </span>
    </p>
   </div>
   <div class='ocr_carea' id='block_1_109' title="bbox 1094 2319 1878 2359">
    <p class='ocr_par' dir='ltr' id='par_1_109' title="bbox 1094 2319 1878 2359">
     <span class='ocr_line' id='line_1_109' title="bbox 1094 2319 1878 2359; baseline -0.003 -9"><span class='ocrx_word' id='word_1_782' title='bbox 1094 2323 1162 2359; x_wconf 82' lang='grc' dir='ltr'>βίον,</span> <span class='ocrx_word' id='word_1_783' title='bbox 1180 2322 1294 2357; x_wconf 84' lang='grc' dir='ltr'>ἁθρόους</span> <span class='ocrx_word' id='word_1_784' title='bbox 1305 2321 1373 2358; x_wconf 77' lang='grc' dir='ltr'>ὁμοῦ</span> <span class='ocrx_word' id='word_1_785' title='bbox 1389 2321 1494 2353; x_wconf 84' lang='grc' dir='ltr'>πάντας</span> <span class='ocrx_word' id='word_1_786' title='bbox 1510 2322 1540 2348; x_wconf 74' lang='grc' dir='ltr'>ἐν</span> <span class='ocrx_word' id='word_1_787' title='bbox 1553 2322 1623 2357; x_wconf 80' lang='grc' dir='ltr'>αὐτῇ</span> <span class='ocrx_word' id='word_1_788' title='bbox 1639 2322 1778 2357; x_wconf 74' lang='grc' dir='ltr'>ἐμϐαλεῖν.</span> <span class='ocrx_word' id='word_1_789' title='bbox 1796 2319 1878 2349; x_wconf 73' lang='grc' dir='ltr'>Οὗτοι</span> 
     </span>
    </p>
   </div>
   <div class='ocr_carea' id='block_1_110' title="bbox 1094 2368 1879 2405">
    <p class='ocr_par' dir='ltr' id='par_1_110' title="bbox 1094 2368 1879 2405">
     <span class='ocr_line' id='line_1_110' title="bbox 1094 2368 1879 2405; baseline -0.004 -9"><span class='ocrx_word' id='word_1_790' title='bbox 1094 2369 1160 2405; x_wconf 76' lang='grc' dir='ltr'>γορ,</span> <span class='ocrx_word' id='word_1_791' title='bbox 1189 2368 1282 2403; x_wconf 71' lang='grc' dir='ltr'>φησιν,</span> <span class='ocrx_word' id='word_1_792' title='bbox 1301 2368 1422 2403; x_wconf 80' lang='grc' dir='ltr'>ἀτεχνῶς</span> <span class='ocrx_word' id='word_1_793' title='bbox 1447 2368 1528 2394; x_wconf 77' lang='grc' dir='ltr'>αἴτιοι</span> <span class='ocrx_word' id='word_1_794' title='bbox 1543 2369 1592 2403; x_wconf 82' lang='grc' dir='ltr'>τῆς</span> <span class='ocrx_word' id='word_1_795' title='bbox 1608 2368 1662 2394; x_wconf 86' lang='grc' dir='ltr'>τῶν</span> <span class='ocrx_word' id='word_1_796' title='bbox 1686 2368 1775 2395; x_wconf 75' lang='grc' dir='ltr'>ἄλλων</span> <span class='ocrx_word' id='word_1_797' title='bbox 1798 2368 1879 2394; x_wconf 85' lang='grc' dir='ltr'><strong>ἀπω-</strong></span> 
     </span>
    </p>
   </div>
   <div class='ocr_carea' id='block_1_111' title="bbox 1094 2414 1878 2450">
    <p class='ocr_par' dir='ltr' id='par_1_111' title="bbox 1094 2414 1878 2450">
     <span class='ocr_line' id='line_1_111' title="bbox 1094 2414 1878 2450; baseline -0.003 -8"><span class='ocrx_word' id='word_1_798' title='bbox 1094 2417 1180 2448; x_wconf 74' lang='grc' dir='ltr'>λείας,</span> <span class='ocrx_word' id='word_1_799' title='bbox 1196 2415 1393 2446; x_wconf 81' lang='grc' dir='ltr'>ἀναπείθοντες</span> <span class='ocrx_word' id='word_1_800' title='bbox 1406 2415 1587 2450; x_wconf 84' lang='grc' dir='ltr'>προσανέχειν</span> <span class='ocrx_word' id='word_1_801' title='bbox 1599 2414 1636 2445; x_wconf 81' lang='grc' dir='ltr'>ὡς</span> <span class='ocrx_word' id='word_1_802' title='bbox 1654 2414 1707 2449; x_wconf 84' lang='grc' dir='ltr'><strong>θεῷ</strong></span> <span class='ocrx_word' id='word_1_803' title='bbox 1725 2414 1763 2449; x_wconf 87' lang='grc' dir='ltr'>τῷ</span> <span class='ocrx_word' id='word_1_804' title='bbox 1778 2415 1878 2440; x_wconf 74' lang='grc' dir='ltr'>ἐσταυ-</span> 
     </span>
    </p>
   </div>
   <div class='ocr_carea' id='block_1_112' title="bbox 1095 2459 1879 2497">
    <p class='ocr_par' dir='ltr' id='par_1_112' title="bbox 1095 2459 1879 2497">
     <span class='ocr_line' id='line_1_112' title="bbox 1095 2459 1879 2497; baseline -0.003 -9"><span class='ocrx_word' id='word_1_805' title='bbox 1095 2464 1219 2497; x_wconf 85' lang='grc' dir='ltr'>ρωμένῳ.</span> <span class='ocrx_word' id='word_1_806' title='bbox 1243 2459 1309 2487; x_wconf 80' lang='grc' dir='ltr'>Εἶτα</span> <span class='ocrx_word' id='word_1_807' title='bbox 1330 2460 1457 2496; x_wconf 80' lang='grc' dir='ltr'>καθάπερ</span> <span class='ocrx_word' id='word_1_808' title='bbox 1478 2461 1529 2487; x_wconf 79' lang='grc' dir='ltr'>οὐκ</span> <span class='ocrx_word' id='word_1_809' title='bbox 1553 2461 1706 2495; x_wconf 78' lang='grc' dir='ltr'>ἀρκοῦντος</span> <span class='ocrx_word' id='word_1_810' title='bbox 1728 2460 1775 2486; x_wconf 84' lang='grc' dir='ltr'><strong>τοῦ</strong></span> <span class='ocrx_word' id='word_1_811' title='bbox 1801 2468 1879 2494; x_wconf 77' lang='grc' dir='ltr'>γενο-</span> 
     </span>
    </p>
   </div>
   <div class='ocr_carea' id='block_1_113' title="bbox 1096 2505 1877 2541">
    <p class='ocr_par' dir='ltr' id='par_1_113' title="bbox 1096 2505 1877 2541">
     <span class='ocr_line' id='line_1_113' title="bbox 1096 2505 1877 2541; baseline 0.001 -10"><span class='ocrx_word' id='word_1_812' title='bbox 1096 2507 1178 2540; x_wconf 87' lang='grc' dir='ltr'>μένου</span> <span class='ocrx_word' id='word_1_813' title='bbox 1192 2505 1385 2540; x_wconf 87' lang='grc' dir='ltr'>άπαράμιλλον</span> <span class='ocrx_word' id='word_1_814' title='bbox 1398 2505 1481 2531; x_wconf 82' lang='grc' dir='ltr'>αὐτοῦ</span> <span class='ocrx_word' id='word_1_815' title='bbox 1496 2506 1636 2538; x_wconf 83' lang='grc' dir='ltr'>ἀποδεῖξαι</span> <span class='ocrx_word' id='word_1_816' title='bbox 1648 2506 1698 2541; x_wconf 85' lang='grc' dir='ltr'>τὴν</span> <span class='ocrx_word' id='word_1_817' title='bbox 1709 2506 1877 2541; x_wconf 66' lang='grc' dir='ltr'>μοχθηρίαν·</span> 
     </span>
    </p>
   </div>
   <div class='ocr_carea' id='block_1_114' title="bbox 1095 2550 1879 2585">
    <p class='ocr_par' dir='ltr' id='par_1_114' title="bbox 1095 2550 1879 2585">
     <span class='ocr_line' id='line_1_114' title="bbox 1095 2550 1879 2585; baseline -0.001 -7"><span class='ocrx_word' id='word_1_818' title='bbox 1095 2552 1138 2578; x_wconf 81' lang='grc' dir='ltr'>ἳνα</span> <span class='ocrx_word' id='word_1_819' title='bbox 1157 2551 1209 2577; x_wconf 78' lang='lat' dir='ltr'><strong>xiv</strong></span> <span class='ocrx_word' id='word_1_820' title='bbox 1223 2550 1288 2584; x_wconf 79' lang='grc' dir='ltr'>γοῦν</span> <span class='ocrx_word' id='word_1_821' title='bbox 1304 2550 1366 2581; x_wconf 61' lang='grc' dir='ltr'>τοὺς</span> <span class='ocrx_word' id='word_1_822' title='bbox 1381 2550 1478 2581; x_wconf 79' lang='grc' dir='ltr'>ἄλλους</span> <span class='ocrx_word' id='word_1_823' title='bbox 1495 2551 1702 2585; x_wconf 83' lang='grc' dir='ltr'>ὑποποιήσαιτο.</span> <span class='ocrx_word' id='word_1_824' title='bbox 1724 2551 1754 2577; x_wconf 87' lang='lat'><strong>&#39;0</strong></span> <span class='ocrx_word' id='word_1_825' title='bbox 1772 2550 1811 2583; x_wconf 79' lang='grc' dir='ltr'><strong>δὲ,</strong></span> <span class='ocrx_word' id='word_1_826' title='bbox 1831 2552 1879 2577; x_wconf 75' lang='grc' dir='ltr'>καὶ</span> 
     </span>
    </p>
   </div>
   <div class='ocr_carea' id='block_1_115' title="bbox 1095 2596 1879 2632">
    <p class='ocr_par' dir='ltr' id='par_1_115' title="bbox 1095 2596 1879 2632">
     <span class='ocr_line' id='line_1_115' title="bbox 1095 2596 1879 2632; baseline -0.001 -9"><span class='ocrx_word' id='word_1_827' title='bbox 1095 2596 1341 2632; x_wconf 77' lang='grc' dir='ltr'>προσαγωνίζεται,</span> <span class='ocrx_word' id='word_1_828' title='bbox 1364 2596 1413 2622; x_wconf 83' lang='grc' dir='ltr'>καὶ</span> <span class='ocrx_word' id='word_1_829' title='bbox 1440 2596 1564 2631; x_wconf 82' lang='grc' dir='ltr'>κήρυκας</span> <span class='ocrx_word' id='word_1_830' title='bbox 1587 2596 1639 2622; x_wconf 78' lang='grc' dir='ltr'>ἀνὰ</span> <span class='ocrx_word' id='word_1_831' title='bbox 1658 2597 1708 2631; x_wconf 82' lang='grc' dir='ltr'>τὴν</span> <span class='ocrx_word' id='word_1_832' title='bbox 1730 2596 1806 2622; x_wconf 86' lang='grc' dir='ltr'>πόλιν</span> <span class='ocrx_word' id='word_1_833' title='bbox 1831 2599 1879 2623; x_wconf 74' lang='grc' dir='ltr'>καὶ</span> 
     </span>
    </p>
   </div>
   <div class='ocr_carea' id='block_1_116' title="bbox 1095 2640 1879 2678">
    <p class='ocr_par' dir='ltr' id='par_1_116' title="bbox 1095 2640 1879 2678">
     <span class='ocr_line' id='line_1_116' title="bbox 1095 2640 1879 2678; baseline -0.004 -9"><span class='ocrx_word' id='word_1_834' title='bbox 1095 2643 1143 2678; x_wconf 73' lang='grc' dir='ltr'>τὴν</span> <span class='ocrx_word' id='word_1_835' title='bbox 1160 2643 1252 2677; x_wconf 78' lang='grc' dir='ltr'>χώραν</span> <span class='ocrx_word' id='word_1_836' title='bbox 1267 2641 1375 2668; x_wconf 76' lang='grc' dir='ltr'>ἐκέλευε</span> <span class='ocrx_word' id='word_1_837' title='bbox 1391 2640 1520 2674; x_wconf 79' lang='grc' dir='ltr'>διο-θέειν,</span> <span class='ocrx_word' id='word_1_838' title='bbox 1545 2640 1714 2675; x_wconf 75' lang='grc' dir='ltr'>ὲμῦοῶντας,</span> <span class='ocrx_word' id='word_1_839' title='bbox 1741 2641 1879 2676; x_wconf 82' lang='grc' dir='ltr'>ἀπαρνου-</span> 
     </span>
    </p>
   </div>
   <div class='ocr_carea' id='block_1_117' title="bbox 1097 2687 1879 2723">
    <p class='ocr_par' dir='ltr' id='par_1_117' title="bbox 1097 2687 1879 2723">
     <span class='ocr_line' id='line_1_117' title="bbox 1097 2687 1879 2723; baseline -0.001 -10"><span class='ocrx_word' id='word_1_840' title='bbox 1097 2689 1194 2723; x_wconf 81' lang='grc' dir='ltr'>μένους</span> <span class='ocrx_word' id='word_1_841' title='bbox 1207 2688 1252 2714; x_wconf 69' lang='grc' dir='ltr'><strong>τὸν</strong></span> <span class='ocrx_word' id='word_1_842' title='bbox 1274 2687 1391 2722; x_wconf 78' lang='grc' dir='ltr'>Χριστὸν</span> <span class='ocrx_word' id='word_1_843' title='bbox 1413 2687 1464 2722; x_wconf 73' lang='grc' dir='ltr'><strong>ζῇν</strong></span> <span class='ocrx_word' id='word_1_844' title='bbox 1484 2687 1639 2720; x_wconf 79' lang='grc' dir='ltr'>ἰουδαῖχῶς,</span> <span class='ocrx_word' id='word_1_845' title='bbox 1657 2687 1692 2713; x_wconf 82' lang='grc' dir='ltr'><strong>τά</strong></span> <span class='ocrx_word' id='word_1_846' title='bbox 1713 2687 1782 2713; x_wconf 84' lang='grc' dir='ltr'><strong>αὐτὰ</strong></span> <span class='ocrx_word' id='word_1_847' title='bbox 1811 2695 1879 2721; x_wconf 70' lang='grc' dir='ltr'>φρο-</span> 
     </span>
    </p>
   </div>
   <div class='ocr_carea' id='block_1_118' title="bbox 1096 2734 1394 2769">
    <p class='ocr_par' dir='ltr' id='par_1_118' title="bbox 1096 2734 1394 2769">
     <span class='ocr_line' id='line_1_118' title="bbox 1096 2734 1394 2769; baseline -0.003 -9"><span class='ocrx_word' id='word_1_848' title='bbox 1096 2735 1210 2765; x_wconf 74' lang='grc' dir='ltr'>νοῦντας</span> <span class='ocrx_word' id='word_1_849' title='bbox 1225 2734 1263 2769; x_wconf 84' lang='grc' dir='ltr'>τῷ</span> <span class='ocrx_word' id='word_1_850' title='bbox 1279 2734 1394 2768; x_wconf 80' lang='grc' dir='ltr'>βασιλεῖ.</span> 
     </span>
    </p>
   </div>
   <div class='ocr_carea' id='block_1_119' title="bbox 1131 2780 1879 2816">
    <p class='ocr_par' dir='ltr' id='par_1_119' title="bbox 1131 2780 1879 2816">
     <span class='ocr_line' id='line_1_119' title="bbox 1131 2780 1879 2816; baseline -0.003 -8"><span class='ocrx_word' id='word_1_851' title='bbox 1131 2782 1171 2808; x_wconf 81' lang='lat' dir='ltr'><strong>H’.</strong></span> <span class='ocrx_word' id='word_1_852' title='bbox 1189 2782 1272 2813; x_wconf 75' lang='grc' dir='ltr'>Αὐτὸς</span> <span class='ocrx_word' id='word_1_853' title='bbox 1294 2782 1321 2807; x_wconf 72' lang='grc' dir='ltr'>δὲ</span> <span class='ocrx_word' id='word_1_854' title='bbox 1344 2781 1481 2816; x_wconf 81' lang='grc' dir='ltr'>βασιλεὺς,</span> <span class='ocrx_word' id='word_1_855' title='bbox 1513 2782 1569 2812; x_wconf 83' lang='grc' dir='ltr'>τοῖς</span> <span class='ocrx_word' id='word_1_856' title='bbox 1598 2781 1664 2814; x_wconf 80' lang='grc' dir='ltr'>περὶ</span> <span class='ocrx_word' id='word_1_857' title='bbox 1700 2780 1816 2816; x_wconf 75' lang='grc' dir='ltr'>’Λρέθαν</span> <span class='ocrx_word' id='word_1_858' title='bbox 1843 2781 1879 2806; x_wconf 77' lang='grc' dir='ltr'><strong>τά</strong></span> 
     </span>
    </p>
   </div>
   <div class='ocr_carea' id='block_1_120' title="bbox 1095 2826 1879 2862">
    <p class='ocr_par' dir='ltr' id='par_1_120' title="bbox 1095 2826 1879 2862">
     <span class='ocr_line' id='line_1_120' title="bbox 1095 2826 1879 2862; baseline -0.001 -8"><span class='ocrx_word' id='word_1_859' title='bbox 1095 2828 1176 2862; x_wconf 79' lang='grc' dir='ltr'>ὃμοια</span> <span class='ocrx_word' id='word_1_860' title='bbox 1194 2827 1382 2860; x_wconf 77' lang='grc' dir='ltr'>συνεῦούλευε,</span> <span class='ocrx_word' id='word_1_861' title='bbox 1398 2826 1557 2862; x_wconf 79' lang='grc' dir='ltr'>προστιθεὶς</span> <span class='ocrx_word' id='word_1_862' title='bbox 1568 2827 1608 2853; x_wconf 84' lang='grc' dir='ltr'>ὅτι</span> <span class='ocrx_word' id='word_1_863' title='bbox 1627 2828 1674 2853; x_wconf 84' lang='grc' dir='ltr'>καὶ</span> <span class='ocrx_word' id='word_1_864' title='bbox 1703 2828 1780 2853; x_wconf 78' lang='grc' dir='ltr'>αὐτοὶ</span> <span class='ocrx_word' id='word_1_865' title='bbox 1794 2827 1879 2862; x_wconf 73' lang='grc' dir='ltr'><strong>ἐγνω-</strong></span> 
     </span>
    </p>
   </div>
   <div class='ocr_carea' id='block_1_121' title="bbox 1097 2872 1879 2908">
    <p class='ocr_par' dir='ltr' id='par_1_121' title="bbox 1097 2872 1879 2908">
     <span class='ocr_line' id='line_1_121' title="bbox 1097 2872 1879 2908; baseline 0 -10"><span class='ocrx_word' id='word_1_866' title='bbox 1097 2882 1147 2899; x_wconf 73' lang='grc' dir='ltr'><strong>σαν</strong></span> <span class='ocrx_word' id='word_1_867' title='bbox 1177 2873 1308 2908; x_wconf 82' lang='grc' dir='ltr'>Ῥωμαῖοι</span> <span class='ocrx_word' id='word_1_868' title='bbox 1349 2872 1490 2908; x_wconf 61' lang='grc' dir='ltr'>ἄνθρωπον</span> <span class='ocrx_word' id='word_1_869' title='bbox 1514 2873 1718 2907; x_wconf 78' lang='grc' dir='ltr'>ἑσταυρωκέ·,αι</span> <span class='ocrx_word' id='word_1_870' title='bbox 1742 2873 1804 2903; x_wconf 81' lang='grc' dir='ltr'>τοὺς</span> <span class='ocrx_word' id='word_1_871' title='bbox 1827 2881 1879 2898; x_wconf 81' lang='grc' dir='ltr'>πα-</span> 
     </span>
    </p>
   </div>
  </div>
