2047 3150
85 177 145 210 1281

656 170 890 201 MAR‘I‘YRIUM
912 170 941 200 S.
964 169 1138 200 ARETILE.

1640 171 1707 204 1282

84 231 186 258 ιὺσεσεῐ
212 229 344 256 δοκοῦ-ιτα
383 228 529 263 Ἰουστίνῳ,
560 227 621 255 (ibat
648 226 731 258 αὐτὸς
755 225 865 260 ἀπαρά-

927 224 1087 260 eptuaginta
1101 225 1128 252 in
1147 226 1204 259 ipsa
1222 225 1311 253 hieme
1322 225 1529 260 construxisset,
1544 226 1612 262 quin
1625 227 1708 255 etiam

85 286 177 308 σχευος
206 274 249 311 ἧν·
281 276 360 311 ἔτυχε
387 277 442 311 γὰρ
474 274 671 309 συλλεξάμενος
708 273 858 307 ἀξιόμαχον

84 322 210 358 στρατιὰν
241 322 272 348 ἐκ
296 330 326 348 τε
342 321 448 352 οἰκείας
472 321 519 347 καὶ
541 319 713 354 συμμαχίδος
728 319 793 353 ἄχρι
813 317 867 342 τῶν

84 368 245 395 ἱυοκαίδεκα
260 367 413 402 μυριάδων.
427 366 482 392 Ἦν
496 365 524 392 δὲ
540 367 588 392 καὶ
604 365 687 391 πλοῖα
702 371 869 390 κατεσκευα-

85 413 134 445 κὼς
152 413 343 448 ἐϐδομήκοντα
361 412 428 447 παρ’
456 411 532 446 αὑτῷ
554 411 592 446 τῷ
608 410 724 446 χειμῶνι
736 418 743 426 ·
764 409 795 436 οὐ
814 409 868 444 μὴν

86 458 149 486 ἀλλὰ
165 459 212 485 καὶ
226 459 258 485 ἐκ
275 459 329 485 τῶν
344 459 475 494 ἐμπόρων
489 457 602 492 Περσῶν
618 465 647 484 τε
661 458 708 484 καὶ
719 456 867 487 Δίθιὸπων,

86 504 220 539 ἐμπορίας
237 505 318 539 χάριν
340 505 432 530 ἐκεῖσε
458 504 626 538 κατάραντα,
643 502 707 537 περί
733 510 784 528 που
809 500 870 535 ἐξή-

84 558 163 576 κοντα
190 550 377 582 συνελέξαντο.
397 550 468 576 Ὅσα
491 548 556 583 γοῦν
582 549 755 583 πεπονηκότα
780 545 813 582 ἦν
839 547 869 579 ἐξ

83 594 172 621 αὐτῶν
201 596 467 629 ἐπισκευασάμενος,
498 595 545 621 καὶ
576 593 666 620 πάντα
689 593 801 627 θέμενος
825 593 869 618 εὑ-

83 640 179 675 τρεπῆ.
197 640 255 675 ἃμα
278 641 339 676 ἐαρι
368 643 418 676 τὴν
435 641 568 675 στρατιὰν
585 640 724 675 ὲμὸαλὼν,
752 639 823 665 ὅπλα
838 646 869 665 τε

84 687 127 711 καὶ
151 685 252 717 ἵππους
266 686 314 712 καί
340 686 390 719 τὴν
422 684 504 719 ἀλλην
521 683 714 719 παρασκευὴν,
739 682 870 716 ἠπείγετο

84 731 220 766 συμμίξαι
237 733 293 763 τοῖς
310 731 462 766 πολεμίοις.
483 732 538 758 Καὶ
557 730 591 757 δι’
618 729 733 764 ἠπείρου
761 728 809 763 μὲν
832 727 870 758 ὡς

83 776 113 801 ἐκ
123 775 202 802 νότου
216 776 265 810 τῆς
293 776 444 807 Αἰθιόπων,
468 774 606 810 ἐξέπεμπε
631 781 706 804 τινας
722 772 776 798 τῶν
801 771 870 806 Βαρ-

919 278 952 297 ex
969 270 1184 306 negotiatoribus
1206 270 1295 299 Persis
1310 276 1338 299 et
1361 273 1550 307 Etliiopibus.
1578 273 1624 308 qni
1647 274 1711 301 illuc

919 320 1053 342 venerant
1068 321 1229 344 mercatura:
1241 318 1327 352 gratia
1338 338 1346 350 ,
1362 326 1446 346 naves
1464 319 1534 346 altas
1556 319 1713 355 collegisset

919 361 953 388 ad
967 362 1108 396 sexaginta
1127 373 1133 390 ;
1153 371 1270 398 cumque
1286 371 1350 396 eas,
1367 372 1427 399 quae
1444 372 1477 392 ex
1491 365 1557 400 ipsis
1580 366 1710 400 collapsa:

920 407 1048 440 fuerant,
1068 408 1248 437 instaurasset
1272 417 1304 438 ac
1321 410 1473 442 refecisset,
1496 416 1524 439 et
1544 412 1636 439 omnia
1665 421 1711 447 pa-

921 456 1018 485 rasset,
1036 454 1109 480 veris
1132 454 1210 482 initio
1227 456 1313 483 movit
1328 458 1491 490 exercitum,
1516 458 1654 492 armisque
1683 463 1710 485 et

920 498 998 533 equis
1018 504 1045 526 et
1070 499 1124 526 alio
1144 505 1275 535 apparatu
1292 502 1468 537 properabat,
1484 509 1514 530 ut
1539 503 1630 538 praclio
1645 511 1711 530 (ξομ

920 543 1024 580 ﬂigerct
1040 553 1102 572 cum
1119 546 1246 574 inimicis.
1267 547 1299 574 Et
1312 555 1362 582 per
1385 548 1576 576 continentem
1599 548 1710 583 quidem

918 591 952 618 ab
981 591 1102 618 inferiori
1143 597 1218 626 parte
1250 593 1398 628 Ethiopian
1430 594 1504 622 misit
1551 595 1708 630 quindecim

919 636 1002 663 millia
1017 637 1177 673 Aitlriopum
1193 639 1227 666 ad
1242 639 1418 668 ilomeritidis
1443 645 1536 675 partes
1558 642 1643 676 magis
1668 649 1713 668 oc-

919 682 1079 716 cidentales,
1098 690 1127 711 ut
1142 684 1202 719 ipse
1219 686 1330 720 quidem
1347 694 1395 721 per
1410 694 1485 714 mare
1500 695 1562 715 cum
1580 688 1709 720 navibus,

920 727 957 754 illi
978 733 1068 755 autem
1083 737 1132 764 per
1152 733 1252 758 terram
1267 731 1415 764 irruentes,
1434 732 1575 766 hostesin
1588 732 1711 767 medium

924 779 1093 802 coercerent.

84 822 174 858 δάρων
203 823 341 849 Αἰθιόπων
364 821 476 857 μυρίους
504 820 552 847 καὶ
567 817 802 853 πεντακισχιλίους
821 817 889 851 πρὸς
908 817 943 843 τὰ
971 818 1018 844 τοῦ
1052 819 1201 855 Ὀμηρίτου
1227 821 1456 858 ἁνατολικώτερα,
1487 823 1526 856 ὡς
1549 823 1582 850 ἂν
1604 824 1636 850 ἐκ
1660 821 1712 858 μὶν

82 869 193 905 δυσμῶν
218 866 294 901 οὗτος
317 869 361 896 διὰ
377 868 516 903 θαλάσσης
534 867 604 903 μετὰ
628 866 682 893 τῶν
709 865 821 898 πλοίων,
846 865 946 892 ἐκεῖνοι
971 866 999 893 δὲ
1025 867 1068 894 διὰ
1093 868 1145 903 γῆς
1168 868 1199 902 ἐξ
1223 869 1361 897 ἀνατολῶν
1379 871 1556 906 ἐμῦαλόντες,
1571 872 1635 903 τοὺς
1662 880 1712 898 πο-

89 919 199 954 λεμίους
213 919 253 950 εἰς
267 920 350 953 μέσον
367 917 503 953 εῖρξωσιν.

116 966 187 993 Ktl’.
207 966 238 991 Oi
257 966 306 1000 μὲν
331 965 378 992 οὖν
395 964 547 999 Βάρόαροι,
569 963 681 994 πολλαῖς
706 962 825 998 ἡμέραις
841 961 873 988 δι’

961 960 1080 988 XXVIII.
1101 961 1235 990 Caeterum
1251 962 1289 990 illi
1305 963 1425 998 quidem,
1444 971 1506 991 cum
1533 967 1632 994 multos
1657 967 1715 996 dies

83 1009 206 1045 ἀνύδρων
222 1017 252 1036 τε
266 1010 314 1036 καὶ
331 1009 471 1036 δυσϐάτων
487 1009 648 1039 ὁδεύσαντες
675 1008 731 1033 τῶν
745 1007 868 1042 χωρίων,

83 1055 203 1088 ἆπαντες
226 1057 424 1092 διεφθάρησαν,
446 1056 516 1091 μήτε
543 1054 611 1090 πρὸς
642 1054 686 1080 τὶν
709 1053 870 1088 Ὀμηρίτην,

85 1105 155 1139 μήτε
187 1105 255 1140 πρὸς
272 1104 322 1140 τὴν
346 1105 451 1130 οἰκείαν
467 1103 665 1138 διαρκέσαντες
683 1101 870 1136 ὑποστρέψαι.

88 1149 118 1175 ’0
133 1149 164 1175 δέ
184 1157 215 1182 γε
246 1148 385 1184 βασιλεὺς,
408 1149 459 1184 ἤδη
476 1149 540 1183 περὶ
555 1148 600 1173 τὸν
616 1146 732 1173 ἔκπλουν
745 1146 793 1178 ὦν,
809 1146 873 1180 ἀφί-

85 1203 150 1222 κετο
164 1195 205 1226 είς
218 1195 248 1221 τὸ
265 1195 347 1230 ἱερὸν,
366 1196 414 1221 καὶ
438 1194 491 1229 πρὸ
508 1194 558 1229 τῆς
577 1193 682 1219 εἰσόδου
699 1194 729 1219 ἐν
742 1192 781 1227 τῷ
806 1200 872 1225 προ-

84 1241 155 1276 νάῳ,
171 1241 221 1275 τὴν
237 1240 372 1275 βασίλειον
388 1240 491 1274 ἐσθῆτα
511 1239 602 1273 ἐκδὺς,
618 1239 703 1266 τᾶλλα
718 1248 749 1265 τε
774 1239 873 1265 ἀποϐέ-

86 1295 170 1322 μενος
199 1287 354 1322 παρᾴσημα
380 1286 430 1320 τῆς
458 1285 558 1320 ἀρχῆς,
575 1287 605 1311 ἐν
620 1285 751 1320 ἰδιωτικῷ
770 1285 818 1320 μὲν
835 1285 874 1310 εί-

86 1329 171 1365 σῆλοε
196 1329 235 1364 τῷ
263 1331 405 1365 σχήματιο
436 1330 501 1361 στας
516 1330 544 1355 δὲ
561 1329 705 1355 κατέναντι
717 1329 763 1355 τοῦ
781 1328 874 1354 θυσια-

87 1376 212 1411 στηρίου,
228 1376 275 1402 καὶ
299 1375 385 1402 πολλὰ
407 1375 515 1410 δεηθεὶς
528 1375 575 1401 τοῦ
592 1375 672 1408 Θεοῦ,
689 1376 736 1401 καὶ
750 1374 875 1409 ἀναμνή-

86 1429 138 1452 σας
153 1422 206 1448 τῶν
220 1422 279 1448 κατ’
292 1422 430 1455 Αἴγυπτον
443 1422 618 1457 θαυμασίων,
646 1422 695 1448 καὶ
725 1421 780 1447 τῶν
802 1420 874 1447 κατὰ

86 1468 139 1504 τὴν
157 1467 259 1503 ἔρημον
287 1471 342 1499 τοῖς
371 1468 508 1503 Ἑϐραίοις
537 1469 612 1504 αὺτῷ
636 1469 801 1502 γενομένων,
827 1467 875 1494 καὶ

92 1514 140 1545 Ὠς
155 1515 307 1548 οχὰριστοι,
323 1515 399 1550 φησὶ,
416 1515 480 1549 περὶ
494 1515 539 1541 τὸν
561 1515 720 1550 εὐεργέτην,
735 1515 784 1541 οὐκ
806 1515 876 1541 ἐκεῖ-

88 1567 131 1586 νοι
151 1561 244 1592 μόνον,
260 1560 329 1585 ἀλλὰ
361 1560 407 1586 καὶ
433 1558 507 1586 οὗτοι
534 1561 559 1586 οι
585 1560 698 1587 ἐκείνων
730 1560 876 1594 γεγόνασιν

88 1606 210 1640 ἔκγονοι,
229 1606 276 1632 καὶ
301 1606 351 1632 ὅσα
370 1605 594 1641 ἐπονηρεύσαντο
619 1607 647 1633 ἐν
666 1608 700 1642 τῇ
718 1607 795 1632 πόλει
817 1614 874 1638 σου,

922 1007 974 1034 iter
992 1008 1122 1035 fecissent
1149 1017 1197 1044 per
1215 1009 1273 1036 loca
1291 1010 1365 1037 arida
1389 1015 1416 1037 et
1443 1011 1558 1038 transitu
1582 1013 1713 1047 dilIieiIia,

921 1061 1017 1081 omnes
1036 1056 1210 1086 interierunt,
1227 1061 1256 1082 ut
1269 1056 1315 1090 qui
1330 1064 1380 1083 nec
1394 1057 1539 1091 pervenire
1564 1058 1598 1085 ad
1614 1058 1715 1087 IIomc-

922 1099 1018 1132 ritam,
1037 1108 1088 1128 nec
1115 1100 1148 1127 ad
1169 1101 1307 1136 regionem
1333 1109 1409 1129 suam
1443 1103 1583 1137 potuerint
1611 1105 1712 1133 redire.

922 1144 979 1172 Rex
1004 1149 1096 1172 autem
1114 1154 1176 1173 cum
1198 1147 1254 1182 jam
1272 1152 1346 1174 esset
1367 1148 1561 1182 navigaturus,
1583 1150 1657 1176 venit
1678 1151 1712 1178 ad

924 1191 1065 1225 templum,
1082 1192 1116 1219 ad
1132 1193 1212 1227 cujus
1229 1193 1315 1227 fores,
1343 1193 1415 1228 regia
1447 1199 1522 1221 veste
1542 1195 1655 1230 aliisque
1674 1196 1710 1223 in-

922 1237 1017 1272 signiis
1039 1238 1145 1273 imperii
1164 1239 1313 1274 depositis.
1330 1239 1469 1275 ingressus
1485 1241 1595 1275 quidem
1619 1246 1660 1269 est
1684 1243 1712 1270 in

923 1283 1029 1318 privato
1045 1284 1149 1312 habitu.
1178 1284 1257 1312 Stans
1272 1290 1362 1312 autem
1380 1293 1412 1312 ex
1434 1285 1549 1314 adverso
1564 1295 1635 1320 arae,
1651 1295 1713 1315 cum

925 1329 1010 1357 Deum
1026 1330 1142 1357 multum
1159 1336 1274 1365 orasset,
1287 1338 1313 1359 et
1328 1331 1398 1359 facta
1413 1332 1448 1359 ab
1469 1332 1529 1366 ipso
1555 1333 1582 1360 in
1597 1333 1714 1370 Egypto

925 1375 1054 1402 miracula
1070 1380 1150 1411 atque
1173 1377 1200 1404 in
1225 1377 1282 1410 ipsa
1297 1377 1445 1404 solitudine
1462 1385 1511 1412 pro
1537 1377 1656 1407 llebratis
1687 1381 1715 1408 in

925 1422 1084 1448 memoriam
1113 1426 1268 1449 revocasset
1291 1430 1297 1448 :
1318 1421 1370 1454 IIIi,
1397 1422 1524 1455 diccbat,
1540 1423 1651 1452 fuerunt
1676 1425 1717 1452 in-

926 1467 994 1501 grati
1010 1467 1037 1493 in
1057 1471 1082 1494 te
1097 1467 1317 1500 benefactorem,
1338 1475 1427 1501 neque
1449 1468 1485 1495 illi
1500 1469 1588 1496 solum
1600 1491 1607 1501 .
1622 1470 1670 1497 sed
1697 1470 1715 1498 ii

926 1513 1019 1545 etiam,
1035 1514 1080 1548 qui
1098 1522 1131 1540 ex
1150 1514 1190 1541 eis
1204 1515 1260 1540 nati
1275 1519 1350 1540 sunt.
1367 1513 1407 1540 Tu
1423 1515 1495 1541 enim
1508 1515 1573 1548 scis,
1589 1516 1714 1550 Domine,

926 1566 1007 1593 quam
1023 1567 1051 1586 se
1067 1560 1135 1586 male
1154 1560 1288 1595 gesserint
1301 1560 1327 1586 in
1348 1564 1392 1586 tua
1406 1560 1533 1593 civitate,
1551 1565 1580 1588 ut
1605 1561 1651 1596 qui
1667 1569 1716 1596 po-

928 1604 1021 1638 pulum
1042 1604 1117 1631 illum
1135 1612 1183 1639 per
1204 1605 1295 1631 dolum
1325 1605 1566 1637 eircutnvenerint,
1582 1611 1611 1633 et
1625 1607 1716 1635 consi-

86 1651 134 1678 τδν
151 1651 214 1678 λαόν
239 1660 286 1678 σου
313 1653 663 1688 καταπανουργευσάμενοι,
693 1653 740 1679 καὶ
769 1651 876 1687 βουλευ-

928 1651 993 1677 lium
1012 1650 1125 1677 inierint
1139 1651 1271 1678 adversus
1289 1656 1399 1678 sanctos
1415 1655 1485 1684 tuos,
1499 1657 1526 1678 et
1546 1652 1573 1679 in
1587 1660 1635 1680 eos
1645 1673 1653 1686 ,
1668 1653 1716 1687 qui

89 1699 205 1732 σαμενοι
223 1699 295 1725 κατᾶ
325 1699 380 1724 τῶι
410 1699 496 1732 ἁγίων
527 1707 587 1732 σου,
606 1699 654 1725 καὶ
670 1699 710 1725 ἐτι
729 1699 800 1725 κατὰ
823 1698 878 1725 τῶν

89 1744 316 1778 ὑπολειπομένων
332 1745 441 1779 πονηρὰ
469 1745 664 1780 σκεπτόμενοι,
690 1746 737 1772 καὶ
753 1745 790 1777 ὡς
820 1746 879 1778 εἴγε

88 1790 116 1816 αἱ
134 1790 278 1823 ἡμέτεραι,
298 1790 433 1821 Δέσποτα,
462 1790 712 1824 παρεμποδίζουσιν
734 1791 877 1825 ἁμαρτίαι,

89 1837 161 1862 ἁλλᾶ
185 1835 222 1870 μὴ
239 1836 300 1866 ταῖς
324 1835 437 1861 ἐκείνων
458 1835 606 1869 παραδῴης
632 1837 737 1870 χερσὶν,
762 1836 819 1862 ἀλλ’
841 1837 879 1867 ὠς

90 1882 124 1910 ἂν
155 1882 237 1913 αὐτὸς
267 1881 425 1915 ἐθελήσειας
452 1880 589 1916 τιμωρίαν
608 1882 674 1915 ἡμῖν
701 1881 807 1914 ἐπίθες,
840 1883 876 1917 μή

91 1937 159 1955 ποτε
177 1929 287 1960 εἴπωσι,
306 1928 360 1954 Ποῦ
375 1929 449 1954 ἐστιν
463 1928 506 1962 ἐφ’
520 1926 541 1960 ᾧ
559 1927 749 1962 ἐγκαυχῶνται
764 1928 881 1961 Χριστος

91 1976 140 2002 καὶ
160 1977 174 2001 ὁ
192 1975 288 2001 τούτου
305 1974 440 2006 σταυρύς;
463 1974 557 2000 Ταῦτα
579 1974 629 2000 σὺν
648 1973 782 2009 δάκρυσιν
799 1973 882 1999 ἐπευ-

93 2021 224 2056 ξάμενος,
257 2021 303 2047 καὶ
319 2020 491 2053 ἐπιθειάσας,
519 2020 604 2052 ἔξεισι
626 2021 673 2046 καὶ
692 2018 740 2045 τοῦ
761 2019 813 2045 νεὼ
831 2018 878 2045 καὶ

93 2069 143 2102 τῆς
166 2067 280 2099 πόλεω;,
308 2067 357 2093 καὶ
374 2066 442 2101 πράς
457 2075 518 2092 τινα
537 2068 657 2101 μοναχὸν
674 2066 839 2101 προόλέπειν
852 2065 882 2091 τὸ

94 2113 197 2148 μέλλον
210 2111 244 2137 δι’
258 2112 357 2146 ἀρετῆς
375 2111 506 2146 ἐργασίαν
528 2111 688 2146 ἠξιωμένον,
709 2111 756 2136 καὶ
773 2111 801 2136 ἐν
813 2119 882 2145 πυρ-

97 2161 189 2194 γῐσκῳ
204 2159 365 2193 στενοχώρῳ
379 2158 425 2184 ἐπὶ
439 2157 545 2193 χρόνοις
564 2157 615 2192 ἤδη
631 2157 710 2183 πέντε
723 2157 771 2183 καὶ
784 2165 882 2183 τεσσα-

100 2207 222 2241 ράκοντα
248 2204 460 2239 καθειργμένον,
490 2203 616 2235 πεζεύων
635 2203 750 2237 ἀφίκετο
774 2203 820 2229 ἐπὶ
833 2202 881 2229 τοῦ

95 2251 179 2279 αὑτοῦ
214 2251 367 2285 σχήματος,
396 2250 566 2284 πευσόμενος
597 2259 626 2276 τι
652 2250 708 2276 τῶν
732 2251 804 2275 κατὰ
833 2250 882 2284 τὴν

98 2299 200 2333 μάχην.
224 2297 358 2331 Ἑπῄγετο
372 2296 399 2322 δὲ
414 2298 459 2322 καὶ
477 2296 637 2330 θυμιάματα
652 2295 779 2328 σύνοετα,
797 2297 827 2322 ἐν
842 2293 883 2326 οἷς

96 2342 129 2379 ἦν
147 2343 194 2370 καὶ
209 2343 319 2378 χρυσίον
328 2342 433 2376 ἀδήλως
446 2341 663 2376 συγκαταμξξας,
679 2341 713 2367 "A
730 2342 777 2368 καὶ
786 2342 825 2376 τῷ
838 2342 885 2375 γέ-

96 2398 172 2425 ροντι
187 2383 334 2420 ἐπιδῗδοὺς,
348 2388 437 2423 ἐξῄτει
450 2387 532 2422 εὐχὴν
548 2389 595 2413 καὶ
607 2388 724 2423 δήλωσιν
737 2388 791 2414 τῶν
802 2388 886 2422 ἐκδη-

96 2437 232 2471 σομένων.
256 2436 285 2461 ὐ
297 2435 325 2461 δὲ
340 2435 386 2461 τὸν
402 2435 477 2461 δόλον
491 2434 634 2469 φωράσας,
652 2435 700 2460 καὶ
712 2435 793 2468 γνοὺς
807 2434 885 2469 ἀκρι-

96 2482 151 2514 6ὦς
182 2482 257 2511 ὅστις
282 2480 336 2515 εἴη,
355 2481 446 2507 Ἔστω
473 2481 543 2515 μετὰ
573 2479 633 2512 σοῦ,
658 2480 735 2515 φησὶ,
754 2481 832 2512 Θεὸς,
856 2479 885 2511 ὃς

97 2528 145 2554 χαὶ
162 2526 359 2562 αυμὸασιλεύει
376 2534 428 2553 σοι.
450 2526 524 2561 Πλὴν
540 2525 598 2552 ἀλλ’
624 2526 703 2552 ἄπιθι
719 2533 885 2560 κατωχυρω-

99 2573 180 2609 μένος
196 2573 229 2607 τῇ
246 2573 299 2599 τῶν
318 2573 466 2608 μαρτύρων
482 2572 575 2608 θυσίᾳ,
603 2569 638 2606 ἦς
654 2571 804 2607 ὠσφράνθη
832 2570 888 2598 Κύ-

101 2629 168 2656 ριος,
197 2620 245 2646 καὶ
273 2622 334 2651 ταῖς
370 2620 464 2654 εὐχαῖς
495 2618 649 2654 ἀρχιερέως
668 2616 886 2652 Ἀλεξανδρείας,

99 2667 218 2697 καὶτοῖς
236 2667 368 2703 δάκρυσιν
392 2667 550 2693 ’1ουστένου.

136 2713 202 2741 ΚΘ’.
223 2714 333 2740 Τούτων
349 2715 470 2746 ἀκούσας
490 2713 651 2745 Ἐλεσῦαᾶν,
669 2714 715 2739 καὶ
733 2712 889 2746 περαιτέρω

102 2760 141 2796 μὴ
159 2759 303 2794 πειράζειν
334 2760 464 2794 προσθεὶς
493 2759 702 2793 ἐπευλογηθεὶς,
721 2760 804 2793 ἀπῄει
830 2757 890 2792 χαί-

104 2814 168 2841 ρων,
183 2806 231 2832 καὶ
253 2804 534 2840 παρακελευσάμενος
560 2805 599 2840 τῷ
624 2804 821 2839 στρατεύματι,
854 2802 890 2836 μὴ

103 2852 185 2879 πλέον
211 2852 228 2887 ἢ
257 2852 369 2887 ἡμερῶν
395 2851 483 2877 εῐλιοσι
507 2852 611 2887 τροφὰς
639 2850 819 2884 ἐπιφέρεσθαι
845 2850 890 2874 τὶν

103 2898 185 2924 πλοῦν
201 2898 330 2924 transito.
350 2897 416 2923 Οὐδὲ
435 2898 448 2923 6
471 2896 522 2923 τῶν
543 2896 701 2931 Ὀςιηριτῶν
727 2894 824 2930 ἡμέλει
842 2894 889 2929 βα-

928 1701 1042 1728 restant,
1066 1697 1155 1724 adhuc
1177 1697 1247 1724 mala
1266 1697 1471 1725 machinentur.
1492 1698 1570 1730 Quod
1585 1697 1607 1726 si
1625 1703 1717 1726 nostra

930 1749 1040 1778 peccata
1057 1743 1084 1770 id
1100 1749 1251 1776 merentur,
1269 1744 1317 1771 sed
1333 1751 1367 1771 ne
1387 1748 1414 1771 tu
1436 1752 1484 1771 nos
1502 1745 1593 1772 tradas
1610 1745 1718 1772 illorum

929 1790 1056 1816 manibus
1073 1797 1079 1815 :
1098 1790 1171 1824 quod
1189 1795 1279 1816 autem
1299 1791 1357 1824 ipse
1378 1789 1508 1823 volucris,
1527 1790 1579 1818 ltoe
1592 1795 1719 1826 excepto,

929 1834 1009 1861 nobis
1025 1835 1134 1868 impone
1149 1836 1325 1869 supplicium,
1340 1843 1374 1862 ne
1390 1835 1461 1862 forte
1476 1836 1586 1863 dicant:
1602 1836 1720 1864 Ubinam

929 1884 970 1905 est
985 1879 1104 1912 ipsorum
1123 1879 1261 1912 Christus,
1281 1885 1391 1914 propter
1408 1889 1489 1915 quem
1507 1881 1675 1915 gloriantur,
1691 1886 1720 1909 et

930 1933 997 1952 crux
1013 1924 1088 1959 eius?
1099 1925 1161 1952 Ilaec
1173 1933 1235 1952 cum
1251 1932 1378 1960 precatus
1394 1927 1564 1954 fuissetcum
1581 1927 1717 1963 lacrymis,

931 1969 1068 2005 egreditur
1083 1979 1098 1997 ε
1114 1971 1225 2005 templo,
1241 1976 1268 1998 et
1285 1979 1299 1998 e
1321 1971 1439 2003 civitate,
1466 1976 1493 1999 et
1516 1972 1550 1999 ad
1573 1973 1718 2007 quemdam

932 2015 1119 2048 monachum,
1152 2017 1198 2051 qui
1235 2021 1346 2052 propter
1386 2017 1494 2044 virtutis
1531 2019 1719 2052 operationem

932 2062 1030 2097 dignus
1046 2066 1106 2089 erat
1130 2061 1251 2094 habitus,
1277 2067 1305 2089 ut
1330 2062 1493 2097 praevideret
1513 2063 1614 2095 futura,
1638 2068 1666 2090 et
1692 2064 1720 2091 in

931 2113 1049 2144 augusta
1065 2108 1263 2145 turriculajam
1283 2109 1462 2144 quadraginta
1487 2110 1608 2144 quinque
1633 2117 1723 2139 annos

932 2154 1174 2187 fueratinclusus,
1200 2157 1283 2190 pedes
1305 2156 1381 2182 venit
1397 2155 1423 2182 in
1447 2156 1543 2183 eodem
1569 2156 1673 2188 habitu,
1688 2156 1722 2184 de

932 2201 1027 2237 praelio
1044 2201 1244 2229 sciscitaturus.
1265 2201 1362 2228 Attulit
1378 2205 1469 2228 autem
1487 2202 1637 2236 composita
1655 2194 1724 2236 quo-

933 2254 987 2281 que
1004 2247 1178 2282 thymi'amata
1191 2267 1198 2279 ,
1214 2247 1241 2274 in
1264 2247 1363 2281 quibus
1379 2247 1459 2273 etiam
1482 2254 1580 2274 aurum
1605 2247 1723 2275 latenter

936 2293 1130 2319 immiscuerat.
1145 2292 1210 2324 Qua:
1232 2299 1293 2319 cum
1311 2292 1468 2319 tradidisset
1489 2293 1559 2324 seni,
1585 2293 1722 2327 quasrebat

936 2346 1042 2374 preces.
1063 2343 1091 2366 ct
1106 2338 1331 2373 signiﬁcationem
1349 2346 1456 2371 eorum,
1473 2347 1533 2373 qua:
1547 2343 1624 2366 erant
1641 2346 1721 2366 even<

936 2389 1004 2412 tura.
1024 2385 1070 2412 Ille
1085 2390 1188 2418 autem,
1215 2384 1278 2412 dolo
1302 2385 1492 2419 deprehenso,
1519 2392 1580 2412 cum
1597 2385 1723 2419 quisnam

934 2434 1020 2461 esset,
1034 2430 1137 2464 optime
1152 2433 1246 2456 nosset
1261 2438 1268 2456 :
1286 2429 1329 2456 Sit
1343 2436 1442 2461 tecum,
1457 2429 1562 2464 inquit,
1579 2428 1661 2462 Deus,
1678 2430 1724 2465 qui

936 2475 1017 2502 etiam
1028 2480 1117 2503 tecum
1133 2481 1238 2511 regnat.
1258 2476 1433 2504 Verumenim
1452 2484 1519 2504 vero
1535 2476 1589 2508 abi,
1604 2477 1726 2503 munitus

937 2527 1086 2557 martyrum
1110 2522 1255 2554 sacrificio,
1278 2522 1351 2557 quod
1377 2521 1448 2550 Deus
1474 2526 1516 2549 est
1537 2522 1675 2552 odoratus,
1699 2528 1725 2548 et

938 2569 1067 2602 precibus
1083 2568 1219 2602 pontiﬁcis
1234 2567 1414 2599 Alexandriae,
1432 2571 1459 2594 et
1475 2567 1601 2601 Iaerymis
1614 2565 1722 2593 Justini.

976 2711 1072 2739 XXIX.
1101 2712 1163 2739 IIa-e
1190 2719 1251 2738 cum
1276 2710 1409 2748 audiissevl
1435 2709 1581 2739 Elesbaan.
1616 2712 1643 2735 et
1663 2715 1725 2735 eum

940 2766 994 2785 non
1016 2762 1147 2785 tentasset
1163 2757 1291 2791 amplius,
1310 2756 1499 2783 Lettt‘dictione
1517 2757 1639 2789 accepta,
1661 2753 1727 2780 abiit

940 2805 1026 2832 laetus.
1044 2804 1077 2831 Et
1092 2811 1152 2830 cum
1168 2803 1294 2838 jussissct
1310 2801 1459 2833 exercitui,
1475 2809 1508 2828 ne
1526 2803 1628 2828 ferri-nt
1646 2799 1726 2827 viati-

941 2858 1002 2877 cnm
1027 2850 1088 2884 plus
1115 2856 1195 2881 quam
1221 2848 1316 2882 viginti
1346 2849 1473 2880 dierum,
1498 2846 1641 2881 navigavit.
1672 2844 1726 2872 S.-d

944 2904 1029 2930 nt‘qttv
1050 2894 1189 2929 nt‘gligi‘lts
1210 2892 1260 2919 fuit
1279 2901 1324 2919 rex
1348 2893 1566 2926 Honteritarum;
1590 2899 1651 2917 nar-.1
1670 2891 1727 2924 ipso
