2047 3150
129 189 198 222 1285

705 191 940 223 MARTYRIUM
960 192 991 224 S.
1013 192 1187 225 ARETH/E.

1689 201 1756 233 1286

128 248 183 276 νῶν
197 247 301 277 ἄνωθεν
320 249 424 281 κοντοῖς
437 249 592 285 φερομένην
608 249 763 286 προσδήσας
784 250 821 282 ὡς
830 251 911 277 δοκεῖι

972 250 1046 278 misrt
1064 252 1147 278 etiam
1161 252 1307 286 quemdam
1324 262 1356 281 ex
1373 255 1430 283 suis
1447 257 1569 292 cognatis
1585 266 1646 285 cum
1661 260 1754 294 viginti

127 295 162 322 τὰ
178 294 229 330 ὅρη
246 295 381 322 κινεῖσθαι
398 304 454 322 τισι
473 297 610 330 μηχαναῖς
628 296 673 322 καὶ
692 296 824 331 φέρεσθαι
844 297 916 323 κατὰ

127 341 183 368 τῶν
199 342 300 368 πλοίων
317 343 350 377 τῇ
369 343 401 369 ἐκ
417 341 522 369 τούτων
537 343 603 377 σκιᾷ
619 342 649 368 τὸ
664 341 768 368 λυποῦν
786 341 833 368 τοῦ
849 342 917 369 καύ-

129 396 215 423 ματος
232 388 411 423 ἁπεκρούετο.
428 388 584 423 Ἐξέπεμπε
598 389 625 414 δὲ
636 388 681 415 καί
691 397 751 415 τινα
762 388 817 415 τῶν
830 388 912 415 αὐτοῦ

127 434 269 467 συγγενῶν
287 434 359 469 μετὰ
385 434 537 469 δισμυρίων
562 434 680 465 ἱππέων,
697 435 766 469 πρὸς
781 434 812 460 τὸ
829 443 915 460 κατα-

126 480 265 514 σκοπῆσαι
280 480 311 506 τὸ
336 480 431 515 μέρος,
453 480 518 507 ἔνθα
539 478 573 516 ἦν
589 480 602 506 ό
623 480 782 508 Ἐλεοϐαάν.
801 481 856 507 Καί
872 488 915 511 τις

125 526 181 551 τῶν
197 525 334 561 εὐνούχων
351 525 398 552 τοῦ
426 526 570 560 βασιλέως,
588 526 734 552 ὑπολαϐὼν
749 526 845 552 τοῦτον
874 527 916 557 εἰς

126 571 279 607 γυμνάσιον
313 572 424 605 ἐξιέναι,
451 572 564 607 Sopita
593 572 675 598 πέντε
702 573 795 606 χρυσᾶ
824 571 915 598 λαὸὼν

128 617 293 653 συνεξῆλθεν
309 619 395 653 αὐτῷ.
414 618 493 644 Ἐπεὶ
507 618 534 644 δὲ
554 619 617 649 τοὺς
633 619 695 653 περὶ
709 618 754 644 τὸν
768 618 915 644 Ὲλεσϐαὰν

127 663 375 698 ἑπαγρυπνοῦντας
390 663 475 699 εὕροι,
491 664 582 690 λαϐὼν
597 664 643 690 τὸν
658 665 796 698 εὐνοῦχον,
813 664 916 699 καίει-

126 718 175 741 va;
192 709 247 736 τῶν
263 709 345 736 αὑτοῦ
364 711 450 744 τρεῖς,
469 709 609 744 μακρόθεν
629 709 711 744 ἀπῄει
730 709 798 744 πρὸς
814 709 913 743 θήρῈν.

127 755 245 790 Ἔτυχον
258 755 285 781 δέ
300 764 373 787 τινες
386 755 440 782 τῶν
455 755 502 782 τοῦ
535 755 684 782 Ἑλεσόαὰν
699 755 737 789 τῷ
758 754 831 790 λιμῷ
855 763 916 780 πιε-

128 799 237 834 ζόμενοι
262 800 353 827 ἵππων
380 801 524 832 ἐπιϐάντες
549 800 645 831 νυκτὸς
663 801 731 835 πρὶς
756 801 819 832 τοὺς
835 801 915 826 πολε-

128 847 207 880 μίους
234 846 446 881 διαδιδράσκειν,
474 846 499 872 οἳ
520 847 567 872 καὶ
588 846 780 880 περιτυχόντες
810 847 914 878 αὐτοῖς,

125 893 191 923 τοὺς
209 891 260 926 μὲν
287 892 386 923 ἄλλους
409 891 590 924 ἀπέκτειναν,
619 892 666 918 τὸν
684 893 802 927 συγγενῆ
819 891 848 917 δὲ
866 893 915 917 λα-

126 937 284 968 ϐόντες-τοῦ
299 938 444 972 βασιλέως,
461 937 559 964 καὶτὰ
590 938 680 972 χρυσᾶ
704 937 816 970 δόρατα,
846 937 914 971 πρὸς

125 985 161 1009 ἰὰ
177 984 256 1010 πλοῖα
275 983 356 1011 πάλιν
380 983 548 1018 ἀνέστρεψον
561 991 567 998 ·
593 983 611 1010 ἃ.
629 984 676 1010 καὶ
702 982 794 1009 λαϐὼν
809 984 822 1009 ὁ
838 983 915 1009 εὐσε-

127 1029 178 1065 ϐὴς
193 1029 320 1064 βασιλεὺς
332 1030 414 1061 εὐθὺς
434 1029 544 1056 ἀνέθετο
563 1029 601 1064 τῷ
617 1029 686 1064 Θεῷ.
701 1029 786 1060 Αὐτὸς
803 1029 831 1055 δὲ
863 1028 912 1064 τὴν

129 1075 260 1109 στρατιάν
298 1074 475 1109 ὡπλισμένην
500 1076 528 1101 ὲν
560 1076 616 1105 τοῖς
645 1074 823 1109 βραχυτέροις
858 1074 913 1100 τῶν

129 1116 230 1147 πλοίων
245 1120 384 1155 ἐμϐαλὼν,
402 1120 499 1154 ἐξῆλθε
515 1121 582 1155 πρὸς
598 1121 660 1151 τοὺς
681 1121 711 1146 ἐν
727 1119 844 1154 αἰγιαλῷ
862 1128 912 1146 πο-

127 1165 251 1201 λεμίους,
282 1168 330 1194 καὶ
348 1168 439 1203 μάχην
468 1167 603 1201 συνάψας,
632 1167 705 1192 νῶτα
731 1166 828 1197 δόντας
849 1166 911 1197 τοὺς

133 1213 279 1247 Ἐὗραίους
302 1214 421 1246 πολέμου
446 1213 520 1247 νόμω
545 1213 649 1243 πάντας
666 1212 849 1245 κατέπραξε-ν,
874 1212 912 1243 ὡς

129 1259 197 1293 μηδὲ
222 1258 338 1292 ἄγγελον
363 1259 417 1285 τῶν
432 1260 586 1293 γενομένων
605 1259 795 1285 ὑπολιπέσθαι.
817 1258 908 1293 Ἐχων

125 1304 223 1332 δὲ.τῶν
237 1304 285 1330 τοῦ
303 1305 436 1339 βασιλέω,
454 1306 584 1339 συγγενῆ,
602 1305 745 1331 δεικνύντα
775 1304 824 1340 τὴν
840 1305 907 1340 πρὸς

127 1352 203 1387 Φαρῆ
216 1351 265 1388 τὴν
282 1353 358 1378 πόλιν
370 1352 441 1384 ὁδὶν,
457 1351 521 1377 ἔνθα
533 1349 567 1386 ἦν
583 1351 616 1378 τα
635 1351 760 1385 βασίλεια
777 1351 909 1382 Δουναέιν,

128 1399 227 1426 ἄνεισι,
241 1399 297 1425 Καὶ
309 1398 411 1433 ταύτης
429 1398 583 1432 κρατήσας,
602 1397 751 1432 ἀφυλάκτῳ
766 1403 795 1423 τε
808 1398 840 1431 τῇ
860 1399 908 1422 πόΑ

126 1445 168 1472 λει
184 1444 351 1480 περιτυχὼν,
370 1444 459 1470 πάντα
474 1443 519 1470 τὸν
539 1443 605 1478 περὶ
624 1443 658 1470 τὰ
679 1442 806 1477 βασίλεια
828 1442 908 1468 πλοῦ-

127 1499 184 1523 τον,
199 1492 247 1517 καὶ
262 1490 345 1521 αὑτὰς
361 1489 495 1524 λαμϐάνει
511 1490 559 1521 τὰς
579 1489 730 1524 βασιλίδας.

165 1536 225 1562 AB’.
244 1536 300 1570 Τὴν
329 1535 357 1560 δὲ
379 1535 429 1569 τῆς
452 1535 558 1566 πόλεως
576 1534 689 1566 ἅλωσιν,
715 1536 761 1562 καὶ
777 1536 827 1572 τὴν
854 1537 909 1564 τῶν

129 1580 274 1616 βασιλείων
299 1579 460 1615 διαφθορὰν,
476 1581 516 1606 En
531 1579 560 1606 δὲ
587 1581 636 1607 καὶ⁵
654 1581 705 1616 τὴν
727 1581 783 1608 τῶν
799 1583 908 1609 οἰκείων

127 1625 318 1660 αἰχμαλωσίαν
333 1625 455 1651 Δουναὰν
479 1625 674 1658 διενωτισθεὶς,
689 1627 738 1653 καὶ
755 1627 846 1660 δείσας
873 1630 910 1664 μὴ

126 1671 181 1697 τῶν
196 1671 278 1697 αὑτοῦ
295 1670 432 1704 συγγενῶν
444 1679 515 1702 τινες
535 1671 574 1706 τῷ
593 1672 739 1699 Ἐλεσὸαὰν
755 1675 912 1709 προσρυῶσι

130 1716 176 1743 τοῦ
189 1716 255 1742 Θεοῦ
267 1716 418 1751 σφήλαντος
432 1717 479 1752 τὴν
493 1717 576 1744 αὑτοῦ
588 1719 699 1753 γνώμην
711 1721 814 1756 χρυσῆν
830 1729 913 1747 κατα-

127 1762 330 1794 σκευασάμενος
341 1761 446 1793 ἆλυοιν,
459 1762 505 1789 καὶ
512 1763 624 1798 ἐνδήσας
631 1764 710 1790 αὐτόν
720 1773 749 1791 τε
759 1766 911 1800 κάκείνους,

127 1805 246 1839 ικάοητο
256 1805 310 1830 τῶν
322 1806 490 1839 πραγμάτων
501 1808 661 1841 ἠμεληκὼς.
678 1809 709 1834 οι
722 1810 811 1842 μέντοι
822 1812 913 1838 Αἰθίο-

127 1859 189 1883 πες,
204 1851 267 1876 οιὲν
283 1851 338 1882 τοῖς
353 1850 464 1882 πλοίοις,
477 1852 559 1885 μηδὲν
568 1854 631 1887 περὶ
645 1854 792 1881 Ὲλεσόαὰν
807 1857 852 1882 τοῦ
867 1858 914 1882 at“.-

126 1897 180 1924 τῶν
194 1896 336 1931 βασιλέως,
354 1896 370 1932 ἢ
385 1895 438 1922 τῶν
455 1896 500 1922 ὑπ’
520 1897 602 1923 αὑτοῦ
624 1900 827 1933 πεπραγμένων
843 1902 912 1935 ἀκη-

129 1943 222 1974 κοότες
238 1942 335 1968 σπάνει
350 1951 380 1968 τε
395 1942 450 1969 τῶν
458 1942 613 1976 ἀναγκαίων
621 1943 848 1979 διαφθειρόμενοι,
867 1947 913 1972 καὶ

127 1990 157 2015 ἐν
175 1988 270 2023 ἀπόρῳ
281 1988 368 2019 ὄντες,
400 1988 578 2022 ἀπογνόντες,
603 1989 754 2024 ἐτράποντο
771 1991 838 2025 πρὸς
853 1992 912 2018 ἰκε-

129 2034 202 2061 τείαν
222 2033 267 2059 τοῦ
283 2033 374 2060 Θείου.
395 2034 449 2059 Καὶ
465 2035 500 2060 τὰ
518 2035 623 2069 μέγαλπ.
644 2036 699 2061 τῶν
713 2036 814 2062 πλοίων
836 2037 913 2072 ἐνδή-

127 2087 225 2110 σαντες
253 2079 322 2114 πρδς
357 2079 443 2105 ἑαυτὰ
475 2080 617 2113 κυκλόθεν,
645 2081 748 2108 ἄνωθέν
767 2091 796 2109 τε
819 2083 854 2109 τὰ
865 2084 911 2110 εὐ-

129 2125 204 2159 μήκη
221 2123 289 2156 ξύλα
306 2124 352 2150 καὶ
372 2124 446 2150 ἱστία
460 2126 722 2160 προςεπιδήσαντες,
744 2130 791 2154 καὶ
808 2127 903 2162 ὥσπερ

125 2171 188 2196 τινὰ
209 2170 284 2196 πόλιν
298 2171 328 2196 ὲν
342 2171 375 2204 τῇ
394 2169 517 2206 θαλάσσῃ
533 2171 817 2208 διαμηχανησάμενοι,
838 2176 867 2201 ἐν
881 2175 910 2201 δὲ

127 2216 186 2246 ταῖς
207 2215 337 2248 πλαγίαις
361 2215 462 2249 ἔξωθεν
490 2217 523 2242 τὰ
544 2216 703 2253 βραχύτερα
729 2219 784 2246 τῶν
799 2220 909 2252 πλοίων,

128 2261 285 2297 προτείχιόν
312 2269 338 2287 τι
368 2261 537 2297 μιμούμενα,
567 2263 789 2298 παραζεύξαντες
815 2266 910 2301 ἁθρόοι

127 2307 279 2342 γενόμενοι,
302 2307 371 2341 μετὰ
385 2307 510 2342 δακρύων
531 2309 673 2344 ἱκετηρίαν
685 2309 724 2344 τῷ
737 2311 794 2346 θεῷ
809 2313 910 2346 προσῆ-

126 2361 174 2387 γον
195 2353 313 2388 μακράν.
349 2351 414 2378 Εἶτα
433 2354 486 2380 τῶν
512 2354 592 2388 ίερῶν
619 2356 838 2391 ἀπογευσάμενοι
861 2367 909 2392 μυ-

128 2398 248 2432 στηρίων
265 2397 313 2424 καὶ
336 2397 528 2433 ὁπλισάμενοι,
549 2399 710 2426 κατέϐαινον
727 2401 774 2426 ἐπὶ
793 2403 827 2428 τὰ
844 2403 911 2437 βρα-

125 2444 229 2478 χύτερα
248 2443 337 2469 πλοῖα·
356 2443 401 2469 καὶ
416 2444 529 2475 στάντες
543 2445 575 2470 ὲκ
590 2444 717 2478 πλαγίου,
734 2446 772 2481 τῷ
791 2447 828 2482 μὴ
847 2450 909 2482 βλα-

126 2490 176 2523 ῦην
197 2488 259 2514 τινὰ
277 2487 330 2513 ὑπὸ
346 2488 400 2514 τῶν
419 2488 505 2522 βελῶν
521 2489 668 2523 ὑπομένειν
682 2489 737 2516 τῶν
760 2491 908 2526 πολεμίων,

288 2534 292 2537 .
361 2535 366 2537 .
434 2535 437 2537 .
498 2535 510 2537 _
587 2535 591 2537 .
636 2535 640 2537 .
663 2528 674 2537 ι

127 2535 214 2561 ὤθουν
230 2534 300 2560 αὐτὰ
319 2535 387 2569 πρὸ,
412 2535 462 2569 τὴν
479 2535 541 2569 γῆν,
562 2535 640 2562 αὐτοί
659 2534 688 2562 τε
723 2537 770 2563 καὶ
788 2538 861 2564 ἅπαν
881 2539 911 2565 τὸ

127 2581 273 2607 ναυτικόν·
289 2581 323 2607 τὰ
343 2581 372 2607 δὲ
402 2582 458 2613 τοῖς
490 2581 618 2615 μεγαλοις
654 2583 838 2618 συνδεδεμένα.
864 2587 912 2611 καὶ

127 2626 197 2652 αὐτὰ
229 2625 447 2659 συνεφείλκοντο,
475 2627 553 2661 ἄχρις
583 2627 615 2654 ἂν
632 2628 661 2654 αι
687 2629 805 2664 πλευραὶ
820 2631 911 2657 αὐτῶν

128 2673 342 2708 προσοκείλασαι
370 2674 557 2708 προσήρεισαν
585 2674 623 2708 τῷ
650 2675 779 2710 αἰγιαλῷ,
808 2676 845 2707 ὡς
865 2685 910 2710 γε-

126 2719 219 2745 νὲσθαι
237 2719 324 2753 τεῖχος
339 2719 432 2750 αὐτοῖς
447 2721 564 2752 καὶτοῖς
582 2721 746 2756 Ὀμηρίταις
765 2723 798 2749 τὰ
817 2724 909 2750 πλοῖα.

127 2764 331 2799 Ηροοῆαλόντες
346 2765 374 2791 δὲ
395 2767 420 2792 at
438 2766 562 2801 πολέμιοι
579 2769 636 2798 τοῖς
653 2769 747 2802 δόρασ.
773 2769 820 2795 καὶ
849 2771 909 2801 ταῖς

127 2812 240 2843 πέλταις
269 2813 412 2839 κατέκλων
439 2814 491 2845 τὰς
521 2814 575 2842 τῶν
604 2814 783 2851 βραχυτέρων
809 2816 911 2844 πλοίων

129 2860 258 2893 πλευρὰς,
275 2859 321 2885 καὶ
337 2859 420 2885 πολλὰ
435 2860 497 2890 τοὺς
512 2859 645 2892 Attila-:1;
672 2861 801 2889 ἐλύπουν.
830 2864 860 2889 υί
882 2863 909 2890 δὲ

127 2905 193 2936 πρδς
210 2905 317 2932 ἄμυναν
332 2904 412 2937 αὗθις
427 2906 496 2938 μετὰ
520 2906 645 2940 δακρύων
667 2904 844 2939 ἐξεκαλοῦντο
864 2910 909 2936 τὸν

969 297 1089 324 millibus
1104 298 1226 331 equitum
1240 299 1273 326 ad
1291 301 1485 334 speeulandam
1504 308 1608 337 partem
1627 305 1710 339 illam,
1727 307 1754 334 in

965 350 1019 377 qua
1035 348 1095 370 erat
1108 343 1251 374 Elesliaan.
1265 346 1380 378 Quidam
1397 353 1486 375 autem
1507 357 1540 376 ex
1558 351 1692 379 eunuchis
1713 360 1757 380 re-

965 388 1006 423 gis
1022 388 1170 416 arbitratus
1196 398 1258 417 eum
1276 392 1350 418 exire
1377 393 1409 419 ad
1439 401 1468 421 se
1490 396 1687 430 exercendum,
1710 405 1757 425 ac-

966 436 1051 468 ceptis
1064 436 1185 471 quinque
1201 438 1294 465 aureis
1311 439 1450 472 laneeolis,
1467 448 1529 468 eum
1548 449 1582 469 eo
1598 448 1640 470 est
1663 451 1755 478 egres-

969 487 1029 507 sus.
1056 480 1125 508 Cum
1144 483 1166 509 is
1195 489 1286 511 autem
1316 485 1449 512 Elesbaan
1481 489 1574 522 copias
1602 489 1754 518 invenisset

966 525 1124 560 vigilantes,
1150 535 1267 561 quarum
1294 538 1358 564 pars
1384 531 1440 565 jam
1457 540 1474 558 e
1493 533 1609 560 navibus
1631 542 1753 570 egreSsa,

965 568 1053 596 locum
1071 571 1097 596 in
1125 571 1217 598 littore
1236 579 1404 608 occuparat.
1431 582 1544 611 accepto
1565 568 1702 612 etniuclio,
1728 585 1758 606 et

965 614 1051 643 tribus
1067 623 1099 642 et
1115 617 1181 648 suis,
1199 617 1265 645 abiit
1281 620 1374 652 procul
1389 620 1423 647 ad
1441 622 1625 650 venationem.
1639 623 1753 655 Quidam

964 664 1055 686 autem
1072 667 1104 686 ex
1122 660 1256 688 Elesbaan
1272 665 1393 691 exercitu
1414 667 1538 700 oppressi
1563 668 1634 696 hune
1646 689 1652 700 ,
1670 677 1755 704 equos

965 709 1046 731 noctu
1073 708 1306 741 conscenderant,
1334 714 1363 737 ut
1392 711 1484 739 hostes
1511 713 1674 748 effugerent.
1702 716 1755 748 Qui

965 757 1026 776 cum
1043 750 1068 776 in
1094 759 1142 779 eos
1169 753 1338 787 incidissent,
1357 756 1424 784 alios
1447 758 1558 792 quidem
1581 761 1750 794 occiderunt,

965 797 1036 831 regis
1050 803 1141 824 autem
1157 805 1300 834 cognatum
1318 803 1469 837 capientes,
1484 809 1511 831 et
1529 813 1627 833 aureas
1645 807 1755 834 lanceas

964 846 1105 875 portantes
1123 862 1130 874 ,
1156 844 1190 870 ad
1216 853 1300 873 nares
1327 847 1476 875 redierunt.
1504 849 1556 877 Eas
1578 856 1668 878 autent
1692 861 1754 879 eum

965 889 1115 921 accepisset
1130 897 1174 917 rex
1192 891 1263 926 pius,
1277 894 1368 919 statim
1392 894 1445 920 Deo
1458 895 1603 922 dedicavit.
1629 896 1688 930 ipse
1707 905 1756 924 au-

931 930 953 958 B
967 938 1033 965 tem,
1055 935 1158 970 reliquo
1170 943 1276 965 armato
1293 939 1414 966 exercitu
1439 941 1560 968 immisso
1576 942 1603 968 in
1618 942 1756 970 breviores

967 987 1062 1012 nares,
1083 989 1208 1015 egressus
1222 988 1264 1009 est
1279 984 1312 1010 ad
1327 984 1428 1017 hostes,
1445 986 1491 1019 qui
1508 991 1586 1013 erant
1603 987 1629 1013 in
1650 987 1756 1021 littore,

968 1029 995 1051 et
1011 1033 1099 1061 pugna
1117 1031 1188 1053 terra
1214 1029 1338 1062 marique
1359 1031 1516 1060 commissa.
1536 1031 1684 1064 llebrzeos,
1707 1033 1755 1067 qui

967 1074 1039 1106 terga
1057 1072 1200 1105 dederant,
1217 1074 1278 1108 jure
1303 1074 1364 1101 belli
1386 1083 1483 1102 omnes
1501 1077 1611 1109 occidit,
1638 1079 1707 1105 adeo
1726 1082 1757 1106 ut

966 1124 1000 1143 ne
1024 1125 1094 1145 unus
1117 1118 1225 1152 quidem
1254 1120 1290 1146 sit
1316 1121 1427 1150 relictus
1451 1122 1489 1148 rei
1516 1127 1599 1157 gesta:
1630 1124 1757 1153 nuntius.

965 1161 1033 1188 Cum
1048 1168 1139 1190 autem
1156 1164 1269 1192 haberet
1285 1171 1430 1201 cognatum
1448 1168 1529 1203 regis,
1544 1169 1589 1203 qui
1611 1169 1636 1196 ei
1659 1175 1756 1197 osten-

965 1208 1047 1235 debat
1064 1209 1146 1242 viam,
1166 1218 1227 1245 qua:
1240 1212 1315 1239 ducit
1330 1213 1365 1239 ad
1378 1213 1516 1241 civitatein
1532 1214 1620 1242 Phare
1631 1237 1637 1249 ,
1655 1216 1682 1243 in
1699 1225 1753 1252 qua

965 1257 1023 1279 erat
1040 1254 1112 1288 regia
1130 1253 1254 1288 Dunaan,
1271 1256 1304 1283 ad
1320 1257 1391 1284 illam
1410 1259 1546 1287 ascendit.
1562 1260 1620 1292 Qua
1641 1261 1753 1295 potitus,

965 1303 995 1324 ut
1021 1300 1067 1332 qui
1084 1299 1279 1328 incustoditam
1309 1303 1470 1330 ollendisset
1495 1306 1651 1338 civitatem,
1682 1307 1756 1342 capit

964 1351 1060 1372 omnes
1073 1346 1193 1381 divitias,
1208 1355 1269 1382 qua:
1284 1354 1362 1376 erant
1384 1349 1411 1376 in
1430 1350 1511 1386 regia,
1526 1356 1554 1378 et
1576 1352 1651 1386 ipsas
1672 1353 1754 1380 etiam

967 1391 1086 1424 reginas.

998 1543 1106 1572 XXXII.
1128 1546 1226 1573 Verum
1251 1555 1312 1574 cum
1339 1554 1446 1587 captam
1472 1550 1578 1583 urbem,
1596 1556 1624 1579 et
1649 1553 1751 1588 regiam

961 1594 1120 1623 occupatam
1139 1610 1146 1622 ,
1174 1596 1254 1626 atque
1281 1600 1345 1620 suos
1380 1594 1451 1622 bello
1493 1601 1588 1630 captos
1623 1598 1755 1626 audiisset

966 1633 1090 1666 Dunaan,
1120 1637 1220 1664 timens
1242 1646 1277 1665 ne
1302 1639 1386 1674 aliqui
1407 1648 1439 1667 ex
1464 1643 1586 1676 cognatis
1606 1643 1756 1672 deﬁcerent

963 1679 995 1706 ad
1013 1679 1146 1708 Elesbaan
1161 1701 1168 1714 ,
1192 1688 1284 1711 mente
1309 1685 1334 1711 ei
1359 1693 1373 1711 a
1398 1685 1453 1713 Deo
1472 1687 1570 1718 ablata.
1588 1696 1649 1716 cum
1672 1697 1754 1717 aurea

962 1731 1058 1754 catena
1089 1735 1117 1754 se
1155 1734 1183 1755 et
1225 1729 1284 1757 illos
1328 1731 1477 1766 alligasset,
1511 1734 1623 1762 sedebat
1652 1735 1754 1763 nullam

963 1779 1054 1799 rerqu
1076 1781 1169 1801 curam
1181 1783 1289 1809 gerens.
1305 1775 1358 1809 Qui
1379 1782 1469 1804 autem
1487 1781 1513 1805 in
1530 1780 1656 1814 pluribus
1669 1781 1755 1808 navi—

962 1818 1014 1846 bus
1030 1824 1108 1846 erant
1124 1819 1279 1856 A‘Zthiopes,
1297 1830 1359 1849 etim
1377 1824 1446 1851 nihil
1467 1825 1635 1853 audivissent
1652 1829 1684 1854 de
1704 1835 1756 1856 suo

962 1870 1026 1898 rege
1043 1864 1186 1898 Elesbaan,
1204 1874 1252 1894 aut
1267 1868 1301 1894 de
1327 1869 1370 1901 iis,
1392 1878 1454 1904 qua:
1476 1877 1607 1905 gesserat,
1625 1878 1653 1900 et
1677 1873 1754 1902 labo-

963 1913 1056 1935 rarent
1084 1909 1175 1942 inopia
1213 1919 1304 1938 rerum
1338 1915 1576 1948 necessariarum,
1607 1923 1754 1952 essentque

961 1951 1054 1978 animo
1074 1952 1149 1979 dubii
1173 1958 1200 1980 et
1223 1955 1357 1989 perplexi,
1370 1959 1495 1985 conversi
1528 1965 1593 1986 sunt
1618 1961 1650 1988 ad
1666 1951 1753 1989 Deum

962 1996 1179 2030 supplicandum.
1196 1999 1227 2026 Et
1244 2008 1304 2027 eum
1324 2009 1434 2036 magnas
1455 2003 1565 2038 quidem
1582 2013 1665 2032 naves
1681 2007 1755 2035 inte:

961 2049 991 2069 se
1005 2042 1172 2077 alligassem,
1193 2049 1222 2072 et
1242 2052 1324 2080 super
1340 2047 1455 2083 oblonga
1476 2049 1548 2084 ligna
1569 2051 1628 2077 vela
1652 2052 1752 2080 deinde

962 2087 1134 2121 vinxissent,
1150 2095 1179 2117 et
1196 2091 1280 2118 veluti
1298 2094 1443 2127 quamdam
1463 2095 1601 2123 civitatein
1628 2097 1655 2123 in
1683 2099 1752 2126 mari

961 2139 1054 2160 essent
1076 2134 1199 2163 fabricati
1215 2147 1222 2164 ς
1236 2138 1406 2166 extrinsocus
1424 2145 1516 2167 autem
1542 2141 1684 2170 breviores
1705 2152 1752 2171 na-

961 2187 1019 2213 ves,
1037 2189 1097 2215 qua:
1121 2183 1256 2216 quoddam
1285 2192 1426 2212 murorum
1450 2186 1628 2214 imitabantur
1651 2197 1751 2224 propu-

962 2227 1126 2260 gnaculum,
1143 2228 1332 2262 ordinassent,
1358 2238 1456 2259 omnes
1479 2232 1559 2259 simul
1583 2235 1750 2270 congregati,

929 2281 949 2307 ο
963 2277 1025 2297 cum
1041 2271 1169 2307 iacrymis
1186 2275 1240 2300 Deo
1258 2274 1366 2310 longam
1392 2277 1551 2304 obtulerunt
1574 2280 1751 2314 supplicatio-

963 2323 1036 2345 nem.
1055 2317 1158 2345 Deinde
1176 2326 1237 2346 cum
1253 2327 1329 2347 saera
1345 2327 1498 2356 gustassent
1512 2325 1652 2358 mysteria,
1675 2331 1702 2352 et
1719 2333 1748 2353 se

962 2367 1131 2395 armassent,
1157 2364 1359 2393 descenderunt
1388 2367 1413 2394 in
1439 2375 1523 2395 nares
1544 2370 1705 2398 breviores:
1723 2376 1750 2400 et

963 2410 1067 2433 stantes
1081 2416 1114 2434 ex
1128 2409 1251 2444 obliquo,
1268 2418 1302 2438 ne
1319 2412 1472 2446 acciperent
1490 2413 1599 2449 aliquod
1621 2415 1751 2444 damnum

963 2457 978 2476 ιι
997 2451 1058 2478 telis
1073 2452 1203 2486 hostium,
1218 2462 1266 2482 eas
1283 2456 1332 2490 ipsi
1349 2457 1468 2492 majores
1483 2463 1544 2492 post
1568 2467 1597 2486 se
1613 2461 1751 2490 trahentes

962 2495 1142 2531 impulserunt
1155 2500 1188 2527 ad
1201 2505 1314 2534 terrain,
1327 2502 1413 2529 donec
1429 2505 1540 2538 appulsa
1556 2512 1650 2532 eorum
1664 2507 1748 2534 latera

962 2541 1014 2568 ﬁxa
1029 2541 1131 2569 fuerint
1154 2544 1180 2570 in
1201 2545 1310 2578 littore,
1335 2547 1402 2574 adeo
1422 2553 1450 2575 ut
1474 2556 1557 2576 naves
1573 2556 1667 2577 essent
1687 2551 1751 2585 ipss

961 2595 1012 2621 pro
1027 2596 1115 2615 muro.
1133 2589 1232 2617 Hostes
1250 2599 1316 2619 vero
1328 2593 1465 2620 irruentes
1480 2601 1541 2621 cum
1557 2596 1669 2628 lanceis,
1689 2604 1748 2623 cor.-

962 2631 1119 2668 l‘ringebant
1147 2635 1231 2664 latera
1265 2638 1422 2665 breviorum
1451 2640 1573 2672 navium,
1605 2645 1632 2667 et
1655 2649 1749 2676 magna

962 2679 1087 2706 molestia
1111 2682 1266 2711 adiciebant
1282 2684 1437 2719 Ethiopes.
1463 2685 1514 2718 Qui
1541 2694 1602 2713 cum
1626 2687 1751 2722 lacrymis

962 2732 1058 2753 rursus
1087 2726 1193 2754 Domini
1218 2729 1382 2757 invocabant
1406 2732 1547 2758 auxilium.
1574 2733 1634 2766 lpse
1661 2738 1751 2759 auttm

963 2777 1011 2797 eos
1036 2774 1181 2800 exaudiit:
1203 2780 1230 2801 et
1253 2777 1344 2802 statim
1374 2785 1423 2802 vox
1451 2778 1574 2811 quaedam
1607 2778 1657 2804 I'uit
1683 2778 1752 2804 cu‘lo

962 2817 1098 2849 exaudita,
1111 2827 1171 2853 qua:
1187 2821 1295 2848 dicebat
1313 2830 1321 2849 :
1337 2823 1459 2856 Gabriel,
1483 2824 1602 2856 Gabriel,
1618 2824 1725 2851 Gabriel
1743 2834 1749 2851 :

962 2867 989 2889 et
1008 2864 1116 2898 quidam
1136 2874 1167 2893 ex
1185 2866 1249 2899 illis.
1267 2868 1313 2902 qui
1333 2876 1416 2896 naves
1444 2870 1630 2904 impellebant,
1648 2870 1751 2903 virgam

963 2907 1053 2938 ferens
1066 2910 1191 2947 ferream,
1209 2921 1269 2949 qua:
1286 2921 1405 2943 superne
1427 2917 1536 2944 quidem
1556 2916 1671 2944 habebat
1687 2924 1752 2944 cru-
