2047 3150
215 192 281 223 tst

853 195 993 224 MENSIS
1012 195 1193 226 OCTUBER.

1771 195 1840 228 1296

212 251 299 278 riures
317 252 488 278 confessione
505 252 565 278 tidei
581 261 586 278 :
604 257 631 279 et
647 252 686 279 eis
701 252 815 287 patriam
842 251 927 279 luisse
943 251 995 278 Ru-

1051 252 1266 286 ἐπνξανεστέρας
1278 251 1305 277 δὲ
1321 251 1410 285 πολλῷ
1421 252 1469 286 τὴν
1483 253 1628 287 ὁμολογίαν
1644 252 1694 288 τῆς
1709 253 1836 286 πίστεως·

214 305 286 324 ntant
306 305 438 325 veterem.
455 298 576 330 Quarum
591 298 677 325 altera
692 299 801 333 quidem
819 298 877 325 viro
898 298 1000 332 pietate

213 351 269 370 non
297 344 370 371 bono
393 344 469 371 brevi
490 348 612 374 tempore
642 344 787 378 conjuncta
817 343 999 376 matrimonio,

213 397 277 417 cum
295 390 396 417 nullam
413 398 475 417 cum
492 398 523 417 eo
539 390 590 417 tori
606 390 748 417 habuisset
762 389 998 422 consuetudinem,

213 436 259 463 sed
282 437 373 463 adhuc
395 441 574 464 conservaret
603 437 745 471 pulchrum
772 435 865 463 ﬂorem
891 435 1000 470 virgini-

213 481 294 513 tatis,
326 482 423 509 marito
446 483 550 509 interea
578 487 667 509 morte
694 483 813 514 amisso,
830 482 895 508 vivit
920 482 999 509 dein-

211 534 276 562 ceps
293 527 319 553 itt
336 532 411 555 casta
425 528 568 558 viduitate.
594 533 621 555 et
637 528 769 555 virtutum
791 528 998 561 exercitatione,

212 573 277 601 totis
293 574 419 601 manibus
444 579 572 609 paternas
588 581 654 608 opes
670 575 818 602 etIundens
842 575 868 601 in
885 582 997 609 egenos,

212 625 240 647 et
255 621 381 648 lubenter
396 621 533 647 ventitans
548 621 581 646 ad
597 628 655 651 eos,
673 621 718 655 qui
735 627 846 655 propter
857 621 997 648 Christum

214 667 397 701 patiebantur,
425 672 454 694 et
483 674 610 694 carceres
638 671 750 701 propter
785 675 832 694 eos
857 667 998 702 diligenter

211 719 398 747 perscrutans,
414 718 442 740 et
458 713 586 740 omnibus
608 713 699 740 modis
716 720 811 740 eorum
838 721 930 740 curam
952 721 999 748 ge-

211 767 286 791 rens,
303 764 331 786 et
346 759 449 785 saniem
466 759 635 794 abstergens,
656 763 684 786 et
703 759 783 786 facile
804 759 908 787 faciens
927 759 998 787 ferre

208 804 327 836 dolores,
341 810 368 831 et
380 805 472 832 adhuc
494 805 603 839 quidem
623 806 747 832 viventes
769 806 911 838 doctrinis,
931 813 998 833 con-

208 851 418 884 siliis,.nmttitis
442 851 618 882 conﬁrmans,
640 856 811 878 mortuorum
833 856 924 878 autent
936 858 998 878 cor-

207 904 275 930 pora
289 896 431 932 splendide
445 904 626 931 componens,
643 901 671 922 et
689 898 823 924 mandans
839 897 996 931 sepultum,

1052 298 1099 325 καὶ
1114 298 1231 333 πατρίδα
1251 298 1345 332 σαφῶς
1369 298 1465 329 αὑταῖς
1496 297 1604 333 Ῥώμην
1627 299 1777 333 ἐπιγράφει
1789 300 1839 333 τήν

1051 343 1251 378 πρεσϐυτέρα-1.
1269 341 1320 369 Ὠν
1336 344 1352 378 ἡ
1374 343 1423 377 μὲν
1437 344 1513 378 ἀνδρὶ
1529 344 1660 379 πρὸτερον
1675 345 1726 371 οὐκ
1743 345 1838 380 ἀγαθῷ

1050 389 1099 424 τὴν
1117 389 1260 416 εὐσέΰειαν
1274 389 1320 415 ἐπὶ
1340 389 1426 424 βραχὺ
1444 389 1602 424 συζυγεῐσα,
1626 390 1704 417 οὔπω
1730 390 1759 417 δὲ
1774 391 1837 417 οὖτα

1051 435 1146 470 κοίτης
1176 434 1238 461 οὕτε
1269 435 1370 470 μίξεως
1399 435 1474 471 αὺτῴ
1496 436 1699 470 κοινωνήσασα,
1721 436 1789 462 ἀλλὰ
1807 437 1838 463 τὸ

1051 480 1133 507 καλὸν
1149 480 1228 512 ἄνθος
1252 481 1291 508 ἔτι
1308 481 1478 515 διατηροῦσα
1489 483 1538 516 τῆς
1551 481 1711 517 παρθενίας,
1727 482 1773 508 τὸν
1788 482 1837 509 ἄν-

1049 526 1100 561 δρα
1119 535 1149 552 τε
1167 527 1270 561 μεταξὺ
1289 527 1399 562 θανάτῳ
1415 527 1592 554 ἀποϐαλοῦσα
1617 529 1646 553 ἐν
1665 529 1762 563 χηρείᾳ
1782 527 1836 554 udi-

1050 581 1128 607 φρονι
1142 573 1188 599 τοῦ
1203 573 1297 600 λοιποῦ
1314 575 1361 600 καὶ
1385 575 1489 609 ἀρετῶν
1505 575 1622 608 ἀσκήσει
1645 574 1719 609 διέζη
1732 595 1738 606 ,
1759 575 1836 606 ὅλαις

1049 619 1129 654 χερσὶ
1146 619 1192 645 ⁵τὸν
1205 619 1332 654 πατρῷον
1344 619 1459 646 πλοῦτον
1484 620 1524 650 εἰς
1545 619 1644 651 ἐνδεεῖς
1671 619 1833 651 ἐκκενοῦσα,

1050 666 1118 699 πρᾶς
1133 673 1163 691 τε
1177 667 1241 696 τοὺς
1258 666 1304 691 διὰ
1331 666 1450 700 Χριστὸν
1480 666 1635 701 πάσχοντας
1672 666 1759 700 ἡδέως
1777 673 1836 698 φοι⁸

1048 710 1134 742 τῶσα,
1149 711 1184 737 τά
1204 719 1233 737 τε
1248 711 1424 746 δεσμωτήρια
1436 711 1472 738 δι’
1482 712 1582 742 αὐτοὺς
1606 711 1757 745 φιλοπόνως
1771 712 1835 737 ἀνε-

1051 757 1187 791 ρεννὼσα,
1217 757 1265 783 καὶ
1286 758 1376 784 πάντα
1399 758 1499 793 τρόπον
1521 758 1611 784 αὐτῶν
1635 758 1834 792 ἐπιμελομένη,

1049 802 1173 833 καὶτοὺς
1195 802 1299 838 ἰχῶρας
1313 803 1503 837 ἐκμάσσουσα,
1522 803 1569 829 καὶ
1587 803 1652 839 ῥᾷον
1663 804 1713 834 τὰς
1740 803 1836 834 ὀδύνας

1049 848 1144 883 φέρειν
1158 849 1286 879 ποιοῦσα,
1302 850 1350 875 καὶ
1367 849 1472 881 ζῶντας
1492 849 1543 884 μὲν
1565 849 1616 882 ἔτι,
1637 849 1835 882 διδασκαλίαις,

1049 894 1226 928 συμὸουλαῐς,
1240 894 1392 930 ὑποθήκαις
1403 895 1613 930 ἐπιρῤωνύουσα
1627 903 1635 909 ·
1647 896 1796 930 οἰχομένων
1807 895 1837 922 δὲ

208 942 296 968 donec
334 942 452 976 seipsant
481 949 590 977 quoque
626 942 838 977 pulcherrimum
865 947 892 969 et
919 943 995 969 fune-

1050 940 1084 966 τὰ
1101 940 1215 974 σώματα
1233 940 1369 976 λαμπρῶς
1383 942 1599 975 περιστέλλουσα
1611 943 1656 967 καί
1671 942 1768 975 τάφοις
1783 950 1837 967 πα-

212 989 290 1015 brern
320 993 448 1016 ornatum
471 988 522 1015 illis
549 988 674 1023 prtebuit,
707 992 734 1014 ut
764 995 824 1022 quae
846 996 895 1023 per
908 989 997 1023 ignem

209 1034 293 1061 fuerit
312 1034 401 1061 oblata
419 1035 446 1060 in
468 1034 670 1067 holocaustum,
686 1038 713 1061 et
734 1041 844 1061 sursum
866 1033 898 1061 ad
913 1034 996 1061 Deum

209 1080 263 1107 lata
275 1080 312 1107 sit
332 1080 359 1106 itt
372 1080 484 1107 odorem
498 1080 652 1107 suavitatis.

244 1125 278 1152 ll.
308 1125 400 1153 Altera
423 1131 515 1153 autent
541 1127 623 1153 vitam
647 1126 728 1162 elegit
763 1127 942 1154 monasticam
971 1131 998 1154 et

208 1173 342 1205 quietam,
359 1172 473 1199 omnino
488 1180 587 1208 expers
603 1173 771 1207 nuptiarum,
795 1178 822 1199 et
834 1181 893 1208 qua:
909 1181 941 1200 ex
958 1173 998 1200 eis

207 1218 350 1250 oriuntur,
366 1218 530 1245 tuuiultuum
541 1227 547 1244 :
558 1218 605 1246 sed
616 1226 676 1245 cuin
689 1218 833 1253 pulchrum
844 1219 936 1254 jugum
948 1219 998 1246 Do-

207 1263 272 1290 mini
298 1264 439 1296 subiisset,
454 1269 482 1291 et
496 1264 554 1292 leve
566 1265 627 1298 ejus
641 1272 709 1291 onus
725 1269 859 1300 portasset
870 1285 877 1297 ,
899 1265 997 1293 deinde

207 1311 288 1336 etiam
307 1309 369 1337 forti
385 1315 413 1337 et
425 1310 533 1337 excelso
544 1311 634 1337 anitno
649 1311 770 1346 suscepit
786 1312 935 1339 certamina
948 1319 997 1346 pro

207 1355 307 1390 pietate
323 1365 329 1383 :
347 1361 373 1383 et
388 1356 488 1391 duplici
509 1362 603 1384 ornata
624 1357 677 1384 fuit
700 1365 812 1389 corona,
824 1358 995 1392 virginitatis,

207 1405 330 1438 inquam,
358 1408 385 1431 et
407 1405 611 1431 decertationis.
632 1404 716 1440 Cujus
741 1405 774 1432 ab
792 1405 903 1432 ineunte
918 1409 996 1432 aztate

206 1450 395 1477 educationem
404 1454 430 1476 et
438 1451 627 1477 exercitatione
633 1459 668 1482 m,
678 1455 704 1477 et
712 1451 826 1478 maxima
837 1451 879 1478 illa
887 1456 996 1486 propter

206 1493 346 1520 Christum
362 1495 512 1521 certamina
532 1495 589 1521 vult
608 1495 641 1522 ab
660 1496 738 1522 ittitio
757 1496 880 1531 persequi
898 1499 995 1524 oratio.

205 1538 266 1573 Ipsa
282 1547 357 1575 ergo,
374 1540 477 1567 relictis
495 1541 665 1575 parentibus,
687 1548 714 1568 et
732 1543 906 1574 necessariis,
923 1547 950 1570 et
964 1543 995 1570 iis

206 1584 345 1625 munibus,
361 1593 421 1620 qum-2
443 1586 584 1620 pertinent
601 1587 634 1614 ad
659 1588 856 1621 ltmreditatem,
881 1589 907 1615 in
927 1597 996 1623 quo-

207 1631 269 1657 dam
297 1636 463 1658 monasterio
496 1632 627 1659 vicesimo
659 1641 732 1660 attito
764 1634 853 1660 aetatis
878 1634 994 1668 seipsam

208 1676 324 1703 collocat
342 1685 350 1704 ι
365 1679 391 1703 in
409 1684 464 1711 qtto
481 1677 561 1705 docta
580 1682 607 1704 et
633 1678 760 1705 instituta
783 1687 798 1704 ιι
823 1685 994 1706 sacrosancta

207 1723 312 1757 Sophia
345 1721 395 1754 (sic
421 1723 494 1749 enim
525 1723 674 1750 vocabatur
709 1724 862 1758 magistra).
899 1725 994 1759 digitos

207 1767 289 1794 etiam
309 1766 423 1798 fructus,
441 1767 595 1802 talibusque
609 1767 759 1794 seminibus
780 1775 812 1795 ac
833 1768 879 1795 tali
894 1769 996 1795 doctri-

205 1820 248 1840 n:e
265 1812 471 1845 convenientes,
501 1817 528 1839 et
556 1812 737 1847 producebat,
764 1818 791 1839 et
815 1818 874 1840 erat
896 1815 997 1848 produ-

206 1865 294 1885 elura.
314 1857 425 1884 lttvidus
441 1863 531 1884 autent
545 1862 573 1885 et
588 1858 720 1893 malignus
745 1858 803 1886 haec
817 1858 876 1886 sine
894 1860 994 1886 invidia

206 1905 277 1931 ferre
294 1913 348 1931 noti
365 1909 470 1939 poterat
493 1913 500 1931 :
516 1905 564 1931 sed
579 1905 700 1939 primum
716 1905 825 1940 quidem
843 1906 927 1940 ipsius
945 1907 997 1933 Ilo-

207 1952 330 1978 taesticis
347 1959 406 1978 eam
433 1951 590 1987 aggreditur
612 1951 711 1986 copiis,
737 1956 765 1978 et
781 1959 813 1978 ex
830 1959 913 1979 carne
935 1953 996 1987 ejus

205 2006 233 2024 tn
255 2005 316 2025 eam
344 1998 449 2024 hostem
478 1998 590 2027 excitat,
613 1997 784 2024 contendens
804 1998 995 2024 vehementem

205 2044 279 2071 illaut
297 2049 325 2070 et
344 2043 478 2070 intensam
495 2043 601 2069 solvere
615 2042 852 2069 exercitationem.
865 2042 933 2070 Cum
944 2050 994 2070 au-

206 2095 262 2117 tent
277 2090 322 2116 illa
339 2089 442 2116 ittitnici
462 2089 602 2116 machinas
622 2088 703 2115 facile
720 2089 877 2123 repulisset,
898 2097 949 2116 nec
963 2097 994 2116 ea

204 2138 309 2163 ratione
320 2132 401 2162 abeo
421 2135 480 2169 capi
502 2139 530 2162 et
551 2135 702 2170 expugnari
720 2140 822 2169 posset,
843 2134 865 2162 is
882 2142 911 2162 se
935 2143 994 2162 rnr~

208 2190 256 2209 sus
271 2182 305 2209 ad
317 2182 384 2209 alias
399 2180 515 2208 contulit
530 2180 654 2214 insidias;
671 2185 699 2207 et
723 2181 809 2215 ipsam
824 2181 934 2215 quidem
948 2181 995 2208 de—

206 2231 260 2256 l'ert
277 2228 310 2255 ad
325 2235 389 2255 suos
415 2231 442 2254 et
462 2226 611 2261 impietatis
635 2227 787 2258 ministros,
804 2227 903 2261 quibus
917 2227 993 2254 valde

205 2280 264 2302 erat
280 2282 354 2302 curae
378 2273 544 2309 perscrutari
572 2281 631 2305 eos,
655 2272 701 2307 qui
724 2272 826 2299 Christi
849 2273 992 2301 sectaban-

207 2327 252 2347 tur
268 2319 440 2355 religionem.
457 2318 496 2346 llli
512 2326 577 2345 vero
595 2318 686 2345 statim
704 2323 848 2345 currentes
872 2318 905 2346 ad
929 2327 998 2353 pra:-

206 2367 292 2393 sidetn
306 2366 342 2400 (is
356 2369 446 2392 autem
464 2370 522 2392 erat
538 2364 651 2397 Probus,
675 2363 841 2391 Diocletiano
865 2369 931 2392 tunc
947 2366 997 2392 ad-

206 2410 381 2437 miniSIrante
406 2408 575 2443 imperium).
599 2408 652 2443 ipsi
675 2408 799 2436 indicant
819 2416 879 2436 eant
908 2417 997 2444 neque

206 2460 286 2490 deos,
311 2463 400 2490 neque
431 2456 626 2489 imperatorem
647 2455 749 2487 colere,
778 2455 826 2482 sed
852 2459 995 2490 quemdam

205 2504 348 2530 Christum
374 2500 522 2535 pra-dicare
543 2500 627 2527 Deum
646 2509 753 2533 verum,
771 2500 908 2536 vitataque
933 2502 996 2528 solt-

206 2547 313 2577 tariaut,
328 2545 489 2579 etcottjugii
513 2550 664 2579 expertem,
689 2546 725 2577 ei,
742 2554 802 2580 quae
827 2552 948 2574 versatur
968 2547 994 2572 in

207 2595 339 2620 societate
370 2598 397 2620 et
433 2592 638 2626 conjunctione,
683 2591 822 2626 praeferre,
860 2593 995 2619 insolitam

205 2640 350 2673 quatudam
365 2638 474 2666 vivendi
490 2638 605 2665 formam
626 2638 816 2665 ostettdcntem
835 2639 994 2674 virginibus.

204 2686 351 2720 Cum-ergo
365 2686 456 2712 statim
479 2684 583 2712 Probus
611 2685 746 2712 theatrum
771 2684 904 2720 coegisset
937 2686 993 2712 l're-

205 2731 426 2763 quentissimnm,
449 2731 530 2765 jubet
560 2732 665 2757 beatam
684 2731 781 2758 adduci
808 2732 990 2759 Anastasiam.

204 2777 327 2810 Cumque
344 2776 487 2803 venissent
514 2776 633 2802 ministri
652 2776 685 2802 ad
712 2784 818 2802 sacrum
846 2776 912 2803 illud
934 2785 991 2803 uto-

207 2823 370 2856 nasteriunt,
384 2831 446 2850 cuin
475 2822 542 2857 ipsis
560 2822 682 2848 vectibus
704 2827 730 2848 et
755 2823 877 2850 clavibus
899 2822 994 2850 fractis

1050 985 1206 1019 ραδιδοῦσα,
1225 986 1277 1015 ἕως
1292 988 1339 1013 καὶ
1354 986 1456 1020 ἑαυτὴν
1468 986 1550 1012 καλὸν
1570 986 1682 1018 ἐκείνοις
1698 987 1836 1021 παρέσχεν

1049 1031 1189 1065 ἐντάφιον,
1204 1032 1247 1058 διὰ
1267 1034 1353 1068 napo:
1370 1033 1602 1067 ὁλοκαυτωθεῖσα,
1622 1034 1671 1060 καὶ
1689 1034 1729 1065 εἰς
1746 1033 1836 1068 ὀσμὴν

1048 1077 1162 1108 εὐωδίας
1177 1078 1354 1112 ἀνενεχθεῖσα
1367 1079 1436 1113 Θεῷ,

1083 1120 1123 1148 Β’.
1144 1123 1174 1148 Ἡ
1190 1122 1218 1149 δὲ
1245 1123 1290 1149 τὸν
1320 1124 1465 1158 μοναδικόν
1491 1133 1520 1155 τε
1550 1124 1597 1151 καὶ
1617 1125 1728 1161 ἡσύχιον
1747 1125 1837 1152 εἵλετο

1049 1166 1118 1201 βίον,
1133 1168 1203 1203 μήτε
1221 1169 1312 1203 γάμου
1340 1169 1389 1203 τὴν
1400 1170 1487 1205 ἀρχὴν
1499 1170 1578 1204 ὅλως,
1592 1172 1661 1206 μήτε
1678 1171 1733 1197 τῶν
1747 1173 1777 1197 ἐκ
1788 1169 1836 1196 τοῦ

1048 1213 1138 1247 γάμου
1153 1215 1315 1249 πειραθεῑσα
1330 1215 1463 1250 θορύῦων⁵
1481 1216 1549 1242 ἀλλὰ
1562 1217 1607 1242 τὸν
1620 1217 1738 1251 Χριστὴν
1751 1217 1835 1243 ὑπελ-

1049 1259 1134 1286 θοῦσα
1155 1261 1202 1287 τοῦ
1234 1261 1338 1296 Κυρίου
1359 1262 1451 1295 ζυγὸν,
1481 1264 1529 1289 καὶ
1557 1263 1588 1289 τὸ
1607 1263 1725 1298 ἐλαφρὸν
1753 1263 1836 1289 αὐτοῦ

1049 1308 1158 1342 φορτίον
1179 1307 1341 1342 βαστάσασα
1354 1328 1362 1340 ,
1383 1308 1478 1335 ἔπειτα
1490 1309 1518 1335 δὲ
1546 1310 1591 1336 καὶ
1609 1311 1676 1343 πρὸς
1690 1309 1752 1340 τοὺς
1766 1310 1836 1343 ὑπὲρ

1050 1353 1193 1383 εὐσεϐείας
1209 1354 1319 1387 ἀγῶνας
1347 1355 1416 1388 μετὰ
1435 1355 1560 1388 γενναίου
1575 1355 1678 1390 σφόδρα
1699 1355 1746 1382 τού
1770 1364 1838 1390 φρο-

1050 1400 1172 1434 νήματος
1188 1400 1353 1433 ἀπεδύσατο,
1370 1401 1417 1428 καὶ
1445 1401 1532 1436 διπλῴ
1553 1402 1745 1437 κατεκοσμήθη
1776 1411 1838 1428 στε-

1049 1446 1184 1481 (pawch
1198 1455 1227 1472 τε
1241 1446 1290 1480 τῆς
1305 1447 1464 1481 παρθενίας,
1482 1447 1565 1481 φημὶ,
1579 1448 1625 1474 καὶ
1638 1447 1676 1480 τῷ
1686 1447 1735 1481 τῆς
1751 1447 1837 1481 ἀλλή-

1049 1501 1130 1522 σεως.
1146 1490 1200 1524 ἿΙς
1213 1493 1263 1527 τὴν
1289 1493 1320 1519 ἐκ
1344 1493 1446 1518 παίδων
1468 1493 1580 1527 ἀγωγήν
1597 1501 1626 1518 τε
1648 1493 1695 1518 καὶ
1713 1493 1832 1526 ἄσκησιν

1049 1539 1096 1566 καὶ
1111 1539 1175 1570 τοὺς
1208 1539 1354 1573 μεγίστους
1379 1538 1422 1564 διὰ
1453 1539 1572 1573 Χριστὸν
1598 1538 1693 1569 ἄθλους
1715 1539 1837 1569 ἐκείνους

1048 1585 1195 1618 διεξελθεῖν
1211 1585 1225 1611 ό
1241 1585 1319 1618 λόγος
1341 1584 1445 1611 ἄνωθεν
1476 1584 1612 1619 βούλεται,
1643 1584 1719 1619 Αὖτη
1745 1585 1836 1610 τοίνυν

1049 1632 1171 1666 πατέρας
1189 1632 1237 1665 μὲν
1255 1632 1302 1658 καὶ
1319 1632 1519 1666 προσήκοντας,
1534 1631 1581 1657 καὶ
1597 1632 1702 1665 ὅσαπερ
1716 1633 1755 1662 εἱς
1769 1631 1834 1664 κλῆ-

1049 1686 1095 1712 ρον
1110 1677 1242 1703 ἐπέϐαλλε
1258 1696 1264 1707 ,
1282 1677 1371 1703 πάντα
1390 1675 1589 1709 καταλιποῦσα,
1604 1676 1631 1702 ἑν
1647 1685 1699 1702 τινι
1717 1677 1836 1712 σεμνείῳ

1047 1723 1123 1754 ἔτους
1142 1724 1267 1749 εἰκοστοῦ
1286 1724 1335 1757 τῆς
1355 1722 1463 1758 ἡλικίας
1487 1722 1585 1757 ἑαυτὴν
1612 1723 1767 1755 καταλέγει*
1799 1724 1828 1748 ἐν

1046 1766 1068 1802 ᾧ
1087 1770 1132 1794 καὶ
1145 1769 1198 1794 ὑπὸ
1211 1769 1257 1803 τῆς
1274 1769 1349 1803 ἱερᾶς
1378 1768 1629 1803 παιδαγωγουμένη
1653 1776 1683 1794 τε
1703 1768 1762 1802 ἇμσ.
1787 1768 1834 1794 καὶ

1048 1811 1238 1847 ρυθμιζομὲνη
1263 1812 1365 1845 Σοφίας
1384 1812 1475 1847 (τοῦτο
1497 1814 1550 1847 γὰρ
1569 1812 1714 1846 ὼνόμαστο
1730 1815 1746 1848 ἡ
1765 1813 1836 1838 διδά-

1049 1859 1173 1893 σκαλος),
1190 1858 1288 1893 ἔμελλε
1306 1859 1374 1893 ταχῦ
1394 1860 1441 1885 καὶ
1454 1860 1577 1893 καρποὺς
1595 1860 1688 1891 ἀξίους
1702 1867 1836 1893 προενεγ-

1047 1907 1117 1938 κεῖν,
1147 1906 1278 1936 τοιούτοις
1294 1907 1434 1940 σπέρμασι
1460 1906 1506 1932 καὶ
1533 1905 1645 1940 τοιαύτῃ
1671 1905 1833 1941 διδασκαλὶξ.

1048 1952 1249 1986 προσήκοντας.
1262 1953 1318 1978 Ούκ
1328 1951 1424 1986 ἔμελλε
1433 1951 1460 1978 δὲ
1470 1952 1524 1986 ἄρα
1533 1951 1616 1978 ταῦτα
1629 1954 1673 1977 καὶ
1686 1952 1834 1987 βασκανίας

1047 1999 1134 2033 χωρῖς
1161 1998 1249 2024 οἴσειν
1262 1999 1276 2024 ὁ
1289 1998 1407 2033 πονηρός
1421 2006 1427 2013 ·
1445 1998 1514 2024 ἀλλα
1534 1997 1631 2032 πρῶτα
1648 1997 1698 2032 μὲν
1727 1998 1834 2024 οἴκοθεν

1046 2045 1080 2079 τῇ
1096 2044 1210 2078 γενναίᾳ
1223 2044 1399 2078 προσῆάλλει,
1417 2044 1464 2070 καὶ
1479 2044 1525 2070 τὸν
1539 2045 1572 2069 ὲκ
1584 2044 1633 2078 τῆς
1651 2043 1753 2077 σαρκὸς
1764 2044 1832 2078 αὐτῇ

1048 2089 1166 2123 πόλεμον
1185 2089 1336 2124 ἐπεγείρει,
1356 2089 1386 2115 τὸ
1403 2089 1519 2124 σφοδρὸν
1531 2089 1622 2115 ἐκεῖνο
1639 2090 1687 2115 καὶ
1708 2090 1833 2115 σύντονον

1047 2135 1160 2161 ἐκλῦσαι
1189 2134 1350 2168 φιλονεικῶν
1373 2135 1424 2169 τῆς
1441 2135 1585 2170 ἀσκήσεως
1596 2143 1603 2149 ·
1623 2135 1685 2161 ἐπεὶ
1699 2135 1728 2160 δὲ
1742 2136 1833 2168 ἀσφα-

1047 2180 1100 2212 λῶς
1117 2181 1210 2214 ἐκείνη
1225 2179 1264 2214 τῷ
1279 2179 1369 2215 ἐχθρῷ
1383 2181 1432 2212 τὰς
1453 2181 1580 2215 μηχανὰς
1596 2182 1766 2217 ἀπετείχισε,
1786 2182 1833 2207 καὶ

1047 2226 1186 2257 ἀνάλωτος
1205 2225 1329 2252 ἐντεῦθεν
1345 2226 1419 2260 αὐτῷ
1434 2226 1527 2252 λοιπὸν
1553 2228 1600 2253 καὶ
1618 2227 1768 2262 ἀχείρωτος
1784 2225 1831 2266 ἦν.

1012 2278 1034 2306 ι)
1051 2272 1118 2306 πρὸς
1137 2271 1235 2307 ἑτέραν
1248 2271 1346 2306 ἐχώρει
1359 2271 1442 2298 πάλιν
1457 2272 1615 2307 ἐπιϐουλὴν·
1639 2274 1685 2299 καὶ
1708 2281 1831 2307 προσαγ-

1047 2316 1138 2350 γέλλει
1156 2317 1205 2352 μέν
1223 2317 1308 2352 αὐτὴν
1327 2319 1383 2347 τοῖς
1399 2317 1496 2344 ἐαυτοῦ
1514 2326 1543 2344 τε
1565 2320 1612 2345 καὶ
1632 2319 1679 2352 τῆς
1703 2319 1832 2350 ὰσεὸείας

1047 2363 1196 2398 ὑπηρέταις
1209 2363 1256 2389 καὶ
1270 2363 1423 2396 διακόνοις,
1449 2361 1491 2395 οἷς
1514 2363 1561 2390 καὶ
1583 2363 1641 2390 λίαν
1657 2364 1784 2399 ἐπιμελὲς
1798 2362 1834 2399 ἦν

1048 2409 1199 2444 ἀνερευνᾷν
1211 2410 1275 2440 τοὺς
1301 2409 1335 2436 τὰ
1365 2409 1540 2444 Χριστιανῶν
1572 2411 1737 2445 μετιόντας·
1765 2410 1834 2437 οίόὲ

1047 2456 1115 2489 πρὸς
1128 2456 1172 2482 τὸν
1182 2456 1307 2490 ἡγεμόνα
1319 2455 1470 2491 δραμόντες
1480 2457 1560 2487 εὐθὺς
1572 2456 1687 2492 (Πρόῦος
1700 2454 1733 2492 ἦν
1744 2453 1834 2488 οὗτος,

1047 2502 1242 2536 Διοκλητιανοῦ
1274 2502 1428 2537 τηνικαῦτα
1447 2503 1497 2538 τὴν
1516 2503 1654 2538 βασιλείαν
1682 2503 1834 2536 διέποντος)

1049 2550 1199 2583 μηνύουσιν
1230 2549 1304 2584 αὐτῷ
1332 2550 1396 2583 περὶ
1417 2549 1518 2583 ταύτης
1535 2549 1572 2580 ὡς
1597 2549 1650 2583 ἄρα
1668 2548 1730 2575 οὔτε
1755 2549 1832 2579 θεοὺς

1045 2594 1107 2621 οὔτε
1128 2594 1249 2629 βασιλεῖς
1262 2595 1367 2621 σέϐοιτο
1382 2596 1445 2626 τοὺς
1469 2596 1595 2627 ἐκείνων,
1617 2595 1685 2622 ἀλλὰ
1714 2596 1832 2630 Χριστόν

1044 2649 1104 2666 τινα
1122 2641 1254 2675 κηρύττει
1280 2642 1346 2667 θεὸν
1360 2642 1501 2675 ἀληθινὸν,
1515 2643 1564 2668 καὶ
1577 2643 1623 2668 τὸν
1635 2642 1771 2677 ἑρημικὸν
1785 2642 1832 2667 καὶ

1046 2686 1134 2720 ἄζυγα
1159 2687 1216 2721 βίον
1245 2687 1293 2713 τοῦ
1325 2689 1488 2715 κοινωνικοῦ
1522 2689 1626 2723 μᾶλλον
1645 2691 1693 2716 καὶ
1719 2689 1833 2723 μιγάδος

1046 2733 1208 2765 ἀσπάζοιτο,
1224 2734 1296 2768 ἀήθη
1311 2735 1372 2762 τινὰ
1401 2735 1537 2767 πολιτείας
1562 2736 1623 2761 ὸδ,ν
1651 2737 1710 2766 ταῖς
1732 2736 1834 2768 παρθέ-

1047 2787 1103 2809 νοις
1119 2779 1346 2807 ύποδεικνύουσα.
1364 2780 1485 2815 Θέατρον
1502 2781 1548 2807 οὖν
1572 2782 1585 2807 ὁ
1611 2782 1714 2815 Πρόῆος
1735 2789 1835 2807 απιτκπ.

1034 2826 1212 2859 ’συναγαγὼν
1242 2826 1467 2861 πολυάνθρωπον,
1503 2826 1624 2861 ἀχθῆναι
1649 2828 1755 2853 κελεύει
1786 2827 1835 2862 τὴν

207 2869 359 2902 μακαρίαν.
386 2870 441 2895 Καὶ
459 2867 661 2897 καταλαϐόντες
684 2867 713 2892 τὺ
733 2866 804 2901 ίξρῖιν
827 2870 916 2895 ἐκεῖνο
937 2871 1060 2903 σεμνείον
1072 2871 1096 2896 οἱ
1113 2871 1178 2905 περὶ
1191 2870 1277 2898 ταῦτα
1305 2871 1523 2906 διακονούμενοι,
1553 2874 1643 2905 αὐτοῖς
1669 2883 1699 2899 τε
1726 2874 1836 2908 μοχλοῖς

205 2918 252 2944 καὶ
267 2917 354 2943 κλεισὶ
367 2918 416 2947 τὰς
442 2917 527 2952 θύρας
542 2917 704 2951 ἁρὰξαντις,
723 2918 769 2944 καὶ
780 2911 816 2949 ὥς
835 2916 908 2952 εἶχον
939 2918 1026 2953 ὁρμῆς
1041 2918 1106 2945 εἴσω
1128 2920 1268 2954 γενόμενοι
1286 2921 1417 2956 ὀνομαστὶ
1441 2922 1489 2956 τὴν
1514 2923 1691 2950 ’Λναστασῖαν
1708 2923 1833 2954 ἐζήτουν.
