2047 3150
221 171 286 204 1291

741 171 832 203 VITA
852 170 881 200 S.
901 167 1121 198 ANASTASIE
1143 166 1317 198 ROMANS.

1776 155 1841 187 1208

254 228 293 257 1".
317 229 350 256 'H
366 228 430 264 γοῦν
447 229 610 261 διδάσκαλος
629 228 714 264 αὑτῆς
733 228 830 262 Σοφία,
841 226 889 263 τὴν
906 225 1007 261 ἀθρόαν

1072 226 1157 255 anuis.
1171 224 1290 252 maximo
1308 223 1410 258 impetu
1427 219 1553 257 ingressi,
1569 217 1728 247 nominatim
1741 221 1844 250 quarm

219 275 313 310 εφοδον
333 275 440 309 ἐκείνην
455 275 621 311 θεασαμένη,
648 276 695 302 καὶ
709 275 759 311 τὴν
782 275 872 301 αἰτίαν
889 273 939 300 οὐκ
970 272 1001 298 ὰ·

220 322 375 355 γνοήοασα,
411 321 469 348 ἀλλ’
502 321 606 352 εὐθέως
621 321 801 356 συμϐαλοῦσα
826 320 857 346 τὸ
872 320 1000 354 πρᾶγμα,

221 367 301 402 χάριν
318 368 403 402 ᾔτησε
421 368 484 398 τοὺς
500 368 682 402 στρατιώτας.
692 368 762 394 ὥστε
781 367 879 402 μικρὸν
895 366 1006 400 ἀναμεῖ-

222 423 266 439 ναι
281 414 388 448 χρόνον.
416 415 472 441 Καὶ
494 415 631 450 λαϐομένη
659 417 709 449 τῆς
734 413 914 444 ’Δναστασίας
937 413 1006 446 μετὰ

222 460 360 494 δακρύων,
379 461 468 487 στᾶσά
490 469 519 487 τε
534 462 680 487 κατέναντι
699 460 746 487 τοῦ
770 458 965 493 θυσιαστηρίου
978 459 1008 484 ὲν

223 506 386 541 ἀποκρύφῳ,
406 507 453 533 καὶ
470 506 529 533 θεὸν
548 508 677 542 μάρτυρα
696 507 751 533 τῶν
775 506 843 540 πρὸς
865 505 949 539 αὐτὴν
964 505 1008 530 λό-

224 559 280 584 γων
295 553 480 588 ποιησαμένη,
522 553 593 587 Ἐγὼ
615 554 665 588 μέν
693 562 735 584 σε,
754 552 934 585 ποθεινοτὰτη
963 559 1009 585 μοι

225 596 356 633 θύγατερ,
378 598 444 633 ἔφη,
461 599 544 625 παῖδα
560 599 773 633 παραλαϐοῦσα,
789 599 866 624 οὐδὲν
884 598 939 623 τῶν
970 597 1012 627 εἰς

226 644 297 678 ἐμὴν
308 644 424 680 δύναμιν
445 645 492 672 ἐπί
524 654 564 671 σοι
587 646 636 680 τῆς
654 645 724 671 κατὰ
747 645 813 670 Θεὲνν
837 643 962 670 παιδείας
979 644 1010 670 ἐκ

228 690 342 724 πρώτης
367 691 474 725 ἡμέρας
490 692 538 718 καὶ
554 692 593 722 εἰς
605 692 636 717 τὸ
650 691 738 725 παρὸν
764 690 889 717 ἐνέλιπον
902 698 909 705 ο
924 690 956 716 σὺ
972 689 1011 721 δὲ,

226 736 266 766 εἰς
283 735 392 769 ἡλικίαν
406 736 455 771 ἥδη
483 738 530 763 τοῦ
545 736 730 771 πληρώματος
759 735 952 770 καταντήσασα
966 735 1012 761 τοῦ

230 781 358 815 Χριστοῦ,
373 781 451 808 ἄπιθι
465 781 535 816 πρὸς
555 782 634 808 αὐτὸν
646 782 851 816 ἀγαλλιωμένη.
870 781 948 816 Ᾱὺτῴ
960 781 1014 816 γάρ

228 834 258 852 σε
279 826 458 862 νυμφεύομαι
474 829 607 862 σήμερον,
633 827 682 854 καὶ
708 827 784 862 αὐτῴ
802 828 946 862 προσάγοι,
968 826 1014 853 καὶ

227 874 303 908 αὑτῷ
319 876 506 910 παρατίθημι.
530 875 594 902 Ἰδοὺ
606 875 654 901 καὶ
666 876 679 902 ὁ
691 875 807 909 νυμφὼν
817 874 953 910 εὐτρεπὴς
967 874 1013 900 καὶ

227 920 241 946 δ
261 920 352 946 καλῶν
365 921 496 954 ἀψευδής
513 922 561 947 καὶ
577 922 602 947 οι
621 922 670 955 τῆς
684 922 772 956 χαρᾶς
783 921 895 954 ἄγγελοι
915 921 1013 955 πάρει-

233 974 287 998 σιν,
313 965 351 998 ὼς
368 967 489 1001 Χριστοῦ
507 976 536 993 σε
551 967 732 1000 δεξιώσασθαι
748 967 868 1002 νύμφην,
883 967 930 993 καὶ
947 967 1015 1001 πρὸς

228 1012 291 1064 τους
309 1011 447 1064 θαλάμους
481 1012 521 1047 τῷ
550 1013 656 1047 βασιλεί
678 1014 896 1047 συνεισαγαγεῖν,
918 1012 1015 1043 Βάδιζε

228 1058 320 1108 τοίνυν
330 1058 380 1108 τὴν
394 1059 489 1093 στενὴν
507 1058 612 1093 ταύτην
626 1058 674 1085 καὶ
689 1058 886 1094 τεθλιμμένην.
902 1059 955 1090 ἕως
972 1058 1016 1084 διὰ

229 1102 278 1136 τῆς
298 1102 368 1138 ὑπὲρ
385 1104 470 1129 αὑτοῦ
484 1104 638 1138 μαρτυρίας
648 1105 677 1130 ἐν
692 1104 840 1140 εὐρυχώρῳ
857 1104 944 1139 στήσῃ
953 1103 1016 1134 τοὺς

230 1148 315 1180 πιδας
332 1157 390 1175 σου.
409 1148 488 1175 Ἐπεὶ
509 1150 555 1176 καὶ
577 1148 683 1176 δίκαιον
695 1146 718 1176 ὦ
736 1153 843 1181 τέκνον,
866 1150 896 1176 οὐ
918 1150 1016 1176 παθεῖν

230 1192 301 1227 ὑπὲρ
316 1193 437 1227 Χριστοῦ
452 1195 544 1228 μόνον,
560 1195 628 1221 ἀλλὰ
645 1195 693 1221 καὶ
703 1195 845 1227 πολλάκις,
859 1195 941 1229 εἴπερ
960 1193 1015 1221 οἷόν

229 1246 260 1263 τι
278 1239 427 1272 καὶτοῦτο,
442 1240 476 1265 δι’
495 1242 600 1266 ἐκεῖνον
616 1241 772 1268 ἀποθανεῖν.
791 1242 821 1267 Εί
839 1241 893 1275 γὰρ
915 1242 1017 1267 Δεσπό-

231 1290 280 1316 της
291 1282 329 1309 ὢν
343 1285 447 1315 ἐκεῖνος
457 1285 578 1312 ἀπέθανε
597 1286 631 1312 δι’
647 1287 734 1321 ἡμᾶς,
751 1286 811 1317 πῶς
825 1287 855 1312 οὺ
879 1287 932 1322 χρὴ
956 1287 1017 1313 δού-

230 1329 293 1359 λους
307 1329 388 1361 ὄντας
403 1330 477 1365 ἡμᾶς
506 1331 551 1357 τὸν
568 1331 674 1357 ἐκείνου
707 1331 857 1366 προθύμως
890 1334 1014 1367 μιμήσα-

232 1375 295 1401 σθαι
310 1374 444 1409 illive-rev;
467 1376 571 1408 ’Δλλως
587 1385 617 1402 τε
632 1377 661 1403 δὲ
678 1377 738 1404 οὐδὲ
755 1377 882 1416 θάνατος,
894 1376 917 1405 ὧ
936 1379 1017 1414 μέλος

233 1421 312 1456 ἐμὸν,
334 1423 351 1457 ὴ
373 1423 417 1450 διὰ
447 1423 566 1458 Χριστὸν
596 1424 722 1458 τελευτὴ,
754 1425 812 1451 ἀλλ’
847 1425 1017 1461 εὐφροσύνη,

232 1468 316 1503 χαρὰ,
331 1468 426 1504 ἡδονὴ,
442 1470 615 1505 λαμπρότης,
630 1471 777 1506 ὡραιότης,
797 1471 866 1505 φῶς,
887 1472 955 1498 πολὺ
972 1472 1019 1499 τοῦ

233 1515 323 1548 φωτὸς
334 1515 431 1542 τούτου
447 1516 617 1551 γλυκύτερόν
631 1525 661 1543 τε
672 1517 720 1544 καὶ
735 1517 912 1552 ὠραιότερον.
926 1518 1020 1545 Πάντα

1054 273 1117 300 haut
1136 272 1314 298 Anastasiam.

1092 319 1136 345 Ill.
1154 318 1221 352 Eius
1239 321 1328 344 autem
1342 315 1468 350 magistra
1481 312 1583 347 Sophia
1598 319 1660 339 cum
1674 309 1845 343 repentinam

1057 367 1129 394 illam
1146 364 1297 399 aspexisset
1319 361 1510 396 irruptioncm,
1525 363 1552 386 et
1572 364 1681 384 causam
1699 362 1753 382 non
1768 354 1846 388 ignoo

1058 418 1155 443 rasset,
1173 412 1220 439 sed
1237 419 1292 438 rem
1319 409 1422 440 statim,
1435 412 1465 434 ut
1484 411 1551 436 erat.
1575 402 1749 436 coniecisset.
1767 409 1780 426 a
1796 400 1848 427 Ini-

1059 460 1151 487 litihus
1168 456 1315 493 postulavit
1332 456 1401 482 hanc
1415 453 1541 488 gratiam,
1556 455 1583 477 ιιι
1596 456 1691 482 parum
1706 450 1848 481 exspecta-

1061 510 1131 534 rent.
1150 505 1216 538 Quae
1230 511 1292 530 cum
1316 502 1469 537 lacrymnns
1493 497 1643 531 accepisset
1664 492 1845 524 Anastasiam,

1060 558 1087 581 et
1101 560 1160 579 eam
1177 551 1317 579 statuisset
1332 557 1366 576 cx
1378 547 1492 574 adverso
1507 551 1570 576 arte,
1588 546 1703 572 secreto.
1719 543 1746 566 et
1763 539 1846 565 Deum

1062 604 1158 626 testem
1177 597 1310 624 adhibens
1323 601 1428 623 eorum.
1441 600 1500 626 qua:
1516 589 1642 617 dicebat:
1658 587 1713 622 Ego
1726 585 1846 620 quidem,

1062 645 1162 680 inquit,
1181 651 1196 671 ο
1210 641 1407 677 iucundissima
1424 639 1488 668 ﬁlia.
1507 645 1569 665 cum
1587 640 1617 663 te
1632 634 1749 669 puellam
1770 639 1848 659 acce-

1064 692 1175 727 pissem.
1198 689 1267 716 nihil
1289 695 1303 714 a
1325 687 1413 721 primo
1435 685 1479 712 die
1504 683 1537 710 ad
1565 683 1618 709 hoc
1635 687 1721 714 usque
1742 683 1850 712 tempus

1064 724 1225 772 prmtcrmisi
1251 741 1301 768 pro
1333 731 1448 762 viribus,
1475 729 1554 764 quod
1577 727 1728 762 pertineret
1756 724 1790 751 ad
1823 728 1851 750 te

1065 781 1259 810 instituendam
1276 779 1305 806 in
1330 777 1374 809 iis,
1390 784 1450 811 qum
1477 776 1509 802 ad
1535 774 1619 801 Datim
1646 772 1794 807 pertinent.
1809 770 1850 796 Tu

1065 834 1156 856 autem
1172 834 1233 854 cum
1245 826 1300 861 jam
1317 822 1476 858 perveneris
1493 821 1524 848 all
1544 824 1649 846 :rtatem
1674 815 1853 853 plenitudinis

1066 874 1178 905 Christi.
1194 872 1262 899 vade
1285 871 1318 898 ad
1335 870 1426 903 ipsum
1451 867 1600 895 exsnltans.
1623 864 1661 891 Te
1684 863 1756 890 enim
1774 861 1854 888 hodie

1066 918 1234 953 despondeo,
1248 920 1275 943 et
1289 915 1383 946 ott‘ero,
1395 917 1423 940 et
1437 913 1524 940 trado.
1537 911 1606 938 Ecce
1618 910 1673 943 jam
1688 911 1730 935 est
1744 910 1856 941 paratus

1067 952 1215 994 thalamus,
1241 967 1268 989 et
1290 961 1335 996 qni
1362 966 1388 987 te
1404 964 1495 988 vocat.
1512 962 1555 985 est
1578 963 1660 983 verax
1679 963 1685 981 :
1704 958 1731 980 et
1755 952 1856 979 adsunt

1067 1015 1159 1042 nuntii
1176 1011 1278 1048 gaudii,
1300 1015 1331 1037 ut
1352 1014 1379 1037 te
1396 1008 1534 1042 accipiant
1556 1005 1658 1032 Christi
1675 1008 1813 1037 sponsam.
1830 1004 1856 1025 et

1067 1044 1202 1088 deducant
1219 1058 1252 1085 ad
1272 1056 1372 1091 Regem
1390 1054 1418 1081 in
1441 1059 1559 1087 superna
1577 1048 1765 1076 tabernacula.
1782 1044 1857 1072 Vade

1067 1114 1130 1140 ergo
1152 1113 1202 1140 per
1225 1104 1294 1131 hanc
1316 1106 1420 1128 arctam
1447 1103 1475 1126 et
1497 1100 1639 1132 angustam
1665 1094 1748 1126 viam,
1768 1092 1858 1119 donec

1067 1161 1117 1188 per
1137 1150 1296 1186 martyrium
1314 1155 1364 1183 pro
1389 1147 1449 1180 ipso
1472 1146 1641 1177 susceptum,
1667 1139 1694 1166 in
1712 1137 1858 1166 latitudine

1069 1184 1170 1226 statuat
1190 1184 1274 1232 pedes
1297 1199 1368 1222 tuos.
1397 1191 1464 1219 Nam
1485 1191 1588 1225 justum
1614 1191 1666 1218 est,
1681 1192 1698 1212 ο
1717 1184 1782 1214 ﬁlia,
1801 1190 1857 1209 non

1068 1246 1155 1273 solum
1173 1252 1222 1279 pro
1237 1241 1346 1270 Christo
1359 1239 1426 1274 pati,
1441 1237 1489 1264 sed
1504 1236 1585 1263 ctiam
1598 1240 1680 1268 οτι-ρο,
1697 1231 1718 1258 si
1731 1231 1785 1257 hoc
1800 1228 1856 1255 ﬁeri

1069 1277 1181 1327 posset;
1193 1287 1261 1316 mori
1285 1290 1399 1322 propter
1421 1283 1508 1310 illum.
1533 1280 1561 1308 Si
1585 1279 1669 1309 enim.
1698 1283 1760 1303 cum
1785 1277 1860 1301 esset

1069 1336 1213 1365 Dominus.
1235 1319 1362 1360 mortuus
1377 1333 1419 1357 est
1445 1331 1557 1362 propter
1575 1332 1637 1356 nes,
1654 1319 1789 1356 quomodo
1803 1325 1858 1346 non

1070 1385 1180 1416 oportet
1195 1387 1258 1410 nos.
1282 1385 1344 1405 cum
1365 1375 1450 1403 simus
1469 1371 1552 1403 servi.
1573 1373 1701 1405 prompto
1721 1370 1748 1393 et
1775 1363 1858 1403 alacri

1071 1427 1163 1455 animo
1192 1424 1292 1453 imitari
1324 1422 1397 1449 illius
1423 1417 1561 1447 mortem?
1585 1415 1686 1443 Verum
1709 1419 1760 1440 nec
1785 1417 1861 1437 mors

1071 1473 1180 1509 quidem
1193 1475 1244 1503 est.
1259 1478 1276 1498 ο
1291 1469 1354 1501 ﬁlia,
1373 1470 1484 1502 propter
1496 1463 1638 1492 Christum
1656 1461 1796 1489 decessus,
1811 1456 1860 1484 sed

1072 1502 1177 1550 lietitia,
1197 1515 1336 1552 gaudium,
1354 1513 1490 1546 voluptas.
1510 1508 1649 1543 splendor,
1671 1502 1860 1540 pulchritudo,

234 1561 373 1596 ἄφθαρτα,
397 1547 488 1588 πάντα
519 1547 628 1597 βέϐαια,
645 1563 736 1590 πάντα
761 1547 875 1598 μόνιμα,
907 1563 1019 1598 διηνεκῆ

1073 1565 1120 1591 lux
1134 1547 1212 1597 longe
1228 1562 1277 1588 hae
1289 1562 1350 1587 luce
1365 1557 1471 1586 dulcior
1485 1561 1512 1583 et
1528 1553 1678 1590 pulchrior.
1688 1548 1794 1578 'Omnia
1808 1547 1863 1574 illic

235 1607 336 1638 πάντα,
356 1607 404 1634 καὶ
420 1607 548 1634 οὐδέποτε
562 1608 691 1643 λήγοντα.
707 1609 752 1643 Μὴ
773 1608 815 1646 δὴ,
829 1606 851 1635 ὦ
865 1608 1019 1644 σπλάγχνον

234 1652 301 1686 ἐμὸν
317 1652 387 1686 πρὸς
402 1653 432 1679 τὸ
457 1653 595 1687 αὐστηρον
611 1653 770 1689 ἁποϐλέψῃς
790 1655 844 1680 τῶν
869 1655 1020 1689 τυράννων,

233 1697 280 1724 καὶ
311 1698 342 1724 τδ
356 1698 439 1733 δριμὺ
454 1699 509 1726 τῶν
521 1699 658 1726 κολάσιων
668 1708 676 1716 ο
688 1700 770 1732 αὐτὸς
783 1701 835 1736 γάρ
851 1710 891 1728 σοι
904 1702 1022 1736 Χριστὸς

232 1744 247 1769 δ
265 1745 382 1778 νυμφίος
399 1746 413 1771 ὁ
431 1745 477 1777 σὸς
492 1747 713 1781 παραστήσεται,
725 1748 774 1779 τὰς
794 1747 890 1778 ὀδύνας
910 1749 1023 1774 ἐπικου-

236 1790 322 1823 φὶζων
341 1792 388 1817 καὶ
405 1793 462 1818 τῶν
491 1793 619 1826 ἀναγκῶν
638 1793 850 1828 ἐξαιρούμενος.
877 1794 910 1820 El.
926 1794 955 1821 δὲ
977 1795 1024 1821 καὶ

239 1834 337 1870 μικρόν
354 1844 384 1861 σε
401 1837 576 1871 συγχωρήσει
605 1838 800 1873 κακοπαθῆσαι
811 1864 818 1876 ν
835 1839 906 1865 ὥστε
928 1848 975 1866 σου
992 1840 1023 1865 τὸ

237 1881 361 1915 δοκίμιον
391 1882 441 1916 τῆς
469 1882 588 1914 πίστεως
611 1883 751 1918 ὑπομονὴν
775 1884 1022 1918 κατεργάσασθαι·

238 1927 297 1954 ἀλλ’
319 1928 370 1954 οὐκ
392 1929 432 1960 εἰς
453 1928 530 1960 τέλος
559 1930 753 1964 ἐγκαταλείψει
773 1930 822 1956 καὶ
844 1932 1023 1966 περιόψεταιο

238 1974 297 2000 ἁλλ’
315 1974 357 2000 ἔτι
375 1983 422 2001 σου
437 1975 609 2014 καμνούσης,
627 1975 811 2008 σϐεσθήσιται
834 1976 885 2010 μὲν
903 1977 1025 2013 ήδριμύ-

238 2029 289 2071 της
300 2021 358 2071 τῶν.
368 2021 511 2071 ἀλγεινῶν,
526 2022 672 2048 ἀναστελΞῖ
683 2021 711 2048 δέ
728 2030 770 2048 σοι
781 2022 965 2058 παράκλησις,
978 2024 1024 2051 καὶ

240 2066 299 2100 φῶς
318 2067 364 2093 καὶ
381 2067 436 2101 ζωή
455 2075 484 2093 σε
502 2068 668 2102 περιστελεῖ,
685 2062 731 2094 καὶ
747 2068 764 2103 ἡ
775 2067 839 2102 δόξα
855 2069 959 2104 Κυρίου
976 2078 1026 2096 κυ-

241 2112 342 2139 κλώσει
362 2120 402 2138 σε.
420 2113 492 2147 Πρὸς
511 2111 598 2139 ταῦτα
612 2113 630 2146 ἡ
643 2112 798 2148 παρθένος,
822 2114 914 2149 Εὑχῆς
931 2113 1024 2148 ἔργον,

239 2156 262 2185 ὦ
285 2159 384 2194 μῆτερ,
401 2159 465 2194 ἔφη,
484 2160 533 2186 καὶ
546 2160 595 2194 τῆς
613 2159 718 2187 ἄνωθεν
733 2159 822 2195 ῥοπῆς
837 2169 867 2187 τε
883 2159 932 2187 καὶ
956 2169 1026 2195 συμ-

240 2206 341 2241 μαχίας
367 2205 398 2232 τδ
418 2207 456 2242 μὴ
474 2206 542 2241 πρὸς
563 2205 700 2241 τοσαύτην
726 2206 858 2241 ὠμότητα
882 2207 1025 2241 τυράννων

239 2253 287 2280 καὶ
301 2252 399 2286 μανίαν
413 2253 614 2287 ἀπαγορεῦσαι.
632 2261 642 2278 ι
656 2252 692 2278 Τὸ
708 2252 757 2286 μὲν
768 2252 822 2286 γὰρ
836 2251 950 2286 Πνεῦμα
961 2252 1028 2287 πρό-
1045 2244 1065 2271 ί)

241 2300 336 2334 θυμον,
353 2301 369 2334 ἡ
383 2300 410 2326 δὲ
421 2300 490 2336 σὰρξ
506 2300 633 2335 ἀσθενής
647 2309 656 2325 ι
672 2299 739 2326 ἀλλὰ
751 2299 863 2334 δεήθητι
875 2299 921 2325 τοῦ
936 2299 1026 2325 κοινοῦ

241 2346 389 2376 Δεσπότου,
407 2345 455 2371 καὶ
482 2345 622 2371 ἱκέτευσον
641 2344 723 2370 αὑτὸν
747 2344 821 2373 ὅπως
849 2342 1028 2377 ἐξαποστεὶλῃ

243 2401 290 2428 μοι
304 2391 420 2426 δύναμιν
433 2391 464 2422 ἐξ
478 2390 574 2424 ὕψους,
593 2390 628 2416 δι’
642 2387 676 2425 ἦς
692 2390 926 2424 ἁντικαταστῆναι
946 2388 1027 2423 δυνήι

242 2447 324 2473 σομαι
339 2438 407 2473 πρὸς
420 2437 491 2464 οὓτω
506 2437 599 2464 κακῶν
616 2437 774 2472 βαρυτάτην
793 2436 943 2470 ἐπαγωγὴν
955 2443 963 2450 ·
980 2434 1028 2461 καὶ
1049 2449 1054 2458 ι

245 2484 397 2516 σπουδάσω,
421 2483 509 2518 μῆτερ
521 2483 584 2518 ἐμὴ,
600 2485 633 2518 τῇ
660 2483 766 2510 ἐκείνου
790 2482 935 2517 δυναστείᾳ
959 2489 1027 2516 κρα-

244 2530 410 2567 ταιουμένη,
428 2530 471 2557 διὰ
489 2530 584 2560 τέλους
597 2538 638 2556 σοι
661 2530 781 2564 τηρῆσαι
800 2530 848 2560 τὰς
878 2528 1029 2565 ὑποθήκας⁷

245 2578 292 2605 καὶ
305 2577 436 2610 οὐδεμιᾶς
449 2576 553 2603 τούτων
567 2576 730 2611 ὀλιγωρήσω
744 2576 761 2612 ἢ
786 2576 963 2612 ἐπιλήσομαι.

278 2623 316 2653 Δ’,
332 2623 427 2651 Ταῦτα
452 2624 503 2658 τῆς
529 2623 667 2658 παρθένου
692 2623 858 2658 διεξιούσης,
880 2623 929 2650 καὶ
958 2622 1030 2650 οὕτω

241 2670 375 2705 γλυκείας
395 2671 428 2705 τῇ
457 2670 613 2704 διδασκάλῳ
634 2671 802 2704 ποιουμένης
828 2671 876 2697 καὶ
901 2670 1030 2702 ποθεινὰς

245 2717 293 2748 τὰς
311 2717 491 2751 ἐπαγγελίας,
504 2717 684 2749 ἐπιπεσόντες
697 2716 796 2751 ἀθρόον
808 2718 832 2743 et
849 2716 1030 2752 στρατιῶται,

243 2765 291 2790 καὶ
307 2764 438 2800 καθάπερ
469 2766 563 2801 ἀρνίον
587 2765 636 2800 τῆς
666 2764 770 2801 μητρὸς
795 2764 879 2799 αὐτὴν
905 2764 1030 2791 ἀποσπά-

247 2818 354 2848 σαντες,
369 2811 459 2837 κλοιόν
478 2819 507 2837 τε
522 2811 649 2847 σιδηροῦν
673 2810 880 2847 περιϐάλλουσι,
901 2810 948 2836 καὶ
970 2809 1031 2844 χαί-

283 2893 394 2925 ‘iiatth.
414 2906 473 2924 xxvi
501 2898 542 2925 Η.

1075 1611 1109 1639 ab
1122 1609 1232 1637 interitu
1250 1609 1346 1639 libera,
1358 1604 1449 1633 omnia
1467 1603 1544 1630 ﬁrma
1573 1608 1605 1628 ac
1624 1597 1730 1626 stabilia
1745 1616 1753 1628 .
1769 1594 1861 1623 omnia

1075 1661 1207 1693 perpetua
1234 1659 1262 1681 et
1281 1659 1420 1686 nunquam
1435 1647 1600 1677 desinentia.
1621 1645 1660 1672 Ne
1677 1641 1828 1678 aspexeris.
1845 1648 1863 1667 ο

1077 1704 1129 1731 ﬁlia
1156 1710 1227 1734 mea,
1246 1701 1280 1728 ad
1298 1700 1474 1727 acerbitatem
1492 1701 1680 1732 tyrannorum,
1704 1695 1731 1719 et
1745 1689 1864 1726 gravita-

1077 1753 1131 1776 tem
1158 1747 1366 1781 suppliciorum.
1393 1744 1454 1778 lpse
1487 1741 1560 1769 enim
1586 1739 1713 1767 Christus
1745 1741 1864 1770 sponsus

1077 1801 1141 1824 tuus
1166 1795 1213 1822 tibi
1238 1794 1345 1826 aderit,
1370 1792 1478 1819 dolores
1505 1789 1636 1818 allevans,
1656 1789 1685 1813 et
1707 1783 1827 1818 eripiens
1849 1788 1864 1806 ο

1077 1841 1299 1869 necessitatibus.
1320 1838 1398 1872 Quod
1416 1838 1438 1865 si
1468 1836 1549 1865 etiam
1569 1831 1754 1863 concesserit,
1780 1833 1810 1856 ut
1835 1831 1865 1855 tu

1077 1887 1210 1914 malorum
1231 1885 1334 1919 aliquid
1360 1882 1531 1918 perpetiaris.
1558 1887 1612 1912 quo
1641 1883 1716 1905 tuam
1745 1875 1867 1903 toleran-

1078 1932 1144 1959 tiam
1169 1931 1269 1958 clliciat
1292 1935 1344 1957 tute
1365 1928 1428 1955 ﬁdei
1453 1927 1641 1962 probationem
1660 1943 1668 1956 ,
1692 1928 1720 1950 at
1751 1929 1806 1949 non
1837 1921 1866 1947 in

1078 1977 1158 2005 ﬁnem
1175 1977 1283 2004 deseret
1298 1979 1327 2002 et
1343 1973 1487 2008 despiciet.
1504 1971 1550 1998 sed
1567 1975 1592 1997 te
1607 1969 1697 1996 adhuc
1714 1967 1865 1996 laborante.

1078 2023 1266 2058 exstinguetur
1283 2020 1393 2056 quidem
1410 2019 1536 2046 dolorum
1552 2015 1687 2043 acerbitas
1701 2021 1708 2040 :
1727 2011 1867 2040 exorietur

1078 2075 1170 2098 autem
1185 2068 1235 2096 tibi
1251 2066 1402 2096 consolatio
1420 2071 1447 2093 et
1460 2065 1506 2092 lux
1522 2072 1529 2091 :
1546 2067 1575 2090 et
1586 2062 1640 2090 vita
1661 2065 1688 2088 te
1703 2058 1823 2088 amiciet.
1839 2060 1868 2084 et

1079 2116 1163 2152 gloria
1176 2113 1367 2143 circumdabit.
1381 2112 1421 2139 Ad
1435 2112 1493 2139 haec
1513 2109 1589 2142 virgo
1603 2116 1610 2134 :
1629 2104 1785 2141 Optandum
1805 2103 1867 2137 qui-

1079 2148 1140 2189 dem
1158 2164 1211 2192 est.
1238 2159 1335 2195 inquit,
1352 2166 1368 2186 o
1385 2162 1483 2188 mater,
1505 2159 1533 2183 et
1556 2152 1690 2182 orandum
1707 2154 1738 2177 ut
1765 2148 1838 2184 quod
1852 2156 1866 2175 a

1080 2208 1172 2235 divino
1192 2206 1381 2242 proﬁciscatur
1403 2203 1514 2232 auxilio,
1540 2208 1573 2228 ne
1601 2199 1633 2226 ad
1657 2201 1759 2225 tantam
1777 2200 1868 2230 tyranr

1081 2261 1179 2281 norum
1201 2251 1388 2279 crudelitatem
1415 2254 1443 2277 et
1469 2246 1602 2275 insaniam
1625 2243 1760 2272 deﬁciam.
1777 2251 1785 2267 ι
1801 2240 1867 2268 Nam

1081 2300 1194 2335 spiritus
1221 2298 1329 2333 quidem
1355 2300 1397 2324 est
1421 2297 1582 2330 proruptus,
1611 2298 1676 2319 caro
1707 2294 1798 2316 autem
1826 2288 1868 2313 in—

1081 2346 1158 2373 ﬁrma
1179 2345 1208 2370 ίε
1229 2354 1237 2370 ι
1256 2343 1302 2371 sed
1326 2349 1389 2377 roga
1413 2346 1586 2368 communem
1612 2334 1773 2365 Dominum,
1796 2337 1823 2360 et
1842 2331 1865 2358 ci

1081 2391 1204 2426 supplica
1217 2410 1223 2422 ,
1243 2394 1273 2416 ut
1295 2388 1384 2416 mittat
1402 2387 1436 2414 ad
1457 2393 1502 2413 me
1522 2385 1649 2411 virtutem
1672 2389 1704 2408 ex
1725 2381 1797 2410 alto.
1819 2386 1868 2414 per

1081 2425 1162 2473 quain
1179 2440 1273 2470 potero
1291 2435 1420 2461 resistere
1445 2437 1500 2459 tam
1514 2429 1652 2466 gravibus,
1664 2434 1724 2462 qua:
1740 2425 1867 2460 inﬂigun-

1080 2468 1135 2515 titr,
1155 2468 1256 2509 malis:
1274 2485 1301 2508 et
1313 2478 1440 2510 studebo,
1462 2480 1549 2504 mater
1573 2482 1645 2506 mea,
1670 2472 1743 2499 illius
1767 2468 1866 2497 conﬁr-

1079 2534 1153 2557 mata
1178 2529 1290 2559 virtute,
1316 2531 1360 2553 tua
1392 2524 1496 2552 munita
1527 2525 1660 2557 perpetuo
1688 2522 1864 2546 conservare.

1078 2583 1168 2611 neque
1181 2575 1265 2602 ullum
1284 2580 1380 2602 eorum
1393 2571 1538 2606 negligant,
1556 2572 1604 2594 aut
1615 2566 1675 2600 ejus
1687 2562 1841 2590 obliviscar.

1118 2623 1161 2650 IV.
1183 2622 1249 2649 Cum
1274 2621 1332 2648 haec
1362 2620 1438 2652 virgo
1463 2617 1575 2646 diceret,
1596 2617 1624 2640 ct
1654 2611 1788 2646 magistra:
1811 2613 1867 2636 tam

1082 2671 1172 2700 dulcia
1189 2675 1217 2698 et
1230 2669 1349 2705 jucunda
1368 2667 1467 2694 faceret
1489 2663 1634 2697 promissa,
1657 2661 1798 2687 irruerunt
1823 2665 1867 2684 re-

1082 2722 1163 2754 pente
1184 2717 1293 2745 militvs.
1319 2718 1348 2741 et
1374 2720 1432 2739 eam
1469 2715 1597 2744 tauquam
1620 2713 1715 2742 agnam
1736 2712 1750 2731 a
1782 2707 1867 2730 matre

1083 2764 1241 2795 avellentes,
1259 2761 1401 2796 imponunt
1420 2757 1445 2785 ei
1466 2757 1585 2784 ferreum
1601 2752 1713 2784 collarc,
1730 2754 1758 2778 et
1777 2749 1870 2776 la-tam

1082 2809 1220 2837 adducunt
1242 2807 1273 2834 al
1303 2804 1456 2836 uratsidem.
1480 2802 1526 2830 illa
1553 2806 1643 2828 autem
1673 2798 1697 2826 ei
1732 2801 1806 2825 stans
1833 2801 1870 2822 ea
