2047 3150
190 142 258 174 129)

824 140 966 176 MENSIS
985 143 1166 174 OCTOBER.

1746 142 1815 175 1300

190 203 316 234 adverso,
347 208 438 231 nante
454 204 540 231 multo
559 204 643 239 magis
659 205 769 232 Christo
798 205 902 231 astahat
924 211 974 231 suo

1032 211 1130 237 ρουσαν
1147 204 1243 237 ἅγουσι
1262 203 1331 238 πρὶς
1344 203 1390 230 τὴν
1404 203 1537 238 ἡγεμόνα.
1557 202 1588 230 Ἦ
1603 202 1630 229 δὲ
1644 202 1717 228 κατὰ
1729 203 1816 237 πρόσ-

190 256 302 281 sponso,
324 254 349 276 et
371 256 425 276 toto
447 250 529 277 animi
554 250 651 277 intuitu
679 251 712 278 ad
740 258 801 278 enni
825 251 976 285 aspiciebat

190 299 217 320 et
245 295 269 320 in
293 294 352 328 ejus
378 297 496 330 speciem
524 301 549 324 ct
573 297 804 332 pulchritudinem
840 297 976 332 deligebat

189 340 282 367 octilos
298 340 494 376 intelligentia.
509 343 597 377 Atque
609 343 754 377 stupebant
769 343 878 378 quidem
894 347 975 378 quot-

188 391 254 417 quot
278 387 409 420 aderant,
433 393 461 415 et
488 390 610 424 corporis
630 390 690 423 ejtts
723 389 974 425 pulchritudinem,

190 432 303 466 ejusque
319 434 532 462 moderationem
556 442 583 463 et
602 437 693 463 vultus
718 437 887 471 dignitatem.
911 435 976 462 Pro-

190 479 241 505 bus
267 483 358 506 autem
387 487 445 507 eam
475 482 592 516 primum
620 483 725 518 rogavit
758 482 829 517 quod
853 487 927 510 esset
951 483 975 510 ei

190 531 301 551 nomen.
327 525 426 561 lllartyr
449 532 560 554 autent:
583 528 681 560 Vocor,
707 528 804 562 inquit,
822 529 975 557 Anastasia.

192 569 263 597 Deus
279 571 351 597 enitn
368 579 412 599 me
427 572 490 600 fecit
503 581 624 608 surgere,
641 579 670 601 ut
685 579 721 607 te,
735 579 763 602 et
778 579 882 609 patrem
901 581 976 602 tuum

193 616 273 643 hodie
285 617 388 650 pudore
401 618 527 647 afﬁciam.
543 619 644 647 Probus
659 627 724 647 vero
737 621 834 648 videns
845 621 976 656 virginem

191 661 217 687 iit
237 662 370 697 ptineipio
397 669 449 691 tam
474 673 571 700 aspere
597 667 784 701 respondisse,
803 668 898 694 statuit
917 675 976 695 eam

191 709 298 742 aggredi
315 710 465 742 blanditiis,
482 717 509 738 et
533 712 572 738 sic
590 712 696 740 mollire
711 713 885 748 asperitatem
905 715 978 742 illius

191 758 218 780 ut
230 754 367 787 duritiem,
394 757 521 784 nesciens
535 758 642 792 qualem
657 759 783 795 frangere
797 761 929 794 animum,
951 767 979 789 et

191 800 298 833 qualern
324 801 396 829 cina
420 803 499 830 iidem
522 804 693 832 adamantem
716 811 824 839 putaret
847 815 877 835 se
898 815 979 842 posse

191 851 344 875 conterere.
365 849 600 885 Dicebatitaque:
616 851 676 878 Tibi
698 853 822 886 consulo,
835 861 851 880 ο
873 853 938 884 tilia.
950 859 979 882 ut

191 899 222 918 ea
239 893 335 928 eligas,
357 902 417 929 quae
434 901 500 923 sunt
519 897 565 923 tibi
593 897 680 930 utilia,
704 902 731 925 et
757 899 863 934 magnis
878 899 930 927 diis
953 904 978 927 te

191 937 336 974 adiungas,
349 945 377 967 et
393 941 434 968 eis
451 949 504 969 una
517 943 659 970 nobiscum
677 945 822 972 sacriﬁces.
841 945 886 973 Sic
905 946 977 973 enim

192 986 253 1012 viro
281 986 391 1020 quidem
412 988 537 1024 jungeris
564 991 749 1024 matrimonio,
776 991 856 1026 cujus
876 993 929 1019 erit
952 994 978 1019 in

192 1032 301 1059 civitate
324 1033 442 1060 maxima
463 1036 623 1068 auctoritas,
648 1037 783 1065 addentur
809 1043 900 1066 autem
932 1039 978 1066 tibi

192 1085 300 1112 quoque
318 1080 454 1113 pecuniae,
472 1088 581 1114 aurum,
598 1087 752 1117 argentum,
770 1088 871 1116 vestes,
886 1085 979 1112 multi-

193 1123 257 1150 tudo
279 1125 488 1160 mancipiorum,
510 1127 621 1161 erisque
644 1129 785 1162 splendida
802 1134 830 1157 et
852 1130 978 1166 insignis.

193 1168 271 1202 Apud
289 1173 313 1196 te
325 1176 390 1204 ergo
415 1172 567 1204 coitsidera,
586 1172 613 1199 id
635 1174 744 1201 consilii
768 1175 889 1210 capiens,
905 1177 978 1211 quod

192 1218 220 1240 et
233 1218 285 1242 tute
300 1216 445 1244 conveniat
461 1217 673 1252 pulchritudini,
686 1224 714 1246 et
734 1220 818 1248 animi
831 1222 979 1255 nobilitati,

192 1269 281 1295 neque
298 1262 364 1290 velis
383 1263 430 1290 iraa
447 1268 546 1291 nostra:
565 1263 655 1292 facere
677 1266 841 1300 periculum,
865 1275 916 1295 nec
940 1269 982 1296 di-

193 1314 269 1333 scere
287 1313 418 1340 quantum
435 1308 470 1336 sit
487 1309 588 1336 malum
612 1310 748 1346 impietas.
765 1313 821 1348 Ego
835 1314 908 1341 enim
927 1318 981 1342 tum

194 1353 414 1385 pulchritudinis,
431 1358 559 1390 tanquam
577 1356 673 1384 eodem
687 1363 764 1385 ortus
786 1359 930 1392 sanguine,
953 1363 981 1386 et

194 1403 256 1425 tuus
269 1403 346 1432 pater
359 1400 509 1427 secundum
525 1409 635 1429 carnem
657 1402 734 1438 (ᾱιιοε
758 1403 868 1438 testor),
887 1412 980 1432 curam

191 1452 300 1478 gerens,
319 1452 437 1480 suggero
457 1454 517 1481 qua:
540 1452 605 1475 sunt
627 1448 781 1482 profutura.
802 1448 880 1482 Quod
905 1449 927 1477 si
951 1454 979 1477 tu

195 1490 237 1517 his
255 1499 309 1517 non
326 1492 460 1525 parueris,
474 1500 564 1527 neque
580 1494 648 1521 meis
662 1495 778 1522 cesseris
795 1494 979 1528 suasionibus,

194 1545 308 1564 necesse
330 1538 381 1565 erit
404 1544 432 1566 ut
452 1547 539 1566 meam
560 1540 690 1574 deinceps
707 1545 808 1568 tantam
831 1541 982 1576 experiaris
995 1562 1016 1590 ς

193 1585 333 1616 saevitiam,
346 1590 446 1620 quanta
462 1593 535 1613 nunc
551 1586 717 1621 benignitate
740 1586 838 1614 frueris
862 1592 889 1614 et
905 1595 982 1614 man-

193 1630 338 1658 suetudine
356 1638 362 1656 :
387 1638 440 1665 quo
460 1635 581 1666 tempore
598 1635 625 1659 et
636 1631 658 1658 si
679 1632 788 1659 ducaris
807 1632 978 1667 pmniteutia,

193 1675 260 1703 nihil
278 1676 394 1704 fortasse
409 1677 457 1704 tibi
470 1678 602 1712 proderit.

1028 259 1103 278 ωπον
1116 251 1221 276 ἐκείνου
1243 251 1340 282 στᾶσα,
1359 251 1406 276 καὶ
1432 250 1508 284 αὐτῷ
1517 250 1688 284 παρεστάναι
1699 249 1816 276 δοκοῦσα

1031 298 1099 325 πολὺ
1118 297 1219 332 μᾶλλον
1232 298 1264 332 τῇ
1280 296 1384 332 διανοίᾳ
1401 295 1514 331 Χριστῷ
1529 295 1568 330 τῷ
1587 296 1686 330 ἑαυτῆς
1704 296 1816 330 νυμφίῳ

1030 344 1184 379 παρίστατο
1196 361 1203 374 ,
1221 343 1268 369 καὶ
1284 342 1335 376 ὅλῳ
1348 342 1388 376 τῷ
1403 342 1452 377 τῆς
1477 341 1565 376 ψυχῆς
1584 341 1721 376 βλέμματι
1745 342 1814 374 πρὸς
1843 376 1853 382 ἢ

1030 391 1112 417 αὐτὸν
1122 390 1208 423 ἑώρα,
1219 390 1266 416 καὶ
1278 389 1316 423 τῷ
1331 389 1423 415 κάλλει
1440 389 1537 415 τούτου
1554 388 1599 415 καὶ
1609 389 1642 422 τῇ
1656 388 1816 424 ὡραιότητι,

1029 435 1131 470 νοερῶς
1160 432 1194 470 ἦν
1221 435 1393 466 ἀτενίζουσα.
1416 434 1522 465 Πάντας
1544 433 1593 467 μὲν
1615 431 1661 460 οὖν
1684 433 1815 468 ἔκπληξις

1029 481 1085 517 εἶχε
1101 482 1163 512 τοὺς
1177 480 1314 516 παρόντας
1331 481 1376 507 ὲπί
1399 489 1428 507 τε
1461 481 1494 515 τῇ
1511 479 1559 506 τοῦ
1580 479 1706 514 σώματος
1727 480 1813 514 αὐτῆς

1031 527 1100 562 ὥρᾳ,
1118 528 1164 553 καὶ
1186 527 1224 562 τῷ
1243 527 1372 561 εὐκόσμῳ
1398 526 1446 553 τοῦ
1471 526 1701 561 παραστήματος.
1733 525 1764 552 '0
1787 526 1816 552 δὲ

1031 574 1135 608 Πρόὸος
1146 594 1154 606 ,
1171 573 1204 599 Τί
1221 581 1261 599 σοι
1278 573 1380 607 ὖνομα;
1398 572 1506 607 πρῶτον
1526 571 1608 606 αὐτὴν
1624 572 1715 607 ἧρετο.
1730 572 1785 598 Καὶ
1800 572 1816 606 ἡ

1033 621 1154 655 μάρτυς,
1188 618 1356 645 ’Λναστασία
1385 617 1535 653 καλοῦμαι,
1566 618 1644 652 φησί.
1679 618 1734 644 Καὶ
1763 618 1818 652 γὰρ

1031 665 1166 700 ἀνέστησέ
1198 673 1231 698 με
1247 665 1260 691 ὁ
1278 663 1392 699 Κύριος,
1415 663 1486 690 ὥστε
1508 664 1556 690 καὶ
1574 664 1604 690 σὲ
1617 665 1750 699 τήμερον,
1767 665 1818 690 καὶ

1032 712 1137 747 πατέρα
1152 711 1198 737 τὸν
1215 711 1272 741 σὺν,
1289 711 1318 742 ὃς
1335 711 1409 738 ἐστιν
1423 711 1438 737 ὁ
1462 711 1597 745 πονηρὸς,
1619 709 1817 744 καταισχῦναι.

1037 757 1067 782 ’0
1092 756 1159 790 γοῦν
1188 756 1304 791 Πρόεος,
1325 756 1399 783 οὕτω
1426 755 1557 793 τραχείας
1582 755 1644 782 ἰδὼν
1672 755 1747 791 παρὰ
1767 754 1819 790 τὴν

1033 803 1122 838 ἀρχὴν
1148 802 1300 828 δεδωκυῖαν
1325 803 1375 837 τὴν
1401 802 1538 837 παρθένον
1566 803 1616 833 τὰς
1643 802 1816 837 ἀποκρίσεις,

1033 850 1104 883 ἔγνω
1120 849 1253 881 θωπείαις
1266 849 1352 884 αὐτὴν
1365 849 1502 882 ὑπελθεῖν,
1513 849 1560 876 καὶ
1573 848 1661 884 ταύτῃ
1677 848 1707 874 τὸ
1719 848 1818 882 πικρὸν

1035 897 1124 922 ἐκεῖνο
1139 895 1386 930 καταμαλάξαικαὶ
1397 895 1532 930 αὐστηρὸν
1546 896 1592 921 καὶ
1602 895 1749 929 ἀπότομον,
1769 893 1819 920 οὐκ

1031 942 1109 973 είδὼς
1119 942 1179 968 οἵαν
1191 941 1382 976 ὕποχαυνῶσαι
1391 940 1554 976 ψυχὴν,οῖου
1561 939 1740 975 παρὰψασθαι
1752 947 1786 964 πε
1792 938 1818 973 pi.

1032 989 1081 1023 τὴν
1096 988 1187 1014 πίστιν
1205 988 1358 1022 ἀδάμαντος
1372 986 1450 1022 ᾧετο.
1470 986 1588 1022 Ἀμέλει,
1619 986 1667 1012 καὶ
1687 984 1814 1019 πείσθητε

1037 1044 1092 1071 μοι,
1113 1034 1292 1071 συμϐουλεύω
1308 1043 1361 1066 σοι,
1376 1034 1508 1069 θύγατερ,
1528 1034 1616 1067 ἔλεγε,
1631 1032 1666 1059 τὰ
1688 1032 1813 1066 λυσιτελῆ

1033 1083 1117 1116 σαυτῇ
1132 1080 1308 1119 προελέσθαι,
1321 1079 1393 1111 θεοῖς
1406 1088 1435 1106 τε
1444 1080 1500 1108 τοῖς
1513 1079 1642 1114 μεγάλοις
1659 1077 1818 1110 συνθέσθαι,

1033 1129 1081 1154 καὶ⁸
1100 1126 1231 1157 κοινωνὸς
1247 1127 1314 1161 ἡμῖν
1329 1126 1379 1160 τῆς
1394 1124 1486 1151 αὐτῶν
1509 1123 1683 1158 καταστῆναι
1709 1122 1818 1154 θυσίας.

1032 1173 1110 1201 Οὕτω
1129 1173 1183 1208 γὰρ
1200 1172 1279 1207 ἀνδρὶ
1294 1172 1343 1207 μὲν
1356 1172 1396 1198 ἐνὶ
1413 1171 1628 1206 συναρμοσθήσῃ
1654 1169 1709 1196 τῶν
1736 1169 1820 1202 ἀξιώ-

1034 1228 1119 1256 ματος
1135 1219 1210 1255 παρὰ
1228 1220 1262 1254 τῇ
1298 1219 1375 1246 πόλει
1405 1218 1451 1244 τοῦ
1483 1217 1614 1252 μεγίστου
1637 1215 1817 1251 ἠξιωμένων

1032 1266 1249 1302 προστεθήσεται
1257 1264 1286 1292 δέ
1301 1273 1342 1291 σοι
1356 1265 1404 1292 καὶ
1415 1265 1556 1300 χρήματα,
1568 1264 1822 1299 χρυσὸς,ἇργυρος,

1032 1312 1159 1347 ἐσθῆτες,
1173 1311 1350 1347 ἀνδραπόδων
1370 1310 1486 1344 πληθὺς,
1502 1309 1549 1336 καὶ
1572 1308 1688 1344 λαμπρὰ
1713 1309 1820 1344 γενήσῃ

1031 1359 1100 1394 ταχὺ
1129 1358 1176 1385 καὶ
1191 1356 1341 1393 περίδοξος.
1353 1357 1456 1391 Σκέᾲαι
1471 1355 1616 1391 τοιγαροῦν
1630 1356 1705 1390 παρὰ
1720 1355 1819 1388 σαυτῇ,

1034 1404 1190 1439 κατάλληλα
1205 1405 1239 1439 τῇ
1257 1412 1287 1430 τε
1299 1403 1348 1438 τῆς
1362 1403 1449 1437 ὅψεως
1465 1402 1525 1437 ὥρα
1545 1402 1593 1428 καὶ
1607 1403 1640 1437 τῇ
1659 1402 1708 1435 τῆς
1728 1400 1818 1434 ψυχῆς

1033 1450 1156 1485 εὐγενείᾳ
1172 1448 1377 1485 βουλευσαμένη
1394 1457 1400 1464 ·
1431 1448 1499 1483 μηδὲ
1525 1447 1641 1482 θελήσῃς
1666 1445 1754 1472 ἐλθεῖν
1773 1446 1814 1477 εἰς

1034 1498 1132 1531 πεῖραν
1148 1495 1291 1530 ἡμετέρας
1315 1494 1543 1528 ἀγανακτήσεως,
1564 1493 1632 1528 μηδὲ
1659 1488 1714 1518 οἷον
1733 1491 1819 1517 κακὸν

1035 1543 1132 1578 μαθεῖν
1149 1543 1164 1577 ἠ
1181 1541 1305 1569 ἀσέϐεια.
1327 1539 1398 1574 Ἐγὼ
1426 1541 1481 1575 γάρ
1504 1548 1551 1566 σου
1568 1539 1616 1565 τοῦ
1633 1538 1758 1569 κάλλους,
1780 1537 1819 1568 ὡς

1035 1589 1163 1622 αἵματος,
1176 1588 1293 1614 ἴστωσαν
1310 1587 1334 1613 οἱ
1346 1587 1413 1619 θεοὶ,
1429 1585 1567 1617 κοινωνὸς,
1584 1585 1632 1612 καὶ
1644 1584 1734 1618 πατὴρ
1746 1582 1818 1610 κατὰ

1037 1635 1126 1670 σάρκα
1143 1634 1302 1668 κηδόμενος,
1318 1633 1468 1668 ὗποτίθημι
1495 1632 1530 1658 τὰ
1558 1631 1727 1658 συνοίσοντα.
1745 1630 1776 1656 Ei.
1788 1627 1818 1654 δὲ

1034 1680 1072 1716 μὴ
1089 1680 1137 1707 καὶ
1153 1681 1185 1707 σὺ
1198 1680 1265 1714 πρὸς
1291 1678 1378 1705 ταῦτα
1407 1678 1552 1714 παράσχῃς
1572 1678 1671 1712 ἑαυτὴν
1686 1675 1816 1709 πειθομέ-

191 1734 252 1759 νην,
271 1724 340 1759 μηδὲ
365 1726 423 1755 ταῖς
445 1724 527 1758 ἐμαῖς
549 1724 638 1759 ἠπίως
659 1724 788 1751 εἴκουσαν
808 1725 1012 1759 παραινέσεσιν,
1030 1726 1138 1761 ἀνάγκη
1151 1725 1244 1752 λοιπὸν
1255 1724 1388 1759 τοσαύτης
1416 1732 1467 1758 μου
1487 1723 1652 1758 πειραθῆναι
1673 1723 1723 1756 τῆς
1742 1721 1815 1754 ἁπη-

192 1772 267 1803 *λείας
280 1771 329 1798 καὶ
343 1771 514 1806 ἀγριότητος,
527 1772 593 1806 ὅσης
603 1771 650 1799 νῦν
665 1772 812 1804 ἀπολαύεις
836 1772 979 1807 εὐμενείας
995 1773 1042 1800 καὶ
1073 1773 1252 1809 ἡμερότητος,
1283 1772 1348 1799 ὅταν
1374 1772 1420 1799 καὶ
1451 1771 1659 1806 μεταμελομένη
1676 1771 1744 1805 τάχα
1763 1777 1812 1804 μη-

191 1821 236 1846 δὲν
294 1828 335 1846 σοι
350 1820 398 1854 τῆς
416 1820 603 1854 μεταμελείας
617 1820 782 1848 ἀπόνασθαι.

231 1867 265 1894 νς
276 1867 323 1894 His
336 1868 427 1895 verbis
439 1868 548 1900 auditis,
564 1873 666 1905 martyr
680 1870 771 1897 statim
785 1875 826 1898 est
839 1871 980 1898 recordata

192 1920 378 1942 maternarutn
407 1915 541 1950 sapientis
570 1919 627 1942 suze
656 1916 793 1951 magistra,
819 1916 981 1943 admonitio-

193 1968 269 1992 num,
285 1965 313 1988 et
328 1961 419 1988 statim
439 1961 630 1996 respondens:
656 1961 719 1988 Mihi
739 1962 860 1995 quidem,
882 1963 978 1997 inquit,

191 2016 208 2033 o
222 2008 315 2042 judex,
329 2012 357 2034 et
366 2015 492 2042 sponsus,
507 2012 536 2035 et
550 2008 660 2040 divitim,
676 2013 704 2036 et
717 2009 770 2035 vita
782 2014 824 2036 est
834 2009 977 2037 Christus:

192 2061 265 2079 mors
275 2058 366 2080 autem
381 2058 490 2089 propter
501 2053 590 2088 ipsum
609 2054 763 2086 subeunda,
786 2058 829 2081 est
843 2055 908 2082 mihi
927 2055 981 2082 vita

192 2100 271 2133 longe
297 2099 454 2134 pretiosior,
477 2104 680 2135 propterquem
706 2108 760 2126 non
789 2108 897 2132 aurum,
922 2108 976 2128 non

192 2149 347 2180 argentum,
370 2153 426 2172 non
448 2145 549 2180 aliquid
571 2146 643 2173 aliud
664 2154 696 2173 ex
719 2146 763 2179 iis,
789 2154 849 2175 ante
874 2151 938 2173 sunt
953 2146 980 2173 in

191 2196 264 2218 terra
275 2191 408 2226 jucunda,
431 2191 499 2218 mihi
519 2191 672 2226 jucundum
696 2191 747 2218 [nit
771 2183 977 2226 existimatum;

191 2238 268 2265 illum
286 2238 358 2264 enim
376 2238 475 2270 solum,
494 2238 622 2272 illiusque
634 2239 862 2266 consuetudinem
875 2239 978 2273 magni-

193 2283 274 2314 facio,
294 2291 347 2318 qua
365 2291 424 2310 sum
449 2282 658 2318 fruiturannis
681 2288 772 2311 autem
792 2288 820 2311 et
831 2283 904 2311 ensis
917 2303 925 2315 ,
951 2287 979 2311 el.

191 2329 303 2361 ferrum,
318 2334 345 2356 ct
370 2330 556 2357 membrorum
572 2329 767 2361 abscissiones,
785 2335 813 2357 et
839 2330 934 2365 plaga,
951 2334 979 2357 et

190 2374 304 2408 ﬂagella,
327 2379 353 2401 et
370 2375 391 2401 si
408 2375 473 2409 quiti
501 2375 573 2402 aliud
590 2382 605 2401 a
630 2375 708 2402 vobis
723 2375 905 2409 excogitatum
927 2374 978 2402 fuit

191 2420 223 2446 ad
240 2419 401 2450 crueiatum.
415 2428 448 2446 ea
462 2426 525 2448 sunt
541 2421 608 2448 mihi
621 2422 773 2456 voluptates
786 2421 884 2455 potius,
896 2429 977 2456 quam

193 2470 338 2494 tormenta,
358 2464 383 2490 in
406 2465 481 2490 illum
499 2465 586 2492 solum
610 2465 736 2500 deligenti
752 2466 857 2499 oculos,
879 2470 977 2494 etnon

190 2517 220 2536 ea
237 2509 324 2536 so'um
341 2509 394 2543 pati
411 2517 461 2544 pro
482 2509 528 2536 illo
549 2510 682 2544 cupienti.
698 2511 746 2538 sed
765 2511 860 2542 etiam,
881 2511 902 2537 si
920 2511 976 2538 ﬂeri

191 2561 294 2590 posset,
316 2556 383 2583 mori
403 2556 512 2584 millies.
535 2555 575 2583 Ne
597 2556 709 2583 simules
726 2565 790 2592 ergo
812 2562 838 2584 te
855 2557 976 2586 misereri

190 2603 289 2636 speciei
313 2603 363 2629 mei
388 2603 529 2637 corporis.
555 2611 615 2638 quae
639 2603 773 2630 ﬂacccssit
795 2612 849 2630 non
876 2604 975 2635 minus,

189 2657 268 2682 quam
284 2648 364 2678 ﬂores
376 2651 432 2685 agri
451 2658 459 2676 ε
474 2650 521 2677 sed
536 2650 579 2677 fac
595 2650 686 2685 potius
698 2649 735 2682 id,
749 2649 822 2684 quod
834 2655 875 2677 est
890 2650 914 2676 in
931 2655 975 2677 tua

190 2699 397 2727 potestate..aut
408 2696 488 2722 situm
507 2701 549 2722 est
572 2695 599 2722 in
614 2703 720 2722 morum
749 2700 856 2722 tuorum
878 2696 976 2723 crude-

191 2742 275 2768 litate.
293 2741 358 2769 Nam
385 2750 436 2775 ego
453 2742 564 2776 quidem
587 2742 693 2776 ligneos
708 2746 755 2769 aut
778 2741 897 2776 lapideos
912 2741 977 2768 deos

190 2794 327 2820 nunquam
362 2787 506 2815 coluerint.
530 2788 578 2815 His
600 2788 633 2814 ad
659 2787 727 2814 iratn
753 2792 853 2822 martyr
883 2787 978 2814 incitat

190 2833 343 2863 ιη-ειιεῑιῐρτιι.
364 2834 394 2860 Et
411 2835 527 2868 primum
543 2835 652 2869 quidem
668 2835 760 2869 plagas
776 2835 835 2868 ejus
848 2834 923 2868 genis
936 2833 978 2860 itt-

188 2877 256 2913 ﬂigit
291 2877 392 2905 Deinde
411 2880 492 2906 etiam
512 2880 653 2913 disrumpit
674 2881 802 2911 tunicam,
830 2881 900 2906 illam
919 2880 977 2913 pul-

1069 1869 1107 1896 E'.
1124 1867 1234 1895 Τούτων
1255 1868 1271 1903 ή
1295 1867 1399 1902 μάρτυς
1413 1867 1555 1894 ἀκούσασα
1586 1867 1640 1894 τῶν
1675 1868 1817 1902 ῥημάτων,

1034 1916 1074 1947 είς
1096 1915 1252 1949 ἀνάμνησιν
1272 1913 1354 1945 εὐθὺς
1374 1914 1428 1940 τῶν
1456 1913 1599 1949 μητριχῶν
1632 1914 1744 1941 ἐκείνων
1769 1915 1820 1947 τῆς

1033 1961 1120 1994 σοφῆς
1135 1961 1296 1987 διδασκάλου
1319 1960 1419 1994 Σοφίας
1433 1960 1736 1996 παραινέσεωνγῆρχετο
1748 1969 1755 1976 ο
1772 1961 1820 1987 καὶ

1036 2007 1127 2043 ἡρέμα
1143 2005 1329 2039 ὑπολαϐοῦσα,
1348 2005 1436 2040 Ἐμοὶ,
1453 2006 1531 2040 φησὶ,
1547 2006 1674 2038 δικαστά,
1689 2007 1736 2033 καὶ
1748 2015 1818 2041 νυμ-

1033 2053 1103 2087 φίος.
1122 2053 1172 2080 καὶ
1188 2052 1312 2083 πλοῦτος,
1330 2053 1377 2079 καὶ
1391 2051 1448 2087 ζωὴ
1473 2053 1486 2078 ὸ
1498 2052 1615 2086 Χριστός
1629 2052 1661 2078 ’6
1675 2051 1703 2078 δὲ
1720 2051 1753 2078 δι’
1770 2052 1818 2078 αὺ-

1031 2098 1076 2124 τὺν
1094 2098 1208 2129 θάνατος
1225 2097 1315 2132 πολλῷ
1332 2106 1377 2132 μοι
1396 2098 1442 2124 καὶ
1462 2098 1514 2132 τῆς
1533 2097 1607 2132 ζωῆς
1631 2097 1796 2132 τιμιώτερος
1808 2105 1817 2114 ·

1030 2144 1064 2170 δι’
1078 2143 1107 2170 ὃν
1135 2144 1165 2170 οὐ
1177 2143 1300 2178 χρυσίον,
1312 2143 1363 2169 οὐκ
1390 2142 1534 2178 ἀργύριον,
1560 2143 1609 2170 οὐκ
1628 2143 1693 2170 ἄλλο
1706 2152 1733 2170 τι
1761 2143 1818 2170 τῶν

1035 2188 1082 2215 ἐπὶ
1100 2189 1151 2223 γῆς
1180 2187 1269 2223 ἡδέων
1286 2187 1334 2221 ἡδύ
1365 2196 1412 2223 μοι
1432 2187 1598 2223 νενόμισται,
1617 2189 1687 2223 πλὴν
1714 2189 1818 2215 ἐκείνου

1034 2235 1127 2269 μόνου,
1146 2234 1193 2261 καὶ
1207 2234 1258 2268 τῆς
1272 2234 1379 2261 ἐκείνου
1405 2235 1550 2266 συνουσίας
1565 2235 1612 2262 καὶ
1628 2236 1816 2264 ἀπολαύσεωξ.

1031 2281 1090 2316 Πῦρ
1108 2281 1137 2307 δὲ
1157 2281 1204 2307 καὶ
1221 2280 1297 2316 ξίφος
1308 2281 1356 2306 καὶ
1373 2280 1494 2316 σίδηρος,
1515 2282 1562 2308 καὶ
1578 2282 1666 2316 μελῶν
1688 2283 1816 2316 ὲκτομαὶ,

1029 2327 1078 2353 καὶ
1094 2326 1198 2362 πληγαὶ
1211 2327 1258 2353 καὶ
1270 2327 1412 2362 μάστιγες,
1426 2327 1473 2353 καὶ
1491 2327 1518 2354 εἴ
1532 2336 1558 2354 τι
1575 2328 1639 2354 ἄλλο
1655 2328 1721 2364 παρ’
1737 2329 1816 2362 ὑμῶν

1030 2374 1068 2404 εἰς
1083 2372 1219 2408 τιμωρίαν
1231 2373 1413 2408 ἐπινενόηται,
1427 2374 1579 2408 ἡδοναί⁸μοι
1596 2374 1707 2409 μᾶλλον,
1720 2374 1751 2400 οὐ
1766 2375 1818 2409 βά-

1030 2427 1117 2451 σανοι,
1136 2418 1204 2453 πρὸς
1217 2419 1323 2445 ἐκεῖνον
1333 2418 1426 2451 ἀτενὲς
1445 2419 1578 2455 ἑνορώστγ
1593 2420 1640 2446 καὶ
1657 2419 1694 2454 μὴ
1704 2419 1818 2446 τοιαῦτα

1031 2465 1111 2499 μόνον
1130 2465 1199 2499 ὑπὲρ
1217 2464 1325 2491 ἐκείνου
1346 2465 1455 2498 παθεῖν,
1472 2466 1528 2492 ἀλλ’
1544 2467 1623 2500 εἴπερ
1639 2463 1695 2493 οἶόν
1714 2474 1756 2498 τε,
1769 2466 1817 2493 καὶ

1031 2512 1162 2546 μυριάκις
1182 2510 1332 2538 ἀποθανεῖν
1357 2511 1519 2547 γλιχομένη.
1537 2513 1584 2547 Μὴ
1606 2513 1698 2539 τοίνυν
1721 2513 1771 2548 τὴν
1788 2514 1816 2540 ὲν

1029 2557 1091 2591 ἐμοὶ
1109 2556 1157 2583 τοῦ
1182 2556 1309 2591 σώματος
1328 2558 1404 2593 ὥραν
1416 2559 1501 2585 ἐλεεῖν
1528 2558 1676 2593 ὑποκρίνου
1709 2559 1754 2586 ἴσα
1771 2560 1818 2586 καὶ

1028 2602 1116 2637 ἀγροῦ
1144 2603 1238 2630 ἄνθεσι
1272 2605 1496 2639 μαραινομένην·
1521 2605 1590 2631 ἀλλὰ
1621 2605 1692 2632 ποίει
1720 2606 1750 2631 τὸ
1782 2607 1816 2641 τῇ

1029 2647 1138 2684 ἐξουσίᾳ
1163 2657 1209 2675 σου
1238 2650 1338 2684 μᾶλλον
1373 2649 1389 2684 ἢ
1420 2651 1454 2685 τῇ
1477 2651 1531 2676 τῶν
1557 2651 1666 2685 τρόπων
1690 2651 1816 2685 ὠμότητι

1030 2695 1246 2729 παριστάμενον.
1268 2696 1311 2727 Ὠς
1328 2696 1416 2730 ἔγωγε
1435 2696 1551 2728 ξυλίνοις
1579 2697 1722 2731 ἦλιθίνοις
1745 2697 1817 2729 θεοῖς

1031 2741 1112 2773 σέὗας
1144 2742 1194 2768 οὐκ
1210 2742 1243 2768 ἂν
1260 2743 1481 2777 προσενέγκοιμι.
1503 2743 1613 2775 Τούτοις
1637 2744 1677 2775 είς
1701 2743 1817 2779 όργὴνὴ

1031 2787 1136 2823 μάρτυς
1149 2788 1263 2815 ἀνάπτει
1279 2789 1324 2815 τὸν
1335 2789 1467 2823 ἡγεμόνα.
1490 2789 1544 2816 Καὶ
1556 2789 1651 2823 πρῶτα
1673 2789 1723 2824 μὲν
1747 2789 1818 2824 αὐτῇ

1030 2831 1138 2864 πληγὰς
1155 2832 1225 2858 κατὰ
1237 2833 1291 2859 τῶν
1307 2833 1428 2867 παρειῶν
1445 2833 1589 2868 ὲκιτρίϐευ
1606 2833 1704 2859 ἔπειτα
1714 2832 1762 2860 καὶ
1773 2833 1818 2858 τὸν

1030 2878 1132 2913 χιτῶνα
1143 2878 1329 2913 διπρῤηγνόεε,
1343 2879 1387 2904 tu":
1401 2879 1503 2913 pme
1516 2878 1574 2905 ὅλον
1591 2879 1616 2904 τὶ
1628 2877 1674 2905 καὶ
1690 2877 1817 2912 ἀγγέλοις
