2047 3150
187 156 250 189 1305

695 159 786 190 VlTA
809 158 841 192 S,
859 157 1081 187 ANASTASL’E
1103 158 1284 188 ΒΟΜΑΝΑΕ.

1742 157 1810 190 1306

184 211 276 247 μάτων
290 211 400 246 ἠξίωτο.
421 210 564 245 Ἐνύσριζε
575 211 604 238 δὲ
621 211 669 239 καὶ
693 213 733 243 εἰς
753 211 816 242 τοὺς
834 211 963 246 τυράννου

1021 216 1112 238 autem
1135 212 1203 240 deos
1226 219 1334 248 quoque
1349 213 1456 248 tyranni
1477 213 1612 242 adiciebat
1633 215 1809 244 contumelia.

186 256 274 294 θεοὺς⁷
287 258 383 289 σκότος
395 257 494 289 αὐτοὺς
510 257 557 284 καὶ
571 257 690 295 πλάνην,
702 258 750 284 καὶ
765 257 908 293 δαίμονας,
919 257 967 282 καὶ

185 303 211 329 ετ
225 312 252 329 τι
269 303 334 329 ἄλλο
352 302 420 338 πρὸς
439 303 577 330 ἀπώλειαν
594 304 673 338 φέρει
687 303 775 338 ψυχῆς
789 302 970 337 ὀνομάζουσα.

184 344 230 374 Ὧν
241 349 345 379 ἐκεῖνος
357 348 469 375 ἀκούειν
479 349 530 375 οὑκ
542 350 716 384 ἀνεχόμενος,
732 349 793 375 ἐπεὶ
805 349 851 374 καὶ
865 348 894 374 τὸ
903 347 969 382 γλυ-

184 393 215 419 κὺ
233 395 300 420 πᾶσι
319 393 376 427 φῶς
390 394 524 429 ὀφθαλμῷ
538 394 662 422 νοσοῦντι
679 394 821 430 πολέμιον⁸
842 394 970 428 ἀποτμη-

183 439 260 472 θῆναι
275 440 362 474 μέσην
371 441 438 476 αὐτῇ
453 440 575 466 κελεύειν
587 441 636 476 τὴν
648 440 773 474 γλῶτταν
789 440 969 466 ἑλκυσθεῖσαν

182 484 227 510 τιιῦ
245 485 398 524 φάρυγγος,
421 486 622 522 ἑκκρουσθῆναι
645 486 673 513 δὲ
702 487 750 513 σὺν
765 486 833 520 αὑτῇ
842 485 890 511 καὶ
905 485 969 517 τοὺς

182 531 301 562 ὀδόνταςο
316 532 364 558 καὶ
378 532 507 565 τοιαύτας
535 533 653 567 ἀμοιὸἁς
679 533 693 559 ὁ
705 532 818 566 ἀνόητος
832 532 969 566 στόματος

180 576 344 603 ἀποδίδωσιν
357 577 512 613 ἐλευθέρου.
528 578 608 605 Ἀλλὰ
623 579 678 605 τῶν
693 579 743 614 μὲν
751 578 864 604 ὀδόντων
878 577 965 612 αὐτὴν

181 621 327 657 ἁποστερετ
339 625 387 650 καὶ
411 624 463 658 τῆς
489 625 626 662 γλώττης,
653 624 702 658 τῆς
722 623 879 658 παρρησίας
903 623 965 659 ὁὲῆ

181 667 226 702 τῆς
244 669 401 703 ἐλευθερίας
431 671 481 697 οὐκ
514 671 565 698 ἔτι.
602 671 682 698 Ἀλλὰ
709 671 792 705 μηδὲν
816 670 965 704 ἐνδόσιμον,

180 713 247 747 μηδὲ
274 715 397 748 μαλακὸν
421 716 577 748 ὑποστᾶσα,
593 716 715 750 τοσούτῳ
733 716 783 750 τὴν
800 715 887 750 τομὴν
906 715 967 741 ἀνε-

1021 265 1068 284 eos
1081 258 1217 290 tenebras,
1231 266 1352 286 errorem
1366 264 1392 287 et
1408 259 1556 290 dzemones.
1571 264 1598 286 et
1612 260 1635 287 si
1654 259 1719 294 quid
1735 260 1808 286 aliud

1021 303 1075 330 fert
1097 304 1131 330 ad
1154 304 1253 331 anima:
1275 305 1424 336 interitum,
1443 305 1601 332 nominans.
1619 305 1684 338 Qua:
1698 305 1807 339 quidem

1020 350 1066 377 Ille
1089 350 1185 377 audire
1206 358 1260 377 non
1284 351 1423 378 sustinens
1442 351 1512 386 (qua:
1529 352 1602 378 cnim
1626 357 1668 378 est
1683 351 1809 378 omnibus

1018 396 1141 431 jucunda
1164 397 1228 433 lux,
1246 401 1288 424 est
1315 397 1424 424 inimica
1458 397 1535 424 oculo
1558 397 1711 430 aegrotanti)
1733 397 1810 429 jubet

1026 442 1141 470 mediam
1158 443 1182 469 ci
1206 443 1323 478 linguam
1341 443 1462 470 exscindi
1477 448 1623 470 extractam
1640 451 1654 470 a
1676 448 1784 476 gutture
1801 451 1808 469 :

1024 497 1086 516 cum
1105 496 1136 516 ea
1155 493 1244 515 autem
1261 497 1312 515 una
1336 497 1444 523 quoque
1465 489 1560 515 dentes
1583 489 1673 515 excuti
1694 497 1700 515 :
1719 493 1747 514 et
1762 495 1810 521 pro

1023 543 1070 562 ore
1086 535 1171 562 libero
1188 535 1254 562 tales
1265 535 1365 562 slullus
1390 535 1480 562 reddit
1493 535 1736 562 remunerationes.
1751 533 1810 568 Ipsa

1023 587 1088 607 vero
1109 580 1176 606 nihil
1197 580 1229 606 de
1247 588 1296 606 sua
1325 581 1468 607 remittens
1490 581 1655 612 constantia,
1677 586 1765 612 neque
1780 586 1810 605 se

1023 626 1141 652 molliter
1158 631 1204 652 aut
1216 625 1331 653 delicate
1347 633 1456 660 gerens,
1476 627 1568 653 landiu
1588 626 1699 653 sustulit
1713 633 1810 659 ampu-

1024 671 1164 700 tationcm.
1180 671 1299 705 quandiu
1324 679 1384 698 cum
1412 672 1487 699 vocis
1511 671 1696 698 instrumento
1718 675 1810 705 posset

1021 715 1131 743 ultimas
1147 716 1201 743 Deo
1216 724 1311 750 preces
1328 716 1453 743 fundere.

179 758 275 785 Βάλετο
288 761 344 795 ὅσῳ
359 761 520 789 τελευταίαν
536 763 574 797 τῷ
601 763 659 797 Θεῷ
677 763 746 798 μετὰ
769 762 816 789 τοῦ
833 762 882 796 τῆς
897 761 990 796 φωνῆς
1011 761 1138 799 ὀργάνου,
1149 763 1196 790 καὶ
1221 763 1270 798 τὴν
1285 763 1439 798 προσευχὴν
1456 762 1588 790 ἁποδῦναι
1600 771 1606 777 ·
1622 763 1679 798 ᾔδει
1695 763 1752 796 γὰρ
1769 761 1810 788 ὅτι

179 806 224 831 καὶ
239 806 406 833 σιωπώντων
422 806 495 835 οἶδεν
509 809 621 836 ἀκούειν
634 811 748 842 ἐκεῖνος.

213 862 242 893 ι’.
265 865 496 902 Εὐχαριστήσασα
506 866 553 895 οὖν
566 869 648 903 ἀξίως
664 869 748 908 αὐτῷ,
759 866 820 896 εἶτα
828 870 875 896 καὶ
890 867 963 903 δεξιᾷ

1055 858 1092 885 Χ.
1111 858 1178 886 Cum
1201 857 1226 883 ei
1252 863 1326 892 ergo,
1340 862 1430 890 utpar
1444 860 1513 886 erat,
1536 855 1635 889 egisset
1658 855 1770 890 gratias.
1783 860 1810 883 et

179 911 248 938 τέλει
273 912 402 947 δεηθεῖσα
428 915 580 942 καταλῦσαι
610 916 660 951 τὴν
684 916 847 952 μαρτυρίαν.
860 916 922 951 ἑξῆς
938 916 966 943 δὲ

178 958 222 984 καὶ
253 959 318 992 περὶ
342 959 397 985 τῶν
424 960 638 995 ἀρρωστούντων
659 963 705 988 καὶ
728 962 797 997 αὐτῇ
823 963 966 998 προσιέναι

177 1003 328 1037 μελλόντων
346 1005 480 1038 ἐντεύξεις
501 1007 685 1040 ποιησαμένη,
702 1008 793 1043 φωνῆς
805 1016 835 1034 τε
852 1007 966 1042 οὐρανό-

177 1050 218 1074 Ξεν
228 1050 282 1076 τῶν
298 1051 466 1085 αἰτουμένων
479 1051 527 1087 τὴν
540 1052 612 1079 δόσιν
625 1053 816 1089 ὲπιμαρτυρού
823 1062 869 1089 της
885 1053 966 1079 ἀκού-

176 1103 254 1129 σασα,
268 1096 363 1132 Δεῦρο,
374 1098 412 1133 τῷ
428 1098 517 1134 δημίῳ
533 1099 615 1131 ποίει,
638 1100 716 1134 φησὶ,
743 1100 777 1127 τὰ
792 1108 965 1136 προστεταγ-

175 1142 258 1175 μένα·
277 1144 322 1170 καὶ
337 1145 475 1179 προτείνει
492 1145 622 1179 γλῶσσαν
640 1147 656 1181 ή
670 1147 788 1182 μάρτυς,
801 1147 851 1182 τὴν
867 1148 912 1174 ἀεὶ
930 1147 965 1173 τὰ

175 1188 232 1215 θεῖα
249 1190 407 1223 μελετῶσαν
425 1193 472 1219 καὶ
488 1193 693 1229 φθεγγομένην,
714 1195 761 1220 καὶ
788 1195 898 1228 σίδηρος
915 1193 964 1220 αὐ-

175 1235 231 1271 τὴν,
248 1236 340 1268 οτμοιί
360 1237 447 1272 μέσην
468 1238 548 1270 εὐθὺς
560 1239 719 1273 ἀποτέμνει.
741 1239 856 1265 Ἔπειτα
872 1240 900 1265 δὲ
916 1239 964 1266 καὶ

176 1279 235 1311 τοὺς
255 1280 363 1311 ὀδόντας
381 1282 556 1317 ἐκκρούεται,
581 1284 628 1310 καὶ
647 1285 724 1319 πηγὴ
751 1285 869 1319 αἵματος
893 1287 964 1321 αὐτῇ

174 1323 206 1350 τὸ
222 1325 310 1359 στόμα
327 1326 446 1359 γίνεται,
465 1327 531 1362 ὃλην
555 1330 588 1364 τῇ
606 1328 654 1355 τοῦ
678 1330 846 1364 Χριστιανοῡ
870 1332 964 1369 νύμφῃ

174 1371 222 1406 τὴν
251 1372 354 1406 ἐσθῆτα
390 1373 590 1408 διαφοινίξασα,
615 1375 661 1402 καὶ
690 1376 835 1411 πορφύρας
866 1379 962 1412 τιμίας

173 1417 294 1453 ἁπάσης,
316 1418 364 1445 καὶ
382 1419 525 1455 βασιλικῆς
546 1421 705 1457 ἀλουργίδος
730 1424 897 1458 τιμιωτέραν
918 1425 963 1460 ὲρ-

173 1464 326 1500 γασαμένη.
339 1466 426 1493 Ὅπου
440 1467 486 1494 καὶ
500 1468 598 1502 μικρὸν
613 1469 816 1500 ἐκλελοιπυῖαν,
828 1469 901 1505 ὕδωρ
921 1472 964 1497 αἰ-

172 1511 253 1546 τῆσαι
277 1511 386 1546 λέγεται
417 1513 464 1539 καὶ
483 1513 586 1542 λαϐεῖν.
606 1515 634 1542 '0
649 1515 677 1541 δὲ
693 1515 842 1550 παρασχὼν
869 1514 902 1552 ἦν
922 1526 963 1548 τις

172 1557 244 1592 ἀνὴρ
269 1558 354 1594 ὄνομα
374 1560 519 1599 Κύριλλος,
535 1561 662 1589 τοσοῦτον
678 1562 709 1589 οὑ
726 1564 842 1598 φανερὸς
855 1563 905 1598 τὴν
919 1564 964 1590 εὑ-

173 1603 294 1636 σέὸειαν,
308 1605 363 1640 ὅσῳ
379 1607 417 1640 μὴ
431 1606 552 1639 τοιοῦτος
575 1609 632 1639 τοῖς
655 1609 768 1635 ἀσεὸἐσι
786 1609 963 1643 νομίζεσθαι·

172 1649 206 1675 τὰ
224 1650 247 1676 δ’
265 1650 344 1683 ἄλλα,
354 1652 403 1687 τὴν
425 1653 474 1687 τῆς
490 1653 578 1689 ψυχῆς
592 1654 659 1687 ἕξιν,
671 1656 753 1689 φημὶ,
770 1656 817 1682 καὶ
832 1656 962 1689 διάθεσιν,

172 1695 334 1727 πιστότατός
345 1704 374 1722 τε
391 1697 438 1723 καὶ
458 1697 666 1729 εὐσεὸέστατος.
681 1699 777 1731 Ὅστις
805 1701 852 1726 καὶ
876 1701 962 1735 μεγά-

173 1739 236 1770 λους
256 1741 369 1774 μισθοὺς
397 1742 504 1777 ψυχροῦ
533 1744 666 1779 ποτηρίου
692 1745 895 1780 ἀπολαμϐάνει,
915 1745 964 1772 καὶ

175 1786 338 1820 πράγματος
374 1787 461 1819 οὕτως
497 1789 624 1822 εὐτελοῦς
664 1791 710 1817 τὸν
736 1792 784 1818 τοῦ
811 1793 962 1829 μαρτυρίου

172 1833 284 1861 ὠνεῖται
316 1834 459 1869 στέφανον.
480 1834 582 1861 Μαθὼν
608 1836 691 1869 γὰρδ
709 1837 814 1871 Πρόὸος
841 1837 875 1862 τὰ
901 1838 963 1863 καθ’

172 1880 265 1913 αὐτὸν,
277 1888 313 1906 κα
340 1880 381 1906 ὅτι
397 1880 428 1906 οὐ
438 1879 546 1913 φύσεως
559 1879 651 1911 ἁπλῶς
662 1881 840 1912 ὲπικλασθετς
853 1889 964 1912 συμπα-

173 1926 244 1964 θείᾳ,
265 1927 313 1953 καὶ
327 1926 366 1961 τῷ
394 1925 490 1953 λαϐεῖν
517 1934 579 1952 τινα
609 1926 712 1952 τούτων
739 1925 829 1960 μελῶν
845 1926 962 1953 ἐκείνων

173 1973 294 2008 ἐκκοπῆς
308 1973 400 2005 ἔλεον,
417 1973 486 1999 ἀλλὰ
507 1971 635 2007 κοινωνίᾳ
653 1972 773 2003 πίστεως
791 1973 902 2007 μᾶλλον,
915 1974 962 2000 καὶ

172 2017 211 2053 τῷ
229 2017 266 2053 μὴ
281 2018 427 2053 ἀνέχεσθαι
455 2017 541 2049 οὕτως
557 2018 624 2053 ὁρᾷν
652 2017 731 2044 ἐνδεᾶ
749 2017 845 2049 ὕδατος
870 2018 960 2045 κοινοῦ

172 2065 310 2091 Δεσπότου
351 2064 450 2100 δούλην
490 2066 694 2100 γνησιωτάτην,
722 2065 756 2100 τῇ
787 2065 907 2100 μάρτυρι
930 2065 962 2092 τὸ

172 2111 254 2137 ποτὸν
291 2110 406 2146 ὀρέξειε,
426 2110 596 2145 Δεσποτικὴν
633 2111 684 2138 κάν
719 2109 808 2146 τούτῳ
848 2111 961 2146 πληρῶν

173 2155 294 2191 ἐντολὴν,
308 2156 395 2183 ταῦτα
409 2156 473 2191 περὶ
487 2155 534 2182 τοῦ
555 2155 652 2190 ἀνδρὸς
673 2156 828 2191 πυθόμενος
846 2157 960 2184 θάνατον

173 2201 247 2236 αὑτῷ
265 2202 316 2236 τὴν
328 2201 463 2236 τιμωρίαν
478 2201 588 2235 ἐπάγει.
603 2201 685 2236 Ἑξῆς
695 2201 723 2228 δὲ
737 2202 788 2237 τὴν
798 2201 960 2229 τελευταίαν
977 2214 998 2239 ι)

173 2248 222 2274 καὶ
244 2247 316 2274 κατὰ
333 2247 383 2282 τῆς
398 2247 539 2283 μάρτυρος
554 2247 646 2274 δίδωσι
661 2247 764 2283 ψῆφον,
787 2248 833 2274 καὶ
851 2247 902 2282 τὴν
916 2248 960 2274 διὰ

173 2293 267 2327 ξίφους
283 2294 351 2328 αὐτῇ
371 2293 501 2328 τελευτὴν
514 2293 684 2327 κατακρίνει.
700 2294 738 2320 Οὺ
759 2292 791 2327 δὴ
806 2292 957 2327 γενομένου

171 2339 219 2365 καὶ
244 2339 298 2372 πρὸ
326 2337 373 2364 τοῦ
406 2339 514 2370 ἄστεως
534 2338 583 2372 τῆς
605 2339 681 2374 ἱερεῖς
701 2338 825 2372 κεφαλῆς
850 2338 960 2373 ἐκείνης

172 2383 391 2418 ἀποτμηθείσης,
405 2383 435 2409 τὸ
448 2383 528 2418 σῶμα
542 2383 591 2418 μὲν
608 2383 673 2418 ἄχρι
690 2383 762 2414 τινος
771 2383 959 2418 ἀμελούμενον

172 2430 300 2465 ἔρριπτο,
319 2428 458 2463 ἄψαυστον
473 2428 501 2455 δὲ
517 2429 593 2462 ὅμως
610 2429 658 2455 καὶ
672 2430 807 2460 πετεινοῖς
830 2429 957 2463 οὐρανοῦ,

173 2478 220 2502 καὶ
244 2475 295 2508 γῆς
322 2474 428 2509 θηρίοις
457 2474 637 2509 τηρούμενον,
660 2474 799 2509 καθάπερ,
814 2471 903 2508 οἶμαι,
924 2473 961 2501 τὰ

173 2521 244 2555 ὑπὲρ
271 2520 319 2547 τοῦ
347 2521 521 2556 Δημιουργοῦ
554 2521 660 2548 τούτων
691 2521 827 2555 στίγματα
849 2521 960 2553 καὶτὰς

172 2567 266 2602 ὖὸρεις
281 2566 631 2602 εὖλαϐουμένοις.Ἔπειτα
643 2567 672 2594 δὲ
689 2569 722 2602 τῇ
736 2568 784 2593 καὶ
807 2567 959 2594 παιδευσα-

172 2615 241 2651 μένῃ
255 2615 303 2642 καὶ
319 2614 478 2650 Θρεψαμένῃ
507 2615 594 2650 Σοφίᾳ
607 2614 675 2641 Θεοῦ
693 2615 812 2649 νεύμασι
832 2615 958 2642 ἀποδίδο-

169 2669 215 2688 ται
234 2661 395 2696 παραδόξως
421 2660 506 2695 εὐχῆς
522 2661 635 2692 ἔκϐασις
662 2660 746 2693 ὅντως
778 2661 827 2688 καὶ
853 2661 960 2697 σπλάγ-

171 2717 242 2743 λνων
258 2707 400 2743 μητρικῶν
416 2708 581 2739 ἀνάπαυσις.

206 2754 257 2781 lA'.
274 2754 350 2780 Ἐπεὶ
371 2754 425 2789 γὰρ
443 2756 460 2789 ὴ
481 2754 616 2790 παρθένος
633 2754 815 2790 συλληφθεῖσα
846 2754 916 2790 προς
928 2755 959 2782 τὸ

172 2800 322 2835 μαρτύριον
338 2800 430 2836 ἤγετο,
444 2800 552 2836 ἠγωνία
571 2799 621 2834 μὲν
648 2799 718 2834 ὑπὲρ
737 2801 823 2836 αὐτῆς
841 2801 857 2836 ἡ
886 2801 959 2828 διδά-

172 2846 270 2878 σκαλος
296 2846 389 2881 Σοφία,
405 2847 453 2873 καὶ
477 2846 618 2878 ἐδεδοίκει,
633 2846 678 2872 καὶ
693 2846 800 2882 ἔτρεμε,
823 2847 951 2883 καθάπερ

169 2893 218 2919 οὐκ
238 2891 281 2918 ἐπ¹
299 2892 391 2926 ἐκείνῃ
417 2891 520 2925 λοιπὸν,
534 2891 592 2918 ἀλλ’
608 2892 636 2918 ἐν
653 2893 707 2923 τοῖς
728 2892 825 2928 Exn-5,;
854 2903 858 2928 χ
874 2893 946 2920 iisti

1021 904 1120 931 deinde
1136 906 1257 938 rogasset
1273 906 1301 928 ul
1314 901 1386 927 bono
1397 900 1449 927 ﬁne
1466 900 1627 927 terminaret
1637 901 1808 935 martyrium,

1024 950 1155 983 deinceps
1179 954 1268 975 autem
1286 954 1334 981 pro
1355 947 1388 974 iis
1408 954 1527 981 quoque.
1543 946 1590 981 qui
1618 951 1759 981 πει-οἰκῆι,
1775 947 1811 975 ad

1019 1005 1079 1024 eam
1095 995 1246 1022 accessuris
1260 994 1470 1025 intercessisset,
1491 998 1518 1020 et
1535 1000 1629 1019 vocem
1646 1000 1660 1019 e
1676 993 1746 1020 cutio
1761 1001 1812 1020 au-

1019 1043 1142 1072 divisset,
1155 1048 1215 1076 qua:
1230 1039 1409 1066 continuabat
1421 1040 1483 1065 data
1500 1038 1592 1069 fuisse,
1606 1047 1665 1073 qua:
1681 1041 1810 1074 petebat:

1018 1088 1153 1122 Agedum.
1167 1086 1253 1119 inquit
1277 1085 1410 1117 carniﬁci,
1427 1084 1470 1111 fac
1486 1092 1546 1118 qua
1569 1089 1632 1111 sunt
1649 1085 1783 1120 imperata
1801 1081 1809 1114 ξ

1019 1139 1046 1162 et
1059 1134 1176 1168 linguam
1193 1131 1304 1166 porrigit
1319 1135 1431 1166 martyr.
1450 1138 1509 1164 quae
1523 1130 1613 1157 divina
1629 1137 1737 1165 semper
1753 1139 1796 1158 me

1018 1179 1165 1209 dilabatur,
1183 1182 1210 1205 et
1220 1177 1379 1211 loquebatur
1397 1185 1402 1203 :
1422 1180 1449 1203 et
1460 1175 1561 1202 ferrum
1577 1183 1636 1202 eam
1652 1176 1737 1210 (proh
1761 1177 1796 1203 do

1018 1226 1089 1260 lorl)
1115 1224 1230 1251 mediam
1257 1222 1394 1250 exscindit
1420 1222 1554 1256 protinus.
1582 1221 1683 1249 Deinde
1716 1227 1809 1250 autem

1018 1272 1114 1298 dentes
1130 1277 1239 1304 quoque
1255 1268 1359 1296 excutit
1376 1276 1383 1295 :
1400 1267 1483 1302 (itque
1498 1267 1522 1294 ei
1540 1275 1570 1294 os
1581 1267 1642 1294 l'ons
1657 1268 1808 1302 sanguinis,

1017 1317 1063 1352 qui
1079 1323 1186 1351 sponsae
1194 1314 1296 1342 Christi
1315 1319 1398 1341 totam
1414 1318 1516 1341 vestem
1529 1313 1619 1341 etfacit
1633 1322 1809 1349 purpuream,

1017 1368 1098 1398 atque
1120 1362 1190 1389 adeo
1207 1362 1302 1396 quavis
1317 1361 1389 1395 regia
1404 1368 1524 1395 purpura
1540 1360 1740 1394 pretiosiorem.
1751 1361 1810 1393 Quo

1018 1415 1142 1444 tempore
1158 1409 1267 1441 dicitur,
1280 1416 1342 1435 cum
1358 1414 1456 1442 parum
1474 1406 1631 1437 defecisset,
1646 1415 1743 1441 aquam
1761 1414 1810 1441 pe-

1018 1456 1105 1489 tiissc,
1133 1459 1161 1482 et
1185 1454 1335 1487 accepisse.
1355 1453 1405 1486 Qui
1430 1457 1522 1480 autem
1556 1452 1680 1486 praebuit,
1697 1451 1748 1478 fuit
1768 1451 1810 1478 vir

1017 1502 1140 1536 quidam,
1159 1501 1275 1536 Cyrillus
1287 1500 1409 1531 nomine.
1427 1499 1506 1533 cujus
1529 1498 1597 1525 adeo
1614 1505 1668 1524 non
1681 1497 1810 1532 eratpie-

979 1548 1001 1577 C
1019 1553 1059 1574 las
1075 1547 1230 1579 manilcsta,
1246 1550 1276 1573 ut
1294 1546 1355 1573 talis
1370 1544 1480 1578 quidem
1491 1548 1633 1579 putaretur
1645 1543 1679 1570 ab
1695 1543 1807 1577 impiis:

1017 1594 1119 1628 alioqui
1139 1597 1240 1624 autem,
1253 1592 1326 1628 quod
1339 1592 1372 1618 ad
1386 1592 1485 1618 animae
1507 1590 1606 1617 attinet
1622 1589 1807 1620 aﬂ'ectiouem,

1019 1639 1203 1669 ﬁdelissimus.
1220 1643 1247 1665 et
1262 1638 1290 1664 in
1314 1638 1409 1671 primis
1433 1636 1504 1671 pius.
1530 1637 1618 1668 Atque
1635 1635 1679 1661 ille
1696 1635 1807 1668 quidem

1015 1693 1141 1720 magnam
1157 1684 1257 1719 accipit
1272 1683 1425 1710 mercedem
1435 1691 1483 1717 pro
1498 1681 1594 1717 poculo
1608 1689 1684 1716 aquze
1692 1681 1806 1716 frigidae,

1016 1735 1042 1757 et
1057 1737 1087 1757 re
1102 1729 1170 1756 adeo
1195 1729 1241 1755 vili
1259 1728 1327 1755 emit
1350 1734 1480 1754 coronam
1504 1726 1639 1761 martyrii.
1658 1726 1724 1752 Nam
1744 1733 1807 1752 cum

1016 1776 1167 1811 accepisset
1183 1775 1301 1806 Probus.
1317 1774 1391 1809 quod
1413 1773 1437 1800 is
1451 1780 1506 1799 non
1521 1773 1612 1800 solum
1637 1771 1740 1799 fractus
1760 1780 1808 1799 na-

1016 1827 1082 1849 tura:
1100 1821 1296 1849 misericordia.
1308 1819 1413 1854 etquod
1431 1819 1607 1846 misereretur
1620 1820 1805 1846 membrorum

1014 1867 1122 1894 illorum
1142 1867 1360 1900 amputationis:
1379 1865 1426 1893 sed
1449 1866 1540 1900 potius
1556 1870 1668 1900 propter
1681 1865 1744 1892 ﬁdei
1762 1872 1808 1892 so-

1014 1912 1152 1942 cietatem,
1175 1915 1203 1937 et
1218 1910 1290 1945 quod
1312 1918 1366 1936 non
1387 1911 1535 1937 sustineret
1561 1911 1655 1937 videre
1672 1910 1712 1937 sic
1735 1918 1805 1944 aqua

1015 1956 1185 1990 indigentem
1209 1955 1365 1983 communis
1401 1955 1506 1982 Domini
1530 1956 1656 1982 ancillam
1686 1956 1805 1982 maxime

1013 2009 1181 2037 germanam,
1200 2002 1311 2036 martyri
1329 2007 1422 2036 potum
1445 2000 1618 2036 praebuisset,
1636 2001 1803 2027 Dominicum

1014 2048 1041 2074 in
1057 2048 1108 2075 hoc
1124 2047 1240 2082 implens
1260 2048 1418 2075 mandatum
1431 2067 1438 2080 ,
1452 2048 1548 2076 mortis
1568 2050 1592 2076 ei
1609 2048 1689 2076 aﬂert
1702 2048 1806 2083 suppli—

1012 2095 1095 2124 cium.
1117 2094 1219 2122 Deinde
1234 2102 1298 2122 vero
1309 2094 1360 2121 fert
1371 2094 1451 2121 etiam
1464 2094 1585 2121 ultimam
1610 2095 1636 2122 in
1656 2100 1803 2130 martyrem

1012 2140 1186 2171 sententiam,
1211 2145 1239 2167 et
1265 2147 1326 2167 eam
1356 2140 1531 2170 condemnat.
1552 2143 1582 2166 ut
1609 2140 1690 2167 vitam
1714 2139 1804 2175 gladio

1013 2187 1099 2214 ﬁniat.
1116 2186 1194 2220 Quod
1208 2186 1315 2220 quidem
1329 2194 1392 2214 cum
1407 2186 1508 2214 factum
1518 2191 1601 2218 esset,
1617 2191 1644 2214 et
1659 2192 1722 2213 ante
1735 2185 1803 2214 civi-

1015 2236 1096 2259 tatem
1112 2240 1219 2260 sacrum
1232 2232 1306 2259 illius
1330 2237 1413 2266 caput
1427 2231 1525 2259 luisset
1542 2237 1722 2266 amputatum,
1740 2238 1802 2259 cor-

1013 2287 1062 2312 pus
1079 2279 1190 2313 quidem
1201 2278 1358 2313 aliquandiu
1377 2278 1464 2313 jacuit
1478 2278 1554 2305 humi
1580 2278 1744 2314 neglectum,
1757 2277 1801 2304 in-

1013 2328 1112 2350 laetum
1129 2329 1229 2356 tamen,
1245 2329 1327 2358 atque
1351 2323 1421 2351 adeo
1448 2331 1463 2350 a
1485 2323 1546 2351 cmli
1564 2327 1592 2351 et
1613 2329 1692 2351 teme
1705 2323 1802 2351 avibus

1011 2377 1043 2396 ac
1071 2369 1165 2396 bestiis
1183 2369 1362 2401 custoditum,
1377 2373 1407 2395 ut
1423 2377 1483 2403 qua:
1495 2369 1700 2404 quodammodo
1722 2376 1801 2395 reve-

1012 2419 1149 2445 rerentur.
1167 2423 1227 2449 qua:
1254 2422 1303 2450 pro
1325 2415 1431 2441 illorum
1452 2420 1575 2442 creatore.
1587 2419 1728 2449 acceperat
1750 2413 1802 2441 sti-

1012 2465 1099 2495 gntala
1112 2460 1270 2494 etinjurias.
1283 2459 1382 2488 Deinde
1391 2460 1509 2495 Sophim,
1522 2468 1582 2495 qua:
1594 2467 1654 2487 eam
1662 2459 1801 2487 erndierat

1011 2511 1038 2533 et
1059 2507 1200 2538 educarat,
1217 2507 1264 2534 Dei
1289 2512 1356 2534 nutu
1380 2506 1578 2534 admirabiliter
1599 2506 1725 2533 redditur
1739 2505 1799 2539 ejus

1011 2550 1090 2585 plane
1114 2552 1226 2579 effectus
1251 2552 1394 2586 orationis,
1422 2556 1450 2580 et
1474 2553 1584 2588 requies
1609 2556 1796 2579 maternorum

1010 2606 1025 2625 ν
1031 2606 1158 2626 ιδςιπιιιιι.

1048 2754 1093 2783 XI.
1111 2754 1180 2782 Cum
1193 2755 1266 2782 enim
1279 2755 1355 2790 virgo
1378 2754 1576 2790 comprehensa
1596 2754 1744 2782 duceretur
1759 2753 1794 2782 ad

1013 2800 1180 2835 martyrium,
1198 2809 1247 2835 pro
1266 2808 1297 2828 ea
1322 2801 1430 2835 quidem
1456 2801 1548 2828 animo
1569 2799 1719 2835 angebatur
1733 2800 1794 2833 ejus

1012 2847 1140 2882 magistra
1167 2845 1280 2882 Sophia,
1311 2847 1477 2882 timebatque
1502 2851 1529 2873 et
1553 2845 1794 2878 contremiscebat,

1010 2897 1138 2927 tanquam
1153 2899 1205 2918 non
1223 2891 1266 2918 illa
1282 2891 1419 2926 deinceps,
1434 2892 1480 2919 sed
1505 2892 1560 2926 ipsa
1585 2891 1612 2918 in
1632 2890 1688 2919 suis
1703 2898 1788 2918 mem-
