2047 3150
250 158 259 188 1
267 158 319 188 307

244 214 301 242 bris
313 220 385 243 ess-rt
408 218 532 245 subitura
556 221 716 255 martyrium
733 231 740 250 :
755 231 789 252 ne
807 224 877 253 forte
899 229 1019 255 emollita

245 261 380 295 aeeipcret
410 263 564 292 miserabile
601 267 667 294 illud
700 269 828 298 damnum
859 280 1034 301 coronarum.

245 305 362 339 Ideoque
374 315 460 342 prona
476 310 551 337 humi
565 311 709 348 jaccnstin
726 316 786 350 igne
798 319 932 345 orationis
947 325 975 350 et
989 328 1035 347 ca-

245 351 307 378 lidis
327 353 506 389 lacrymarum
533 357 706 393 ﬁuxiouibus,
722 361 806 389 Deum
831 365 950 398 rogabat.
973 373 1037 400 sup-

244 396 374 430 plicabat.
393 399 567 435 obsecrabat,
585 411 618 430 ne
637 411 816 439 superaretur
829 414 931 444 martyr
943 417 957 436 a
970 418 1036 445 sup-

244 442 344 476 pliciis.
359 443 506 479 Postquam
534 453 624 475 autctn
642 450 785 479 Anastasia
808 453 863 486 jam
880 455 1035 489 pulcherri-

243 496 318 515 mum
337 489 417 516 ﬁttem
443 492 571 526 imposuit
596 497 735 530 martyrio,
752 502 779 524 et
796 499 906 526 transiit
931 501 963 527 atl
991 509 1036 529 su-

243 540 343 566 pernos
360 535 503 568 thalamos,
521 542 548 564 et
563 539 595 565 ad
612 541 689 567 ﬁrma
716 542 759 568 illa
786 550 817 570 ac
840 545 959 577 stabilia,
975 554 1036 581 quae

242 577 448 613 desiderantur,
464 582 544 616 bona,
561 589 625 612 tunc
638 587 772 614 accedens
788 590 900 624 angelus
917 591 1034 624 Domini,

243 627 398 662 magistram
417 629 545 664 Sophiam
564 641 578 659 a
595 638 668 660 metu
688 634 787 662 liberat
809 641 836 663 et
859 645 873 664 a
898 639 980 671 curis,
997 644 1033 673 et,

243 674 315 706 quod
335 675 453 702 maxime
469 679 590 711 optabat.
625 683 653 705 et
670 685 728 707 erat
743 681 766 708 ei
785 683 877 710 auditu
898 684 974 719 longe
988 687 1036 720 ju-

241 719 452 753 cundissimum,
485 723 544 757 ejus
577 724 688 752 auribus
717 726 854 755 instillans
885 731 1035 764 renuntiat,

240 772 340 799 nempe
358 767 469 802 virginis
485 773 762 800 consummatlonem.
790 774 923 803 Praeterea
945 781 1035 805 autem

239 817 300 837 eam
317 819 426 846 quoque
441 814 552 842 deducit
567 817 600 844 ad
615 817 756 852 reliquias,
770 824 800 847 et
810 821 882 855 quod
897 821 1036 851 desidera-

239 856 287 883 bat
303 859 445 893 consequi,
463 865 490 887 et
506 863 738 896 quemadmodum
753 867 864 900 optabat
881 867 986 901 videre,
1007 870 1031 896 ei

240 903 324 930 tradit
338 904 469 939 reliquias
487 907 534 934 tali
550 916 713 939 ornamento
734 913 926 948 confessionis,
946 920 973 942 et
988 916 1033 943 tali

237 949 339 976 amictu
365 956 476 979 ornatas
493 955 624 989 martyrii.
640 956 729 991 Atque
745 958 791 985 illa
816 959 926 993 quidem
941 962 1033 989 statim

237 994 403 1023 circumfusa
428 999 563 1033 reliquiis,
591 1009 692 1036 easque
711 1007 781 1031 totas
796 1006 994 1040 complectens,
1007 1012 1034 1035 et

238 1048 322 1068 umun
356 1044 482 1078 quodque
504 1047 655 1074 membrum
683 1049 760 1077 valde
791 1052 965 1085 exosculans,
1007 1059 1035 1081 et

237 1094 291 1119 prze
317 1089 416 1122 gaudio
441 1098 472 1117 ac
486 1091 623 1120 desiderio
641 1094 743 1122 calidas
767 1096 796 1124 in
830 1097 877 1125 e'as
889 1099 1033 1127 elIundens

237 1131 378 1166 lacrymas,
399 1135 507 1164 diccbat
529 1146 534 1164 :
553 1138 620 1166 Filia
646 1141 857 1174 iucundissima,
880 1144 934 1172 ﬁlia
966 1146 1032 1173 mihi

237 1177 414 1212 charissima,
431 1181 496 1213 ﬁlia,
512 1191 592 1218 quam
609 1193 660 1221 ego
683 1187 710 1213 in
725 1189 932 1223 exercitatione,
952 1191 979 1218 in
995 1192 1033 1219 si-

236 1223 374 1256 lcntio,et
398 1227 424 1253 iu
452 1228 592 1257 laboribus
623 1232 737 1266 pulchre
764 1234 888 1268 educavi,
906 1244 956 1272 ago
983 1237 1032 1265 tibi

237 1272 345 1305 gratias,
367 1274 440 1308 quod
458 1280 582 1304 materna
603 1283 738 1313 praecepta
754 1288 809 1307 non
825 1283 1030 1318 contempsisti,

235 1318 307 1351 quod
329 1326 390 1355 quae
417 1320 536 1354 pollicita
567 1322 668 1355 fueras,
692 1325 852 1357 observasti,
876 1332 904 1354 et
932 1329 1030 1356 stetisti

235 1363 390 1396 promissis,
406 1373 456 1392 nec
470 1374 499 1394 es
522 1367 605 1395 oblita
635 1369 801 1398 monitorum
825 1380 832 1397 :
853 1372 900 1400 sed
916 1373 1028 1401 asdtisti

235 1408 344 1436 Christo
358 1417 460 1444 sponso
483 1416 540 1445 tuo,
557 1415 723 1443 vestimento
747 1417 910 1452 virginitatis
924 1419 1028 1453 induta,

237 1456 338 1482 variata
355 1457 527 1492 stigmatibus
542 1461 676 1496 martyrii,
688 1463 860 1491 circumdata
879 1472 981 1492 corona
992 1473 1029 1493 ‘ex

236 1500 372 1535 lapidibus
388 1503 516 1536 pretiosis
535 1513 542 1532 :
556 1509 584 1532 et
598 1513 673 1534 nunc
698 1507 805 1534 habitas
820 1508 848 1535 in
865 1509 924 1536 loco
940 1510 1031 1537 taber-

236 1547 325 1574 naculi
341 1549 521 1583 admirabilis,
538 1551 566 1578 in
583 1552 664 1580 domo
680 1553 772 1588 gloria:
791 1554 910 1587 Domini,
927 1556 972 1583 ubi
988 1561 1030 1584 est

236 1593 365 1623 habitatio
383 1596 544 1625 Letantium.
563 1599 709 1634 Propterea
726 1609 792 1637 rogo
817 1607 855 1636 te,
871 1603 953 1630 chara
969 1604 1023 1631 ﬁlia

235 1645 260 1667 et
275 1646 363 1668 mater
377 1643 505 1677 spiritalis
524 1645 575 1679 (sic
590 1647 663 1673 enim
692 1651 719 1675 te
745 1649 873 1676 invocare
895 1655 938 1677 est
961 1650 1029 1677 mihi

233 1688 467 1720 conveniendus),
483 1695 544 1718 esto
571 1692 637 1718 mihi
665 1692 694 1719 in
712 1693 766 1721 hac
784 1694 860 1721 brevi
878 1699 905 1722 et
926 1695 1028 1724 caduca

234 1731 291 1758 vita
307 1732 375 1759 bona
390 1735 482 1762 nutrix
500 1737 662 1769 senectutis,
680 1743 708 1765 et
720 1747 770 1773 pro
785 1747 829 1767 me
852 1741 884 1767 ad
897 1745 1028 1769 :eternam

235 1777 317 1803 vitam
336 1780 548 1814 transmigrante
576 1781 742 1817 intercedas,
759 1792 934 1814 communem
961 1786 1029 1814 mihi

235 1822 350 1857 placatis
365 1823 523 1853 Dominum.

890 170 1034 203 MENSIS
1055 174 1237 208 OCTOBER.

1807 187 1877 220 1308

1024 249 1031 261 ι
1051 233 1071 260 Α
1087 233 1136 268 τὴν
1145 235 1298 270 μαρτυρίαν
1309 237 1474 272 ύφῖστασθαι
1486 241 1633 275 μέλλουσα,
1647 241 1774 278 μήποτε,
1788 253 1876 272 κατα-

1091 280 1305 315 μαλακισθεῖσα,
1344 285 1394 319 τὴν
1420 286 1541 319 ἐλεεινὴ-ν
1559 288 1668 323 ἐκείνην
1693 289 1796 326 ὐποστῇ
1821 291 1877 317 τῶν

1088 329 1230 362 στεφάνων
1245 328 1358 364 ζημίαν,
1371 331 1418 358 καὶ
1439 333 1546 368 πρηνὴς
1559 335 1605 361 ἐπὶ
1622 335 1669 362 τοῦ
1684 336 1800 370 ἐδάφους
1817 346 1878 364 κει-

1088 373 1169 408 μένη,
1198 376 1228 401 ἐν
1257 376 1325 411 πυρὶ
1350 380 1505 414 προσευχῆς
1543 380 1592 407 καὶ
1616 381 1732 416 θερμαῖς
1748 383 1877 418 δακρύων

1087 420 1232 456 ἐπιρροαῖς
1259 422 1342 449 ἐδεῖτο
1359 423 1405 449 τοῦ
1425 424 1505 457 Θεοῦ,
1530 425 1663 460 ἱκέτευεν,
1676 428 1824 463 ἠντιϐόλει,
1837 431 1877 464 μὴ

1086 467 1213 500 ἀπειλαῖς
1230 469 1407 504 χειρωθῆναι,
1440 471 1477 506 μὴ
1502 472 1661 504 κολακείαις
1689 473 1820 505 ἐνδοῦναι,
1836 476 1874 510 μὴ

1086 515 1228 548 τιμωριῶν
1246 515 1397 551 ἡττηθῆναι
1413 517 1462 551 τὴν
1490 519 1630 553 μάρτυρα.
1649 519 1694 550 Ὠς
1711 519 1739 546 δὲ
1762 520 1792 546 τὺ
1810 521 1873 548 κάλ-

1086 560 1177 586 λιστον
1193 561 1328 595 ἐπέθηκεν
1351 562 1401 597 ἤδη
1420 563 1496 595 τέλος
1513 565 1528 599 ὴ
1554 565 1720 592 Ἀναστασία
1744 566 1782 601 τῷ
1802 575 1875 602 μαρ-

1085 605 1172 640 τυρίῳ
1186 606 1233 632 καὶ
1251 606 1319 641 πρὸς
1341 607 1403 637 τοὺς
1423 608 1479 635 ἄνω
1494 608 1572 643 διέϐη
1588 609 1739 644 θαλάμους.
1761 612 1809 638 καὶ
1826 612 1876 644 τὰς

1086 651 1234 685 ἀκινήτους
1270 652 1377 684 ὲκείνας
1407 653 1548 685 παστάδας
1578 655 1626 681 καὶ
1655 657 1688 682 τὰ
1718 657 1876 691 ποθούμενα

1085 697 1186 735 ἀγαθὰ¹
1199 697 1259 724 τότε
1274 698 1320 724 καὶ
1336 698 1453 732 ἄγγελος
1480 700 1676 735 παρεμϐαλὼν,
1691 702 1806 729 ἀπολύει
1826 705 1876 738 τὴν

1086 742 1247 770 διδάσκαλον
1267 743 1367 778 Σοφίαν
1394 744 1440 770 τοῦ
1464 744 1548 778 φόϐου
1569 746 1687 772 καὶτῶν
1713 748 1874 781 φροντίδων,

1089 791 1137 816 καὶ
1151 791 1181 817 τὸ
1208 792 1337 818 ποθεινὸν
1367 793 1435 828 αὐτῇ
1468 794 1515 819 καὶ
1539 793 1649 828 ἥδιστον
1675 793 1802 829 ἄκουσμα
1830 796 1877 822 καὶ

1085 833 1188 867 ἄρκτον
1213 834 1300 865 ὅντως
1331 837 1491 872 γλυκύτητα
1524 839 1581 868 τοῖς
1619 838 1788 873 σπλάγχνοις
1811 839 1874 865 ἐντι-

1087 880 1235 912 ποστάζον,
1255 881 1390 914 εὐκταίως
1415 883 1632 918 εὐαγγελίζεται,
1656 884 1706 919 τῆς
1735 885 1876 920 παρθένου

1088 928 1160 962 φημὶ
1177 928 1226 963 τὴν
1238 928 1389 956 τελείωσιν.
1401 929 1463 956 Ἔτι
1490 929 1519 956 δὲ
1538 930 1585 956 καὶ
1599 931 1696 965 όδηγὸς
1721 931 1789 966 αὑτῇ
1805 932 1876 966 πρὸς

1084 975 1115 1000 τὸ
1131 974 1256 1009 λείψανον
1271 975 1385 1008 γίνεται,
1401 976 1447 1002 καὶ
1463 973 1493 1003 οὗ
1507 978 1599 1012 τυχεῖν
1625 977 1719 1004 ἐπόθει
1732 999 1740 1011 ,
1756 978 1804 1004 καὶ
1817 978 1873 1004 ὦσ-

1084 1029 1137 1056 περ
1166 1022 1231 1047 ἰδεῖν
1258 1021 1472 1057 ηὕχετο,οὕτως
1499 1024 1568 1058 αὐτῇ
1595 1024 1642 1050 καὶ
1658 1024 1688 1051 τὸ
1706 1024 1876 1060 ποθούμενον

1085 1068 1243 1100 ἀποδίδωσι,
1266 1067 1380 1102 τοιούτῳ
1395 1069 1444 1104 τῆς
1462 1069 1610 1104 ὁμολογίας
1635 1070 1743 1104 κόσμῳ,
1758 1070 1874 1106 τοιαύτῃ

1083 1112 1129 1139 τοῦ
1142 1113 1292 1148 μαρτυρίου
1313 1114 1392 1149 στολῇ
1408 1115 1618 1149 σεμνυνόμενον.
1640 1115 1749 1150 Ἐκείνη
1763 1115 1808 1142 οὖν
1836 1116 1874 1147 ὡς

1083 1156 1156 1194 είχεν
1175 1159 1255 1190 εὐθὺς
1269 1159 1309 1194 τῷ
1337 1159 1458 1196 λειψὰνῳ
1484 1161 1674 1196 περιχυθεῖσα,
1691 1161 1738 1187 καὶ
1754 1161 1803 1195 ὂλη
1820 1161 1874 1196 ὅλῳ

1083 1206 1239 1241 προσφῦσα,
1253 1206 1300 1232 καὶ
1318 1207 1441 1240 σφοδρῶς
1455 1207 1572 1233 ἕκαστον
1589 1207 1670 1242 μέλος
1684 1207 1875 1242 καταφιλοῦσα

1083 1252 1131 1278 καὶ
1160 1253 1250 1287 χαρᾶς
1278 1253 1323 1279 ἐπ’
1352 1254 1445 1285 αὐτοῖς
1473 1254 1522 1280 καὶ
1549 1254 1634 1281 πόθου
1652 1254 1761 1290 δάκρυα
1783 1253 1875 1289 θερμὰ

1082 1299 1192 1334 χέουσα,
1206 1299 1318 1332 Τέκνον,
1333 1299 1421 1334 ἔλεγε,
1436 1300 1573 1333 ποθεινὸν,
1585 1301 1680 1327 τέκνον
1695 1300 1760 1336 ἐμὸν
1774 1301 1874 1327 πολυέ-

1083 1355 1192 1381 ραστον,
1221 1347 1329 1378 τέκνον,
1352 1347 1422 1381 ὅπερ
1451 1346 1506 1381 ἐγὼ
1520 1347 1611 1378 καλῶς
1638 1347 1756 1382 ἀσκήσει
1774 1347 1821 1373 καὶ
1839 1348 1871 1382 ή-

1083 1393 1173 1428 συχίᾳ,
1199 1393 1247 1420 καὶ
1275 1395 1368 1425 πόνοις
1397 1393 1616 1429 ἀνεθρεψάμην·
1634 1393 1792 1428 εὐχαριστῶ
1821 1402 1873 1426 σοι,

1081 1445 1122 1472 ὅτι
1147 1446 1288 1482 μητρικὰς
1315 1445 1427 1476 ἐντολὰς
1443 1445 1474 1471 οὗ
1491 1445 1630 1480 παρεῖδες,
1655 1446 1705 1472 οὑκ
1735 1445 1874 1480 ὴθέτησας

1081 1493 1131 1525 τὰς
1155 1492 1334 1527 ἐπαγγελίας,
1357 1492 1408 1518 οὐκ
1436 1491 1545 1526 ἐψεύσω
1565 1492 1615 1523 τὰς
1631 1491 1804 1527 ὑποσχέσεις,
1823 1491 1874 1517 οὐκ

1081 1541 1216 1569 ἐπελάθου
1241 1541 1295 1567 τῶν
1320 1540 1532 1576 παραινέσεων
1548 1541 1618 1568 ἀλλὰ
1645 1541 1788 1576 παρέστης
1802 1541 1873 1576 Χρι-
1907 1544 1908 1547 ‘

1082 1588 1137 1624 στῷ
1151 1588 1192 1623 τῷ
1206 1588 1316 1624 νυμφίῳ
1332 1592 1401 1622 ’σου,
1418 1589 1447 1615 ἐν
1472 1588 1613 1624 ἱματισμῷ
1636 1589 1688 1623 τῆς
1720 1589 1871 1623 παρθενίας

1081 1635 1315 1672 περιϐεϐλημένη,
1338 1636 1395 1666 τοῖς
1427 1634 1561 1670 στίγμασι
1577 1635 1624 1662 τοῦ
1644 1635 1797 1670 μαρτυρίου
1814 1644 1866 1662 πε-

1080 1682 1255 1717 ποικιλμένη,
1271 1682 1405 1715 στέφανον
1425 1682 1457 1708 ἐκ
1474 1681 1557 1708 λίθων
1567 1683 1666 1716 τιμίων
1676 1683 1870 1718 περικειμένη·

1081 1728 1129 1755 καὶ
1145 1728 1193 1755 νῦν
1207 1728 1292 1759 οίχεῑς
1306 1729 1334 1754 ἐν
1350 1722 1425 1763 τόπῲ
1442 1729 1548 1763 σκηνῆς
1569 1728 1740 1762 θαυμαστῆς,
1755 1730 1784 1756 ἐν
1802 1728 1872 1763 οἴκῳ

1080 1774 1159 1809 δόξης
1174 1773 1289 1808 Κυρίου,
1304 1773 1370 1800 ἔνθα
1386 1773 1610 1809 εὐφραινομένων
1626 1774 1642 1808 ἡ
1661 1774 1804 1801 κατοικία.
1821 1775 1872 1801 Διά

1082 1820 1163 1847 τοῦτό
1187 1828 1234 1847 σου
1250 1820 1358 1855 δέομαι,
1384 1819 1504 1855 θύγατερ
1526 1820 1592 1855 φίλη
1621 1821 1670 1847 καὶ
1696 1821 1871 1856 πνευματικὴ

235 1868 323 1904 μῆτερ
353 1870 435 1906 (οὕτω
465 1872 521 1907 γὰρ
541 1873 737 1903 ἀνακαλεῖσθαι
764 1886 810 1912 μοι
839 1878 941 1912 μᾶλλον
954 1878 1184 1915 ἁρμοδιώτερον),
1203 1878 1284 1914 γενοῦ
1299 1887 1345 1914 μοι
1371 1877 1420 1905 καὶ
1446 1877 1496 1912 τῆς
1514 1877 1659 1914 ἐπικαίρου
1682 1879 1786 1914 ταύτης
1797 1879 1872 1914 ζωῆς

233 1914 324 1951 ἀγαθὴ
354 1918 522 1952 γηροτρόφος
544 1920 676 1956 καὶπρὸς
695 1921 744 1958 τὴν
770 1923 856 1951 ἀΐδιον
873 1924 1080 1961 μεταφοιτώσῃ,
1101 1914 1215 1961 μεσίτης
1239 1925 1299 1960 ἄμα.
1327 1923 1375 1951 καὶ
1400 1924 1517 1959 πρέσϐις
1531 1924 1586 1959 ⁸τὸν
1608 1925 1699 1952 κοινὸν
1722 1926 1786 1960 ἐμοὶ
1804 1927 1872 1952 Δεσ-

234 1960 319 1995 πότην
336 1962 491 1999 ίλεουμένη.

267 2008 325 2036 XII.
342 2009 406 2038 Haec
419 2011 463 2038 illa
479 2012 597 2040 ﬁliorum
610 2021 717 2047 amans.
734 2015 833 2051 piaque
853 2024 885 2044 ac
899 2017 1028 2053 religiosa

233 2062 315 2086 anus,
329 2063 390 2090 quae
413 2057 529 2090 sciebat,
546 2058 583 2086 ita
609 2064 639 2087 ut
664 2066 775 2096 oportet
800 2062 869 2090 ﬁlias
885 2071 982 2098 parere
1000 2067 1027 2090 et

233 2099 362 2134 educare,
383 2110 445 2129 cum
468 2103 583 2132 dixisset
606 2107 730 2142 martyri,
756 2112 783 2135 et
809 2116 869 2136 eam
896 2109 1028 2137 senilibus

232 2147 357 2182 amplexa
380 2154 452 2177 esset
475 2155 502 2178 et
528 2153 729 2186 composuisset
753 2155 880 2183 manibus
904 2164 911 2183 :
935 2160 1027 2191 egeret

1114 2015 1267 2043 ΙΒ¹.Ταῦτα
1281 2016 1297 2051 ἠ
1313 2015 1442 2050 φιλόπαις
1458 2015 1551 2051 ἐκείνη
1567 2015 1657 2051 γραῦς
1671 2017 1720 2044 καὶ
1733 2017 1869 2051 φιλόθεος,

1078 2064 1125 2090 καὶ
1142 2063 1247 2090 ὠδίνειν
1262 2063 1300 2095 ὼς
1312 2062 1366 2098 χρὴ
1386 2062 1433 2089 καὶ
1448 2062 1637 2097 παιδαγωγεῖν
1650 2063 1738 2091 εἰδυῖα
1749 2067 1782 2100 τῇ
1794 2065 1868 2101 μάρ-

1076 2119 1138 2146 τυρι
1155 2109 1280 2147 εἰποῦσα,
1295 2110 1342 2136 καὶ
1357 2110 1436 2144 χερσὶ
1448 2109 1650 2144 πρεσϐυτικαῖς
1664 2119 1695 2137 τε
1713 2111 1761 2138 καὶ
1775 2119 1867 2147 γηρα-

1077 2155 1151 2188 λέαις
1173 2155 1260 2190 αὐτὴν
1284 2155 1496 2190 ὰγκαλισαμένη
1511 2155 1560 2181 καὶ
1575 2156 1785 2192 περιστείλασα,
1804 2159 1869 2185 ἐπεὶ

232 2198 322 2221 autem
340 2202 433 2228 manu,
449 2204 510 2231 quae
525 2197 548 2225 ei
564 2197 710 2227 inserviret
728 2201 755 2227 In
770 2201 967 2230 transferendis
979 2210 1023 2230 re-

1081 2201 1169 2238 χειρὸς
1184 2201 1284 2237 ἠπόρει
1299 2203 1331 2236 τῇ
1349 2201 1521 2237 μετακομιδῇ
1545 2201 1593 2229 τοῦ
1623 2202 1753 2237 λειψάνου
1776 2204 1870 2233 διακο-

232 2239 334 2274 liquiis,
354 2245 382 2267 ut
395 2249 456 2276 qua;
471 2247 555 2276 esset,
571 2243 644 2272 sicut
658 2245 790 2281 diximus,
807 2246 908 2278 vetula,
921 2251 949 2274 et
972 2247 1023 2282 ipsi

231 2285 322 2318 potius
338 2289 412 2312 esset
432 2294 503 2321 opus
526 2295 609 2315 manu
633 2289 779 2324 etﬂbaculo
796 2291 946 2326 :nullaque
973 2292 1024 2326 ipsi

231 2337 325 2357 earum
341 2333 614 2366 transportandarum
631 2337 801 2370 {suppeteret
822 2338 902 2370 ratio,
919 2343 947 2365 et
961 2338 1024 2366 ideo

231 2379 315 2402 staret
330 2377 401 2410 apud
417 2386 446 2405 se
462 2386 532 2415 :egre
548 2380 788 2414 ferens,etaniuto
799 2383 892 2415 anxia.
909 2389 1023 2419 repente

230 2420 285 2446 duo
299 2422 411 2455 quidam
428 2425 479 2452 viri
494 2425 683 2461 advenientes,
706 2433 733 2456 et
749 2428 837 2457 forma
860 2434 888 2458 et
902 2431 1023 2459 moribus

230 2468 389 2496 rcverendi.
401 2470 504 2498 sanctis
523 2473 649 2501 manibus
663 2475 793 2510 subjectis
814 2476 949 2511 reliquiis,
969 2477 1023 2505 eis-

229 2520 282 2547 que
297 2521 358 2540 cum
373 2514 432 2549 ipsa
445 2516 570 2550 sublatis,
587 2527 673 2554 prope
687 2521 783 2549 urbem
800 2521 914 2550 Romam
931 2523 1023 2558 splen-

229 2558 292 2585 dide
318 2565 344 2587 ct
366 2560 517 2590 honoriﬁce
539 2563 725 2598 deposuerunt
744 2587 751 2600 ,
769 2568 803 2595 ad
835 2568 950 2604 gloriam
975 2569 1022 2597 Dei

229 2604 327 2636 Patris,
341 2610 368 2633 et
384 2606 490 2636 Domini
508 2611 593 2638 nostri
605 2610 670 2639 Jesu
684 2613 786 2641 Christi
803 2634 811 2646 ,
835 2623 897 2642 cum
916 2624 979 2650 quo,
995 2621 1022 2644 et.

229 2656 291 2676 cum
305 2656 401 2679 sancto
414 2652 517 2688 Spiritu
533 2655 572 2684 illi
587 2657 624 2684 sit
643 2658 732 2687 honor
749 2664 775 2688 et
787 2661 907 2696 potentia
926 2662 951 2688 in
969 2670 1020 2690 sa:-

229 2694 290 2723 cula
305 2697 480 2727 smeulorutn.
496 2700 595 2730 Amen.

1076 2248 1190 2284 νούσης,
1204 2247 1318 2284 γηραιὰ,
1332 2247 1459 2283 καθάπερ
1476 2248 1596 2284 ἔφημεν,
1611 2246 1690 2282 οὖσα,
1711 2250 1758 2276 καὶ
1774 2252 1868 2286 χειρὸς

1074 2295 1143 2331 αὐτῇ
1166 2295 1269 2331 μᾶλλον
1283 2295 1398 2331 δεομένη
1427 2295 1476 2322 καὶ
1508 2295 1679 2331 βακτηρίας·
1692 2297 1755 2323 ἐπεὶ
1776 2297 1867 2324 τοίνυν

1073 2341 1160 2374 οὕτως
1174 2339 1232 2376 εἶχε
1247 2342 1313 2377 περὶ
1333 2342 1385 2377 τὴν
1413 2342 1601 2378 μετακομιδὴν
1625 2343 1790 2378 ἀμηχάνως,
1816 2344 1866 2370 καὶ

1074 2388 1151 2423 παρὰ
1175 2389 1257 2415 τοῦτο
1287 2389 1410 2423 εἱστήκει
1428 2388 1645 2423 δυσχεραίνουσα
1672 2389 1734 2416 καθ’
1750 2389 1865 2424 ἑαυτὴν,

1072 2435 1120 2462 καὶ
1138 2435 1290 2470 ἀνιωμένη,
1305 2435 1384 2469 ἄφνω
1406 2435 1454 2462 δύο
1479 2436 1553 2467 τινὲς
1576 2435 1740 2468 ἐπιστάντες
1765 2436 1865 2472 ἄνδρες

1073 2481 1168 2507 καὶτὸ
1188 2479 1259 2512 εἶδος
1283 2481 1331 2507 καὶ
1342 2481 1389 2508 τὸν
1417 2481 1520 2517 τρόπον
1551 2481 1700 2520 αἰδέσιμοι⁷
1724 2483 1820 2518 χεῖράς
1835 2491 1866 2510 τε

1071 2527 1110 2562 τῷ
1127 2527 1246 2561 λειψάνῳ
1257 2527 1424 2563 ὑποσχόντες
1438 2528 1516 2560 ὁσίας
1538 2529 1587 2555 καὶ
1602 2528 1684 2555 τοῦτο
1705 2529 1865 2564 ἀνελόμενοι

1073 2574 1122 2600 σὺν
1138 2575 1220 2610 αὐτῇ,
1231 2574 1349 2609 ἐχόμενα
1365 2575 1415 2609 τῆς
1429 2574 1534 2606 πόλεως
1555 2574 1666 2610 Ῥώμης
1681 2575 1819 2609 λαμπρῶς
1831 2584 1864 2602 τε

1072 2620 1119 2646 καὶ
1132 2619 1283 2654 φιλοτίμως
1307 2620 1464 2649 κατέθεντο,
1479 2621 1527 2652 Εἰς
1556 2620 1636 2653 δόξαν
1659 2621 1728 2647 Θεοῦ
1756 2621 1864 2656 Πατρός

1073 2666 1121 2692 καὶ
1137 2665 1241 2700 Κυρίου
1280 2665 1365 2700 Ἰησοῦ
1380 2665 1511 2700 Χριστοῦ,
1525 2665 1586 2701 μεθ’
1609 2662 1640 2692 οὗ
1662 2666 1743 2701 τιμὴ,
1759 2667 1863 2701 κράτος

1074 2712 1122 2738 σὺν
1132 2712 1203 2747 ἁγίῳ
1223 2711 1364 2746 Πνεύματι
1387 2713 1427 2744 εἰς
1441 2712 1506 2744 τοὺς
1534 2711 1636 2744 αίῶνας
1663 2712 1718 2739 τῶν
1742 2712 1861 2740 αἰώνων.

1079 2758 1106 2784 Ἀ
1112 2758 1176 2793 μήν.
