2047 3150
562 179 795 210 ΜΛΒΤΥΒΙΗΜ
816 180 868 211 SS.
892 179 1046 210 ZENtﬂlll
1074 180 1120 209 ET
1137 178 1322 208 ZENOBL’E.

1695 175 1762 208 1310

916 263 1754 278 Ἤ

294 263 1461 281 W

444 349 760 394 ΜΑΡΤΥΡΙΟΝ
800 348 915 390 ΤΟΥ
951 348 1022 390 ΑΓ
1024 347 1122 390 ΙΟΥ
1159 345 1448 389 ΜΑΡΤΥΡΟΣ

610 565 672 592 ΚΑΙ
698 563 871 591 ΖΗΝΟΒΙΑΣ
892 561 960 589 ΤΗΣ
980 562 1137 589 ΑΔΕΛΦΗΣ
1158 561 1285 590 ΑΥΤΟΥ.

450 745 652 790 MARTY
667 745 818 791 BIUM
869 745 1077 790 SANCTI

1145 743 1451 790 MARTYBIS

751 857 939 931 ΖΕΝ
943 855 1138 933 ΟΒΙΙ

645 991 698 1023 ET
731 991 917 1022 ZENOBUE
945 991 1036 1022 EJUS
1065 991 1249 1022 SORORIS.

407 1075 507 1107 (Laliue
522 1082 562 1106 ap.
575 1074 675 1100 Surium
687 1075 716 1099 ad
729 1074 796 1099 diem
812 1074 842 1098 50
855 1073 979 1103 Octobris,
991 1075 1075 1098 Graece
1090 1080 1120 1098 ex
1134 1074 1187 1099 cod.
1206 1082 1251 1100 ms.
1266 1075 1346 1100 Paris.
1364 1082 1389 1100 ιι.
1405 1075 1485 1106 1180.)

166 1152 204 1179 Α’.
221 1152 303 1186 Αἰγαὶ
318 1151 395 1183 πόλις
419 1151 494 1177 ἐστὶν
515 1151 562 1178 ἐπὶ
585 1152 678 1187 κόλπῳ
709 1151 758 1185 μὲν
773 1150 813 1186 τῷ
834 1150 920 1185 Ἰονίῳ

1007 1149 1027 1176 Ι.
1048 1149 1123 1184 Aigze
1138 1153 1179 1177 est
1195 1144 1301 1182 civitas,
1317 1158 1378 1185 qua:
1395 1151 1446 1178 sila
1470 1150 1582 1186 quidem
1597 1157 1638 1180 est
1653 1153 1679 1178 in
1702 1154 1766 1182 sinu

130 1200 258 1234 κειμένη,
274 1199 327 1225 ὑπὸ
341 1199 463 1225 Κιλίκων
478 1198 504 1224 δὲ
517 1199 664 1232 οίκουμένη
677 1207 684 1213 ·
699 1195 733 1234 ἧς
748 1198 778 1224 τὸ
790 1197 840 1231 μὲν
853 1197 922 1232 πρὸς

130 1247 245 1279 ’ἠπείρου
261 1245 290 1270 οὐ
307 1245 386 1275 πολὺ,
406 1245 535 1270 πὶατεῑαν
552 1244 580 1270 δὲ
599 1245 645 1270 καὶ
663 1243 763 1274 ἱκανῶς
778 1245 819 1274 είς
836 1243 923 1277 μῆκος

130 1290 278 1324 διήκουσαν
290 1289 304 1314 ό
327 1288 374 1323 τῆς
386 1288 506 1321 γείτονος
519 1288 659 1323 θαλάσσης
670 1289 755 1323 ὅρμος
768 1287 921 1323 ἐκδέχεται.

129 1334 206 1369 Λῦτη
221 1335 266 1361 τὸν
285 1334 418 1368 μακάριον
439 1333 567 1367 Ζηνὸὁιον
583 1334 695 1367 ἣνεγκε,
724 1333 849 1368 πατέρων
864 1333 924 1360 οεο-

131 1381 217 1416 ῳιλῶν
251 1379 393 1414 γεγονότα,
411 1378 489 1414 ῥίζης
506 1378 611 1413 ἀγαθῆς
627 1379 712 1410 ὅντως
738 1379 840 1413 ἀγαθὸν
858 1379 923 1414 βλά-
942 1390 944 1392 τ

131 1435 235 1462 στημα.
259 1427 365 1458 Ὀτι-τις,
387 1425 624 1460 τετελευτηκότων
646 1425 722 1460 αὒτῷ
737 1425 792 1451 τῶν
808 1426 921 1459 γονέων,

130 1473 207 1506 παρὰ
237 1472 276 1507 τῷ
301 1473 369 1508 πρὸς
398 1471 506 1508 πατρὸς
520 1472 717 1498 καταλέλειπτο
745 1471 819 1506 θείῳ.
842 1472 871 1498 '0
894 1472 922 1499 δὲ

131 1518 204 1549 θεῖος
219 1518 327 1553 ἀληθῶς
341 1518 377 1544 ὢν
393 1519 440 1544 καὶ
457 1518 602 1552 φιλάρετος
624 1517 780 1553 ἄνθρωπος,
795 1517 846 1551 τῆς
869 1526 922 1544 πα·-

129 1564 223 1599 τρῲας
248 1564 319 1600 ὸρῶν
344 1564 389 1590 τὸν
423 1563 506 1590 παῖδα
531 1563 687 1595 θεοσεϐείας
712 1563 852 1599 ἐχόμενον,
877 1563 923 1590 καὶ

131 1610 226 1645 ὥσπερ
238 1610 287 1644 τῆς
303 1610 425 1644 κτήσεως
439 1609 519 1636 αὐτὸν
531 1609 653 1644 ἀπάσης.
668 1609 740 1636 οὕτω
762 1610 793 1645 δὴ
811 1610 858 1636 καὶ
873 1610 922 1644 τῆς

132 1655 233 1689 ἀρετῆς
251 1655 343 1690 πάσης
362 1654 542 1688 κληρονόμον,
557 1655 590 1689 τῇ
604 1655 694 1689 οίκεία
705 1655 821 1690 θυγατρὶ
833 1655 921 1690 Θέκ).ῃ

131 1702 225 1728 τοῦτον
250 1702 400 1737 ἡρμόσατο,
429 1700 526 1736 ζεῦγος
545 1700 605 1736 6εῷ
635 1701 711 1735 φίλον
737 1701 923 1738 ὲπέὑσεϐείᾳ

131 1748 178 1773 καὶ
194 1748 277 1773 πᾶσιν
304 1747 417 1780 ἀγαθοῖς
443 1746 536 1780 ἔργοις
554 1747 700 1781 ἐπίσημον.
716 1747 848 1774 Γεννᾶται
866 1756 922 1774 τοι-

131 1792 234 1826 γαροῦν
248 1794 279 1818 ἐκ
295 1792 398 1818 τούτων
415 1793 554 1825 Ζηνόϐιος,
571 1793 670 1820 ἔπειτα
682 1793 710 1820 δὲ
723 1794 770 1819 καὶ
788 1795 805 1828 ὴ
824 1794 921 1821 τούτου

130 1837 233 1872 ἀδελφὴ
245 1837 363 1872 Ζηνοϐἰα
380 1837 470 1872 (τοῦτο
487 1837 543 1872 γὰρ
568 1838 637 1872 αὐτῇ
656 1838 732 1873 παρὰ
749 1839 803 1865 τῶν
821 1841 922 1873 γονέων
939 1828 960 1854 Β

130 1883 235 1910 τίθεται
247 1883 354 1918 ονομα),
370 1882 486 1919 ξυνωρὶς
517 1883 594 1916 ἁγία,
615 1883 708 1910 κλάδοι
722 1887 922 1918 πνευματικοῖς

131 1930 223 1966 ἔργοις
239 1930 420 1965 κατάκαρποι.

167 1975 205 2004 Β’.
222 1976 292 2011 Ἤδη
308 1976 336 2002 δὲ
356 1976 402 2002 τοῦ
418 1975 502 2002 καλοῦ
516 1975 647 2010 Ζηνοόίου
663 1976 712 2012 τὴν
730 1976 832 2012 ἔφηϐον
853 1977 921 2004 ἀπο-

130 2022 317 2057 λαμϐάνοντος
340 2021 460 2056 ἠλικίαν,
475 2021 626 2048 τελευτῶσι
644 2021 693 2056 μὲν
721 2022 815 2054 αὐτοῖς
830 2023 854 2048 οί
876 2031 921 2048 τε-

131 2067 236 2100 κ’6ντε;,
265 2066 412 2093 ἀναλοῦται
427 2067 456 2093 δὲ
472 2068 519 2094 καὶ
535 2067 570 2094 τὰ
584 2068 633 2102 τῆς
648 2067 740 2099 οὐσίας
766 2069 801 2094 τὰ
816 2068 867 2102 μὲν
881 2070 921 2100 είς

131 2115 180 2145 τὰς
195 2114 249 2140 τῶν
264 2115 386 2149 πενήτων
401 2114 549 2148 γαστέρας,
565 2114 599 2140 τὰ
618 2114 646 2140 δὲ
664 2115 711 2140 καὶ
727 2115 791 2150 περὶ
804 2115 854 2149 τὴν
867 2116 922 2141 ταῖν

131 2160 252 2187 ἀσθενῶν
278 2161 456 2195 ὲπιμέλειανυ
475 2161 639 2187 πεπαίδευτο
654 2162 709 2196 γὰρ
727 2162 777 2197 τὴν
796 2163 922 2199 ἰατρικὴν

129 2209 144 2234 ι
156 2208 282 2243 Ζηνὸὂιος
302 2207 374 2234 οὕτω
391 2207 482 2239 καλῶς
502 2209 549 2235 καὶ
565 2208 694 2244 τοιαύτην
710 2209 774 2243 περὶ
791 2210 854 2242 τοὺς
878 2219 921 2236 νο-

131 2255 246 2286 σοῦντας
270 2254 444 2282 ἐπεδείκνυτο
466 2255 515 2291 τὴν
540 2255 777 2291 θαυματουργίαν;
792 2256 830 2288 ὡς
852 2256 920 2292 μηδὲ

130 2303 179 2336 τῆς
192 2302 241 2336 μὲν
254 2301 338 2328 αὑτοῦ
358 2301 448 2337 χειρὸς
461 2302 569 2337 ἐπαφὴν
587 2302 734 2337 ὑπομένειν
748 2303 797 2335 τὰς
812 2303 918 2336 νόσους,

130 2347 199 2374 ἀλλὰ
215 2347 261 2373 καὶ
281 2347 349 2382 μόνῃ
375 2347 576 2382 φυγαδεύεσθαι
592 2349 625 2382 τῇ
642 2347 688 2374 τοῦ
703 2348 799 2383 ἀνδρὸς
814 2358 920 2384 παρου-

130 2393 187 2429 σίᾳ.
215 2392 302 2420 Τοῦτο
319 2393 347 2419 δὲ
367 2393 397 2419 οὐ
415 2393 512 2428 τέχνης
530 2393 621 2428 ἔργον¹
638 2394 708 2420 ἀλλὰ
724 2395 835 2430 χάριτος
850 2395 920 2422 Θεοῦ

128 2440 217 2474 δῶρον
234 2439 281 2466 καὶ
297 2439 398 2474 ἀρετῆς
413 2438 509 2473 ἀνδρὸς
535 2440 679 2475 πεποίητο.
698 2440 756 2476 Οὐχ
775 2442 870 2474 ὑγείας
891 2443 920 2469 δὲ

974 1195 1077 1228 lonico,
1103 1196 1241 1223 habitatur
1271 1202 1363 1223 autem
1393 1205 1408 1224 a
1435 1196 1595 1225 Cilicibus:
1624 1198 1702 1232 cujus
1733 1207 1765 1227 ea

973 1249 1035 1275 pars
1047 1242 1167 1276 quidem,
1185 1250 1246 1277 qua:
1259 1243 1345 1278 vergit
1369 1243 1403 1270 ad
1424 1243 1625 1276 continentem,
1646 1253 1700 1272 non
1723 1250 1766 1273 est

973 1295 1092 1323 magna:
1115 1288 1196 1316 latam
1221 1293 1312 1316 autem
1329 1292 1356 1316 et
1383 1295 1536 1323 porrectam
1566 1290 1594 1317 in
1621 1291 1687 1318 satis
1710 1300 1767 1318 ma-

975 1341 1056 1368 gnam
1075 1333 1247 1362 latitudinem
1265 1335 1412 1370 propinqui
1431 1336 1515 1362 maris
1539 1341 1635 1370 portus
1652 1337 1764 1371 excipit.

972 1378 1006 1406 Et
1023 1379 1082 1407 tulit
1099 1380 1209 1407 beatum
1227 1380 1381 1409 Zenobium
1396 1402 1402 1413 ,
1420 1387 1515 1409 natum
1539 1389 1572 1409 ex
1598 1382 1650 1415 piis
1667 1390 1767 1417 parcn-

974 1426 1057 1458 tibus,
1080 1427 1183 1454 radicis
1210 1427 1290 1454 bona:
1317 1435 1412 1454 revera
1439 1427 1542 1455 bonum
1567 1435 1689 1463 germen.
1712 1428 1765 1461 Qui

973 1480 1034 1500 cum
1058 1473 1250 1505 decessissent,
1272 1473 1295 1500 is
1319 1473 1432 1501 relictus
1456 1473 1508 1500 fuit
1528 1474 1601 1507 apud
1625 1478 1764 1508 patruum.

973 1518 1089 1546 Patruus
1103 1526 1177 1550 vero,
1193 1526 1254 1546 cum
1271 1523 1343 1546 esset
1361 1526 1455 1546 revera
1472 1518 1513 1546 vir
1529 1518 1650 1550 divinus,
1667 1524 1696 1546 et
1710 1520 1767 1546 vir-

973 1565 1038 1592 tutis
1056 1564 1206 1597 studiosus,
1223 1564 1317 1592 videns
1332 1573 1448 1599 puerum
1469 1565 1521 1592 rite
1542 1569 1701 1600 sequentem
1718 1573 1767 1598 pa-

974 1616 1078 1639 ternam
1092 1611 1232 1646 pietatem,
1248 1615 1276 1638 et
1289 1611 1428 1646 quomodo
1442 1611 1577 1638 universze
1592 1611 1652 1644 eius
1674 1611 1765 1637 hmre-

972 1658 1076 1690 ditatis,
1102 1657 1138 1684 ita
1163 1656 1246 1683 etiam
1266 1657 1375 1684 virtutis
1402 1656 1505 1683 factum
1530 1664 1591 1683 esse
1616 1655 1764 1687 heredem,

973 1704 1046 1731 allini
1072 1711 1127 1731 suae
1139 1703 1247 1730 Thecla:
1260 1711 1322 1730 eum
1348 1703 1500 1738 respondit,
1519 1711 1567 1737 par
1588 1703 1644 1730 Deo
1659 1707 1765 1738 gratum

975 1754 1086 1784 propter
1101 1750 1240 1784 pietatem,
1259 1754 1285 1776 et
1311 1749 1418 1784 insigne
1445 1749 1526 1776 bonis
1547 1749 1675 1776 omnibus
1698 1756 1766 1784 ope-

974 1796 1061 1824 ribus.
1090 1795 1128 1822 Ex
1155 1795 1195 1822 eis
1219 1803 1282 1830 ergo
1306 1801 1386 1822 natus
1415 1800 1456 1822 est
1484 1795 1641 1828 Zenobius;
1668 1795 1767 1822 deinde

974 1842 1055 1868 etiam
1081 1849 1161 1868 soror
1188 1842 1248 1874 ejus
1276 1841 1395 1868 Zenobia
1419 1841 1483 1874 (hoc
1502 1842 1576 1868 enim
1599 1841 1639 1868 eis
1665 1849 1766 1868 nomen

973 1885 1130 1921 imposituri]
1153 1885 1204 1912 fuit
1217 1893 1232 1912 a
1255 1886 1423 1920 parentibus)
1442 1894 1449 1912 :
1466 1891 1593 1913 sanctum
1614 1894 1673 1921 par,
1697 1886 1765 1913 rami

973 1931 1078 1959 fertiles
1090 1930 1256 1964 spiritalibus
1276 1931 1415 1965 operibus.

1008 1989 1041 2016 ll.
1059 1988 1126 2015 Cum
1144 1993 1236 2014 autem
1252 1987 1377 2023 egregius
1393 1987 1534 2014 Zenohius
1546 1987 1602 2021 jam
1617 1987 1649 2014 ad
1664 1988 1762 2022 ephebi

973 2034 1144 2069 pervenisset
1170 2037 1288 2066 aetatem,
1316 2033 1377 2068 ejus
1404 2031 1514 2066 quidem
1540 2033 1693 2059 moriuntur
1717 2041 1765 2067 pa—

972 2085 1088 2108 rentes:
1121 2084 1322 2106 consumuntur
1364 2086 1429 2105 vero
1467 2077 1626 2109 facultates.
1664 2078 1763 2113 partim

972 2126 1082 2162 quidem
1106 2126 1133 2152 in
1161 2129 1271 2153 ventres
1297 2131 1468 2160 pauperum,
1494 2124 1591 2159 partim
1615 2128 1705 2151 autem
1729 2126 1765 2152 ad

974 2181 1066 2200 curam
1081 2172 1262 2199 inﬁrmorum.
1279 2170 1345 2198 Tam
1370 2170 1484 2205 pulchre
1499 2171 1571 2197 enim
1596 2170 1763 2198 medicinam

973 2219 1105 2247 didicerat
1132 2217 1278 2249 Zenobius,
1302 2221 1330 2244 et
1344 2217 1371 2243 in
1387 2220 1503 2251 aegrotos
1523 2215 1684 2243 ostendebat
1703 2220 1762 2243 tan-

972 2270 1026 2293 tam
1046 2264 1238 2292 miraculorum
1262 2262 1453 2294 ellectionem,
1472 2266 1502 2289 ut
1521 2269 1571 2289 nec
1596 2262 1683 2288 solum
1702 2261 1767 2296 qui-

973 2313 1033 2340 dem
1052 2311 1110 2346 ejus
1129 2317 1225 2337 manus
1248 2313 1404 2336 contactum
1426 2312 1538 2342 possent
1563 2307 1650 2334 morbi
1678 2308 1763 2335 susti-

972 2364 1048 2387 nere,
1062 2356 1110 2383 sed
1124 2354 1183 2389 ejus
1196 2354 1252 2380 sola
1267 2353 1425 2387 lugarentur
1436 2352 1588 2386 praesentia.
1600 2350 1656 2377 Hoc
1670 2355 1760 2377 autem

971 2411 1025 2430 non
1041 2406 1100 2429 erat
1117 2407 1186 2434 opus
1207 2399 1284 2429 artis,
1307 2397 1355 2425 sed
1382 2396 1485 2424 donum
1507 2396 1612 2431 gratiae,
1638 2400 1666 2422 et
1693 2403 1763 2430 pne-

971 2449 1057 2477 mium
1083 2446 1202 2474 virtutis.
1231 2444 1289 2472 Non
1314 2444 1401 2471 solum
1431 2447 1521 2470 autem
1550 2442 1683 2474 sanitatis,
1713 2442 1761 2469 sed

130 2487 211 2520 μόνον
226 2486 328 2517 αὐτοῖς,
343 2485 411 2511 ἀλλὰ
427 2485 476 2512 καὶ
490 2485 548 2521 βίου
561 2487 686 2522 Ιχορηγδς
705 2485 740 2523 ἦν
753 2488 767 2514 ὁ
779 2489 919 2523 Ζηνόὸιος,

972 2495 1053 2522 etiam
1072 2494 1160 2520 victus
1178 2496 1237 2518 erat
1251 2489 1441 2526 suppeditator
1456 2488 1611 2519 Zenobius;
1631 2488 1760 2514 etoumi-

129 2533 175 2558 καὶ
193 2533 260 2558 πᾶσι
282 2533 338 2564 τοῖς
352 2532 427 2568 αὑτῷ
437 2532 582 2568 προσιοῦτι
598 2533 633 2560 τά
646 2541 675 2560 τε
690 2533 758 2569 πρὸς
770 2534 919 2570 θεραπείαν

129 2576 180 2610 τῆς
193 2577 283 2608 νόσου,
301 2577 348 2603 καὶ
363 2577 398 2604 τὰ
419 2577 486 2612 πρὸς
510 2578 659 2613 διατροφὴν
674 2579 790 2614 ἐπήρκει
805 2580 852 2606 τοῦ
867 2580 921 2607 σώ-

131 2630 227 2656 ματος,
251 2622 297 2657 ὑφ’
313 2620 347 2658 ἧς
361 2623 394 2649 ἂν
411 2623 527 2655 ἕκαστος
542 2624 674 2659 ἐτύγχανε
689 2625 811 2660 δηλονότι
826 2634 918 2653 κατει-

129 2669 279 2704 λημμένος,
300 2669 347 2696 καὶ
364 2669 465 2696 ὁποίων
481 2670 514 2697 ἂν
530 2668 565 2705 ἦν
581 2670 635 2697 τῶν
661 2671 754 2698 σιτίων
767 2672 897 2706 δεόμενος
909 2679 917 2687 ⁸

129 2713 200 2740 ὥστε
214 2714 244 2740 οὐ
261 2714 367 2750 δωρεὰν
381 2715 466 2742 ἐδίδου
485 2717 575 2751 μόνον,
589 2716 657 2743 ἀλλὰ
667 2717 715 2744 καὶ
727 2718 814 2753 αὐτὴν
827 2718 917 2754 πολλῷ

129 2761 167 2796 τῷ
194 2761 269 2796 μέσῳ
286 2761 335 2797 τὴν
361 2762 470 2798 ἐντολὴν
488 2764 669 2799 ὑπερέϐαινεν
681 2772 689 2780 ·
708 2765 767 2798 Τὴν
788 2764 847 2800 μὲν
863 2765 918 2801 γὰρ

128 2807 377 2842 δυῳεὰνὲλάϐεῖε,
393 2810 470 2844 φησὶ,
486 2810 598 2844 ὃωίεᾶι·
611 2811 690 2839 δότε.
710 2811 740 2838 '0
753 2811 780 2838 δὲ
797 2812 917 2848 προσθή-

129 2862 181 2890 κην
196 2855 243 2889 τῆς
262 2855 384 2890 ἰατρείας
409 2857 455 2882 καὶ
480 2859 530 2884 τῶι
559 2859 708 2885 vomis/unm
728 2861 840 2894 παρεῖχε
857 2859 915 2887 διπ-

166 2912 174 2927 ¹
193 2911 288 2939 leatllt.
311 2921 337 2945 κ,
353 2913 381 2939 8.

971 2541 1032 2573 bus,
1049 2540 1094 2574 qui
1119 2539 1153 2566 ad
1181 2538 1270 2572 ipsum
1290 2535 1467 2567 accedebant,
1491 2533 1682 2569 suppeditabat
1704 2536 1759 2558 tam

970 2593 1029 2620 quae
1042 2585 1076 2612 ad
1094 2583 1181 2612 morbi
1200 2581 1374 2618 pertinebant
1392 2579 1580 2610 curationem,
1595 2585 1676 2613 quam
1698 2584 1759 2610 qua:

969 2632 1003 2659 ad
1020 2632 1181 2658 alimentum
1197 2628 1330 2662 corporis,
1353 2633 1517 2661 quocunque
1539 2624 1634 2652 morbo
1655 2622 1760 2650 detine—

969 2682 1075 2708 rentur,
1091 2680 1118 2703 et
1129 2675 1339 2710 quibuscumque
1354 2671 1423 2699 cibis
1440 2678 1509 2706 opus
1525 2669 1667 2697 haberent.
1685 2667 1758 2700 Quin

971 2722 1052 2750 etiam
1080 2728 1136 2747 non
1159 2719 1247 2747 solum
1270 2717 1351 2745 dabat
1375 2716 1467 2752 gratis,
1489 2715 1535 2742 sed
1555 2715 1637 2741 etiam
1664 2713 1755 2748 ipsum

972 2771 1137 2804 prtcceptum
1157 2766 1235 2801 longo
1260 2763 1402 2791 intervallo
1426 2762 1582 2797 superabat.
1607 2760 1673 2786 Nam
1689 2767 1756 2794 pra:-

972 2819 1079 2849 ceptnm
1110 2811 1220 2846 quidem
1250 2810 1317 2838 dicit
1336 2817 1343 2836 :
1365 2820 1373 2835 ι
1387 2809 1476 2836 Gratis
1491 2806 1634 2842 accepistis
1647 2825 1655 2837 ,
1673 2804 1758 2840 gratis

972 2862 1032 2888 date
1050 2860 1056 2875 ¹
1077 2867 1082 2886 :
1102 2869 1110 2884 ›
1128 2858 1172 2885 lllc
1188 2862 1278 2884 autem
1296 2861 1392 2890 pneter
1417 2854 1578 2882 medicinam
1595 2851 1759 2887 adjungohat
