2047 3150
257 149 321 182 13H

902 149 1047 182 MENSIS
1068 147 1215 183 OCTOBE
1221 154 1254 185 [ἰ.

1821 157 1903 190 1312

252 208 335 234 etiam
351 207 509 235 alimentum
522 213 698 243 aegrotorum,
715 216 772 237 non
790 209 876 236 solum
892 207 975 243 gratis
995 214 1041 233 cu-

1109 208 1213 241 ερορὰς,
1230 211 1280 237 οὐκ
1297 211 1430 246 ἀμίσθους
1451 212 1532 247 μόνον
1547 211 1598 244 τὰς
1615 211 1765 247 θεραπείας
1792 214 1900 245 ποιῶν.

254 261 328 285 rans,
354 254 402 281 sed
427 255 508 281 etiam
536 263 598 282 cum
623 255 766 283 curatione
793 254 918 289 praebens
941 259 1046 279 merce~

252 301 326 327 dem.
346 300 419 328 Talis
437 301 546 336 quidem
571 307 763 330 sacrosanctus
788 301 926 328 Zenobius
950 299 1046 334 obtigit

251 346 368 375 Cilicum
394 348 508 383 regioni,
524 357 577 383 quo
601 353 724 383 tempore
747 349 894 383 imperator
911 347 1046 374 Romano-

254 403 314 422 rum
334 395 443 422 deditus
458 396 613 423 simulacris
629 400 656 423 et
671 396 759 430 impiae
772 403 803 422 ac
820 395 893 422 I'alste
910 393 1047 428 religioni,

253 447 379 469 mortuus
393 449 434 468 est
451 443 478 468 in
498 443 589 476 impiis
608 442 794 476 dogmatibus.
824 441 877 469 Sed
900 441 972 467 illius
988 440 1049 475 qui-

255 486 317 513 dem
334 492 386 513 tam
405 488 522 522 imperii,
542 496 624 523 quam
647 489 748 515 furoris
764 488 791 515 in
809 488 990 517 Christianos,
1005 495 1049 513 re-

254 532 337 560 lictus
368 539 410 560 est
436 535 524 561 haeres
552 535 743 562 Diocletianus.
770 534 868 562 Statim
890 538 980 561 autem
999 533 1049 568 Ly-

253 578 321 605 siam
347 580 460 613 praaiicit
486 579 598 613 Citii-he,
622 581 710 613 quiet
733 581 767 607 ad
788 580 966 607 cruciandum
989 584 1048 607 erat

254 625 483 657 violentissimus,
501 631 528 653 et
543 628 575 652 ad
589 626 763 654 alliciendum
780 627 918 653 blanditiis
933 627 1048 654 maxima

255 671 281 697 vi
296 671 434 705 pra-ditus.
453 672 499 699 Ille
515 677 605 699 autem
622 680 683 699 cum
700 673 822 699 venisset
844 672 877 699 ad
899 672 984 706 Mopsi
1006 680 1051 698 ur—

255 716 316 743 bem
336 718 436 744 excitat
459 720 679 752 persecutionem
706 720 838 747 adversus
867 719 1049 751 Christianos,

254 770 371 797 eamque
385 764 585 799 gravissimam,
601 769 626 792 et
655 766 772 792 maxime
796 766 963 792 horribilem.
983 765 1051 792 Tres

255 814 346 836 autem
372 818 486 838 numero
510 812 708 842 adolescentes,
730 812 871 845 Claudius,
888 813 1012 840 Asterius
1025 817 1051 839 et

255 854 343 882 Neon.
365 855 474 882 [ir-runt
492 856 573 883 etiam
591 857 700 884 exerciti
719 856 746 883 in
767 858 812 884 illa
834 859 1026 893 persecutione
1044 868 1050 885 :

255 908 324 935 quos
341 901 401 928 tulit
419 902 527 936 quidem
552 902 668 934 Isauria,
694 904 837 932 Larandus
863 910 954 932 autem
975 913 1052 932 excr-

256 947 324 974 euit.
344 947 363 974 li
380 948 452 974 enim
470 956 484 974 a
501 949 578 984 Lysia
602 950 812 978 vehementibus
828 955 855 978 et
875 951 967 978 multis
989 952 1053 978 sub—

255 992 322 1028 jecti
338 995 518 1027 cruciatibus,
540 995 565 1021 in
590 1004 700 1022 crucem
717 998 769 1023 acti
786 1002 860 1023 extra
887 1004 989 1028 muros,
1007 1005 1052 1024 su-

258 1038 369 1065 bierunt
386 1045 501 1067 mortem
521 1041 706 1068 maleﬁcorum
725 1050 731 1067 :
754 1049 850 1068 eorum
877 1048 968 1070 autem
993 1051 1054 1070 cor-

259 1091 324 1117 pora
342 1084 462 1118 projecta
478 1089 541 1111 sunt
556 1085 713 1112 devoranda
729 1094 743 1112 a
757 1086 823 1114 feris
837 1092 863 1114 et
885 1088 1052 1114 volucribus.

258 1130 291 1156 Et
311 1130 404 1165 Lysias
429 1131 539 1164 quidem
559 1132 640 1160 talem
661 1134 825 1160 ostendebat
847 1133 981 1160 insaniam
1005 1134 1054 1160 ad-

257 1183 354 1203 versus
373 1176 554 1206 Christianos.

293 1222 342 1249 ιιι.
362 1223 494 1258 Egregius
520 1225 603 1259 igitur
616 1225 755 1253 Zenobius
772 1233 835 1253 cum
859 1226 887 1253 in
905 1230 979 1252 tanta
998 1226 1055 1252 vir-

259 1272 318 1295 tute
346 1269 429 1295 vitam
456 1269 569 1304 egisset,
593 1277 620 1298 et
643 1272 736 1299 divina
764 1273 930 1299 revelatione
952 1272 1055 1299 Christi

259 1323 368 1351 gregem
389 1317 552 1350 pascendam
578 1318 757 1353 suscepisset,
780 1323 806 1345 et
834 1319 935 1346 Ciliciae
958 1319 1056 1346 fuisset

260 1367 369 1390 creatus
395 1362 554 1397 episcopus,
580 1363 608 1390 in
634 1369 776 1398 posterum
806 1365 888 1392 etiam
917 1365 1055 1400 duplicem

261 1409 382 1435 ostendit
396 1410 566 1437 curationem
580 1418 587 1442 ;
604 1416 633 1438 ut
647 1411 693 1444 qui
710 1419 763 1438 non
778 1411 865 1439 solum
881 1413 1055 1447 corporibus,

263 1455 310 1483 sed
341 1456 423 1484 etiam
461 1459 560 1485 animis
587 1460 754 1490 mederetur,
781 1464 809 1486 et
835 1459 878 1486 illa
904 1459 1014 1494 quidem
1041 1468 1058 1487 a

261 1503 375 1535 morbis,
391 1504 439 1530 has
457 1512 520 1531 vero
534 1505 663 1533 liberaret
684 1507 719 1533 ab
742 1506 891 1540 impietate.
910 1506 978 1534 ilinc
992 1507 1058 1534 dici-

1099 254 1167 280 ἀλλὰ
1182 255 1229 281 καὶ
1248 256 1362 289 μισθοὺς
1388 258 1489 291 μᾶλλον
1505 259 1553 285 σὺν
1569 259 1663 290 αὐτοῖς
1688 260 1897 294 παρεχόμενος.

1100 300 1228 327 Τοιοῦτον
1241 302 1272 337 δή
1293 311 1353 329 τινα
1366 304 1411 330 τὸν
1429 304 1503 337 ἱερὸν
1522 305 1649 339 Ζηνόὸιον
1663 306 1680 339 ἡ
1695 306 1750 331 τῶν
1771 305 1902 332 Κιλίκων

1100 347 1259 383 κεκλήρωτο
1274 348 1335 376 καθ’
1347 349 1361 375 ὃ
1376 350 1471 383 καιροῦ
1486 351 1533 376 καὶ
1548 352 1561 376 ὁ
1579 352 1627 386 τῆς
1647 351 1793 386 Ῥωμαίων
1804 353 1899 387 ἀρχῆς

1100 391 1280 428 αὐτοκράτωρ
1295 394 1416 426 εἰδώλοις
1432 396 1619 430 προσανέχων,
1637 397 1684 423 καὶ
1710 399 1743 432 τῇ
1767 398 1902 424 δυσσεϐεῐ

1100 435 1235 473 Θρησκείᾳ
1255 439 1463 472 προστετηκὼς,
1479 442 1535 472 τοῖς
1553 441 1687 475 ὀλεθρίοις
1718 444 1897 470 συναπέθανε

1099 482 1242 517 δόγμασιν.
1256 485 1327 511 Ἀλλ’
1340 486 1445 513 ἐκείνου
1467 487 1517 521 μὲν
1538 487 1705 522 κληρονόμος
1715 488 1770 515 τῶν
1780 498 1810 515 τε
1823 490 1898 525 σκή-

1101 537 1194 563 πτρων
1208 531 1254 557 καὶ
1273 532 1323 566 τῆς
1337 533 1409 558 κατὰ
1426 533 1600 568 Χριστιανῶν
1612 534 1714 570 λύσσης
1728 536 1895 570 Διοκλητιαο

1101 575 1145 608 νὸς
1162 577 1368 606 καταλείπεται.
1388 579 1492 606 Λυσίαν
1506 580 1535 606 δὲ
1548 582 1720 616 παραχρῆμα
1729 584 1896 618 τιμωρήσα-

1102 621 1163 648 σθαί
1181 631 1209 648 τε
1227 623 1380 658 βιαιότατον
1391 626 1438 652 καὶ
1454 625 1587 659 θωπείαις
1603 627 1794 661 ὑπαγαγέσθαι
1807 629 1897 655 δεινό-

1101 677 1182 695 τατον
1209 671 1258 704 τῆς
1287 671 1405 698 Κιλίκων
1434 672 1555 708 ἔπαρχον
1578 674 1792 710 προχειρίζεται.
1809 676 1840 702 '0
1863 676 1894 701 δὲ

1101 715 1150 749 τὴν
1164 715 1258 751 Μόψου
1284 718 1446 745 καταλασὼν
1465 720 1585 755 διωγμὸν
1607 721 1711 755 ἐγείρει
1739 723 1811 748 κατὰ
1826 722 1897 756 Χρι-

1103 762 1230 793 στιανῶν,
1244 764 1290 790 καὶ
1304 763 1433 797 διωγμῶν
1450 766 1496 792 τὸν
1511 766 1732 800 φρικωδέστατον
1747 767 1793 793 καὶ
1807 767 1896 802 βαρύ-

1102 814 1193 838 τατον,
1212 807 1293 842 ἔργον
1319 809 1426 836 ἐκείνου
1445 809 1493 836 τοῦ
1522 810 1658 845 διωγμοῦ,
1676 811 1725 837 καὶ
1743 812 1819 845 τρεῖς
1848 811 1897 837 τὸν

1103 852 1219 887 ἀριθμδν
1231 854 1369 881 νεανίσκοι
1380 863 1387 870 ·
1405 856 1549 888 Κλαύδιος,
1570 856 1721 891 Ἀστέριος,
1741 857 1832 887 Νέων,
1847 856 1895 888 οὓς

1110 897 1230 933 Ίσαυρία
1247 900 1296 934 μὲν
1311 901 1423 936 ἤνεγκε,
1440 902 1580 936 Λαρανδδς
1605 903 1634 929 δὲ
1664 903 1796 938 ἡσκησεν.
1814 901 1897 930 Οὗτοι

1104 944 1216 977 πολλαῖς
1227 946 1279 973 ὑπὸ
1291 947 1393 974 Λυσίου
1404 950 1451 975 καὶ
1461 950 1592 984 σφοδραῖς
1615 950 1656 976 ὅτι
1670 951 1732 980 ταῖς
1747 951 1898 985 τιμωρίαις

1105 990 1304 1024 ὑποϐληθέντες
1334 994 1444 1029 σταυρῷ
1471 995 1698 1030 προσηλωθέντες
1724 995 1778 1028 ἔξω
1797 997 1898 1030 τειχῶν

1103 1037 1149 1062 τὸν
1173 1037 1227 1063 τῶν
1255 1039 1418 1074 κακούργων
1451 1041 1611 1076 ὑπέστησαν
1648 1041 1786 1068 θάνατον·
1807 1042 1840 1068 τὰ
1870 1042 1899 1068 δὲ

1104 1084 1208 1110 τούτων
1235 1084 1349 1119 σώματα
1376 1087 1482 1121 θηρίοις
1508 1089 1554 1114 καὶ
1574 1089 1710 1119 πετεινοῖς
1739 1090 1779 1121 εἰς
1807 1090 1899 1123 πυρὰν

1106 1129 1251 1164 προετέθη.
1280 1131 1335 1157 Καὶ
1354 1132 1457 1164 Λυσίας
1477 1132 1527 1167 μὲν
1546 1133 1578 1168 δὴ
1599 1133 1731 1169 τοιαύτην
1746 1135 1817 1161 κατὰ
1832 1135 1900 1169 Χρι-

1106 1177 1222 1202 στιανῶν
1238 1177 1413 1205 ἐπεδείκνυτο
1428 1178 1476 1214 τὴν
1495 1180 1602 1214 μανίαν.

1140 1221 1177 1248 Γ’.
1195 1223 1323 1257 Ζηνόϐιος
1347 1224 1375 1250 δὲ
1392 1225 1405 1250 ὁ
1423 1225 1516 1256 καλὸς,
1530 1226 1558 1252 ὲν
1577 1226 1661 1262 ἀρετῇ
1678 1228 1802 1263 τοσαύτῃ
1819 1227 1898 1254 πολι-

1105 1269 1273 1304 τευσάμενος
1298 1270 1345 1297 καὶ
1362 1271 1393 1297 τὸ
1407 1271 1455 1298 τοῦ
1471 1272 1592 1306 Χριστοῦ
1618 1273 1745 1307 ποίμνιον
1760 1274 1901 1300 ἀποκαλύ-

1106 1316 1153 1350 ψει
1184 1315 1245 1350 θείᾳ
1273 1317 1463 1352 παρειληφὼς,
1504 1318 1655 1352 ἐπίσκοπος
1692 1320 1742 1355 τῆς
1777 1321 1900 1347 Κιλίκων

1108 1362 1289 1397 ἀναδειχθεὶς,
1315 1364 1414 1399 διπλῆν
1437 1365 1477 1395 είς
1504 1366 1534 1391 τὺ
1564 1365 1628 1400 ἑξῆς
1649 1366 1826 1393 ἐπεδείκνυτο
1850 1367 1901 1401 τὴν

1109 1408 1279 1443 θεραπείαν·
1303 1409 1334 1436 οὐ
1368 1409 1483 1444 σώματα
1513 1411 1605 1445 μόνον,
1637 1411 1706 1438 ἀλλὰ
1736 1414 1782 1439 καὶ
1810 1412 1899 1447 ψυχὰς

1110 1455 1252 1488 ἰατρεύων,
1267 1457 1315 1482 καὶ
1332 1457 1366 1483 τὰ
1397 1458 1448 1490 μὲν
1463 1459 1640 1493 νοσημάτων,
1659 1458 1709 1490 τὰς
1721 1459 1750 1485 δὲ
1767 1459 1897 1491 ἀσεϐείας

1109 1500 1270 1536 ιλευθερῶν.
1290 1501 1432 1528 Ἐντεῦθεν
1447 1502 1529 1529 Ίνδοῦ
1543 1511 1616 1534 τινος
1631 1503 1765 1538 φιλάρχου
1781 1503 1900 1537 σύζυγον

263 1553 307 1575 tur
325 1549 383 1576 ludi
405 1551 546 1585 cujusdam
570 1552 687 1585 praefecti
714 1553 858 1589 conjugem
875 1553 1004 1581 incidisse
1026 1554 1053 1581 in

1109 1545 1184 1582 κακῷ
1202 1554 1255 1573 τινι
1270 1546 1383 1580 λέγεται
1401 1547 1534 1582 βληθῆναι
1551 1548 1607 1574 τῶν
1634 1549 1805 1582 ἀνηκέστων.
1823 1547 1860 1575 Τὸ
1873 1549 1902 1575 δὲ.

262 1595 387 1622 morbum
403 1596 641 1624 innuedicabilem.
663 1599 686 1624 ls
701 1603 792 1625 autent
808 1604 868 1626 erat
884 1607 993 1629 cancer,
1011 1600 1056 1634 qui

262 1641 289 1667 in
308 1641 465 1668 interiorem
485 1648 589 1677 partem
608 1645 729 1671 thoracis
750 1645 924 1672 incubuerat.
946 1647 1059 1680 Propter

262 1695 343 1721 qthlll
358 1695 528 1724 congregata:
544 1699 640 1717 Ollll'lt'S
658 1699 756 1718 I'Il'lllUS
772 1693 955 1725 medicorum,
970 1698 1058 1720 artes-

262 1741 316 1768 que
341 1739 369 1760 et
387 1735 585 1762 medicamenta
612 1742 721 1764 ostensa
749 1743 814 1764 sunt
838 1738 874 1764 illi
895 1739 989 1766 morbo
1012 1746 1058 1765 ce-

264 1779 340 1805 dere.
357 1779 455 1807 Uxoris
471 1789 535 1816 ergo
551 1782 637 1809 vicem
654 1783 751 1809 dolens
770 1783 861 1814 lndus,
877 1787 905 1810 et
920 1784 1057 1811 undenam

265 1824 333 1850 tanti
358 1825 421 1852 mali
450 1826 585 1853 inveniret
619 1828 781 1854 solutionem
817 1828 961 1863 diligenter
997 1837 1059 1863 per-

266 1874 408 1899 scmlans.
427 1879 441 1898 a
458 1873 575 1906 quodam
601 1879 752 1900 mercatore
764 1876 868 1908 accepit
883 1875 917 1902 de
929 1875 1059 1908 Zenobio,

266 1924 328 1943 eum
344 1918 443 1944 multos
458 1926 555 1945 curare
568 1924 684 1954 :egrutos
699 1920 756 1946 solo
773 1920 855 1947 Verbo
877 1925 905 1947 et
929 1929 1058 1949 nianuum

266 1963 448 1997 inipmitione.
469 1965 513 1992 Ille
527 1970 617 1992 autem
633 1967 724 1993 statim
748 1967 816 1994 nihil
833 1972 989 2000 cunctatus,
1013 1969 1062 1996 sed

265 2011 357 2038 statim
371 2019 432 2038 cum
447 2013 563 2047 Ctmjtlge
578 2018 605 2039 et
621 2013 713 2040 liberis
741 2014 793 2041 iter
815 2015 967 2050 ingressus,
985 2015 1063 2043 venit

267 2056 360 2092 Aigas.
377 2057 452 2085 Talis
466 2059 540 2085 enim
557 2063 607 2087 est.
627 2059 672 2093 qui
692 2059 830 2095 aﬂligitur,
845 2062 964 2091 animus.
986 2065 1014 2088 ct
1028 2061 1063 2089 ad

268 2103 307 2134 id.
336 2104 408 2138 quod
431 2105 550 2132 audierit
576 2106 781 2140 exsequendum
819 2107 971 2134 acerrimus
999 2115 1064 2142 pro-

271 2155 334 2184 pter
348 2158 423 2185 spem
451 2151 591 2178 meliorem
620 2152 764 2179 libertatis.
780 2152 847 2179 Cum
861 2153 925 2180 illuc
938 2161 1002 2189 ergo
1017 2162 1064 2181 ve-

268 2197 364 2230 nisset,
380 2197 538 2232 rogabatde
560 2198 692 2230 Zenobio,
715 2199 825 2226 ubinam
845 2206 927 2232 esset,
944 2207 971 2228 et
991 2202 1063 2236 apud

268 2253 350 2280 quem
366 2248 496 2280 degeret;
511 2250 539 2273 et
555 2254 636 2273 omne
656 2248 776 2281 ponebat
796 2248 929 2280 studium,
949 2253 978 2275 ut
998 2256 1062 2275 eum

269 2293 385 2319 videret.
405 2292 472 2319 Cum
496 2293 548 2319 hoc
566 2298 656 2319 autem
673 2294 754 2320 modo
779 2301 808 2320 se
833 2293 946 2320 haberet
970 2294 1062 2326 lndus,

269 2344 297 2366 et
313 2344 367 2365 tam
384 2339 472 2374 magni
489 2339 591 2365 far-cret
606 2339 681 2366 lllllll)
697 2341 800 2371 ridere,
818 2340 842 2366 ei
858 2345 967 2374 apparet
984 2341 1063 2374 visio,

269 2392 330 2418 qua:
345 2385 370 2411 ei
385 2392 459 2415 Vere,
475 2389 502 2412 et
528 2393 581 2412 non
610 2394 637 2412 ιιι
663 2386 775 2418 somnis,
800 2386 913 2421 jubebat
933 2387 1065 2414 accedere

270 2431 302 2456 ad
320 2430 463 2457 ecclesiam
485 2431 705 2459 Christianorum
723 2441 729 2459 :
745 2433 772 2459 in
799 2439 831 2459 ea
854 2433 938 2465 enim,
962 2433 1063 2467 inquit.

271 2477 395 2504 invenies
411 2485 482 2506 eum.
503 2485 583 2511 quem
599 2478 708 2511 quaeris.
725 2478 793 2506 Cum
811 2479 834 2506 is
849 2487 914 2514 ergo
928 2470 1064 2506 surrexis-

271 2529 323 2555 set,
342 2532 405 2552 cum
429 2531 514 2551 uxore
537 2525 629 2551 statim
651 2526 727 2552 venit
742 2525 775 2552 ad
793 2525 933 2560 templum.
955 2525 1064 2552 Etcum

273 2573 299 2598 in
314 2580 346 2598 co
361 2571 531 2598 invenissent
548 2575 671 2597 sanctum
686 2576 803 2598 stantem
819 2572 847 2598 in
863 2572 953 2599 medio
969 2571 1067 2598 multi-

273 2618 388 2646 tudinis.
406 2623 434 2644 et
449 2625 481 2644 ex
504 2625 551 2644 ore
566 2625 617 2644 suo
633 2618 805 2645 emittentem
822 2618 955 2645 doctrina:
974 2618 1065 2646 fontes

271 2663 460 2691 s-tavissintos.
476 2662 587 2690 dimotis
608 2662 652 2695 iis,
669 2664 715 2697 qui
733 2663 982 2696 circumsistebant,
1003 2671 1067 2698 spe-

271 2711 363 2738 ciosus
381 2710 452 2736 illius
474 2711 568 2744 pedes,
590 2715 618 2737 et
640 2710 710 2737 bona
732 2718 825 2738 revera
853 2711 1067 2747 evangelizantis

272 2757 466 2784 ardentissime
493 2757 698 2792 apprehensant
723 2758 878 2792 supplices,
909 2758 1070 2785 misericor-

275 2805 393 2838 demque
416 2808 444 2831 et
467 2803 629 2831 clementem
650 2804 722 2830 illam
739 2804 858 2831 animam
876 2809 956 2831 orant
975 2808 1002 2831 et
1018 2804 1068 2831 ob-

276 2856 385 2876 secrant
401 2854 458 2877 uta
477 2851 547 2878 malo
571 2851 732 2878 liberentur.
754 2850 821 2878 Nam
849 2852 901 2878 etsi
920 2850 946 2877 in
974 2850 1068 2877 uxoris

280 2896 391 2923 thorace
432 2896 532 2923 inesset
569 2898 690 2931 morbus,
734 2898 823 2925 mariti
850 2903 937 2925 tamen
982 2897 1067 2924 multo

1109 1593 1162 1628 ἄρα
1181 1594 1313 1628 καρκίνος
1330 1591 1364 1628 ἦν
1392 1594 1528 1620 ἐνδοτάτω
1550 1593 1597 1620 τοῦ
1613 1594 1739 1628 θώρακος
1755 1597 1902 1631 κατασκή-

1108 1639 1174 1673 ψας.
1197 1639 1256 1674 Ἐφ’
1269 1636 1290 1673 ᾦ
1310 1640 1396 1665 πᾶσαι
1411 1641 1458 1666 καὶ
1475 1641 1566 1674 χεῖρες
1578 1641 1680 1675 ἰατρῶν
1701 1641 1902 1675 ἀθροισθεῖσαι,

1110 1686 1155 1711 καὶ
1170 1685 1262 1720 τέχναι
1279 1687 1326 1712 καὶ
1343 1687 1487 1720 φάρμακα,
1504 1686 1619 1721 δεύτερα
1635 1688 1721 1713 πάντα
1734 1688 1782 1714 τοῦ
1797 1688 1904 1720 πάθους

1110 1732 1268 1766 ἠλέγχοντο.
1293 1732 1457 1767 ’Δχθόμενος
1484 1731 1531 1760 οὖν
1562 1734 1627 1769 περὶ
1653 1734 1702 1769 τῆς
1731 1735 1863 1768 γυναικδς
1890 1737 1904 1762 ὸ

1118 1777 1207 1810 Ἰνδὸς,
1226 1778 1274 1804 καὶ
1287 1777 1347 1805 ὅθεν
1364 1780 1396 1806 ἂν
1423 1779 1496 1806 ἔλθοι
1519 1781 1680 1815 τηλικούτου
1704 1780 1792 1807 κακοῦ
1824 1781 1903 1813 λύσις

1113 1825 1265 1860 φιλοπόνως
1293 1826 1459 1862 ἀνερευνῶν,
1486 1826 1617 1861 μανθάνει
1645 1828 1723 1862 παρὰ
1749 1836 1822 1859 τινος
1848 1827 1903 1854 τῶν

1112 1872 1241 1906 ἐμπόρων
1257 1872 1292 1899 τὰ
1307 1874 1372 1906 περὶ
1401 1873 1542 1908 Ζηνοὸίου,
1573 1874 1619 1899 καὶ
1646 1874 1687 1900 ὅτι
1715 1874 1831 1906 πολλοὺς
1850 1874 1904 1901 τῶν

1111 1918 1264 1945 νοσούντων
1279 1919 1353 1947 ἰᾶται
1371 1921 1474 1954 ῥήματι
1491 1920 1567 1955 μόνῳ
1586 1919 1634 1946 καὶ
1655 1920 1755 1955 χειρῶν
1770 1920 1902 1948 ἐπιθέσει.

1113 1967 1169 1993 Καὶ
1186 1966 1214 1999 δς
1237 1967 1337 1994 αὐτίκα
1357 1967 1479 2003 μελήσας
1505 1968 1582 1994 οὐδὲν
1611 1968 1666 1994 οὐδ’
1690 1969 1904 2004 ἀναϐαλόμενος,

1113 2012 1171 2039 ἀλλ’
1183 2013 1220 2045 ὡς
1230 2012 1304 2048 εῖχεν
1315 2014 1396 2045 εὐθὺς
1409 2014 1466 2048 ἅμα
1479 2014 1589 2050 συζύγῳ
1602 2015 1649 2041 καὶ
1662 2015 1780 2047 τέκνοις,
1793 2016 1905 2050 πορείας

1114 2058 1264 2094 ἁψάμενος,
1280 2060 1309 2086 ὲν
1333 2060 1429 2094 Αἰγαῖς
1443 2060 1560 2093 γίνεται.
1581 2055 1711 2086 Τοιοῦτον
1725 2061 1780 2096 γὰρ
1809 2060 1906 2093 πιεζο-

1116 2105 1183 2140 μένη
1204 2105 1354 2139 ψυχὴ.καὶ
1370 2105 1458 2137 οὕτως
1486 2106 1585 2133 ἀνύσαι
1613 2106 1644 2133 τδ
1679 2106 1813 2133 ἀκουσθὲν
1843 2106 1907 2140 ὀξυ-

1114 2152 1183 2185 τάτη
1209 2150 1242 2177 δι’
1267 2151 1363 2177 ἐλπίδα
1400 2153 1588 2187 χρηστοτέραν
1606 2152 1775 2188 ἐλευθερίας.
1800 2152 1908 2179 Ἐκεῖσε

1113 2197 1206 2223 τοίνυν
1220 2197 1378 2231 γενόμενος,
1399 2198 1568 2224 ὲπυνθᾶνετο
1595 2199 1660 2233 περὶ
1674 2198 1817 2233 Ζηνοδίου,
1853 2198 1906 2225 ποῦ

1116 2246 1170 2279 ἄρα
1192 2243 1240 2269 καὶ
1266 2244 1294 2269 ὲν
1311 2243 1383 2274 τίνος
1409 2243 1451 2278 εἴη
1472 2243 1584 2277 διάγων,
1613 2245 1661 2270 καὶ
1691 2245 1811 2280 σπουδὴν
1834 2244 1910 2271 ἑποι-

1116 2291 1172 2317 εῖτο
1204 2292 1295 2317 πᾶσαν
1322 2289 1393 2317 ὥστε
1429 2290 1475 2316 τδν
1501 2290 1586 2325 ἄνδρα
1611 2290 1772 2318 θεάσασθαι.
1809 2291 1910 2318 Τοῦτον

1115 2336 1143 2363 δὲ
1162 2337 1207 2363 τὸν
1217 2337 1317 2372 τρόπον
1331 2337 1420 2372 ἔχοντι
1433 2336 1474 2372 τῷ
1492 2336 1577 2372 Ἰνδῷ,
1607 2336 1654 2362 καὶ
1671 2337 1742 2363 οὕτω
1755 2337 1804 2371 τὴν
1836 2338 1910 2364 ὲκεί-

1115 2392 1162 2411 νου
1200 2384 1265 2411 θέαν
1317 2385 1383 2418 περὶ
1417 2383 1515 2411 πολλοῦ
1564 2384 1719 2418 ποιουμένῳ
1761 2385 1908 2418 ἐφίσταται

1116 2429 1177 2464 ὄψις
1192 2429 1266 2464 αὐτῷ
1283 2429 1377 2463 σαφῶς
1405 2428 1479 2463 ὕπαρ
1495 2429 1544 2455 οὐκ
1565 2429 1632 2463 ὄναρ
1651 2429 1818 2456 καταλαϐεῖν
1845 2432 1909 2456 επι-

1117 2477 1279 2511 σκήπτουσα
1303 2476 1353 2511 τὴν
1392 2476 1447 2503 τῶν
1475 2475 1648 2510 Χριστιανῶν
1665 2476 1832 2512 ἐκκλησία-ι’
1865 2477 1912 2504 Ἐν

1117 2522 1186 2557 αὐτῇ
1210 2523 1275 2557 γὰρ,
1313 2525 1392 2556 φησι,
1417 2523 1465 2549 καὶ
1495 2523 1645 2558 περιτύχῃς
1670 2523 1709 2557 τῷ
1737 2522 1911 2559 ζητουμένῳ.

1117 2570 1272 2601 Διαναστὰς
1296 2569 1387 2596 τοίνυν
1413 2566 1500 2601 οὗτος,
1521 2569 1632 2596 ἄπεισιν
1660 2569 1741 2600 εὐθὺς
1772 2571 1842 2604 μετὰ
1862 2571 1912 2606 τῆς

1118 2617 1249 2649 γυναικὶς
1265 2617 1340 2652 παρὰ
1357 2617 1404 2643 τδν
1419 2617 1492 2643 ναόν.
1510 2617 1566 2643 Καὶ
1581 2617 1626 2642 τὸν
1643 2616 1722 2649 ἅγιον
1738 2616 1866 2651 εὑρόντες
1882 2618 1911 2643 ἐν

1118 2663 1193 2697 αὐτῷ
1220 2662 1339 2697 πλήθους
1359 2663 1466 2688 ἑστῶτα
1482 2663 1575 2697 μέσον,
1615 2663 1663 2689 καὶ
1686 2662 1779 2696 πηγὰς
1797 2663 1912 2697 ἡδίστης

1118 2709 1293 2740 διδασκαλίας
1328 2708 1377 2735 τοῦ
1408 2709 1542 2744 στόματος
1575 2709 1701 2742 ἀφιέντα,
1744 2708 1911 2742 διωσάμενοι

1118 2756 1181 2786 τοὺς
1197 2755 1393 2791 περιεστῶτας,
1414 2754 1468 2781 τῶν
1481 2754 1591 2790 ὡραίων
1620 2754 1726 2781 ἐκείνου
1747 2754 1846 2787 ποδῶν,
1863 2755 1911 2781 καὶ

1119 2802 1211 2836 ἀγαθὰ
1236 2802 1274 2834 ὡς
1297 2801 1405 2836 ἀληθῶς
1429 2801 1685 2836 εὐαγγελιζομένων
1711 2800 1780 2835 μετὰ
1809 2801 1910 2835 πολλῆς

1120 2848 1353 2884 ἐπιλαμϐάνονται
1374 2848 1423 2882 τῆς
1448 2848 1616 2883 οερμὸτητος
1638 2847 1684 2873 καὶ
1710 2848 1759 2881 τῆς
1778 2847 1909 2879 ἱκετείας,

1121 2897 1166 2923 xz‘:
1182 2896 1287 2923 δέονται
1303 2896 1349 2930 τῆς
1365 2894 1523 2929 συμπαθοῦς
1543 2895 1633 2930 ψυχῆς
1660 2894 1769 2929 ἔκείνης
1786 2894 1831 2920 καὶ
1861 2902 1904 2927 φι-
