2047 3150
284 187 355 220 1315

930 188 1075 218 MENSIS
1094 187 1278 219 OCTOBER.

1844 188 1911 220 13H}

281 244 353 278 quod
383 243 492 277 quidem
516 243 625 276 etlieiet,
655 249 683 270 ut
709 248 737 270 tu
766 244 914 271 maximum
941 245 1065 271 honoren

1126 246 1262 279 πρότητα,
1295 244 1343 270 καὶ
1370 244 1480 277 ἀγαθῶν
1495 245 1583 271 ἄλλων
1605 244 1723 279 ἀμοιϐὰς
1751 246 1914 280 προξενήσει

280 290 446 324 assequeris,
464 295 490 316 et
507 297 618 326 magnas
632 298 710 325 opes,
722 295 750 317 et
765 290 827 317 vita:
842 290 1028 325 splendorem,
1044 295 1072 317 et

280 334 395 360 aliorum
419 335 552 361 bonorum
576 335 813 363 remunerationes
838 335 885 362 tibi
914 335 1072 363 conciliabit

280 380 343 414 (hoc
360 381 407 407 tibi
429 386 506 416 poles
522 387 597 409 certo
615 383 792 418 persuadere)
810 391 816 409 :
833 383 875 410 vel
893 387 921 410 ut
933 383 1070 410 damneris

279 426 314 461 ad
327 426 428 460 plagas,
447 427 567 461 vincula,
583 429 735 460 cruciatus,
759 433 787 456 et
806 432 904 456 caetera
922 432 1067 456 tormenta.

279 459 401 505 Quorum
417 472 545 508 quisnam
569 479 610 502 cst
624 475 693 502 alius
709 474 779 507 ﬁnis,
801 474 854 501 nisi
868 482 944 502 mors
960 476 1072 503 omnino

279 519 438 551 saevissima,
455 523 482 546 et
496 519 574 553 plena
593 521 714 548 maximo
730 521 844 548 dolore?
862 521 902 548 Ad
920 521 977 548 haec
993 529 1070 557 egre-

277 565 339 599 gius
353 565 492 594 Zenobius
507 575 516 593 :
531 566 608 598 Mihi,
625 567 728 602 inquit.
753 575 825 594 unus
846 571 889 594 est
904 575 984 594 verus
1000 567 1071 595 [lens

276 609 356 638 Jesus
370 611 508 645 Christus,
527 612 555 639 in
578 619 633 647 quo
648 620 699 648 ego
714 613 831 644 confido,
848 620 862 639 ιι
880 621 934 648 quo
950 618 993 640 est
1011 613 1070 648 ipsa

276 659 396 685 essentia
412 663 439 685 et
461 658 525 690 vita,
556 662 583 685 et
600 664 714 693 propter
735 666 817 693 quem
841 663 884 686 est
906 659 975 687 mihi
998 660 1068 688 mori

276 702 407 730 lucrum:
431 711 520 738 neque
540 703 614 731 enim
639 703 786 739 quidquam
811 712 845 732 ex
869 706 912 737 iis,
937 713 997 740 quae
1023 707 1068 734 hic

275 749 470 783 snntjucunda
486 754 514 777 et
528 750 711 784 delectabilia,
725 757 767 778 est
783 752 982 780 conferendum
1004 761 1066 783 cum

273 800 317 825 ea,
331 803 383 828 qua
395 800 437 822 est
453 795 518 828 illic,
533 797 764 824 remuneratione.
780 797 962 830 Quamobrem
978 807 1066 828 saevus

1126 297 1179 322 σοι,
1203 290 1219 325 ἢ
1236 289 1346 325 πληγὰς
1359 289 1407 316 καὶ
1428 290 1571 325 στρὲολας,
1589 291 1635 317 καὶ
1652 289 1788 325 βασάνους
1813 292 1914 325 ἑτέρας

1125 337 1339 372 κατακριθῆναι,
1359 333 1397 364 ὢν
1416 337 1443 363 τί
1468 337 1498 364 τὺ
1515 337 1593 369 τέλος
1621 338 1637 373 ἢ
1660 337 1780 372 χαλεπὸς
1803 338 1914 369 πάντως

1124 385 1172 410 καὶ
1188 383 1386 418 ὀδυνηρότατος
1406 383 1542 416 θάνατοςς
1567 384 1638 418 Πρὸς
1653 383 1740 410 ταῦτα
1757 385 1771 410 ό
1788 386 1914 418 γενναῖος

1122 430 1263 464 Ζηνόὸιος,
1291 430 1369 464 Ἐμοὶ
1388 429 1454 461 Θεὸς
1470 427 1510 461 εἴς
1523 429 1650 464 ἀληθινὸς
1661 431 1675 455 ὁ
1688 429 1790 463 Κύριος
1808 430 1913 464 Ἰησοῦς

1121 476 1241 510 Χριστός
1266 477 1352 510 ἐστιν,
1376 476 1440 512 ἔφη,
1462 476 1505 511 ἐφ’
1527 476 1557 503 ὃν
1573 475 1629 510 ἐγὼ
1648 476 1778 508 πέποιθα,
1798 477 1864 511 παρ’
1882 471 1912 502 οὗ

1120 522 1169 548 καὶ
1188 522 1255 549 αὐτὸ
1267 522 1298 549 τὸ
1314 520 1384 549 εἶναι
1402 531 1448 558 μοι
1464 523 1513 550 καὶ
1528 522 1558 549 τὸ
1578 522 1638 557 ζῇν,
1649 523 1697 549 καὶ
1713 522 1747 549 δι’
1758 523 1787 549 ὃν
1802 523 1867 557 ἐμοὶ
1880 523 1912 549 τὸ

1120 569 1266 596 ἀποθανεῖν
1286 569 1391 604 κέρδος.
1425 569 1492 596 οὐδὲ
1511 570 1566 604 γὰρ
1581 568 1640 595 ἐστι
1653 577 1679 595 τι
1696 569 1750 595 τῶν
1765 569 1828 604 τῇδε
1847 577 1912 604 τερ·

1119 616 1194 642 πνῶν
1208 616 1258 650 τῆς
1271 616 1377 643 ἐκεῖθεν
1391 616 1555 648 ἀντιδόσεως
1571 616 1656 649 ἄξιον.
1678 616 1737 650 Ἐφ’
1755 614 1796 647 οἷς
1812 617 1826 643 ὁ
1841 613 1912 650 ἀπη-

1120 661 1169 697 νὴς
1185 662 1290 694 ἐκεῖνος
1313 662 1520 697 ἀγανακτήσας,
1552 663 1714 697 μετεωρίζει
1728 662 1774 688 τὺν
1791 662 1913 697 ἀθλητὴν

1121 708 1168 735 ἐπὶ
1186 708 1276 741 ξύλου,
1288 710 1335 736 καὶ.
1351 709 1484 744 στρέϐλας
1497 708 1581 735 αὐτοῦ
1599 710 1646 736 καὶ
1661 709 1798 744 ξυστῆρας
1810 710 1910 741 ἐπάγει

1119 753 1159 790 τῷ
1180 754 1288 790 σώματι
1301 763 1309 771 ·
1343 755 1457 790 Ἰδωμεν
1476 755 1500 782 εί
1525 755 1645 790 Χριστὸς
1665 754 1748 786 ἔλθοι,
1767 753 1911 789 βοηθήσων

1120 809 1205 836 αυτῳ.

275 840 432 875 indignatus
448 841 551 877 Lysias,
568 843 686 871 sublime
704 843 731 871 in
749 844 823 879 ligno
850 844 921 872 tollit
947 846 1090 880 athletam,
1121 851 1148 876 et
1164 852 1301 876 tormenta
1319 848 1400 876 infert
1414 848 1473 884 ejus
1486 848 1592 884 corpori
1609 847 1789 879 :Videamus,
1805 848 1911 875 dicens.

275 895 310 914 an
328 888 454 916 Christus
470 889 506 917 sit
520 893 662 922 venturus,
681 894 713 918 ut
727 891 753 918 ei
771 899 849 927 opem
863 892 944 920 ferat.

313 930 357 962 VI.
369 935 476 963 Interea
486 945 551 964 vero
565 945 679 966 currens
687 939 822 972 alicunde,
832 941 904 967 venit
914 941 1012 968 adeum
1022 941 1065 969 Ze-

1163 943 1208 975 ς’.
1228 942 1344 968 Ἔπειτα
1361 942 1422 977 ἥκει
1439 941 1577 977 δρομαίως
1601 940 1713 976 ποθὲνή
1739 941 1840 976 ἀδελφή
1859 943 1912 976 Ζη-

276 980 356 1008 nobia
368 989 446 1009 soror
454 983 524 1017 ejus.
538 983 603 1016 Qua:
612 992 672 1011 cum
685 992 747 1012 eum
757 986 906 1020 aspexisset
914 988 941 1014 in
953 987 1034 1023 ligno,
1043 994 1070 1016 et

275 1026 319 1054 vel
327 1033 360 1053 ex
368 1027 426 1061 ipso
436 1028 591 1062 spectaculo
600 1029 700 1064 repleta
710 1029 932 1064 fuissetaudacia,
943 1033 997 1060 etsi
1005 1034 1069 1068 quid

274 1075 316 1099 est
331 1072 423 1103 molle,
434 1072 666 1107 autimbecillum,
680 1080 726 1102 aut
742 1076 884 1109 muliebre,
895 1077 920 1104 id
930 1082 1013 1105 lotum
1023 1079 1070 1106 ab-

272 1117 394 1152 jecisset,
404 1125 430 1145 et
439 1125 468 1145 se
481 1126 543 1146 vere
552 1126 612 1146 esse
620 1121 678 1154 ejus
691 1128 811 1149 sororem
825 1123 989 1150 ostendisset
1001 1133 1007 1150 :
1018 1124 1070 1151 Sn-

274 1163 368 1196 perbe,
383 1163 480 1198 inquit,
490 1169 612 1200 tyranne,
626 1166 755 1200 quidnam
769 1167 878 1195 sceleris
889 1170 997 1197 admisit
1013 1171 1069 1198 fra-

276 1213 326 1240 ter,
340 1209 411 1243 qnod
425 1214 452 1236 tu
464 1218 526 1237 eum
536 1212 575 1238 sic
584 1212 712 1246 torques?
722 1213 768 1240 Ille
780 1218 870 1241 autem
886 1216 911 1249 (ο
921 1216 1066 1250 sinistram,

275 1258 304 1281 et
312 1255 443 1288 dolosam,
451 1256 642 1284 etilliheralem
651 1258 779 1294 animam)
793 1259 825 1287 ad
834 1261 1068 1290 mulierisdicendi

276 1300 429 1327 libertatem
457 1302 640 1336 placidissime
662 1306 803 1339 respondit
817 1311 845 1334 et
867 1307 1018 1341 lenissime,
1039 1314 1069 1337 ut

274 1351 302 1374 et
315 1347 342 1373 in
357 1355 427 1380 eam,
451 1353 545 1383 utpote
560 1349 702 1384 feminam,
716 1359 746 1379 se
762 1352 868 1380 blandis
893 1355 983 1382 verbis
1000 1356 1067 1383 insi-

274 1398 384 1424 nuaret,
410 1396 438 1420 et
465 1394 606 1422 induceret
635 1401 664 1423 ut
686 1397 890 1427 imbecilliorem
911 1409 918 1426 :
939 1400 1066 1430 Saerifica

275 1439 360 1470 enim,
374 1440 472 1474 inquit,
484 1442 607 1469 Zenobia
624 1449 650 1470 tu
663 1451 772 1479 quoque
787 1445 849 1479 diis,
866 1455 916 1474 nec
931 1450 1067 1476 sustineas

274 1486 367 1512 videre
383 1487 502 1521 speciem
526 1495 558 1515 ac
584 1489 705 1524 vigorem
729 1495 757 1518 et
773 1490 867 1519 florem
886 1494 923 1520 tui
941 1495 1066 1529 corporis

274 1532 465 1559 miserabiliter
479 1533 572 1560 multis
584 1542 617 1561 ac
633 1536 715 1562 variis
731 1537 798 1564 tradi
815 1539 956 1574 suppliciis
971 1549 978 1567 :
995 1549 1064 1576 quo-

274 1586 346 1610 rum,
364 1586 381 1605 ο
396 1579 504 1610 mulier,
522 1580 643 1609 dedecus
663 1587 705 1609 est
719 1584 797 1619 longe
812 1584 872 1619 ipso
890 1587 983 1614 dolore
1003 1596 1063 1622 gra-

273 1624 343 1651 vius.
358 1625 403 1651 llla
420 1630 512 1653 autem
531 1627 611 1654 simul
628 1635 690 1656 cum
713 1628 796 1657 fratre
824 1630 899 1665 loqui
927 1633 1062 1668 incipiens
1077 1624 1098 1652 θ

274 1670 358 1697 veluti
375 1678 429 1698 uno
451 1673 568 1706 quodam
585 1679 659 1701 motu
676 1676 759 1702 animi
775 1682 802 1704 et
822 1685 958 1706 consensu
975 1688 982 1706 :
1005 1680 1065 1707 Non

274 1715 364 1748 nobis,
398 1716 537 1750 dixerunt,
566 1720 757 1754 persuadebis,
781 1730 798 1748 ο
822 1727 952 1757 tyranne,
981 1728 1064 1752 Deum

274 1767 370 1786 verum
394 1765 421 1786 et
439 1761 529 1788 vivum
546 1769 701 1796 permutare
718 1773 780 1792 eum
799 1767 951 1795 simulacris
964 1775 1065 1797 morta-

274 1805 340 1832 lium
363 1806 516 1839 hominum.
541 1816 592 1836 nec
611 1810 633 1836 si
663 1810 720 1837 fieri
737 1812 847 1846 quidem
866 1819 969 1848 posset,
991 1820 1019 1843 ut
1037 1821 1065 1843 tu

275 1852 490 1880 innumerabiles
505 1855 585 1882 nobis
608 1862 712 1884 mortes
733 1857 855 1892 afferres,
873 1864 901 1886 et
922 1868 976 1888 non
995 1862 1065 1890 hanc

275 1904 369 1929 unam,
385 1905 444 1932 qua:
460 1898 539 1926 nobis
553 1899 594 1927 vel
609 1900 643 1927 ab
658 1901 716 1936 ipsa
730 1907 829 1930 natura
844 1904 960 1932 debetur
970 1914 1064 1934 ncces-

274 1943 357 1971 sario.
384 1943 448 1971 llaec
473 1952 538 1980 ergo
564 1953 627 1973 cum
652 1947 796 1980 dixissent,
823 1956 956 1986 martyres
972 1953 1063 1980 statim

275 1989 340 2016 lecti
358 1990 498 2025 excipiunt
522 1991 614 2025 ferrei,
635 1997 663 2019 et
684 1994 754 2028 ignis
779 1995 829 2021 sub
846 1995 922 2023 lceiis
938 1998 1064 2024 accendt-

274 2039 327 2062 tur.
342 2035 442 2063 Aderat
459 2041 550 2064 autem
570 2038 663 2073 Lysias
685 2047 795 2074 quoque
814 2042 968 2070 acclamans
985 2053 991 2070 :
1013 2044 1064 2071 Ve-

275 2080 332 2108 niat
346 2082 481 2114 Christus,
500 2087 527 2110 et
552 2091 631 2118 opem
658 2084 727 2112 ferat
749 2086 792 2118 iis,
817 2088 862 2121 qui
881 2089 1000 2124 proipso
1016 2099 1064 2125 pa-

274 2127 389 2154 tiuntur.
408 2127 544 2156 Zenobius
560 2135 650 2156 autem
660 2131 683 2157 ei
696 2131 808 2159 honeste
821 2133 906 2161 dixit:
923 2134 963 2162 En
976 2136 1062 2169 adest,

273 2181 353 2200 suum
372 2182 460 2201 rorem
479 2176 602 2209 prmbcns
620 2177 699 2204 nobis
713 2178 895 2213 medicinam,
912 2181 1018 2208 etiamsi
1036 2189 1062 2209 tn

275 2221 327 2247 hoc
347 2228 400 2247 non
418 2223 507 2256 possis
522 2222 624 2256 videre,
643 2231 705 2250 cum
727 2224 766 2252 sis
782 2225 969 2256 circumdatus
989 2232 1062 2256 tanta

274 2265 390 2300 caligine
406 2267 565 2302 impietatis.

310 2310 368 2339 γιι,
389 2310 531 2347 Tyrannus
547 2321 612 2348 ergo
625 2321 687 2341 cum
704 2315 810 2344 videret
826 2325 874 2345 eos
895 2322 948 2345 tam
964 2327 1061 2356 magno

274 2362 302 2383 ct
321 2362 374 2384 tam
391 2357 454 2385 forti
471 2359 563 2386 animo
581 2361 720 2394 prfeditos,
743 2361 770 2388 in
793 2364 937 2397 praesentia
951 2365 1062 2399 quidem

274 2410 381 2430 cessare
395 2403 459 2431 facit
474 2413 568 2432 eorum
582 2407 743 2440 cruciatum,
762 2409 842 2436 simul
856 2411 965 2444 quidem
987 2416 1014 2438 et
1028 2412 1061 2439 ad

272 2455 384 2474 sensum
407 2450 506 2477 doloris
530 2459 592 2478 eum
618 2460 788 2488 nequaquam
815 2455 1060 2485 sufﬁcere-existi-

274 2503 363 2527 mans,
381 2501 408 2522 et
431 2503 478 2530 spe
507 2498 622 2531 quadam
652 2500 703 2527 sibi
728 2501 872 2529 blandiens
902 2503 961 2530 lore
984 2510 1013 2531 ut
1043 2505 1061 2532 ii

272 2545 500 2579 persuadeanlur.
525 2549 551 2572 et
569 2552 775 2582 convertantur,
796 2557 848 2577 nec
870 2557 1003 2586 perpetuo
1024 2553 1061 2581 ita

273 2591 323 2617 sibi
342 2592 410 2619 nihil
433 2597 555 2626 parcant.
575 2592 642 2620 Cum
667 2594 758 2630 itaque
773 2596 880 2624 electis
897 2597 996 2625 ferreis
1013 2606 1062 2626 eos

273 2637 384 2665 fecisset
401 2647 513 2675 surgere
530 2648 537 2666 :
553 2640 653 2674 Vestri,
667 2641 766 2676 inquit,
782 2644 863 2671 modo
882 2644 1059 2679 miseremini,

272 2691 361 2718 neque
375 2685 410 2712 sit
429 2686 497 2712 alter
514 2687 591 2714 alteri
607 2688 723 2715 invicem
740 2695 867 2724 aspectus
887 2691 1059 2726 miserabilis,

271 2729 356 2758 frater
374 2735 438 2758 ante
449 2733 542 2760 oculos
562 2735 664 2762 sororis
685 2737 815 2763 atrociter
835 2736 1005 2765 interfectus.
1021 2737 1059 2765 Illi

271 2781 362 2804 autem
379 2778 500 2806 moribus
512 2784 539 2806 et
554 2780 653 2808 anlmis
667 2782 752 2818 magis
765 2782 874 2816 fratres,
897 2792 978 2819 quam
1000 2793 1061 2812 cor-

271 2823 404 2857 poribus:
422 2823 492 2857 Tibi,
519 2825 683 2859 dixerunt,o
704 2828 798 2862 iudex,
827 2830 918 2864 potius
939 2830 1059 2857 consuli-

270 2876 343 2900 mus,
359 2873 388 2895 ut
404 2873 456 2896 tum
468 2871 565 2899 anima:
579 2873 696 2908 aliquam
709 2882 802 2901 curam
818 2883 907 2911 geras,
919 2880 946 2903 ct
963 2876 1059 2904 timeas

269 2914 379 2954 quidem
397 2915 560 2951 gehennam,
579 2919 656 2953 cuius
671 2919 753 2948 minae
769 2921 816 2948 tibi
834 2921 1014 2956 intentantur,
1032 2929 1058 2952 et

1122 987 1209 1020 νοϐῐα,
1226 988 1273 1014 καὶ
1286 988 1382 1014 τοῦτον
1394 988 1441 1014 ἐπὶ
1455 988 1502 1014 τοῦ
1516 988 1597 1020 ξύλου
1609 987 1778 1022 θεασαμένη,
1790 987 1910 1022 θάρσο¹υς

1121 1043 1150 1060 τε
1165 1034 1213 1060 καὶ
1232 1034 1279 1060 ἀπ’
1293 1034 1379 1069 αὐτῆς
1399 1036 1449 1068 τῆς
1470 1034 1534 1066 θέας
1560 1034 1776 1068 ὑποπλησθείσα,
1794 1037 1841 1060 καὶ
1855 1036 1911 1060 πᾶν

1121 1081 1187 1107 εἴτι
1211 1080 1333 1114 μαλακὸν
1353 1081 1369 1115 ἢ
1386 1080 1528 1116 ἀσθενὲςῆ
1545 1082 1700 1114 γυναικεῖον
1716 1080 1911 1112 ἀποϐαλοῦσα,

1120 1127 1169 1154 καὶ
1184 1127 1293 1162 ἀληθῶς
1312 1128 1353 1153 ὅτι
1370 1125 1538 1162 τοιούτουῆν
1552 1127 1649 1162 ἀνδρὸς
1663 1128 1763 1162 ἀδελφὴ
1783 1127 1909 1159 δείξασα,

1125 1173 1256 1206 Ἀλαζὼν,
1270 1173 1334 1207 ἔφη,
1351 1173 1479 1207 τύραννε,
1498 1174 1559 1199 τίνα
1575 1173 1703 1208 τοιαύτην
1718 1175 1909 1208 ἐργασάμενον

1118 1218 1238 1246 ἁτυπίαν
1267 1219 1385 1250 αίκίζεις
1405 1218 1451 1245 τὸν
1473 1219 1600 1253 ἀδελφόν;
1641 1220 1670 1246 '0
1697 1220 1735 1250 δὲ,
1754 1220 1787 1255 (ὦ
1810 1222 1908 1252 σκαιᾶς

1118 1264 1210 1300 ψυχῆς
1230 1264 1278 1292 καὶ
1294 1265 1406 1300 δολερᾶς
1417 1265 1464 1291 καὶ
1474 1265 1679 1301 ἀνελευθέρουῑ)
1695 1267 1761 1301 προς
1775 1267 1907 1301 τηλικαύ-

1119 1319 1169 1346 την
1185 1311 1316 1346 γυναικὸς
1330 1312 1489 1346 παρρησίαν
1502 1312 1564 1346 μεθ’
1576 1312 1642 1346 ὅσης
1659 1313 1826 1349 ὁμιλὸτητος
1837 1315 1906 1339 ἁπο-

1118 1357 1252 1392 κρίνεται,
1268 1357 1311 1384 ἵνα
1325 1359 1372 1384 καὶ
1387 1358 1425 1386 ὡς
1442 1358 1508 1393 θῆλυ
1526 1358 1613 1394 κλέψῃ
1629 1359 1675 1385 καὶ
1696 1360 1734 1390 ὡς
1747 1360 1907 1386 ἀσθενέστε-

1120 1411 1166 1436 ρον
1192 1403 1323 1437 μαλακοῖς
1353 1403 1473 1437 ῥήμασιν
1508 1404 1700 1438 ὲπαγάγηταιῑ
1728 1405 1814 1431 Θῦσον
1838 1406 1906 1440 γὰρ,

1118 1449 1195 1483 φησι,
1210 1448 1338 1482 Ζηνοῦία,
1353 1448 1404 1475 κᾶν
1423 1449 1492 1483 αὐτὴ
1519 1451 1577 1480 τοῖς
1593 1449 1675 1481 θεοῖς,
1693 1451 1740 1476 καὶ
1756 1451 1793 1486 μὴ
1810 1451 1905 1484 σώμα-

1117 1502 1160 1525 τος
1177 1494 1277 1520 οἰκείου
1307 1494 1461 1527 εὐγένειαν,
1479 1494 1525 1520 καὶ
1541 1495 1635 1530 ἀκμὴν
1659 1494 1744 1530 ὧρας,
1763 1496 1810 1522 καὶ
1826 1496 1907 1527 ἄνθος

1117 1540 1243 1574 νεότητος
1260 1540 1324 1566 ἰδεῖν
1352 1540 1477 1572 ἐλεεινῶς
1505 1541 1611 1576 ἀνάσχῃ
1627 1541 1809 1577 πολυτρόποις
1830 1545 1906 1569 αἰκι-

1119 1586 1197 1619 σμοῖς
1227 1585 1398 1619 ὲκδιδόμενα,
1429 1583 1466 1612 ὧν
1482 1586 1562 1619 πολὺ,
1581 1588 1673 1621 γύναι,
1698 1587 1748 1622 τῆς
1763 1588 1859 1622 ὀδύνης
1889 1589 1905 1623 ή

1115 1630 1230 1666 αἰσχύνη
1244 1630 1406 1666 βαρύτερον.
1425 1631 1458 1658 'H
1470 1631 1508 1663 δὲ,
1522 1632 1569 1658 τοῦ
1585 1632 1664 1666 λόγου
1680 1633 1728 1659 σὺν
1743 1633 1782 1668 τῷ
1796 1634 1905 1669 ἀδελφῷ

1115 1678 1302 1712 ἐπιλαὸομένη
1315 1698 1322 1710 ,
1339 1678 1464 1714 καθάπερ
1482 1679 1526 1713 ὑφ’
1542 1680 1582 1705 ἑνὶ
1596 1679 1684 1714 ψυχῆς
1700 1681 1844 1714 κινήματι,
1858 1682 1908 1707 καὶ

1116 1723 1323 1759 παραστήματι,
1343 1725 1380 1750 υὺ
1396 1725 1512 1756 πείσεις,
1532 1724 1617 1756 εἶπον,
1636 1727 1721 1760 ἡμᾶς,
1737 1723 1759 1752 ὦ
1772 1727 1904 1761 τύραννε,

1114 1768 1182 1794 Θεοῦ
1209 1769 1310 1800 ζῶντος
1340 1770 1469 1804 ἀληθινοῦ
1496 1771 1594 1798 εἴδωλα
1618 1771 1722 1806 θνητῶν
1749 1773 1906 1808 ἀνθρώπων

1115 1815 1281 1846 ἀλλάξασθαι
1297 1816 1352 1842 οὐδ’
1383 1817 1416 1842 ἂν
1433 1818 1457 1843 εἰ
1475 1817 1523 1844 καὶ
1544 1819 1658 1853 μυρίους
1676 1827 1718 1845 σοι
1739 1820 1852 1846 δυνατὸν
1870 1819 1905 1857 ἧν

1115 1861 1181 1895 ἡμῖν
1200 1861 1332 1894 θανάτους
1348 1863 1512 1897 ἐπαγαγεῖν,
1529 1864 1598 1890 ἀλλὰ
1617 1865 1654 1900 μὴ
1675 1866 1721 1892 τὸν
1737 1866 1785 1892 ἕνα
1808 1867 1906 1894 τοῦτον

1114 1908 1189 1938 ὅστις
1201 1909 1247 1934 καὶ
1262 1908 1326 1944 παρ’
1346 1909 1430 1943 αὐτῆς
1445 1911 1512 1945 ἡμῖν
1532 1910 1642 1944 φύσεως
1658 1911 1818 1945 ἀναγκαίως
1828 1914 1907 1947 ὀφεί-

1115 1953 1200 1982 λεται.
1226 1955 1319 1982 Ταῦτα
1349 1956 1495 1991 τοιγαροῦν
1535 1958 1686 1993 εἰρηκότας
1720 1959 1809 1986 κλῖναι
1840 1961 1904 1992 τοὺς

1116 2000 1261 2035 μάρτυρας
1279 2001 1360 2033 εὐθὺς
1381 2002 1562 2037 ὑποδέχονται
1582 2004 1703 2039 σιδηραῖ,
1718 2007 1763 2031 καὶ
1781 2006 1836 2040 πῦρ
1850 2007 1906 2033 ὑπὸ

1114 2047 1174 2077 ταῖς
1195 2047 1302 2078 κλίναις
1321 2047 1483 2076 ἀνάπτεται.
1499 2049 1593 2084 Παρῆν
1609 2050 1637 2076 δὲ
1664 2052 1712 2076 καὶ
1727 2052 1828 2083 Λυσίας
1843 2053 1907 2078 ἑπι-

1115 2094 1232 2127 φωνῶν·
1265 2094 1382 2120 Ἑλθέτω
1407 2095 1535 2130 Χριστῆς,
1562 2096 1725 2131 βοηθησάτω
1750 2100 1806 2130 τοῖς
1831 2099 1904 2134 ὑπὲρ

1114 2138 1198 2165 αὑτοῦ
1219 2139 1364 2173 πάσχουσι.
1382 2140 1435 2166 Καὶ
1449 2142 1463 2167 ὁ
1481 2142 1610 2176 Ζηνόόιος
1625 2142 1752 2178 εὐκόσμῳ
1771 2144 1810 2178 τῷ
1827 2144 1902 2179 ἤθει,

1117 2185 1265 2219 Πάρεστιν,
1284 2185 1389 2219 ἔλεγεν,
1404 2187 1470 2219 ἰδοὺ,
1490 2187 1540 2223 τὴν
1555 2187 1620 2223 παρ’
1634 2189 1716 2215 αὐτοῦ
1725 2190 1819 2225 δρόσον
1834 2191 1904 2224 ἴαμα

1115 2231 1246 2266 παρέχων
1269 2232 1348 2266 ἡμῖν,
1374 2233 1398 2258 εί
1418 2234 1465 2259 καὶ
1492 2235 1524 2260 σὺ
1550 2235 1646 2261 τοῦτον
1669 2236 1719 2262 οὐκ
1735 2237 1808 2271 ἔχεςς
1823 2238 1903 2272 ὀρᾷν,

1114 2278 1251 2313 τοσαύτην
1265 2279 1394 2311 ἀσεϐείας
1409 2279 1493 2315 ἀχλὺν
1511 2285 1717 2317 περικείμενος.

1149 2325 1186 2351 Ζ’.
1209 2325 1238 2351 '0
1257 2324 1321 2359 γοῦν
1334 2325 1478 2361 τύραννος,
1491 2327 1578 2360 οὕτως
1604 2330 1703 2362 αὐτοὺς
1719 2331 1791 2366 ὀρῶν
1817 2333 1902 2367 5641-3-—

1113 2379 1168 2405 χως
1184 2372 1230 2398 καὶ
1244 2374 1417 2408 καρτερικῶς
1435 2375 1558 2409 ἔχοντας,
1578 2376 1669 2411 ἵστησι
1687 2379 1791 2414 ταύτην
1806 2379 1836 2406 τὸ
1851 2389 1905 2407 παρ

1115 2417 1161 2452 ρὺν
1176 2419 1232 2450 τοῖς
1246 2419 1380 2451 γενναίοις
1392 2420 1442 2455 τὴν
1463 2422 1610 2457 τιμωρίαν,
1626 2424 1695 2458 ὁμοῦ
1708 2425 1758 2460 μὲν
1774 2427 1823 2461 οὐχ
1841 2427 1904 2453 ικα-

1112 2463 1161 2499 νὴν
1176 2464 1259 2499 αὐτὴν
1272 2466 1311 2497 εις
1326 2465 1421 2500 ὀδύνης
1432 2466 1558 2502 αἴσθησιν
1569 2469 1736 2504 δριμυτέρας
1745 2471 1900 2505 ὑπολαϐὼν,

1112 2508 1181 2543 ὁμοῦ
1206 2509 1234 2535 δὲ
1250 2510 1296 2536 και
1310 2519 1381 2537 τισιν
1395 2511 1504 2538 ἐλπίσιν
1518 2513 1615 2540 ἑαυτὸν
1629 2515 1785 2543 ὑποσαίνων
1798 2517 1835 2550 ὡς
1847 2519 1903 2553 ἄρα

1113 2555 1306 2590 πεισθήσονται
1333 2558 1379 2584 καὶ
1398 2559 1593 2592 μεταϐαλοῦσι,
1619 2561 1667 2587 καὶ
1686 2563 1735 2597 οὐχ
1759 2563 1831 2590 οὓτω
1857 2566 1904 2593 διὰ

1111 2602 1203 2633 τέλους
1215 2603 1319 2630 ἑαυτῶν
1333 2604 1520 2640 ἁφειδὴσουσι.
1537 2606 1645 2641 ’Δμὲλει
1657 2610 1702 2635 καὶ
1717 2609 1772 2635 τῶν
1783 2610 1900 2646 σιδηρῶι

1111 2647 1224 2674 ἐκείνων
1239 2648 1338 2675 κλινῶν
1358 2649 1458 2682 αὐτοὺς
1484 2651 1650 2687 ἀναστήσας,
1669 2655 1830 2689 οἰκτείρατε
1848 2657 1903 2683 κᾶν

1111 2693 1174 2727 ἄρτι
1188 2694 1311 2727 ἑαυτοὺς,
1326 2695 1404 2730 φησὶ,
1419 2695 1516 2723 λάϐετε
1543 2707 1604 2724 τινα
1619 2699 1695 2733 σφῶν
1709 2701 1800 2728 αὐτῶν
1813 2701 1902 2735 ἔλεον,

1113 2739 1181 2774 μηδὲ
1208 2739 1269 2774 ὃψις
1293 2740 1419 2776 ἀλλήλοις
1450 2743 1547 2778 οἰκτρὰ
1573 2744 1700 2780 γένησθε,
1727 2747 1842 2781 ἁδελφὸς
1871 2750 1902 2775 ὲν

1110 2784 1260 2820 ὀφθαλμοῖς
1286 2786 1401 2821 ἀδελφοῦ
1428 2788 1556 2823 χαλεπῶς
1582 2792 1790 2827 ἀναιρούμενος.
1807 2795 1838 2820 Ui
1871 2795 1899 2821 δὲ

1110 2832 1158 2859 τὸν
1174 2833 1274 2867 τρόπον
1291 2833 1392 2860 ἐκεῖνοι
1409 2835 1511 2869 μᾶλλον
1527 2836 1636 2871 ἀδελφοὶ
1652 2839 1698 2864 καὶ
1712 2839 1762 2870 τὰς
1777 2840 1865 2874 ψυχὰς
1880 2840 1896 2875 ῆ

1110 2878 1145 2904 τὰ
1158 2878 1284 2913 σώματα,
1297 2880 1341 2906 Σοὶ
1354 2880 1467 2914 μᾶλλον,
1484 2879 1506 2908 ὧ
1521 2882 1650 2919 ῥικαστὰ,
1665 2885 1898 2920 συμϐουλεύομεν,

1113 2923 1200 2960 εἷπιν,
1218 2926 1313 2953 θέσθαι
1329 2928 1389 2954 τινὰ
1402 2929 1449 2955 καὶ.
1469 2929 1518 2965 τῆς
1537 2931 1636 2958 σαυτοῦ
1651 2932 1740 2967 ψυχῆς
1757 2933 1897 2968 πρόνοιαν,
