2047 3150
164 189 229 223 1317

601 186 834 217 MARTYRIUM
857 188 911 218 SS.
931 186 1086 217 ZENOBII
1104 188 1150 217 Ei‘
1170 188 1355 220 ZENOBl/E.

1724 194 1792 225 1318

160 246 207 273 καὶ
220 245 370 280 φείσασθαι
387 244 435 279 μὲν
446 243 496 279 τῆς
507 243 696 278 ἡπειλημὲνης
709 244 822 278 γεέννης
833 244 883 270 καὶ
897 242 944 270 τῶι

1001 243 1134 278 supplicia
1152 243 1195 270 illa
1221 244 1396 276 immortalia,
1419 245 1544 273 discedas
1569 251 1659 273 autem
1685 247 1720 273 ab
1743 247 1794 274 hoc

160 289 303 317 ἀθανάτων
317 288 430 315 ἐκείνων
443 288 594 321 κολάσεων,
606 289 759 323 ἀποστῆναι
768 288 795 314 δὲ
807 287 857 323 τῆς
865 295 949 322 φανε-

161 336 211 371 ρᾶς
227 335 329 370 ταύτης
356 334 475 369 ἀπάτης,
494 333 552 368 Θεῷ
583 342 612 360 τε
641 333 800 368 προσελθεῖν
827 333 948 369 ἀληθινῷ

161 380 208 407 καὶ
224 382 257 415 τῇ
276 379 416 414 εὐσεδεια.
434 378 489 406 Καὶ
505 378 558 404 οἵδε
574 379 653 413 ἡμεῖς
683 379 817 413 ἐγγυηταὶ
833 387 874 405 σοι
890 378 948 413 ἅμα

162 427 207 452 καὶ
231 425 401 461 πρεσόευταὶ
411 425 445 452 τὰ
466 425 536 461 πρὸς
553 424 635 451 αὑτὸν
663 424 710 451 καὶ
730 425 891 460 βεϐαιωταὶ,
907 425 948 451 ὅτι

162 473 208 498 καὶ
223 471 385 503 ἀποδέξεται
407 471 457 506 τῆς
474 470 640 506 μεταϐολῆς,
654 471 702 498 καὶ
717 471 861 506 προσηνῶς
880 471 949 498 ὑπο.

160 517 278 550 δέξεται,
294 518 342 545 καὶ
359 518 471 551 ἀγαθῶν
488 517 600 549 ἀξιώσει
615 517 670 544 τῶν
694 518 870 554 ἀπορρήτων.
890 517 948 552 Ἐφ’

161 561 201 594 οἷς
217 564 383 599 θερμότερος
400 562 495 598 ὥσπερ
522 562 571 599 τὴν
589 563 691 590 λύσσαν
709 564 819 598 ἐκείνην
835 564 881 590 καὶ
899 563 949 598 τὴν

164 610 264 645 μανίαν
292 608 414 643 γεγονὼς
428 611 442 636 ὁ
456 609 560 641 Λυσίας
589 609 683 645 λέὸησι
711 610 761 643 μὲν
777 610 949 645 ἐμϐληθῆναι

161 655 211 691 τὴν
225 655 330 690 ἀγαθὴν
340 655 425 687 ὅντως
441 656 524 682 δυάδα
537 657 712 691 προστάττει.
730 657 784 683 Καὶ
798 658 822 684 οἱ
836 657 950 692 λέϐητες

162 703 218 738 πῦρ
234 702 355 730 κάτωθεν
365 700 436 736 εἶχον
449 702 572 736 σφοδρῶς
583 703 781 737 ἀναπτόμενον.
796 703 910 735 Στάντες
921 705 950 731 δὲ

163 750 215 784 πρὸ
227 749 280 776 τῶν
293 748 414 784 λεϐήτων
432 750 541 780 ἐκεῖνοι,
553 749 601 775 καὶ
629 748 785 784 ὀφθαλμοὺς
809 750 878 785 μετᾶ
903 751 950 777 καὶ

161 795 209 830 τῆς
230 795 319 830 ψυχῆς
344 796 384 826 εις
399 794 531 829 οὐρανοὺς
543 794 742 829 ἀνατείναντες,
758 796 843 832 Κύριε
861 796 948 831 Ἰησοῦ

162 840 274 874 Χριστὲ,
287 840 300 865 ὁ
309 840 354 875 τῆς
368 841 478 876 εἰρήνης
488 841 564 874 Θεὸς,
577 841 605 867 ὲν
615 842 710 878 εἰρήνῃ
720 841 794 874 δέξαι
802 842 851 874 τὰς
862 843 949 878 ψυχὰς

161 885 250 920 ἡμῶν,
265 884 351 912 εἷπον.
369 887 424 912 Καὶ
436 886 504 922 μετὰ
517 887 567 923 τὴν
588 887 670 922 εὐχὴν
683 888 708 913 οἱ
722 887 833 923 λέϐητες
850 889 951 921 αὐτοὺς

162 930 263 962 εὐθέως
279 931 443 965 ἐλάμϐανον,
467 933 515 958 καὶ
531 933 560 958 τὺ
585 932 636 967 μὲν
651 934 680 959 ὲν
700 933 792 965 αὐτοῖς
815 933 885 968 ὕδωρ
904 935 950 961 καὶ
967 925 986 951 Β

162 977 243 1002 αὑτοῦ
263 977 348 1012 πυρὸς
362 977 417 1009 ἔξει
429 978 609 1013 σφοδρότερον
619 985 625 993 ·
644 978 674 1005 τὸ
688 978 716 1005 δὲ
729 979 784 1006 τῶν
801 980 949 1015 μαρτύρων

162 1022 269 1056 ζεῦγος,
290 1024 365 1055 θείας
378 1024 448 1055 τινος
464 1024 567 1051 ἄνωθεν
582 1024 737 1060 αἰσθόμενοι
753 1025 861 1061 δρόσου,
873 1027 951 1062 ᾆδον*

161 1077 207 1098 τες
226 1069 317 1104 ἡρέμα
330 1069 443 1104 ἐξῄεσαν
457 1077 464 1084 ⁵
479 1071 496 1105 ὴ
513 1069 569 1105 ᾠδὴ
593 1070 621 1096 δὲ
637 1068 671 1106 ἦν
681 1079 688 1085 ⁸
700 1079 709 1096 ε
728 1070 853 1103 Ἐσωσας
867 1073 951 1107 ἡμᾶς,

161 1114 259 1148 Κύριε,
276 1116 307 1141 ὲκ
327 1115 380 1141 τῶν
397 1115 542 1142 θλιϐόντων
559 1116 646 1150 ἡμᾶς,
663 1117 709 1142 καὶ
725 1117 787 1148 τοὺς
807 1118 952 1152 μισοῦντας

161 1161 234 1195 ἡμᾶς
249 1161 431 1196 κατῄσχυνας.
446 1171 456 1188 ι

196 1204 236 1232 ll’.
259 1205 402 1234 Ἐντεῦθεν
428 1208 442 1234 ὁ
467 1209 581 1243 Λυσίας,
598 1209 648 1245 τὴν
674 1209 825 1245 μεταὸολὴν
847 1210 951 1238 παντά-

161 1259 246 1276 πασιν
268 1251 435 1284 ἀπελπίσας,
461 1254 511 1287 τὴν
535 1255 696 1282 τελευταίαν
713 1257 773 1283 κατ’
790 1256 880 1283 αὐτῶν
905 1257 950 1283 διὰ

160 1296 253 1330 ξίφους
279 1297 369 1324 δίδωσι
386 1298 485 1333 ψῆφον.
503 1301 558 1326 Καὶ
580 1303 677 1336 τειχῶν
698 1303 751 1335 ἔξω
764 1302 813 1337 τῆς
828 1303 948 1337 Δίγαίων

160 1344 230 1369 κατὰ
245 1343 275 1368 τὸ
292 1342 339 1369 τοῦ
363 1344 462 1370 Λυσίου
479 1346 646 1381 πρόσταγμα
660 1347 684 1373 οἱ
707 1347 780 1382 ἆγιοι
795 1349 948 1383 γενόμενοι,

160 1389 206 1416 καὶ
222 1390 361 1424 προσευχῇ
379 1390 461 1417 πάλιν
479 1391 595 1423 ἑαυτοὺς
607 1392 764 1426 δεδωκότες,
782 1395 949 1429 Εὑχαρισ-ςοῦ

159 1434 208 1469 μέν
225 1443 278 1468 σοι,
296 1435 398 1470 Χριστὲ
415 1437 430 1462 ό
446 1436 522 1468 Θεὸς,
540 1435 629 1470 εἷπον,
646 1439 686 1464 ὅτι
700 1439 745 1465 τὸν
759 1440 859 1475 δρόμον
874 1441 948 1475 ἡμᾶς

156 1480 266 1508 τελέσαι
283 1482 412 1516 ἠξίωσας,
439 1482 489 1518 τὴν
516 1483 608 1511 πίστιν
630 1485 762 1520 τηρῆσαι,
790 1487 837 1513 τὸν
855 1487 948 1521 ἀγῶνα

155 1527 201 1553 τὸν
218 1528 300 1554 καλὸν
319 1529 517 1562 ἀγωνίσασθαι.
534 1530 621 1562 Αὐτὸς
634 1531 692 1565 οὖν,
720 1532 818 1568 Κύριε,
837 1534 885 1560 καὶ
900 1533 947 1559 τοῦ

1002 297 1096 317 errore
1112 290 1271 324 manifesto,
1292 295 1319 318 et
1342 291 1375 318 ad
1393 291 1477 319 Deum
1500 300 1594 319 verum
1619 293 1748 326 accedas,
1766 299 1796 320 et

1001 335 1034 362 ad
1054 335 1194 370 pietatem.
1220 336 1275 364 Nos
1295 342 1387 364 autem
1410 338 1457 365 tibi
1473 339 1577 365 erimus
1608 339 1679 373 apud
1707 338 1792 366 Deum

1001 381 1208 414 intercessores,
1232 389 1434 418 sponsoresque
1453 388 1480 411 et
1507 383 1695 417 lidejussores.
1720 385 1794 419 quod

1001 431 1141 462 acceptam
1163 432 1237 454 tuam
1261 428 1373 456 habebit
1388 431 1613 463 conversionem,
1634 435 1662 458 et
1687 435 1712 458 te
1733 431 1794 465 pla-

1001 472 1061 500 cide
1083 473 1216 508 excipiet,
1247 478 1275 501 et
1300 475 1457 509 dignabitur
1481 476 1560 503 bonis
1592 476 1791 503 inell‘abilibus.

1001 518 1116 553 Propter
1133 527 1192 554 qua:
1208 519 1303 555 Lysias
1315 521 1389 548 rabie
1405 522 1522 556 quadam
1539 526 1566 549 et
1588 522 1681 549 furore
1702 523 1792 550 factus

1001 564 1100 596 acrior,
1115 564 1192 598 jubet
1204 565 1270 593 illud
1283 574 1332 600 par
1347 574 1410 593 vere
1427 567 1528 594 bonum
1545 568 1620 601 injici
1635 569 1661 595 in
1676 569 1790 595 lebetes.

1000 609 1119 638 Lebetes
1141 615 1232 638 autem
1257 613 1353 638 Subtus
1379 612 1516 640 habebant
1537 614 1625 648 ignem
1648 614 1725 641 valde
1749 622 1794 641 ac-

1001 664 1125 685 censum.
1141 656 1180 684 illi
1193 665 1257 685 vero
1274 662 1379 685 stantes
1398 663 1462 685 ante
1487 659 1602 690 lebetes.
1626 668 1687 688 eum
1702 660 1794 688 oculos

1001 703 1081 730 simul
1096 710 1158 730 cum
1174 703 1264 730 anima
1279 704 1306 731 in
1322 705 1419 731 emtum
1436 705 1620 738 sustulissent,
1639 706 1767 733 dicebant
1785 716 1794 733 :

1001 749 1115 776 Domine
1133 749 1198 776 Jesu
1215 750 1339 784 Christe,
1362 750 1433 778 Deus
1446 751 1530 784 pacis,
1554 752 1662 786 suscipe
1685 753 1712 778 in
1729 759 1794 786 pace

1002 795 1107 822 animas
1128 800 1248 823 nostras.
1267 795 1365 824 Finitis
1390 796 1524 830 precibus,
1541 804 1589 824 eos
1608 798 1698 824 statim
1715 805 1794 824 exce—

1003 845 1101 874 perunt
1118 841 1238 874 lebetes;
1255 846 1285 869 et
1301 850 1361 877 qua:
1381 847 1440 869 erat
1467 843 1493 869 in
1512 843 1552 870 eis
1572 843 1680 877 quidem
1709 851 1791 878 aqua.

1003 887 1045 914 vel
1070 888 1130 922 ipso
1144 887 1205 923 igne
1228 888 1352 915 fervebat
1384 887 1584 915 vehementius.
1616 888 1667 915 Par
1700 895 1791 915 autem

1003 937 1161 968 martyrum,
1182 941 1246 960 cum
1270 934 1393 960 divinum
1413 934 1556 968 quemdam
1581 942 1672 961 roreln
1688 934 1722 961 ab
1738 935 1794 961 alto

1002 980 1143 1013 sensisset,
1168 987 1269 1007 canens
1295 981 1397 1007 sensim
1420 984 1462 1007 est
1482 988 1618 1015 egressus.
1647 980 1791 1008 Canticum

1001 1029 1094 1052 autem
1107 1030 1180 1052 erat:
1199 1035 1208 1051 ι
1225 1026 1344 1053 Servasti
1358 1033 1418 1057 nos,
1434 1026 1557 1059 Domine,
1574 1027 1608 1053 ab
1620 1026 1662 1058 iis,
1680 1027 1724 1061 qui
1743 1035 1793 1054 nos

1002 1070 1136 1106 afﬂigunt;
1162 1076 1190 1098 et
1204 1079 1261 1105 eos,
1275 1071 1322 1106 qui
1338 1066 1389 1098 nos
1404 1072 1467 1099 odio
1485 1073 1595 1106 habent,
1614 1073 1726 1100 aifecisti
1741 1081 1793 1108 pu-

1001 1116 1078 1144 dore.
1098 1126 1108 1142 ι

1039 1217 1105 1246 Vill.
1125 1218 1260 1247 Caaterum
1275 1219 1367 1255 Lysias
1379 1228 1440 1248 enm
1455 1229 1547 1248 eorum
1560 1222 1719 1250 mutationis
1730 1230 1790 1250 om-

1001 1272 1062 1292 nem
1091 1273 1166 1300 spem
1191 1266 1347 1301 abjei-isset,
1378 1268 1499 1295 ultimam
1521 1268 1574 1295 fert
1601 1269 1626 1295 in
1650 1276 1697 1296 eos
1727 1277 1791 1297 sen-

1001 1310 1123 1343 tentiam,
1146 1315 1175 1338 ut
1192 1312 1281 1347 gladio
1301 1312 1384 1339 vitam
1403 1314 1508 1340 finiant.
1523 1313 1590 1341 Cum
1610 1314 1701 1349 itaque
1715 1321 1791 1343 extra

999 1364 1091 1384 muros
1112 1357 1229 1386 civitatis
1259 1359 1414 1394 [Egzcorum
1439 1360 1555 1388 fuissent
1581 1363 1677 1394 sancti,
1696 1363 1791 1398 utjus-

1000 1408 1072 1430 serat
1086 1402 1191 1439 Lysias,
1206 1409 1233 1432 et
1248 1412 1276 1432 se
1288 1413 1382 1433 rursus
1404 1407 1544 1433 dedissent
1562 1409 1688 1442 precibus
1703 1418 1709 1435 :
1728 1410 1790 1444 Agi<

998 1457 1059 1476 mus
1077 1450 1125 1477 tibi
1142 1450 1254 1484 gratias,
1272 1450 1380 1478 Christe
1395 1452 1478 1485 Deus,
1500 1453 1641 1485 dicebant,
1658 1455 1729 1489 quod
1745 1457 1790 1482 di-

997 1501 1096 1530 gnatus
1120 1498 1158 1524 sis
1176 1497 1295 1531 efﬁcere,
1312 1502 1342 1525 ut
1359 1498 1462 1525 bonum
1478 1504 1618 1527 certamen
1634 1501 1790 1528 decertare-

998 1550 1070 1574 mus,
1096 1550 1208 1570 cursum
1228 1551 1492 1579 eonsummarcmus,
1510 1546 1589 1573 ﬁdem
1607 1554 1788 1576 servaremus.

156 1572 284 1608 βραδείου
305 1577 450 1610 μετασχεῖν
464 1577 539 1611 ἡμᾶς
553 1577 601 1610 τῆς
621 1577 747 1613 κλήσεως
762 1579 811 1613 τῆς
825 1580 880 1606 ἄνω
901 1580 944 1606 εὑ-

999 1588 1059 1616 Tibi
1083 1597 1147 1624 ergo
1163 1590 1275 1624 placeat,
1307 1599 1324 1618 ο
1340 1590 1464 1623 Domine.
1489 1598 1517 1619 ut
1540 1593 1626 1621 simus
1643 1595 1790 1630 participes

153 1618 278 1654 δόκησον,
293 1621 339 1647 καὶ
353 1622 423 1655 μετὰ
437 1622 752 1658 τῶν,εὺαρεστησάντων
765 1625 803 1659 τῷ
817 1625 887 1660 ἁγίῳ
898 1634 944 1652 σου

154 1665 202 1689 καὶ
227 1665 377 1702 θαυμαστῷ
394 1667 506 1702 ὀνόματι
525 1670 732 1705 συναρίθμησον
744 1679 751 1685 ·
769 1671 808 1697 ὅτι
832 1672 946 1706 εὐλογη-

153 1709 197 1740 τὸς
210 1707 237 1736 εἷ
248 1713 288 1741 εἰς
300 1713 364 1742 τοὺς
382 1713 495 1743 αἰῶνας.
511 1714 566 1740 Καὶ
591 1718 764 1751 παραχρῆμα
777 1717 857 1752 ἔργον
875 1715 909 1753 ἦν
927 1719 943 1753 ή

152 1755 231 1789 εὐχή.
248 1757 301 1782 Καί
324 1765 366 1788 τις
384 1757 487 1784 ἀνωθεν
507 1760 686 1795 ἀπηχουμένη
704 1764 780 1797 ςεωνὴ
805 1764 867 1793 τοὺς
885 1772 945 1789 στε-

152 1800 252 1833 φάνους
269 1801 360 1832 αὐτοῖς
375 1803 571 1838 ἐπηγγέλλετο,
594 1807 641 1832 καὶ
657 1808 726 1841 πρὸς
753 1809 843 1834 ἐκεῖνα
864 1817 943 1843 μετε-

152 1846 263 1872 καλεῖτο
283 1847 347 1878 τοὺς
370 1847 502 1882 ἀθλητὰς,
527 1847 565 1876 ὧν
587 1852 635 1876 καὶ
661 1852 704 1878 διὰ
721 1854 768 1878 τοῦ
787 1856 942 1889 μαρτυρίου

152 1891 253 1921 παντὸς
269 1891 409 1926 ἐπιτυχεῖν
423 1893 550 1928 ηΰχοντο.
566 1895 621 1930 Τῆς
633 1895 661 1921 δὲ
673 1898 764 1931 φωνῆς
777 1899 881 1934 ταύτης
895 1900 942 1927 καὶ

151 1937 175 1963 ot
201 1937 336 1972 παρόντες
356 1939 534 1972 ἀκούσαντες.
561 1941 706 1969 πίπτουσιν
734 1944 779 1970 ἐπὶ
800 1946 850 1980 γῆς
867 1954 941 1982 πρη-

151 1985 205 2016 νεῖς
221 1985 268 2011 καὶ
284 1985 480 2021 δεδακρυμένοι
492 1988 531 2022 τῷ
547 1988 692 2023 παραδόξῳ
707 1990 756 2025 τῆς
770 1991 939 2026 ἀκροάσεως,

150 2031 305 2066 Τριακοστῇ
325 2033 375 2066 μὲν
390 2032 436 2059 οὖν
455 2033 619 2069 Ὀκτωσρίου
634 2034 683 2067 τὰς
695 2036 815 2069 κεφαλὰς
828 2038 853 2064 οἰ
869 2039 941 2074 μάρ-

149 2085 230 2111 τυρες
247 2079 456 2113 ἀποτέμνονται.

185 2122 222 2149 ϐ’.
238 2123 278 2150 Τὰ
305 2123 333 2150 δὲ
347 2125 450 2151 τούτων
467 2125 528 2159 ιερὰ
558 2126 672 2162 σώματα
699 2129 752 2164 πρὸ
768 2129 817 2165 τῆς
836 2131 938 2163 πόλεως

147 2168 282 2203 ἐρῤιμένα
318 2170 487 2206 Ἑρμογένης
511 2173 558 2198 καὶ
581 2174 661 2206 Γαῖος
696 2177 719 2201 οἱ
745 2177 937 2212 πρεσϐύτεροι,

146 2214 261 2249 βαθείας
288 2217 385 2248 νυκτὸς
410 2218 469 2252 ἅμα
500 2218 667 2254 ἀνελόμενοι,
694 2221 783 2257 copti,-
809 2231 837 2249 τε
865 2225 935 2257 ᾰιιαν

144 2263 272 2295 annos;
293 2264 342 2290 καὶ
357 2264 439 2296 ὁσίως
454 2265 609 2301 ἐνθέμενοι,
625 2269 655 2294 ἐν
670 2269 709 2304 τῷ
733 2271 821 2296 ἐκεῖσε
845 2271 934 2305 κρύπ-
949 2267 975 2297 Ι)

142 2317 220 2335 τουσι
237 2309 373 2344 σπηλαίῳ.
391 2310 539 2338 Ἐδεδίεσαν
555 2314 610 2348 γὰρ
624 2314 678 2341 τῶν
689 2315 795 2341 ἁσεῦὼν
808 2317 857 2352 τὴν
869 2319 935 2352 ἐπή-

143 2364 232 2391 ρειαν,
250 2356 288 2391 μὴ
305 2358 352 2383 καὶ
372 2357 461 2383 αὐτῶν
478 2359 594 2391 ἐκείνοις
607 2361 661 2387 τῶν
683 2362 817 2396 λειψάνων
834 2363 934 2400 φθονή-

142 2409 239 2428 σωσιν.
255 2401 334 2428 Οὕτω
344 2402 388 2429 διὰ
408 2404 517 2430 πάντων
529 2405 619 2437 αὐτοῖς
635 2406 669 2432 τὰ
686 2407 737 2442 τῆς
751 2408 933 2444 ἀδελφότητος

140 2449 275 2482 ἐτηρήθη,
289 2451 336 2475 καὶ
351 2451 445 2486 κοινὴν
459 2452 508 2485 τὴν
523 2453 678 2487 ὁμολογίαν,
695 2457 788 2491 κοινὴν
806 2458 853 2483 καὶ
881 2459 932 2493 τὴν

138 2493 257 2529 ἄθλησιν
286 2497 472 2531 ἐποιήσαντο·
497 2501 544 2525 καὶ
572 2498 665 2535 ὥσπερ
698 2503 763 2536 μιᾶς
795 2503 932 2538 προῆλθον

137 2540 272 2575 γαστρὸς,
291 2541 363 2568 οὓτω
379 2544 426 2569 καὶ
441 2544 523 2575 τόπος
537 2542 577 2576 εἷς
589 2547 753 2582 ἀμφοτέρων
768 2549 801 2575 τὰ
817 2549 932 2584 σώματα

138 2585 259 2619 δέχεται,
277 2588 324 2613 καὶ
342 2589 392 2621 μία
410 2589 498 2625 σκηνὴ
533 2591 614 2616 πάλιν
631 2593 731 2624 αὐτοὺς
750 2595 780 2620 ὲν
805 2595 932 2630 οὐρανοῖς

140 2631 314 2666 ὑποδέχειαι,
330 2634 370 2664 εἰς
385 2633 463 2666 δόξαν
480 2637 526 2663 τοῦ
542 2637 643 2671 Κυρίου
658 2639 736 2673 ἡμῶν
757 2640 844 2675 Ἰησοῦ
863 2643 932 2677 Χρι-

140 2677 215 2709 στοῦ,
234 2675 256 2711 ᾧ
271 2680 370 2714 πρέπει
399 2683 474 2709 πᾶσα
494 2685 675 2721 μεγαλωσύνη
693 2694 723 2712 τε
747 2688 795 2714 καὶ
814 2691 930 2723 μεγαλο-

140 2723 259 2757 πρέπεια
272 2725 320 2752 νῦν
331 2728 378 2754 καὶ
389 2729 433 2756 ἀεὶ
445 2731 491 2757 καὶ
504 2733 544 2762 εἰς
555 2731 618 2763 τοὺς
629 2732 730 2764 uidua;
743 2733 797 2761 τῶν
811 2735 926 2765 αἰώνων.

145 2768 172 2794 ’Λ
178 2769 241 2802 μήν.

179 2860 186 2873 ¹
197 2859 267 2886 l’sal.
284 2869 359 2892 xux.
373 2863 400 2890 8.

999 1635 1101 1669 praemii
1118 1643 1244 1670 supernae
1258 1636 1409 1664 vocationis
1423 1645 1429 1664 :
1444 1643 1472 1665 et
1487 1646 1537 1666 nos
1550 1640 1620 1666 refer
1649 1640 1674 1667 in
1691 1649 1788 1669 nume-

999 1686 1058 1706 rum
1074 1686 1180 1712 eorum,
1204 1681 1250 1715 qui
1274 1682 1437 1716 placuerunt
1465 1688 1559 1710 sancto
1581 1689 1627 1711 tuo
1653 1691 1679 1712 et
1703 1687 1790 1713 admi-

999 1727 1085 1752 rando
1104 1727 1227 1759 nomini;
1242 1727 1372 1761 quoniam
1397 1736 1427 1755 es
1451 1729 1611 1758 benedictus
1632 1732 1658 1758 in
1679 1734 1787 1761 secula.

998 1771 1094 1797 Statim
1118 1777 1209 1799 autem
1232 1781 1329 1807 preces
1347 1773 1469 1801 'eil‘eetus
1485 1781 1527 1803 est
1550 1784 1736 1807 consecutus:
1761 1785 1789 1808 ct

998 1826 1051 1845 vox
1068 1820 1192 1853 quredam
1210 1828 1345 1848 resonans
1362 1829 1377 1848 e
1393 1823 1473 1860 code,
1488 1824 1527 1851 eis
1546 1825 1665 1859 pollicita
1682 1832 1724 1854 est
1743 1835 1789 1854 eo-

997 1871 1089 1894 ronas,
1108 1870 1135 1890 et
1155 1866 1189 1891 ad
1205 1866 1249 1892 illa
1265 1867 1399 1893 evocabat
1411 1870 1541 1902 athletas,
1558 1879 1618 1905 qua:
1636 1872 1676 1899 illi
1691 1881 1787 1901 consc-

995 1909 1041 1943 qui
1057 1910 1188 1942 optabant
1203 1916 1252 1944 per
1263 1912 1435 1946 martyrium.
1448 1913 1515 1940 Cum
1530 1921 1622 1943 autem
1632 1919 1786 1946 audiis‘seut

995 1960 1089 1979 vocem
1107 1953 1135 1985 ii.
1156 1955 1201 1988 qui
1216 1955 1340 1988 aderant,
1358 1958 1431 1983 humi
1446 1960 1548 1985 cadunt
1563 1962 1641 1995 proni
1656 1967 1683 1989 et
1699 1963 1785 1999 lacry-

995 2005 1101 2027 mautes
1115 2005 1224 2034 propter
1239 2002 1427 2030 admirabilem
1443 2003 1514 2032 illam
1532 2007 1714 2035 auditionem.
1732 2013 1785 2037 At-

994 2054 1047 2081 que
1074 2047 1214 2073 tricesimo
1236 2048 1346 2081 quidem
1365 2050 1468 2076 mensis
1490 2051 1618 2079 Octobris
1640 2061 1780 2089 amputata

993 2092 1105 2119 fuerunt
1118 2093 1206 2128 capita
1224 2095 1399 2129 martyribus.

1028 2149 1074 2177 IX.
1097 2149 1179 2178 Sacra
1206 2156 1298 2179 autem
1324 2152 1433 2181 illorum
1456 2162 1570 2190 corpora
1597 2163 1661 2185 ante
1687 2160 1781 2187 urbem

992 2197 1125 2233 projecta,
1138 2204 1199 2224 cum
1215 2197 1400 2234 Hermogenes
1416 2205 1443 2227 et
1457 2201 1538 2228 Caius
1556 2203 1704 2239 presbyteri
1720 2214 1782 2240 prc-

990 2242 1075 2269 funda
1093 2247 1175 2269 nocte
1191 2250 1253 2269 cum
1282 2244 1339 2270 suis
1354 2245 1541 2278 sustulissent,
1563 2247 1662 2282 pieque
1684 2250 1780 2276 admo-

989 2287 1055 2314 dum
1070 2292 1164 2314 sancte
1178 2291 1206 2314 et
1221 2288 1317 2316 loculis
1330 2289 1537 2324 imposuissent,
1553 2295 1676 2322 condunt
1691 2295 1718 2322 in
1734 2304 1778 2328 ea,

989 2340 1049 2367 qua-
1063 2332 1117 2360 illie
1134 2337 1203 2366 erat,
1226 2334 1366 2368 spelunca.
1383 2335 1527 2364 Timebant
1549 2340 1622 2366 enim
1642 2341 1777 2370 insultum

989 2378 1147 2414 impiorum,
1168 2387 1203 2406 ne
1221 2379 1274 2407 illis
1293 2381 1374 2407 etiam
1399 2382 1556 2410 inviderent
1572 2387 1710 2421 reliquias.
1739 2389 1777 2416 ita

987 2423 1038 2451 fuit
1053 2426 1155 2452 sanctis
1167 2425 1210 2452 bis
1224 2425 1355 2454 fratribus
1368 2427 1396 2453 in
1410 2429 1538 2456 erunibus
1550 2438 1709 2460 conservata
1722 2434 1779 2462 fia-

988 2471 1112 2503 ternitas,
1133 2477 1159 2499 et
1174 2480 1347 2499 communem
1370 2474 1584 2510 confessionem,
1602 2485 1777 2508 communem

984 2517 1067 2544 etiam
1086 2518 1212 2545 fecerunt
1227 2519 1442 2547 deeertationem
1456 2529 1462 2548 :
1478 2526 1504 2548 et
1520 2524 1657 2556 quoinodo
1673 2532 1705 2551 ex
1719 2533 1776 2553 uno

986 2568 1065 2591 utero
1088 2564 1260 2598 prodierunt,
1287 2564 1324 2592 ita
1349 2566 1432 2593 etiam
1459 2575 1528 2594 unus
1553 2569 1630 2596 locus
1653 2572 1777 2607 suscepit

984 2611 1125 2644 utriusque
1138 2618 1254 2645 corpora
1269 2620 1275 2638 :
1292 2611 1326 2638 ad
1344 2613 1457 2647 gloriam
1482 2613 1590 2641 Domini
1605 2617 1690 2643 nostri
1705 2618 1773 2645 Jesu

982 2657 1093 2689 Christi,
1117 2657 1161 2683 cui
1185 2657 1270 2692 gloria
1292 2662 1317 2685 et
1343 2659 1462 2692 potentia
1486 2667 1558 2688 nunc
1579 2665 1607 2688 et
1623 2661 1650 2689 in
1673 2664 1773 2692 smcula

985 2702 1158 2729 smeulorum.
1182 2704 1278 2730 Amen.
