2047 3150
257 172 326 203 I319

295 260 475 267 ___——————

899 170 1042 201 MENSIS
1063 169 1248 200 OCTOBER.

997 256 1139 264 ...ρ-

1815 168 1884 201 1320

1148 255 1323 263 ψ

1329 255 1870 269 _,__.______._______r

915 333 1234 377 ΜΑΡΤΥΡΙΟΝ

302 434 479 503 ΤΟΥ
534 431 798 499 ΑΓΙΟΥ
852 428 1305 498 ΜΑΡΤΥΡΟΣ
1355 425 1831 495 ΕΠΙΜΑΧΟΥ.

883 643 1254 690 MARTYBIUM

352 760 692 843 SANGTI
745 756 1246 836 MARTYRIS
1301 754 1794 835 EPIMACHI.

644 894 702 926 (Ap.
721 893 822 918 Surium
837 893 867 917 ad
877 892 944 918 diem
959 891 986 916 51
1004 891 1134 921 Octobris;
1151 892 1234 917 Graece
1247 899 1280 917 ex
1298 893 1352 917 cod.
1365 899 1411 917 ms.
1430 892 1511 924 ιιδι.)

296 1066 316 1092 Ι.
336 1063 405 1091 Olim
422 1061 545 1097 profecto
564 1059 715 1094 impietatis
731 1058 817 1094 caligo
834 1066 883 1093 per
899 1063 986 1085 totum
1002 1065 1047 1084 or-

1134 1058 1173 1084 A'.
1195 1057 1276 1091 Ἀρτι
1293 1055 1342 1089 μὲν
1360 1055 1377 1091 ἡ
1393 1054 1444 1089 τῆς
1458 1053 1601 1084 εὐσεϐείας
1621 1053 1708 1088 ἀχλὺς
1728 1054 1781 1080 ἀνά
1800 1055 1892 1082 πᾶσαν

258 1111 320 1138 bcm
336 1116 470 1137 terrarum
487 1108 584 1135 diffusa
598 1110 666 1137 erat,
686 1105 865 1139 hominesque
880 1104 997 1130 universi
1015 1103 1048 1130 ad

260 1156 426 1184 sacrificium
442 1154 495 1181 diis
512 1152 684 1180 olferendum
699 1150 944 1185 compellebantur,
962 1149 1049 1183 impe-

259 1203 380 1230 rantium
397 1201 496 1231 minas,
515 1204 542 1226 cl
563 1199 686 1234 judicum
701 1196 832 1224 saavitiam
857 1200 938 1230 atque
961 1195 1049 1229 impe-

261 1254 318 1276 tum
342 1247 532 1274 formidantes.
549 1244 732 1277 Quamobrem
752 1247 850 1269 natura
867 1242 985 1276 seipsam
1000 1240 1049 1266 de-

260 1294 400 1329 negabat:
429 1298 493 1319 tunc
519 1291 594 1318 enim
620 1289 789 1324 cognationis
810 1288 871 1323 jura
892 1286 1051 1314 conculcata

261 1342 374 1368 omnino
397 1337 602 1365 evertebantur.
625 1334 783 1367 Quinetiam
807 1333 908 1360 veteris
930 1333 1051 1359 benevo-

261 1386 352 1413 lentia:
367 1383 525 1417 conjunctio
541 1381 569 1408 in
587 1380 731 1408 dissidium
750 1378 970 1405 convertebatur.

300 1433 407 1459 luterea
421 1437 484 1457 vero
502 1434 631 1462 tanquam
641 1426 718 1454 stella
733 1426 856 1461 quaedam
871 1424 942 1452 inter
952 1422 1052 1451 Christi

260 1479 362 1508 milites
389 1483 505 1512 magnus
531 1473 680 1509 ctIulgebat
703 1472 879 1507 Epimacbus,
902 1470 948 1505 qui
973 1469 1050 1496 vivus

261 1526 370 1562 quidem
386 1524 502 1559 [Egypto
524 1526 629 1549 tantum
645 1520 769 1554 cognitus
785 1518 846 1549 fuit,
863 1521 925 1552 post
951 1521 1052 1552 marty-

261 1575 333 1600 rium
359 1576 450 1598 autem
475 1569 523 1596 toti
547 1567 648 1595 mundo
674 1564 761 1592 evasit
780 1563 955 1591 manifestus.
984 1561 1052 1589 Etim

262 1618 336 1645 enim
355 1621 420 1643 tunc
433 1614 576 1649 Egyptus,
593 1611 668 1639 velut
682 1611 824 1638 lucernam
839 1608 986 1644 quamdam
1002 1608 1053 1635 sub

263 1664 357 1691 modio
382 1662 524 1691 latentem,
549 1657 714 1686 occultabat.
732 1655 800 1683 Nam
826 1655 901 1690 regio
924 1654 980 1686 illa,
994 1654 1054 1688 ejus

262 1710 314 1737 viri
331 1706 503 1736 educationis
527 1709 609 1738 atque
631 1704 742 1737 optima:
758 1700 936 1728 institutionis
967 1699 1054 1734 parti-

1100 1104 1216 1139 διεχεῖτο
1232 1103 1282 1138 τὴν
1297 1102 1470 1136 οἰκουμένην,
1487 1101 1627 1136 ἄνθρωποι
1648 1100 1677 1126 δὲ
1696 1101 1796 1132 πάντες
1825 1103 1894 1136 πρὸς

1101 1151 1198 1177 Θυσίαν
1218 1149 1364 1183 εἰδωλιχὴν
1384 1147 1596 1182 συνηλαύνοντο,
1618 1148 1669 1178 τάς
1691 1156 1718 1173 τε
1744 1149 1798 1174 τῶν
1820 1157 1890 1182 κρα-

1100 1197 1219 1224 τούντων
1235 1195 1354 1226 ἀπειλὰς
1378 1195 1425 1221 καὶ
1448 1195 1498 1225 τὰς
1511 1194 1673 1228 μιαιφόνους
1689 1194 1743 1219 τῶν
1757 1194 1894 1220 δικαστῶν

1101 1241 1189 1276 ὁρμὰς
1211 1240 1338 1270 δεδιότες.
1356 1239 1410 1265 Καὶ
1434 1238 1515 1273 φύσις
1538 1238 1587 1272 μὲν
1608 1239 1708 1273 ἑαυτὴν
1735 1239 1894 1272 ὲξώμνυτοι

1103 1287 1266 1321 συγγενείας
1286 1286 1315 1312 δὲ
1333 1285 1424 1320 θεσμὰ
1438 1286 1629 1317 κατεπατεῖτο,
1653 1285 1697 1310 καὶ
1716 1285 1895 1320 ἀνετρέπετο,

1103 1334 1150 1360 καὶ
1184 1333 1302 1364 παλαιᾶς
1340 1332 1450 1365 ἀγάπης
1482 1331 1617 1365 συνάφεια
1652 1331 1721 1365 πρὸς
1752 1331 1895 1358 διάστασιν

1103 1379 1259 1414 ἐμερίζετο.
1281 1377 1435 1412 Ἐξέλαμπε
1453 1377 1481 1403 δὲ
1502 1378 1530 1402 ἐν
1542 1377 1648 1408 τούτοις
1664 1373 1710 1403 οἷά
1731 1385 1774 1408 τις
1804 1377 1895 1411 ἀστὴρ

1103 1427 1117 1453 ὁ
1136 1426 1222 1461 μέγας
1245 1426 1275 1451 ἐν
1292 1423 1453 1459 ἁθλοφόροις
1480 1423 1634 1458 Ἐπιμαχος
1653 1443 1660 1455 ,
1690 1423 1740 1450 οὐκ
1770 1423 1896 1457 ἐπίδηλος

1103 1472 1163 1499 οὐδὲ
1176 1473 1314 1507 γνώριμος
1328 1470 1365 1498 ὢν
1380 1472 1436 1503 τοῖς
1457 1471 1575 1501 πολλοῖς.
1592 1469 1731 1503 Αἴγυπτος
1755 1470 1810 1504 γὰρ
1826 1469 1896 1499 τέως

1104 1516 1177 1554 εῖχεν
1203 1518 1296 1549 αὐτὸν,
1312 1515 1359 1544 οἶά.
1379 1526 1440 1544 τινα
1459 1516 1556 1551 λύχνον
1581 1516 1635 1541 ὑπὸ
1663 1515 1746 1550 μοδίῳ
1771 1515 1894 1550 κρυπτό-

1105 1572 1197 1598 μενον,
1216 1563 1277 1598 ἦτις
1314 1562 1398 1589 αὑτοῦ
1417 1562 1465 1589 καὶ
1483 1561 1638 1596 ἁνατροῳῆς
1653 1560 1739 1592 ὅντως
1763 1561 1808 1586 καὶ
1823 1560 1897 1592 ἀγω-

1104 1609 1158 1644 γῆς
1181 1610 1229 1643 τῆς
1256 1609 1374 1644 ἀρὶστης
1400 1607 1594 1640 ἀπολελαὺκει,
1614 1608 1662 1634 καὶ
1687 1606 1788 1641 ἀρετῆς
1821 1603 1893 1631 εἶδεν

1105 1655 1187 1682 αὑτοῦ
1202 1655 1249 1681 καὶ
1265 1654 1375 1690 ἡλικίας
1392 1655 1537 1688 προκοπὰς
1556 1653 1602 1680 καὶ
1626 1652 1768 1686 αὐξήσεις.
1791 1651 1838 1682 ’ος
1861 1650 1893 1676 οὔ

1108 1701 1188 1736 μόνον
1205 1700 1294 1735 ἑαυτῷ
1311 1700 1551 1735 συναυξανομένην
1565 1697 1622 1733 εἶχε
1634 1699 1683 1733 τὴν
1699 1697 1809 1732 ἀρετὴν,
1825 1696 1895 1722 ἀλλὰ

262 1762 328 1788 ccps
342 1753 411 1779 facta
428 1750 496 1776 fuit:
510 1749 611 1783 quippe
625 1754 686 1781 qua:
702 1745 812 1772 virtutis
822 1749 849 1771 et
864 1744 953 1771 {etatis
966 1743 1053 1777 ipsius

1108 1746 1199 1779 πολλῷ
1213 1747 1326 1779 μείζονα
1341 1747 1387 1771 καὶ
1403 1746 1454 1779 τῆς
1470 1744 1579 1779 ἡλικίας
1594 1743 1678 1778 αὐτὴν
1695 1742 1872 1769 ἐπεδείκνυτο
1886 1749 1894 1756 ⁸

263 1787 438 1835 progressum
452 1801 535 1829 atque
551 1794 721 1820 incrementa
737 1789 886 1824 perspexit.
904 1788 929 1814 Is
940 1794 995 1813 non
1009 1794 1053 1814 so-

1108 1791 1261 1835 Βιδασκᾴλῳ
1275 1791 1324 1825 μὲν
1336 1790 1426 1817 οὐδενὶ
1442 1790 1488 1816 τοῦ
1500 1790 1559 1825 βίου
1579 1790 1626 1816 καὶ
1640 1788 1730 1824 ὁδηγῷ
1742 1787 1897 1823 χρώμενος,

263 1831 397 1871 laureum
410 1845 490 1869 aetate
506 1839 609 1867 virtute
623 1843 730 1872 quoque
746 1833 895 1866 crescebat,
913 1833 960 1860 sed
972 1833 1054 1860 etiam

1108 1835 1183 1861 ιὶονεὶ
1200 1834 1228 1861 δέ
1248 1843 1288 1865 τις
1308 1835 1389 1866 αὐτὸς
1405 1833 1494 1869 ἐαυτῷ
1518 1833 1609 1860 κανὼν
1632 1834 1680 1860 καὶ
1705 1832 1790 1862 τύπος
1815 1831 1892 1865 γενό-

264 1891 352 1917 virtus
368 1888 427 1922 ipsa
441 1886 470 1914 in
485 1893 518 1913 eo
536 1882 753 1919 perspiciebatur
769 1880 848 1915 longe
859 1879 954 1914 major,
973 1885 1054 1913 quam

1108 1889 1185 1916 μενος
1199 1881 1248 1907 καὶ
1261 1879 1354 1915 ψυχὴν
1375 1879 1433 1915 ἃμα
1455 1880 1503 1906 καὶ
1524 1878 1591 1910 ἦθος
1611 1878 1761 1915 ῥυθμίζων·
1775 1877 1821 1903 καὶ
1846 1876 1896 1911 τὴν

263 1938 324 1972 ejus
342 1939 408 1962 tetas
434 1931 613 1968 postulabat:
639 1929 722 1963 idque
741 1934 805 1954 cum
822 1926 896 1953 nullo
920 1925 980 1952 vita:
996 1933 1054 1952 ma.

264 1984 348 2019 gistro
363 1986 445 2016 atquc
459 1979 529 2007 duce
555 1984 622 2004 usus
644 1974 753 2008 fuisset,
771 1972 818 2000 sed
844 1972 903 2007 ipse
921 1972 971 1999 sibi
991 1977 1053 1998 tan.

264 2018 346 2064 quam
358 2026 448 2062 regula
464 2023 588 2060 quaedam
602 2026 631 2049 et
646 2021 732 2048 forma
747 2018 914 2049 exstitisset,
930 2018 1053 2044 animum

266 2075 347 2102 simul
364 2078 447 2107 atque
465 2077 555 2098 mores
570 2073 751 2102 componens,
772 2064 849 2092 illum
865 2063 993 2090 videlicet
1007 2063 1058 2090 mi-

1106 1927 1157 1962 μὲν
1175 1927 1259 1953 ποιῶν
1287 1927 1373 1961 ἡπίαν
1401 1927 1448 1953 καὶ
1477 1926 1614 1961 γαληνὴν,
1631 1925 1661 1951 τὸ
1681 1924 1710 1951 δὲ
1729 1923 1839 1950 σύννουν
1852 1922 1898 1949 ἀεὶ

1108 1975 1155 2000 καὶ
1176 1973 1368 2009 προσεκτικόν.
1397 1972 1539 2000 Ἐντεῦθεν
1558 1971 1709 2006 Πηλούσιον
1730 1969 1793 2004 ὅρος
1815 1968 1898 1995 αὐτον

1109 2021 1233 2054 οἰκιστὴν
1260 2020 1450 2055 ἐκληρώσατο,
1481 2019 1610 2054 καθάπερ
1640 2015 1788 2052 η’έρημος
1812 2015 1900 2041 πάλαι

1110 2066 1156 2092 τὸν
1177 2065 1316 2100 Ἰωάννην,
1332 2067 1380 2093 καὶ
1394 2066 1440 2092 τὸν
1459 2065 1553 2091 Ἠλίαν
1567 2065 1581 2090 ὁ
1596 2063 1758 2099 Κάρμηλος.

268 2125 322 2148 tom
336 2125 364 2147 et
374 2117 549 2152 tranquillum
563 2113 695 2144 cﬂiciens.
712 2112 762 2139 hos
778 2111 927 2146 prudentes
955 2118 1075 2146 semper.
1099 2118 1220 2140 attentos
1235 2118 1263 2140 et
1288 2113 1407 2140 sobrios.
1429 2111 1499 2139 Hinc
1532 2110 1657 2138 Pelusius
1681 2116 1760 2136 mons
1783 2107 1902 2135 incolatu

267 2174 330 2194 eum
347 2167 437 2192 virum
471 2161 602 2196 suscepit,
619 2158 850 2194 quemadmodum
876 2165 985 2184 cremus
1010 2158 1074 2185 olim
1093 2158 1228 2186 Joannem
1259 2159 1422 2194 Baptistam,
1439 2163 1466 2186 et
1485 2158 1626 2186 Carmelus
1641 2156 1726 2184 Eliam
1743 2155 1846 2182 habuit.

304 2214 337 2241 ll.
359 2213 426 2240 Cum
445 2211 526 2246 igitur
541 2209 706 2244 Epimachus
720 2209 777 2242 ipse
795 2207 823 2234 in
843 2212 935 2234 monte
950 2207 1058 2234 Pelusio

271 2263 437 2290 versaretur,
464 2261 491 2283 et
507 2256 535 2282 in
555 2254 630 2282 omni
657 2253 828 2289 philosophia
853 2259 882 2279 se
907 2257 1057 2286 exerceret,

269 2311 434 2338 (nubemque
460 2303 549 2329 victus
582 2300 710 2327 duritiem
737 2299 948 2333 amplexaretur,
975 2298 1058 2325 vitam

271 2351 388 2386 denique
406 2352 517 2383 propter
531 2347 672 2375 Christum
688 2353 813 2380 asperam
837 2352 869 2372 ac
892 2344 1056 2372 laboriosam

272 2398 388 2427 viveret.
411 2395 495 2430 iudex
513 2394 623 2428 quidam
648 2392 751 2419 saavitia
774 2395 801 2418 et
825 2390 967 2418 ferocitate
991 2390 1059 2417 insi-

271 2443 342 2478 guis,
359 2440 551 2467 Alexandriam
569 2438 655 2465 vertit.
679 2437 766 2464 Judex
791 2440 882 2463 autem
898 2436 943 2463 ille
962 2440 1060 2463 caetera

270 2488 381 2525 quidem
394 2486 484 2513 omnia
509 2493 558 2520 pro
576 2484 663 2511 nihilo
680 2484 817 2516 faciebat;
834 2482 882 2510 sed
902 2489 982 2508 omne
999 2486 1060 2508 tan-

272 2542 329 2563 tum
339 2533 470 2563 studium,
483 2530 644 2558 industriam
659 2534 686 2556 et
706 2534 778 2556 artes
795 2528 950 2560 adhibebat,
963 2527 1061 2562 quibus

273 2588 359 2610 totam
373 2581 469 2607 urbem
486 2578 560 2605 illam
571 2577 627 2604 suis
643 2575 746 2602 retibus
759 2578 880 2610 caperet,
898 2578 924 2601 et
937 2574 1063 2601 acerbam

275 2626 423 2661 impietatis
437 2624 557 2661 praadatu
574 2622 728 2657 colligeret,
744 2621 825 2655 idque
841 2625 871 2647 ut
883 2619 991 2654 assequi
1006 2627 1066 2654 pos-

275 2679 327 2704 set.
352 2673 434 2700 nulhs
451 2669 586 2698 machinis
602 2668 767 2696 abstinebat.
787 2665 969 2698 Quamobrem
986 2665 1066 2692 Chri-

275 2719 356 2747 stiani
369 2725 465 2745 omnes
479 2717 552 2744 illius
565 2715 665 2750 iudicis
682 2714 771 2741 minas
785 2712 1007 2744 extimescentes,
1019 2710 1064 2737 alii

274 2767 303 2794 iu
317 2764 492 2793 solitudinem
506 2761 694 2796 aufugiebant,
710 2759 756 2786 alii
770 2767 800 2786 se
815 2757 987 2785 Christianos
1001 2764 1063 2784 esse

274 2810 488 2842 dissimulantes,
515 2808 682 2842 impietatem
706 2804 881 2833 simulabant.
901 2803 1064 2837 Quicunque

278 2865 341 2884 vero
355 2858 482 2890 pietatem
500 2855 622 2889 protiteri
638 2854 777 2887 volebant,
795 2851 983 2881 acerbissimis
1001 2858 1064 2878 cru-

277 2902 395 2930 ciatibus
410 2901 595 2929 tradebantur.

1147 2209 1178 2237 Β.
1204 2209 1347 2244 ὐπουπερ
1360 2208 1443 2234 αὐτοῦ
1457 2207 1643 2243 διατρίϐοντος
1667 2205 1715 2231 καὶ
1739 2199 1831 2230 πᾶσαν
1851 2203 1903 2237 μὲν

1112 2253 1260 2286 ἀσκοῦντος
1278 2253 1450 2289 φιλοσοφίαν,
1467 2253 1543 2287 πάσῃ
1560 2251 1589 2278 δὲ
1616 2251 1709 2277 λοιπον
1733 2249 1832 2276 ἑαυτὸν
1852 2250 1900 2274 ὲκ-

1111 2300 1202 2332 δόντος
1216 2300 1414 2336 σκληραγωγίᾳ.
1438 2299 1485 2326 καὶ
1507 2298 1566 2333 βίον
1588 2297 1691 2329 ζῶντος
1716 2296 1760 2322 διὰ
1781 2294 1901 2330 Χριστὸν

1115 2346 1245 2382 ὀδυνηρὸν
1272 2346 1319 2373 καὶ
1351 2346 1479 2373 ἐπίπονον
1495 2365 1504 2378 ,
1532 2343 1736 2378 καταλαμϐάνει
1772 2341 1904 2376 δικαστὴς

1112 2390 1161 2425 τὴν
1183 2391 1382 2426 Ἀλεξανδρέων
1398 2390 1589 2425 ἀπηνέστατος
1607 2397 1635 2415 τε
1650 2389 1697 2414 καὶ
1716 2387 1903 2421 ἀγριώτατος.

1113 2436 1200 2463 τᾶλλα
1222 2437 1271 2472 μὲν
1288 2437 1392 2468 οὐδενὸς
1405 2436 1488 2469 ἀξιῶν
1504 2435 1595 2469 λόγου,
1608 2433 1678 2460 ὥστε
1694 2433 1722 2459 δὲ
1737 2433 1827 2459 πᾶσαν
1842 2431 1905 2458 κατ’

1115 2484 1202 2520 ἄκρας
1217 2485 1268 2519 τὴν
1289 2483 1366 2510 πόλιν
1383 2483 1450 2510 εἵσω
1464 2482 1519 2509 τῶν
1539 2480 1637 2508 ἑαυτοῦ
1653 2479 1773 2506 δικτύων
1798 2478 1905 2509 λαϐεῖν,

1116 2531 1165 2558 καὶ
1180 2530 1293 2565 θήραμα
1311 2530 1409 2565 πικρὸν
1423 2529 1552 2560 ἀσεϐείας
1569 2525 1751 2562 ποιήσασθαι,
1771 2525 1903 2558 οὐδεμιᾶς

1114 2577 1145 2603 τὺ
1167 2576 1300 2611 παράπαν
1331 2575 1458 2611 μηχανῆς
1472 2574 1654 2609 ἀπεχόμενος.
1673 2572 1754 2599 Ὀθεν
1770 2572 1818 2597 καὶ
1836 2571 1907 2605 Χρι-

1116 2623 1220 2651 στιανοὶ
1233 2623 1344 2655 πάντες,
1357 2623 1382 2649 oi.
1395 2622 1445 2657 μὲν
1459 2621 1513 2648 δέει
1522 2621 1576 2647 τῶν
1589 2619 1721 2650 ἀπειλῶν,
1734 2618 1774 2649 εἰς
1787 2617 1907 2652 ἐρημίας

1117 2669 1331 2704 ὲφυγαδεύοντο.
1344 2669 1368 2695 οἱ
1384 2667 1424 2699 δὲ,
1439 2667 1485 2694 τὸν
1497 2664 1712 2703 Χριστιανισμὺν
1725 2663 1906 2698 κρύπτοντες,

1117 2716 1166 2750 τὴν
1191 2715 1320 2742 ἀσέϐειαν
1341 2714 1531 2750 ὑπεκρίνοντο.
1550 2713 1629 2740 Ὅσοι
1653 2711 1682 2737 δὲ
1706 2711 1754 2738 καὶ
1781 2707 1907 2743 φανερῶς

1119 2762 1244 2789 εὐσεϐεῖν
1270 2761 1423 2794 ἐϐούλοντο,
1442 2760 1571 2796 βασάνοις
1599 2757 1748 2791 ὲξεδίδοντο
1775 2754 1908 2791 πικροτά-

1117 2816 1188 2840 ταις.
