2047 3150
130 168 196 203 1321

689 156 926 191 MARTYRIUM
943 155 973 186 S.
993 153 1190 186 EPIMACIII.

1685 152 1754 188 1312

162 227 192 254 Γ.
209 225 277 253 Τότε
292 222 385 251 τοίνυν
404 220 454 249 οὐκ
469 218 505 257 ἧν
525 218 567 247 ἔτι
592 217 708 246 ἀνεκτὸν
731 216 875 253 Ἐπιμάχφ
896 214 914 250 ἠ

1005 211 1053 240 111.
1072 212 1151 240 Tunc
1178 210 1261 247 igitur
1286 210 1438 247 Epimacho
1466 210 1585 240 solitudo
1614 211 1671 248 ipsa
1696 220 1751 241 non

129 272 232 309 ἐρημία
248 269 296 298 καὶ
319 269 350 296 τὸ
380 268 497 305 ἄμικτον
514 265 606 297 tutuo
622 263 670 291 τοῦ
699 263 758 298 βίου
773 262 821 290 καὶ
840 262 916 309 datat-

129 308 260 354 νιίινητον,
295 315 376 344 una
407 314 446 350 τῷ
474 312 570 348 θερμῷ
598 310 666 344 περὶ
693 308 743 345 τὴν
773 308 917 354 εὐσέϐειαν

130 353 213 400 ζήλῴ,
226 363 277 399 τὴν
293 361 384 398 ψυχὴν
403 358 573 395 σφοδρότατα
582 355 714 391 κινηθεὶς,
730 354 778 382 καὶ
795 354 866 381 ὥστε
879 353 918 389 μὴ

129 399 233 445 ταύτην
243 406 414 444 ὑϐρίζεσθαι,
431 405 478 432 καὶ
489 404 561 439 ζωῆς
575 402 633 438 ἅμα
643 401 690 428 καὶ
703 399 820 436 ἡσυχίας
831 407 917 426 κατα-

131 458 287 492 φρονήσας,
303 453 430 480 κάτεισιν
452 452 493 483 sl;
510 450 596 485 μέσην
614 449 664 484 τὴν
689 447 766 474 πόλιν
786 446 842 474 ἀπὸ
867 445 917 480 τῆς

129 503 259 537 ἐρημίας,
276 499 403 534 πρόσεισι
422 497 452 524 δὲ
476 496 516 532 τῷ
540 494 695 531 τυραννικῷ
713 494 815 530 βήματι
835 492 918 528 μηδὲν

130 546 292 580 ὑποπτήξας
307 543 363 572 τῶν
377 543 539 579 δρωμένων,
556 541 640 577 μηδὲν
655 540 710 568 τῶν
724 539 817 575 φοϐεῖν
834 538 917 565 δυνα-

133 593 220 627 μένων
239 590 438 624 καταπλαγεὶς,
459 589 508 616 καὶ
527 589 607 615 τοῦτο
626 587 737 622 πρῶτον
762 585 917 621 ἀρίστευμα

130 639 179 673 τῆς
197 637 357 673 θαυμαστῆς
373 635 456 662 αὑτοῦ
473 635 593 662 ποιεῖται
612 633 713 669 ψυχῆς.
735 630 802 659 Εῐτα
818 630 918 658 καθαι-

100 689 108 696 ·
132 684 175 719 ρετ
190 683 241 719 μὲν
263 682 402 709 ιίδωλικδν
426 681 531 708 ἰκτῖνον
556 679 649 716 βωμὸν
675 680 723 706 καὶ
755 678 797 710 εις
820 677 918 712 εδαφος

132 729 297 765 ἀνατρέπει,
323 726 391 763 ὁμοῦ
418 728 467 755 καὶ
488 727 561 762 χειρὶ
582 725 696 761 γενναίᾳ
725 724 773 752 καὶ
803 723 919 759 δυνάμει

132 776 242 811 ἀοράτῳ
267 775 421 811 χρώμένος.
442 773 532 809 ὀρμᾷ
556 772 586 800 δὲ
612 772 660 799 καὶ
682 771 743 798 κατ’
771 769 855 799 αὑτοῦ
870 768 917 796 τοῦ

131 820 286 853 δικάζοντος
303 820 381 856 θυμῷ
396 820 495 855 δικαίῳ
507 819 554 846 τδν
573 817 707 853 ὑϐριστὴν
719 816 769 844 καὶ
785 815 853 843 Θεοῦ
870 815 918 842 καὶ

132 868 223 902 νόμων
246 867 328 903 ιερῶν
353 866 538 902 ἀμυνόμενος.
555 865 610 892 Καὶ
622 864 648 891 εί
670 872 702 898 γε
720 864 758 898 μὴ
774 862 851 898 παρὰ
863 861 918 889 τῶν

133 914 238 940 ἐκείνου
265 913 424 948 δορυφόρων
441 912 492 945 τῆς
520 911 611 947 ὁρμῆς
636 909 785 945 ἐπεσχέθη.
817 908 920 944 πτῶμα

133 960 259 995 δακρύων
271 959 347 992 ἄξιον
360 960 405 992 ἂν,
423 960 437 987 ό
449 959 581 994 τύραννος
595 957 696 984 ἔκειτο.

167 1105 205 1132 Δ’.
225 1106 314 1140 Ὅπερ
333 1105 437 1137 ἐκεῖνος
463 1105 513 1131 οὐκ
525 1101 657 1138 ἐνεγκὼν,
677 1101 746 1128 ἀλλὰ
762 1100 850 1136 μέσην
870 1098 922 1134 τὴν

132 1150 249 1185 καρδίαν
271 1150 324 1176 ὑπὸ
345 1149 397 1184 τῆς
416 1149 502 1185 ὀργῆς
520 1148 669 1181 ἀνατὲσας,
695 1147 738 1174 ὅτι
760 1153 813 1180 περ
834 1144 922 1175 οὕτως

132 1194 246 1229 εὐτελὴς
274 1194 346 1229 ἀνὴρ
378 1194 521 1229 αὐχμηρὸς
548 1193 599 1228 τὴν
627 1193 727 1228 κόμην,
755 1190 863 1226 οίκτρδς
891 1188 922 1215 τὸ

131 1240 277 1275 τριϐώνιον
293 1240 363 1273 μετὰ
383 1241 517 1273 τοσαύτης
540 1238 614 1274 αὐτῷ
635 1239 685 1274 τῆς
704 1237 808 1272 τόλμης
834 1244 921 1271 προσ-

134 1284 267 1320 ενεχθείη,
278 1284 386 1320 φυλακῇ
400 1285 534 1319 τὺν”ἆγιον
545 1285 591 1311 καὶ
601 1276 712 1318 δίσμοῒς
724 1283 920 1318 παραδίδωσιν,

132 1329 177 1359 οἷα
204 1331 360 1367 παράϐολόν
377 1339 403 1357 τι
433 1331 481 1358 καὶ
507 1330 594 1366 θρασὺ
619 1330 782 1366 δεδρακότα,
803 1330 852 1356 καὶ
872 1330 921 1364 τὴν

132 1377 212 1412 δίκην
227 1377 306 1409 ἀξίαν
323 1376 467 1411 ὑφέξοντα.
487 1376 606 1408 Πολλοὺς
624 1376 673 1411 μὲν
691 1373 739 1402 οὗν
755 1377 802 1402 καὶ
823 1375 920 1407 ἄλλους

134 1419 193 1456 εἶχε
219 1421 250 1448 τὸ
274 1421 461 1456 δεσμωτήριον
488 1421 558 1456 ὑπὲρ
583 1420 725 1452 εὐσεϐείας
756 1420 804 1447 καὶ
822 1419 922 1451 αὐτοὺς

135 1467 435 1502 κατακεκλεισμένους.
456 1467 538 1499 Ἀλλὰ
561 1467 644 1494 πᾶσιν
666 1467 759 1498 αὐτοῖς
783 1466 854 1502 ῥοπὴ
871 1474 921 1501 με-

136 1514 219 1550 γίστη
235 1514 283 1541 καὶ
303 1513 372 1548 πρὸς
387 1513 418 1539 τὸ
431 1513 585 1548 μαρτύριον
610 1513 793 1549 παράκλησις,
810 1513 825 1538 ὁ
839 1512 922 1544 καλὸς

969 259 1086 295 amplius
1104 259 1156 287 fuit
1179 258 1318 294 optabilis,
1342 266 1432 294 neque
1449 258 1494 286 illa
1512 259 1576 288 vita;
1595 259 1666 288 ratio
1681 264 1756 295 grata

967 309 1038 337 erat,
1060 313 1115 340 qua
1137 304 1365 333 consuetudinem
1387 309 1415 333 et
1429 305 1571 333 hominum
1587 305 1756 341 impietatem

968 351 1093 383 vitabat;
1116 351 1164 379 sed
1181 352 1282 379 amoris
1302 351 1399 379 ardore
1414 351 1442 378 in
1458 351 1506 379 Dei
1528 352 1658 387 pietatem
1673 351 1758 380 vehe-

969 396 1142 424 mentissime
1159 405 1302 430 accensus,
1316 401 1344 425 et
1358 397 1417 425 zelo
1431 396 1551 432 quodam
1566 404 1664 433 magno
1679 397 1760 429 exei-

970 446 1055 475 tatus,
1070 443 1153 470 vitam
1179 443 1271 477 simul,
1290 443 1465 471 solitudinem
1489 447 1516 471 et
1539 443 1660 479 quietem
1682 442 1758 470 illam

969 488 1146 524 contempsit,
1164 493 1193 516 et
1206 489 1240 516 ab
1253 496 1346 517 eremo
1358 489 1386 517 in
1402 489 1518 517 mediam
1533 489 1629 517 urbem
1641 489 1757 517 descen-

969 534 1030 562 dit:
1047 534 1172 569 quinimo
1193 534 1261 562 adiit
1281 534 1316 562 ad
1335 535 1453 563 tribunal
1478 535 1597 571 tyranni,
1619 534 1690 562 nihil
1707 541 1757 562 eo-

970 585 1031 605 rum
1049 582 1186 610 metuens,
1205 585 1265 612 qua:
1280 579 1419 612 corporeis
1430 579 1516 606 oculis
1531 581 1692 611 cernuntur,
1707 584 1759 605 ne~

972 630 1026 659 que
1044 623 1088 651 his
1113 623 1205 656 rebus,
1224 630 1285 658 quae
1305 627 1438 651 terrorem
1465 625 1604 659 injiciunt,
1621 628 1759 660 perterre-

970 664 1068 697 factusi
1087 668 1177 701 Quare
1195 667 1384 696 admirabilem
1401 668 1485 695 animi
1500 668 1690 697 fortitudinem
1714 668 1759 696 in-

970 716 1080 745 dicavit.
1098 716 1232 752 Deinceps
1257 716 1392 745 idolorum
1417 724 1492 744 aram
1516 717 1627 750 evertit,
1643 725 1760 752 eamque

975 763 1035 791 solo
1065 763 1228 797 adaequavit,
1258 762 1356 798 partim
1381 769 1514 798 generosa
1539 766 1568 789 et
1583 761 1648 789 forti
1664 769 1759 793 manu,

971 808 1073 843 partim
1088 808 1210 843 potentia
1230 808 1356 844 quadam,
1373 815 1428 836 non
1451 807 1581 848 humana,
1599 806 1648 835 sed
1664 807 1758 835 divina

971 861 1048 881 usus.
1065 854 1107 881 Ad
1125 853 1183 882 hmc
1197 857 1225 881 et
1248 853 1379 882 adversus
1393 853 1513 889 iudicem
1535 853 1668 889 impetum
1684 853 1759 884 fecit.

971 901 1049 936 justo
1065 900 1184 935 quodam
1201 899 1295 927 furore
1315 900 1391 928 illum
1406 900 1553 933 ulciscens,
1567 900 1614 935 qui
1633 899 1719 927 Deum
1733 905 1761 927 et

972 945 1032 980 eius
1048 951 1139 971 sacras
1151 943 1223 979 leges
1238 944 1367 973 violabat.
1387 945 1423 972 At
1436 945 1488 973 nisi
1505 945 1540 973 ab
1555 945 1643 980 ipsius
1656 944 1762 973 satelli-

973 990 1047 1017 tibus
1065 990 1193 1024 martyris
1210 990 1329 1025 impetus
1355 991 1483 1019 detentus
1500 991 1609 1025 luisset,
1629 995 1760 1027 tyrannus

973 1033 1019 1061 ille
1035 1034 1185 1061 miserabili
1199 1041 1265 1062 casu
1281 1035 1424 1070 iacuisset.
1669 1040 1683 1058 ⁸

1012 1096 1056 1124 lV.
1078 1096 1145 1129 Quae
1172 1097 1265 1126 omnia
1293 1099 1454 1135 cumjudex
1480 1107 1536 1128 non
1565 1100 1659 1135 ferret,
1687 1103 1761 1137 quod

972 1141 1058 1170 homo
1081 1146 1134 1169 tant
1151 1142 1214 1170 vilis
1230 1147 1258 1170 et
1275 1143 1410 1178 abiectus,
1426 1151 1506 1172 coma
1524 1145 1680 1180 squalidus,
1699 1151 1761 1182 toga

972 1187 1068 1221 miser,
1085 1192 1161 1216 tanto
1177 1188 1280 1224 impetu
1293 1189 1322 1216 iu
1338 1197 1402 1217 eum
1418 1190 1524 1218 irruere
1540 1199 1624 1220 ausus
1636 1197 1721 1225 esset,
1733 1193 1760 1220 in

972 1240 1112 1261 carcerem
1124 1238 1152 1261 et
1169 1234 1276 1262 vincula
1290 1235 1379 1263 virum
1395 1236 1471 1264 illum
1487 1238 1690 1266 sanctissimum
1701 1239 1761 1274 ius-

972 1279 1008 1306 sit
1024 1279 1136 1315 conjici,
1154 1287 1298 1316 propterea
1314 1282 1389 1317 quod
1413 1283 1557 1311 audaciam
1573 1287 1601 1311 et
1619 1285 1761 1312 temerita-

973 1328 1028 1352 tem
1048 1333 1176 1360 magnam
1190 1333 1246 1360 prae
1261 1333 1291 1354 se
1302 1327 1402 1355 tulerat
1417 1335 1424 1355 :
1442 1329 1618 1363 quamobrem
1632 1334 1660 1357 et
1672 1330 1761 1365 justas

974 1377 1072 1405 poenas
1085 1368 1319 1405 ei‘persolvendas
1336 1379 1397 1400 esse
1416 1372 1548 1401 decrevit.
1561 1373 1636 1402 lluiti
1651 1375 1760 1410 quidem

973 1415 1028 1449 alii,
1055 1420 1084 1444 et
1107 1417 1159 1451 ipsi
1184 1417 1296 1453 pietatis
1321 1426 1403 1446 causa
1428 1419 1560 1452 conclusi,
1585 1427 1697 1449 carcere
1715 1421 1762 1449 illo

973 1461 1175 1491 detinebantur.
1192 1464 1245 1492 Sed
1264 1465 1318 1492 illis
1330 1466 1457 1494 omnibus
1468 1467 1583 1494 multum
1598 1467 1761 1503 adiumenti,

973 1517 1126 1545 magnaque
1141 1510 1176 1538 ad
1188 1511 1349 1546 martyrium
1375 1512 1491 1540 libenter
1505 1513 1697 1549 perferendum
1711 1516 1760 1543 ad-

134 1559 254 1595 κατέστη
276 1560 425 1594 Ἐπίμαχος
438 1566 447 1575 ⁸
462 1559 572 1594 ἀμελῶν
599 1559 648 1594 μὲν
671 1559 725 1586 τῶν
751 1559 812 1586 καθ’
828 1559 921 1586 ἑαυτὸν

974 1555 1095 1584 hortatio
1122 1561 1182 1584 erat
1212 1556 1355 1591 Epimachi
1387 1558 1475 1586 oratio
1506 1564 1589 1594 atque
1621 1560 1757 1594 alacritas,

133 1606 239 1638 δεινῶν,
257 1606 304 1632 δια)¹
320 1606 369 1641 τῆς
385 1605 499 1632 ἐκείνων
523 1605 674 1640 θεραπείας
695 1605 920 1641 ἐπιμελούμενος.

137 1651 254 1678 Ἔπειτα
264 1651 292 1678 δὲ
308 1652 356 1678 καὶ
368 1652 560 1687 παραινέσεως
578 1652 644 1686 πρὸς
659 1651 770 1684 αὐτοὺς,
785 1651 834 1678 καὶ
847 1651 922 1678 διδα-

136 1697 249 1729 σκαλίας
264 1698 428 1731 ἁπτόμενος,
440 1698 488 1724 καὶ
501 1697 661 1733 συγκροτῶν
671 1697 782 1730 αὐτοὺς,
797 1697 923 1733 τειχίζων

135 1741 317 1776 πανταχόθεν,
348 1742 444 1776 νήφειν
472 1743 568 1773 ποιῶν,
586 1742 739 1772 ἀναλώτουτ
766 1743 835 1775 ὅλως
862 1744 923 1775 ταῖς

135 1787 184 1814 τοῦ
199 1787 298 1822 ἐχθροῦ
325 1789 461 1821 μηχαναῖς
481 1787 674 1822 ἐργαζόμενος.

170 1933 208 1960 Ε’.
224 1931 474 1967 Παραοτησάμενος
487 1931 631 1967 τοιγαροῦν
648 1931 747 1962 αὐτοὺς
764 1931 778 1957 ό
791 1931 921 1965 δικάζων,

136 1980 184 2007 καὶ
200 1979 312 2006 πλείονα
337 1978 413 2015 παρὰ
436 1977 504 2005 πολὺ
520 1978 569 2013 τῆς
595 1977 732 2012 προτέρας
750 1977 798 2003 καὶ
824 1977 924 2013 θερμο-

135 2026 219 2061 τέραν
237 2026 287 2061 τὴν
303 2025 430 2052 ἔνστασιν
447 2023 509 2051 ἰδὼν
523 2024 776 2059 ὲπ.δεικνυμὲνους,
796 2023 922 2058 πυθόμε-

136 2080 180 2103 νος
194 2071 224 2099 δὲ
246 2072 294 2099 καὶ
316 2072 365 2108 τὴν
379 2071 470 2098 αἰτίαν
486 2070 534 2098 τοῦ
562 2072 737 2112 πράγματοῆ
762 2070 810 2098 καὶ
827 2070 923 2105 μαθὼν

135 2118 174 2150 ὡς
200 2114 352 2154 Ἐπιμάχου
378 2117 464 2145 ταῦτα
490 2117 642 2152 συμϐουλαί
662 2126 692 2144 τε
709 2117 757 2145 καὶ
775 2117 922 2152 ὑποθῆκαι.

136 2163 246 2190 Τούτων
263 2164 312 2198 μὲν
329 2163 397 2198 μετὰ
413 2163 515 2195 πολλὰς
532 2163 583 2199 ήδη
599 2164 646 2190 καὶ
663 2164 818 2199 ἀφορήτους
834 2172 924 2198 τιμωη

138 2210 199 2246 ρίας
220 2211 345 2245 ἐκτέμνει
373 2209 422 2241 τὰς
439 2209 584 2244 γλώσσας’
609 2206 689 2237 αὗται
713 2210 768 2245 γὰρ
793 2208 864 2245 ἦσαν
894 2210 922 2236 αι

105 2279 111 2285 ,
138 2256 225 2291 μέσην
248 2256 322 2290 αὐτῷ
343 2256 462 2291 μάλιστα
486 2256 656 2292 πλήττουσαι
683 2257 732 2291 τὴν
757 2255 849 2290 ψυχὴν
866 2256 922 2288 τοῖς

138 2302 260 2337 ἐλέγχοις
277 2302 325 2337 τῆς
342 2302 481 2338 ἀληθείας.
494 2301 560 2330 Εἶτα
575 2302 623 2329 καὶ
639 2302 711 2336 ξίφει
724 2303 773 2333 τὰς
792 2310 923 2338 μαρτυρι-

138 2348 188 2380 κὰς
198 2347 288 2374 αὐτῶν
299 2347 418 2382 κεφαλὰς
429 2348 596 2384 ἀφαιρεῖται.
611 2347 697 2374 Μετὰ
708 2347 736 2374 δὲ
744 2347 854 2380 τούτους
862 2347 923 2382 ἄγει

136 2393 276 2430 δεσμώτην
292 2394 337 2421 τὸν
359 2396 481 2428 γενναῖον
509 2393 668 2430 Ἐπίμαχον,
684 2394 733 2421 καὶ
747 2394 805 2420 Ἵνα
820 2393 856 2428 τί,
872 2402 924 2428 φη-

137 2440 192 2474 σὶν,
203 2441 216 2466 ὁ
227 2439 325 2475 σεμνὸς
340 2440 372 2467 σὺ
384 2440 430 2466 καὶ
441 2439 471 2466 τδ
482 2437 552 2471 εἶδος
566 2439 731 2473 ἀξιοθέατος,
745 2440 784 2471 είς
798 2440 924 2466 τοσοῦτον

138 2486 271 2518 ἐξέπεσας
287 2486 455 2520 δυσσεϐείας,
478 2485 515 2517 ὡς
533 2486 570 2522 μὴ
592 2485 672 2521 μόνον
685 2486 776 2522 ἡμῶν,
793 2486 860 2513 ἁλλά
877 2486 923 2513 καὶ

139 2532 208 2559 Θεῶν
227 2531 316 2559 αὐτῶν
330 2532 376 2559 καὶ
392 2531 529 2567 βασιλέων
555 2533 768 2568 αὐτοκρατόρων
783 2541 924 2568 καταφρο-

137 2579 210 2611 νεῖνς
234 2577 406 2613 Ἀνθρώπους
419 2578 470 2613 μὲν
481 2578 536 2613 γὰρ
552 2578 644 2612 ὂντας,
658 2579 775 2613 ἀνάγκη·
789 2579 924 2610 πολλάκις

139 2625 306 2658 σφάλλεσθαι
329 2623 377 2651 τοῦ
401 2626 598 2661 προσήκοντος,
625 2625 695 2661 πλὴν
710 2625 769 2652 ἀλλ’
798 2625 848 2652 οὐκ
862 2625 924 2652 ἐπι·

140 2671 231 2706 μένειν
252 2671 293 2698 δεῖ
314 2672 371 2704 τοῖς
391 2671 493 2706 αὐτοῖς,
509 2671 576 2699 ἀλλὰ
601 2672 820 2707 μεταϐάλλεσθαι
842 2672 925 2699 πάλιν

72 2725 82 2735 ιι
137 2716 310 2752 διορθοῦσθαι
330 2718 364 2745 τὰ
384 2719 449 2753 παρ’
463 2719 542 2754 ἡμῶν
557 2719 596 2755 μὴ
611 2719 726 2752 δεόντως
739 2719 921 2755 γεγενημένα.

139 2763 245 2789 οὐκοῦν
272 2763 435 2800 ἀνθρωπίνῳ
450 2766 496 2791 καὶ
510 2765 591 2798 αὐτὸς
606 2766 686 2794 πάθει
717 2766 845 2799 ἑαλωκὼς
860 2766 924 2793 ἀνά-

138 2807 222 2842 νηψόν
233 2816 299 2835 πιτε
315 2809 360 2836 καὶ
370 2811 455 2845 ήμετέ
461 2819 535 2847 ρους,
549 2810 621 2845 εἶξον
632 2814 837 2849 προστάγμασι,
853 2813 924 2840 θύων

140 2854 187 2880 σὺν
213 2854 280 2888 ἡμῖν
299 2855 356 2886 τοῖς
384 2856 456 2888 θεοῖς
479 2862 526 2884 καὶ
551 2859 644 2891 αὐτοῖς
669 2856 782 2892 εὐνοῶν,
809 2859 857 2887 καὶ
885 2859 923 2891 ὡς

220 2900 354 2931 l’n‘noL.
374 2903 432 2932 (in.
456 2904 508 2933 CX
515 2905 547 2943 ις.

974 1602 1076 1637 quippe
1093 1603 1166 1637 quod
1185 1611 1281 1630 omnes
1296 1604 1446 1636 cruciatus,
1463 1613 1532 1640 quos
1545 1606 1595 1634 sibi
1608 1611 1718 1642 paratos
1729 1616 1760 1636 ac

973 1649 1131 1685 propositos
1156 1649 1454 1686 videbat,‘negligens,
1477 1651 1511 1679 de
1537 1652 1647 1681 illorum
1673 1654 1761 1682 salute

974 1699 1080 1724 tantum
1102 1700 1161 1723 erat
1181 1695 1325 1724 sollicitus.
1343 1697 1383 1724 Ad
1402 1698 1460 1725 haec
1485 1698 1720 1728 admonitionibus
1734 1706 1762 1728 et

973 1743 1098 1772 doctrina
1112 1743 1198 1770 multa
1215 1750 1264 1771 eos
1288 1743 1444 1772 instruebat
1463 1750 1546 1781 atque
1569 1745 1759 1777 conﬁrmabat.

973 1789 1093 1824 undique
1108 1789 1182 1824 ipsos
1197 1789 1336 1821 muniens,
1351 1789 1448 1825 eisque
1465 1793 1634 1826 persuadens
1649 1797 1680 1821 ut
1694 1794 1763 1830 vigi—

973 1836 1062 1864 lantes
1078 1843 1111 1863 ac
1129 1836 1196 1864 tales
1220 1844 1281 1864 esse
1299 1837 1453 1871 studerent,
1470 1839 1518 1873 qui
1531 1840 1644 1868 omnino
1663 1842 1698 1869 ab
1712 1841 1762 1869 ho-

973 1881 1024 1908 stis
1043 1880 1144 1907 diaboli
1159 1881 1294 1909 machinis
1306 1884 1457 1918 expugnari
1472 1891 1528 1912 non
1544 1891 1669 1920 possent.

1008 1948 1042 1976 V.
1064 1948 1131 1976 Cum
1147 1956 1212 1976 vero
1233 1949 1318 1984 iudex
1338 1951 1399 1980 illos
1423 1953 1457 1980 ad
1482 1960 1512 1981 se
1535 1954 1598 1983 duci
1620 1955 1761 1991 iussisset,

973 2001 1075 2028 eosque
1104 1994 1189 2023 multo
1214 1998 1396 2030 constantius,
1422 2006 1504 2034 quam
1532 2005 1630 2034 antea,
1658 2003 1759 2032 Christ:

973 2038 1174 2082 confessionem
1195 2041 1316 2076 proﬁteri
1330 2044 1452 2078 vidisset.
1467 2046 1581 2082 ejusque
1594 2048 1633 2076 rei
1650 2057 1759 2079 causam

973 2081 1116 2117 Epimachi
1142 2085 1257 2112 consilia
1276 2090 1304 2113 et
1329 2081 1544 2118 adhortationes,
1555 2090 1641 2121 fuisse
1659 2101 1760 2130 cogno-

973 2128 1067 2162 visset,
1082 2129 1191 2157 illorum
1206 2131 1340 2166 omnium,
1352 2135 1523 2169 postmultos
1533 2140 1562 2164 et
1573 2128 1761 2168 intolerabiles

973 2174 1124 2207 cruciatus,
1148 2175 1256 2211 linguas
1277 2178 1401 2207 exscindi
1418 2180 1511 2215 jussit,
1532 2181 1587 2217 (bis
1608 2183 1680 2212 enim
1698 2190 1760 2214 ute-

938 2227 961 2255 ι)
975 2221 1074 2249 bantur
1091 2227 1222 2257 martyres
1245 2223 1278 2251 ad
1297 2225 1439 2253 veritatem
1463 2226 1674 2264 defendendam,
1696 2240 1757 2267 qua:

976 2274 1020 2295 res
1048 2267 1149 2303 iudicis
1177 2269 1298 2297 animum
1329 2272 1447 2300 maxime
1478 2275 1628 2311 cruciabat)
1661 2278 1760 2307 deinde

975 2313 1132 2341 earumdem
1144 2315 1233 2350 capita
1244 2316 1332 2351 gladio
1343 2319 1488 2353 amputari.
1502 2320 1631 2350 Posthac
1640 2323 1760 2353 vinctum

974 2357 1008 2404 ad
1033 2364 1063 2384 se
1088 2357 1150 2385 duci
1173 2358 1256 2394 jussit
1279 2368 1442 2396 generosum
1467 2363 1657 2402 Epimachum,
1679 2377 1761 2404 quem

975 2403 1106 2431 intuens:
1121 2404 1222 2438 Quare,
1237 2405 1338 2441 inquit,
1356 2411 1386 2435 tu
1398 2408 1440 2435 vir
1452 2409 1492 2437 ita
1512 2411 1613 2445 gravis,
1629 2417 1657 2441 et
1673 2414 1759 2442 forma

975 2449 1127 2484 spectabili,
1156 2450 1189 2478 ad
1214 2458 1273 2479 eam
1300 2452 1468 2488 impietatem
1493 2457 1636 2492 prolapsus
1666 2468 1706 2493 es,
1732 2467 1761 2488 ut

975 2503 1030 2524 non
1054 2496 1142 2524 solum
1158 2504 1220 2530 nos,
1245 2498 1293 2526 sed
1309 2498 1376 2527 deos
1390 2500 1471 2528 etiam
1495 2501 1570 2537 ipsos
1591 2508 1618 2531 et
1642 2504 1759 2540 impera-

976 2546 1048 2570 tores
1063 2543 1274 2575 contemneres?
1288 2543 1421 2574 Homines
1435 2547 1548 2582 quidem
1568 2556 1639 2584 saepe
1655 2550 1688 2578 ab
1701 2551 1759 2578 otii.

975 2587 1018 2616 cio
1034 2588 1162 2617 aberrare
1177 2596 1291 2618 necesse
1312 2595 1364 2625 est,
1379 2597 1408 2620 at
1426 2600 1482 2620 non
1510 2593 1589 2622 decet
1614 2599 1703 2623 tamen
1731 2598 1757 2624 in

975 2635 1073 2663 erratis
1087 2642 1257 2671 permanere,
1274 2637 1323 2666 sed
1336 2638 1480 2666 consilium
1495 2645 1613 2676 mutare,
1630 2645 1657 2670 et
1672 2643 1759 2671 corri-

975 2687 1049 2714 gere,
1063 2688 1124 2716 quae
1139 2689 1195 2709 non
1220 2686 1293 2710 recte
1308 2690 1323 2710 a
1338 2683 1418 2712 nobis
1434 2683 1506 2712 facta
1529 2685 1643 2716 fuerint.
1659 2686 1761 2721 Quam-

974 2724 1069 2771 obrem
1086 2731 1114 2754 et
1129 2730 1168 2760 tu,
1185 2735 1247 2755 cum
1268 2728 1388 2757 humano
1413 2737 1489 2758 more
1509 2734 1678 2767 peceaveris,
1699 2739 1758 2762 tan-

974 2770 1036 2798 dem
1050 2770 1207 2807 resipiscas,
1222 2778 1249 2801 et
1262 2775 1364 2803 nostris
1372 2775 1458 2811 jussis
1473 2777 1599 2812 obedias,
1616 2780 1759 2809 nobiscum

975 2825 1028 2845 una
1039 2817 1090 2846 diis
1101 2819 1269 2856 sacriﬁcans,
1281 2826 1310 2850 et
1321 2822 1349 2850 in
1362 2822 1422 2852 illos
1435 2823 1654 2854 benevolentiam
1665 2831 1759 2855 osten-

976 2861 1054 2898 deus,
1081 2870 1128 2898 ne,
1153 2864 1176 2893 si
1200 2864 1266 2893 deos
1287 2866 1363 2902 ipsos
1378 2867 1499 2897 omnium
1522 2868 1650 2899 dominos
1670 2871 1759 2901 colere

1565 2915 1603 2947 42
