2047 3150
173 155 183 187 1
189 157 242 188 325

737 152 970 185 MARTYRIUM
987 152 1014 184 S.
1039 151 1234 183 EPIMACHL

1729 150 1797 181 1326

171 219 274 246 φανος·
298 211 494 247 ιγχειριζέσθω
510 211 643 247 κάλαμος.
669 212 701 238 0i
732 211 888 247 ιμπαιγμοὶ
915 210 953 241 δὲ,

1016 214 1046 242 :t,
1073 209 1189 236 Veniant
1222 211 1248 236 in
1277 217 1319 236 me
1351 209 1445 244 alapae,
1473 208 1612 236 dicebat:
1639 207 1798 242 injiciantur

171 259 248 293 φησὶ,
263 258 325 290 ποῦ,
343 257 396 284 ποῦ
407 258 441 285 τὰ
459 256 642 292 porticuum;
658 257 752 293 Μικρὰ
774 257 829 293 γὰρ
844 256 908 292 ἐμοὶ
922 256 956 282 τὰ

171 303 295 338 παρόντα
309 305 377 338 πρὸς
391 304 484 330 ἐκεῖνα
501 303 626 338 βλέποντι
641 304 689 330 καὶ
707 302 794 335 οὕτως
807 303 957 337 ἐφιεμένῳ.

1010 258 1110 291 sputa:
1138 254 1320 284 circumdelur
1347 260 1430 292 caput
1453 264 1544 284 meum
1568 263 1668 283 corona
1684 255 1797 288 spinea;

1011 301 1092 329 detur
1108 301 1135 329 in
1151 309 1248 329 manus
1258 307 1285 329 et
1301 302 1415 330 arundo.
1432 301 1547 330 Ubinam
1575 306 1638 328 sunt
1664 301 1797 328 dedecora

171 354 200 376 et
221 349 384 377 irrisiones?
399 349 444 376 ubi
468 349 569 384 alapae?
589 348 689 377 Omnia
711 349 785 377 enim
810 347 950 384 presenti:
984 346 1041 375 haec
1061 348 1127 375 mihi
1154 349 1186 376 ad
1206 349 1299 376 futura
1315 348 1358 376 illa
1375 349 1445 376 bona
1468 348 1615 383 spectanti.
1643 355 1729 382 eaque
1749 355 1798 381 ap-

173 394 286 430 petenti,
302 394 431 421 videntur
446 401 527 429 parva
542 393 664 429 quaedam
676 401 747 426 esse,
761 401 793 421 ac
806 401 855 428 pro
866 389 952 419 nihilo
965 389 1099 418 facienda.

207 439 245 468 8'.
261 439 312 466 Διὰ
325 440 402 466 τοῦτο
413 439 461 466 καὶ
476 439 591 474 βάσανος
603 440 686 475 ἑτέρα
696 439 736 474 τῷ
751 439 854 475 ἀθλητῇ
871 447 956 473 προσ-

172 486 245 521 θήκη
265 485 317 520 τῆς
339 485 529 520 προλαόούσης
552 485 684 520 ἐπήγετο,
701 484 749 512 καὶ
767 484 852 516 λίθοις
873 483 961 516 ὀξέσιν

172 532 188 559 ὁ
203 532 326 565 γενναῖος
349 531 510 566 ὲπλήττετο,
531 531 697 566 πρόσταγμα
712 530 740 557 δὲ
756 530 804 557 τοῦ
825 530 960 564 τυράννου

172 577 265 611 τοῦτο,
285 577 334 604 καὶ
349 577 398 612 τῆς
413 576 535 612 ἀπηνοῦς
563 577 653 612 ψυχῆς
667 577 776 611 suum;
800 576 848 602 καὶ
872 576 961 602 ἁπαν-

173 623 296 659 θρὼπου.
315 624 384 656 Ἵνα,
400 624 477 657 φησὶ,
496 623 587 650 πυκνὰ
599 623 830 659 διαθραττομένου
844 623 891 649 τοῦ
909 622 961 649 σώ-

175 678 271 704 ματος,
293 669 389 696 θᾶττον
411 669 558 705 ἀπορρήξῃ
575 669 623 696 καὶ
638 668 688 703 τὴν
702 669 802 704 ψυχήν.
821 668 961 703 Ἐλελήθει

173 716 202 742 δὲ
215 716 269 751 ἄρα
283 715 474 751 λαμπρότερον
484 714 565 742 αὑτὸν
577 714 772 750 ἐργαζόμενος,
785 715 832 741 καὶ
848 715 960 741 πλείονα

173 761 212 796 τῷ
227 762 346 798 μάρτυρι
359 761 496 796 προξενῶν
509 760 557 796 τὴν
570 761 638 795 πρὸς
649 760 696 787 τὸν
710 760 778 788 Θεὸν
792 760 960 796 παρρησίαν.

181 807 264 834 Ἀλλὰ
287 807 452 842 προσεκτέον
467 806 506 842 τῷ
521 806 671 841 διηγήματι
683 813 690 820 ”
707 806 754 833 καὶ
769 806 823 841 γὰρ
846 807 956 842 ἐκδηλοη

1048 438 1094 466 IX.
1117 438 1179 466 llrc
1191 446 1252 466 cum
1267 438 1370 466 diceret
1379 443 1490 474 martyr,
1502 438 1642 473 prioribus
1653 437 1790 465 tormenti.

1010 492 1079 512 nova
1103 485 1226 519 quaedam
1251 484 1460 517 adiiciebantur,
1493 489 1521 511 et
1543 485 1631 511 aeutis
1654 483 1790 517 lapidibus

1011 537 1158 565 generosm
1175 530 1220 557 ille
1237 530 1351 561 athleta,
1368 529 1487 564 tyranni,
1506 530 1559 558 hoc
1574 534 1615 557 est
1631 529 1750 557 crudelis
1765 534 1793 556 et

1011 577 1166 604 inhumana:
1183 584 1294 612 prorsus
1308 576 1407 603 anima:
1422 576 1513 610 jussu.
1528 576 1688 604 feriebalur.
1706 575 1795 602 Insta-

1010 622 1057 650 bat
1076 623 1148 650 enim
1164 630 1197 650 ac
1211 622 1342 658 urgebat:
1363 621 1412 652 Ita.
1430 621 1568 655 inquiens.
1585 620 1723 648 hominem
1738 628 1798 655 per-

1011 669 1109 699 cutite,
1125 673 1155 696 ut
1180 669 1240 702 ejus
1259 674 1374 701 corpore
1398 667 1504 694 crebris
1528 667 1627 694 ictibus
1649 666 1796 701 perfracto,

1011 715 1155 743 celerrime
1169 714 1287 741 animam
1307 713 1393 748 ipsam
1411 713 1566 745 abrumpat.
1584 713 1637 740 Sed
1656 721 1709 741 non
1724 712 1802 739 vide-

1012 762 1059 789 bat
1082 766 1213 797 tyrannus
1240 759 1294 792 ille.
1321 763 1467 794 martyrem
1502 767 1533 786 ea
1563 767 1592 785 re
1625 758 1801 786 illustriorem

1015 807 1096 839 elici.
1115 807 1302 841 majoremque
1322 806 1392 840 apud
1413 804 1498 832 Deum
1518 803 1644 831 ﬁduciam
1661 803 1712 838 ipsi
1731 811 1800 830 cott-

174 853 256 888 τέρας
270 853 320 888 ἠδη
333 854 382 887 τῆς
395 853 506 888 χάριτος
520 851 679 884 ἀπολαύειν,
690 852 737 879 καὶ
749 852 802 880 τῶν
815 852 962 888 θαυμάτων

1016 853 1112 881 eiliari.
1125 852 1260 880 Caeterum
1277 858 1385 883 eorum,
1401 858 1462 886 qua:
1477 850 1593 877 dicenda
1611 853 1686 881 sunt,
1702 855 1802 876 narra-

179 898 243 925 Ἐπί
246 908 333 935 μαχος
348 899 474 934 ἄρχεται.

212 1031 239 1059 Ι¹.
274 1031 305 1058 '0
332 1032 387 1067 μὲν,
406 1032 527 1065 ἔξαενετο
559 1031 695 1068 μετέωρος
720 1034 767 1060 ἐπὶ
797 1032 889 1066 ξύλου,
916 1033 965 1060 καὶ

174 1076 258 1109 λίθοις
271 1077 306 1104 τὰ
329 1079 396 1105 ὁστᾶ
411 1078 600 1106 διακέκλαστο.
619 1079 693 1115 Κόρη
713 1080 743 1106 δέ
757 1088 799 1112 τις
814 1079 874 1107 ἐκεῖ
892 1088 964 1114 παρ-

175 1123 296 1158 ειστήκει
329 1123 412 1159 μέρος
445 1122 513 1151 οὖσα
536 1125 583 1152 καὶ
606 1125 675 1160 αὑτὴ
695 1125 743 1152 τοῦ
768 1126 895 1161 θεάτρου,
918 1125 965 1152 τὸν

175 1169 270 1203 ἕτερον
296 1170 485 1206 πεπηρωμένη
515 1171 570 1198 τῶν
598 1171 755 1206 ὀφθαλμῶν.
783 1170 893 1206 Ταύτης
918 1168 965 1197 οὖν

178 1214 286 1245 ἀτενῶς
317 1215 384 1249 πρὸς
412 1216 515 1242 ἐκεῖνον
541 1216 660 1251 ὁρώσης,
686 1216 734 1243 καὶ
759 1217 809 1248 τὰς
841 1217 965 1252 χαλεπὰς

178 1260 286 1291 ὲκείνας
305 1259 432 1291 κολάσεις
446 1261 563 1298 ὁδυρμδν
581 1262 759 1297 ποιουμένης,
777 1262 860 1297 μέρος
872 1271 897 1288 τι
909 1262 964 1289 τῶν

178 1305 225 1332 τοῦ
258 1306 399 1341 μάρτυρος
424 1308 534 1342 σαρκῶν
561 1307 668 1335 ἐκεῖθεν
700 1309 880 1335 ἀποσπασθὲν
918 1309 965 1335 καὶ

178 1352 296 1388 διαέριόν
312 1361 370 1384 πως
384 1353 547 1389 φερόμενον,
564 1354 713 1387 ἀποστάζει
727 1354 777 1382 τοῦ
792 1356 908 1390 αἵματος
925 1356 965 1386 εἰς

179 1399 225 1424 τὶν
245 1399 400 1435 ὀςςοαλμόψ
414 1401 462 1427 καὶ
487 1402 501 1428 ὁ
525 1401 680 1437 σταλαγμὸς
691 1403 792 1429 αὐτίκα
813 1403 911 1436 παγεὶς
932 1403 965 1437 (ὣ

180 1444 323 1479 θαύματος
353 1446 514 1474 ἁνεικάστου
534 1448 540 1474 l
561 1447 583 1474 ὥ
617 1448 709 1475 πάντα
737 1448 817 1481 λόγον
846 1448 965 1484 νικώσης

179 1490 407 1526 φιλανθρωπίας),
434 1493 491 1527 φῶς
516 1493 621 1527 γίνεται
640 1493 737 1530 ταύτῃ.
758 1494 806 1520 καὶ
827 1494 891 1528 ὑγιῆ
919 1494 964 1521 τὴν

1015 899 1117 928 tionem
1145 907 1302 934 sequamur.
1335 895 1470 932 Deinceps
1495 896 1568 923 enim
1605 896 1714 930 planum
1746 896 1803 929 ﬁet,

1000 945 1246 982 ’quemadmodum
1264 943 1433 979 Epimachus
1446 941 1665 969 manifestiorem
1680 941 1726 969 Dei
1741 947 1788 977 κτα
1801 957 1806 962 -

1016 992 1082 1019 tiam
1098 997 1126 1018 et
1140 990 1272 1018 miracula
1287 993 1398 1016 secutus
1413 992 1466 1016 est.

1050 1037 1084 1064 X.
1107 1035 1288 1064 Lacerabatur
1302 1035 1346 1061 ille
1357 1034 1467 1069 quidem
1484 1034 1511 1060 in
1526 1034 1610 1068 ligno.
1627 1039 1653 1060 et
1669 1032 1806 1067 lapidibus

1016 1083 1175 1113 iericbatnr.
1194 1087 1224 1109 ιιι
1249 1081 1308 1115 ejus
1322 1087 1383 1107 ossa
1408 1080 1490 1106 etiam
1518 1079 1576 1115 ipsa
1601 1079 1804 1114 frangerentur.

1016 1128 1107 1156 Puella
1120 1134 1185 1155 vero
1195 1127 1318 1163 quaidam
1332 1125 1387 1153 illic
1395 1125 1513 1158 astabat,
1529 1131 1557 1152 et
1570 1126 1627 1160 ipsa
1639 1133 1692 1152 una
1707 1133 1740 1152 ex
1758 1133 1807 1153 eo.

1015 1183 1075 1202 rum
1091 1182 1217 1205 numero.
1241 1173 1288 1208 qui
1313 1172 1471 1208 spectaculo
1485 1172 1611 1199 aderant.
1630 1172 1696 1199 Erat
1713 1176 1804 1199 autem

1017 1220 1095 1248 oeulo
1108 1221 1194 1247 altero
1213 1225 1359 1247 excaecata.
1387 1219 1436 1246 llla
1452 1226 1514 1246 cum
1539 1217 1573 1245 ad
1593 1222 1738 1252 martyrem
1764 1217 1806 1244 in-

1018 1271 1092 1294 tenta
1109 1270 1192 1297 esset,
1213 1271 1240 1293 et
1256 1265 1432 1300 gravissimos
1445 1265 1505 1299 ejus
1523 1264 1662 1291 cruciatus
1678 1264 1808 1290 lamenta-

1017 1318 1101 1344 retur.
1114 1320 1177 1347 pars
1189 1312 1312 1347 quedam
1329 1319 1344 1338 e
1364 1312 1492 1347 martyris
1510 1310 1640 1337 carnibus
1653 1313 1806 1342 abstracta,

1016 1364 1042 1387 et
1057 1367 1105 1395 per
1122 1366 1213 1386 aerem
1228 1358 1342 1394 perlata,
1361 1357 1388 1384 in
1407 1357 1480 1384 illius
1501 1356 1599 1392 puellae
1615 1355 1723 1384 oculum
1739 1362 1804 1382 sau-

1015 1405 1105 1439 guinis
1119 1409 1222 1440 guttam
1237 1403 1389 1435 instillavit,
1406 1409 1467 1437 quae
1485 1401 1595 1436 quidem
1607 1401 1634 1436 (ο
1649 1399 1808 1428 miraculum

1016 1450 1163 1486 singulare,
1181 1457 1197 1477 ο
1212 1449 1258 1476 Dei
1272 1448 1471 1484 benignitatem
1489 1447 1567 1475 omni
1579 1447 1707 1474 oratione
1723 1447 1810 1481 majo-

1016 1496 1086 1531 rem)
1103 1495 1131 1523 in
1146 1495 1238 1523 lumen
1253 1494 1346 1522 statim
1364 1501 1495 1522 conversa
1511 1498 1564 1525 est.
1588 1497 1616 1520 et
1629 1493 1726 1527 puella:
1740 1500 1807 1519 ocu-

178 1536 318 1571 ὀφθαλμὸν
333 1538 508 1566 ἀποδίδωσιν.
531 1539 612 1566 Ἀλλὰ
624 1539 705 1566 τοῦτο
719 1539 767 1575 μὲν
781 1539 813 1574 δὴ
824 1539 964 1574 πάρεργον

1016 1540 1071 1567 lum
1088 1547 1186 1567 sanum
1204 1539 1303 1566 eﬂ'ecit.
1319 1537 1376 1565 Hoc
1392 1537 1532 1572 Epimachi
1545 1537 1673 1572 martyris
1688 1536 1807 1563 miracu-

184 1581 328 1619 Ἐπιμάχῳ
359 1583 406 1610 τοῦ
436 1585 600 1620 μαρτυρίου,
623 1587 669 1613 καὶ
690 1585 776 1617 οὕτως
806 1586 890 1612 αὐτοῦ
919 1587 966 1612 καὶ

179 1628 255 1662 ῥανὶς
267 1628 383 1663 αἰματος
401 1630 469 1665 μόνη
490 1630 626 1666 τοσαύτην
642 1630 755 1658 δύναται
771 1630 904 1666 παρέχειν
917 1630 967 1666 τὴν

179 1671 338 1706 θεραπείαν.

216 1718 270 1746 IA'.
293 1720 370 1745 Ἐπεὶ
382 1721 410 1746 δὲ
425 1721 537 1754 ἀκλινὴς
552 1722 655 1752 δκεῖνος
666 1722 756 1756 ὼρᾶτο
765 1724 812 1751 καὶ
829 1724 878 1758 τὴν
891 1723 968 1749 εὐσέ-

180 1761 258 1788 σειαν
283 1763 451 1796 ἀμετάθετος
472 1765 490 1798 ὴ
507 1765 650 1792 τελευταία
679 1766 740 1792 κατ’
763 1765 846 1793 αὑτοῦ
868 1766 968 1793 δίδοται

180 1807 281 1842 ψῆφος,
292 1808 340 1834 καὶ
355 1808 428 1842 ξίφει
440 1809 490 1844 τὴν
506 1811 582 1844 ἱερὰν
595 1811 706 1846 ἐκείνην
724 1812 739 1836 ό
759 1812 864 1846 μάρτυς
883 1821 970 1846 κεφα-

180 1853 229 1888 λὴν
241 1854 421 1890 ἀφαιρεῖται·
438 1853 468 1880 τὸ
492 1854 584 1888 μέντοι
601 1855 681 1890 σῶμα
703 1856 800 1883 τούτου
824 1857 855 1882 τὸ
878 1857 969 1890 τίμιον

181 1898 287 1925 πιστῶν
303 1899 398 1934 χερσὶν
411 1898 492 1931 ὁσίως
509 1899 684 1934 περισταλὲν,
701 1900 763 1926 ἐκεῖ
778 1899 967 1932 κατατίθεται,

181 1945 248 1971 ὅπου
262 1946 309 1972 καὶ
319 1945 370 1980 τὴν
386 1945 559 1981 μαρτυρικὴν
573 1945 679 1981 ὑπέστη
694 1946 846 1973 τελείωσιν.
864 1946 968 1973 Τούτου

181 1990 231 2025 τὴν
256 1991 408 2026 μαρτυρίαν
429 1990 569 2026 ἐθαύμασε
595 1991 643 2026 μὲν
669 1991 813 2018 unum;
844 1991 970 2024 Ἀλεξαν-

182 2036 268 2072 δρέων
279 2037 374 2072 δῆμος,
391 2038 439 2064 καὶ
453 2038 511 2065 ὅσοι
535 2038 586 2072 τῆς
602 2039 751 2073 προσοίκου
774 2039 913 2072 Αἰγύπτου
935 2039 970 2066 τὰ

184 2082 300 2109 πιότατα
324 2083 464 2118 νέμοντας,
487 2086 677 2120 κατεκόσμησε
696 2084 723 2110 δὲ
742 2085 789 2111 καὶ
803 2085 885 2116 αὐτὸς
900 2085 971 2112 ἄνω-

184 2127 229 2154 θεν
244 2128 323 2154 αὑτὸν
339 2129 482 2163 στεφάνοις
494 2130 631 2165 λαμπροῖς
653 2131 667 2156 ὁ
679 2130 877 2166 Ἀγωνοθέτης,
893 2132 926 2157 δι’
942 2132 971 2158 ὅν

182 2183 213 2201 τε
236 2176 332 2203 παθεῖν
349 2175 449 2208 εἵλετο,
467 2177 514 2204 καὶ
531 2173 561 2204 οὗ
594 2177 715 2213 μιμητὴς
742 2177 820 2213 eatea
844 2178 971 2212 γενέσθαι

183 2221 238 2248 τῶν
249 2223 440 2258 παθημάτων·
468 2221 490 2258 ᾧ
515 2224 614 2259 πρέπει
639 2225 716 2251 πᾶσα
730 2224 806 2257 δόξα,
835 2225 902 2259 τιμὴ
924 2225 971 2251 καὶ

184 2269 379 2305 προσκύνησις,
399 2271 447 2298 νῦν
462 2271 508 2298 καὶ
528 2271 572 2298 ἀεὶ
589 2271 637 2298 καὶ
652 2270 693 2302 εἰς
713 2270 776 2302 τοὺς
797 2270 899 2303 αἰῶνας
916 2271 971 2298 τῶν

183 2315 300 2343 αἰώνων.
317 2317 413 2353 Ἀμήν.

1019 1586 1074 1613 lum
1096 1585 1173 1620 quasi
1190 1588 1417 1620 pertranseuntes
1444 1583 1574 1614 diximus,
1597 1587 1626 1609 ut
1644 1582 1804 1609 ostendere-

1020 1639 1082 1658 mus
1102 1638 1183 1658 unam
1199 1631 1260 1664 ejus
1284 1629 1336 1656 viri
1350 1628 1493 1664 sanguinis
1512 1631 1615 1664 guttam
1635 1627 1728 1655 subito
1748 1633 1809 1655 Ian-

1020 1682 1074 1705 tam
1089 1677 1258 1704 curationem
1271 1675 1369 1704 aliene
1387 1674 1522 1710 potuisse.

1054 1723 1103 1750 XI.
1124 1722 1192 1751 Cum
1220 1729 1285 1750 vero
1301 1726 1405 1756 martyr
1431 1721 1458 1748 in
1483 1721 1620 1748 diversam
1645 1720 1811 1747 sententiam

1020 1767 1092 1795 ﬂecti
1105 1775 1160 1795 non
1178 1774 1280 1802 posset.
1297 1773 1325 1795 et
1340 1768 1387 1795 Dei
1401 1767 1561 1803 religionem
1580 1774 1749 1802 nequaquam
1763 1774 1813 1793 ne-

1020 1822 1085 1850 gare
1099 1814 1191 1845 vellet,
1208 1813 1305 1840 ultima
1321 1813 1349 1839 in
1367 1821 1430 1840 eum
1442 1813 1578 1840 sententia
1596 1813 1649 1839 lata
1663 1817 1714 1842 est.
1729 1817 1755 1839 et
1768 1821 1813 1840 su-

1020 1866 1097 1885 crum
1117 1858 1183 1884 illud
1200 1859 1328 1892 martyris
1348 1861 1433 1891 caput
1448 1858 1538 1884 securi
1561 1865 1722 1891 percussum
1741 1857 1812 1885 fuit:

1020 1908 1048 1931 et
1062 1903 1121 1937 ejus
1138 1902 1247 1937 quidem
1271 1901 1457 1929 venerandum
1479 1908 1589 1936 corpus,
1615 1902 1736 1929 ﬁdelium
1764 1902 1814 1929 ho-

1021 1949 1126 1976 minum
1145 1948 1271 1975 manibus
1282 1947 1409 1982 religiose
1432 1952 1570 1978 curatum,
1599 1947 1652 1973 illie
1671 1947 1811 1975 conditum

1021 1999 1073 2025 est.
1099 1994 1143 2020 ubi
1172 1998 1199 2020 et
1227 1992 1349 2029 martyrii
1376 1993 1509 2020 sustinuit
1532 1993 1812 2020 Consummationem.

1023 2041 1087 2076 Ejus
1104 2041 1155 2068 viri
1170 2045 1310 2068 certamen
1333 2047 1388 2067 non
1413 2039 1614 2067 Alexandrinus
1635 2043 1739 2066 tantum
1763 2047 1813 2073 po-

1022 2088 1111 2123 pulus,
1126 2086 1227 2122 quique
1242 2085 1371 2113 ﬁnitimas
1387 2093 1419 2113 ac
1435 2084 1619 2112 feracissimas
1636 2084 1744 2120 {Egypti
1759 2092 1804 2112 re-

1022 2133 1117 2168 giones
1133 2132 1236 2164 colunt,
1251 2131 1329 2159 valde
1345 2131 1471 2158 admirati
1488 2139 1519 2158 ac
1534 2130 1646 2158 reveriti
1663 2134 1728 2158 sunt
1743 2139 1750 2157 :
1766 2131 1813 2158 sed

1023 2178 1090 2205 illud
1118 2177 1237 2205 mundus
1260 2184 1335 2204 nunc
1357 2176 1476 2204 celebrat
1502 2177 1656 2204 universus.
1681 2175 1813 2203 Eumdem

1024 2232 1132 2259 quoque
1146 2223 1327 2251 certaminum
1342 2227 1439 2250 auctor
1459 2228 1486 2249 et
1507 2223 1591 2258 jndex
1609 2221 1682 2249 Deus
1706 2230 1722 2250 e
1743 2222 1814 2248 coelo

1026 2270 1123 2298 illustri
1139 2277 1240 2298 corona
1263 2268 1386 2300 donavit,
1411 2273 1524 2304 propter
1549 2276 1631 2302 quem
1648 2268 1814 2303 Epimachus

1024 2317 1161 2345 cruciatus
1181 2322 1276 2343 omnes
1296 2321 1441 2350 perpessus
1466 2319 1518 2345 est,
1544 2314 1660 2349 ejusque
1689 2313 1814 2341 imitator

185 2367 245 2388 esse
262 2361 289 2388 in
304 2363 446 2391 tormentis
462 2362 633 2398 perferendis
654 2365 771 2390 maxime
785 2363 942 2399 concupivit
961 2371 993 2392 ac
1012 2364 1127 2392 studuit.
1144 2363 1198 2398 lpsi
1215 2363 1337 2390 Creatori
1360 2368 1388 2390 et
1406 2362 1550 2395 Salvatori,
1569 2361 1685 2388 Domino
1702 2367 1733 2386 ac
1758 2359 1814 2385 D.-o

187 2414 281 2436 nostro
302 2410 337 2437 sit
365 2410 462 2446 gloria,
492 2411 580 2437 honor
608 2413 636 2437 et
665 2410 789 2437 aduratio
814 2419 876 2438 eum
903 2411 983 2439 Patre
1008 2411 1135 2447 principii
1175 2410 1291 2446 ﬁnisque
1321 2415 1443 2445 experte,
1477 2414 1505 2437 et
1535 2409 1709 2437 sanctissimo
1733 2411 1814 2442 atque

187 2456 342 2485 viviﬁcante
356 2457 470 2493 Spiritu,
487 2466 547 2493 qua:
560 2462 601 2485 est
619 2465 671 2485 una
699 2458 827 2486 divinitas
850 2459 876 2486 in
890 2460 987 2494 zequali
1005 2465 1032 2488 et
1049 2459 1188 2487 individua
1203 2458 1347 2492 Trinitate.
1361 2459 1441 2486 vitam
1465 2458 1591 2493 praebens
1606 2456 1679 2484 omni
1691 2454 1815 2492 spiritu‘,

187 2505 215 2528 et
232 2509 347 2537 regnans
362 2510 438 2531 nunc
455 2507 482 2531 et
497 2510 617 2539 semper,
633 2507 661 2531 et
681 2502 710 2530 in
732 2504 830 2532 saecula
855 2505 1029 2533 saeculorum.
1046 2505 1145 2532 Amen.
