4208 6300
146 380 200 446 13
1280 391 1460 455 Vl'l‘A
1503 391 1563 449 S.
1606 390 1808 450 ΤΗΕο

1687 390 2121 452 lEOPIlANlS.
3285 393 3349 458 Μ

142 501 393 566 ὀμωνυμος
433 496 609 567 αὐτῷ,
660 500 800 554 πάνυ
840 499 1115 571 βάρϐαρος
1152 505 1246 556 καὶ
1290 504 1561 575 θηριώδης
1592 506 1683 558 τὸν
1709 511 1804 569 ΑΙ

1709 511 1762 569 Α
1789 505 1948 561 minis
1979 504 2098 571 fuit,
2127 502 2390 561 barbarus
2418 504 2641 561 omnino
2675 513 2833 576 atque
2873 505 3053 562 elferis
3088 506 3348 568 moribus.

140 587 327 656 τρόπον,
357 587 448 638 καὶ
475 587 572 640 τοῦ
607 589 708 659 τῆς
747 591 1011 660 αἱρέσεως
1039 595 1281 663 σμήνους
1324 594 1594 665 σύμφρων
1624 613 1681 649 τε

139 682 214 731 καὶ
254 677 622 752 ἀντιλήπτωρ’
669 681 726 744 ὃς
775 683 862 736 διὰ
912 685 1010 754 τὴν
1049 685 1309 757 τοιαύτην
1359 682 1681 742 δυσσέϐειαν

137 770 476 840 ὁμοτράπεζος
525 771 604 842 τῷ
656 773 868 843 βασιλεῖ
921 777 1268 849 καθεκάστην
1328 780 1537 850 ὑπῆρχε
1588 781 1683 834 καὶ

138 860 261 926 φίλος
294 861 612 930 περιδέξιος.
641 865 753 917 Καὶ
790 867 854 938 δὴ
890 867 1078 938 μαθὼν
1104 869 1174 923 τά
1211 871 1338 940 περὶ
1366 872 1462 942 τῆς
1498 871 1683 934 οὐσίας

134 952 210 1003 τοῦ
240 955 516 1022 μακαρίου,
566 957 816 1011 κελεύσει
887 959 1137 1030 βασιλικῇ
1187 963 1431 1033 συνεργῷ
1473 966 1682 1036 χρησά-

136 1059 290 1109 μενος,
321 1044 571 1112 ζευγνύει
618 1049 694 1119 τῷ
735 1050 1002 1120 Θεοφάνει
1036 1054 1135 1123 τὴν
1179 1055 1342 1107 αὐτοῦ
1372 1055 1678 1126 θυγατέρα’

133 1134 246 1204 ὅπερ
275 1133 357 1204 βίᾳ
394 1137 489 1189 καὶ
523 1139 682 1208 μόλις
721 1142 858 1212 τάχα
886 1160 948 1211 γε
992 1144 1080 1197 διὰ
1113 1144 1202 1196 τὸν
1226 1145 1320 1197 τοῦ
1354 1146 1682 1215 κρατοῦντος

137 1224 273 1292 φόϐον
307 1226 545 1292 εἴξαντος
572 1232 668 1284 τοῦ
722 1232 1051 1302 Θεοφάνους,
1087 1234 1352 1304 ἐξήρτυτο
1395 1239 1462 1291 τά
1495 1238 1683 1306 ὲπιτὴ·

131 1313 230 1367 δεια
257 1316 325 1385 τῷ
355 1320 582 1392 γαμικῷ
620 1321 868 1394 θαλάμῳ.
898 1324 1020 1379 Τῶν
1053 1325 1144 1379 οὖν
1171 1327 1364 1380 αἰσίων
1397 1328 1681 1381 τελεσθέν-

131 1423 238 1470 των,
287 1409 524 1483 ἑσπέρας
582 1415 1034 1488 καταλαϐούσης,
1097 1419 1290 1488 μόνους
1342 1421 1397 1472 ἐν
1456 1421 1682 1497 οἰκίσκῳ

129 1499 331 1568 τερπνῷ·
345 1502 433 1553 τόν
467 1520 524 1556 τε
563 1506 764 1577 εὐσεϐῆ
791 1509 1006 1563 νεανίαν
1028 1512 1121 1564 καὶ
1153 1510 1250 1581 τὴν
1282 1511 1479 1564 εὐκλεᾶ
1515 1505 1681 1583 κόρην

131 1592 426 1660 εἰσάγουσιν,
461 1598 540 1662 ὡς
578 1600 646 1652 ἂν
673 1602 858 1664 αὐτοῖς
886 1602 1208 1670 ἐπιτηδείως
1242 1603 1356 1672 ἔχοι
1389 1603 1522 1672 πρὸς
1559 1604 1679 1673 ἡδο⁶

129 1680 212 1749 νῆς
239 1685 449 1753 τρόπον.
505 1689 670 1756 Σιγῆς
699 1691 754 1743 δὲ
803 1693 1124 1764 γενομένης,
1167 1695 1260 1748 καὶ
1291 1695 1509 1747 πάντων
1545 1695 1681 1761 ἀφυ-

134 1776 457 1844 πνωσάντων,
493 1781 689 1846 νυκτός
733 1800 792 1836 τε
848 1783 1071 1853 βαθείας
1103 1785 1472 1855 διαχυθείσης.
1516 1801 1679 1854 στραιο

127 1867 230 1930 φεὶς
251 1869 276 1921 ὁ
317 1872 609 1943 μακάριος,
651 1875 783 1945 φησὶ
811 1874 890 1945 τῷ
921 1878 1162 1945 κορασίῳ
1193 1877 1318 1930 τάδε
1340 1892 1355 1907 .

1788 597 2136 666 Ιιεετειίοἰιιυο
2161 597 2392 665 agminis
2439 597 2757 653 inﬁdelitate
2792 598 2990 666 socius,
3025 601 3354 655 auctoritate

1786 686 2083 741 defensor:
2124 703 2242 757 quae
2277 703 2397 742 eum
2443 688 2693 759 impietas
2737 689 2808 744 ita
2859 690 3169 759 imperatori
3219 704 3354 745 con-

1786 777 2009 842 ciliavit,
2044 789 2098 831 ut
2133 787 2187 831 et
2232 779 2512 833 convivam
2565 780 2938 849 quotidianum
2971 781 3036 835 ad
3085 795 3352 848 mensam,

1785 879 1840 922 et
1880 870 2112 923 amicum
2164 870 2216 923 in
2257 870 2505 926 omnibus
2553 869 3056 943 conjunctissimum
3108 873 3350 929 haberet.

1790 958 1912 1022 llic,
1939 961 2026 1016 ubi
2071 971 2268 1031 quanta
2303 971 2448 1017 esset
2477 963 2619 1018 beati
2649 963 2863 1030 juvenis
2909 965 3180 1033 opulentia
3215 966 3354 1018 didi-

1787 1053 1881 1114 cit,
1941 1052 2099 1105 ﬁliam
2158 1068 2311 1107 suam
2362 1053 2678 1124 TheOphaui
2723 1056 2922 1123 juuxit,
2994 1056 3357 1124 imperatorias

1779 1142 2042 1209 jnssionis
2072 1154 2278 1199 terrore
2314 1161 2442 1200 usus
2483 1148 2548 1200 ad
2583 1161 2675 1203 eas
2708 1150 2922 1215 nuptias
2950 1149 3317 1217 conciliandas
3339 1191 3353 1211 ,

1786 1232 1981 1300 quibus
2015 1247 2112 1302 pro
2151 1235 2429 1303 utriusque
2459 1235 2722 1305 dignitate
2752 1237 3046 1292 instructus
3072 1249 3153 1293 est
3182 1239 3357 1293 thala-

1787 1339 1906 1379 mus
1937 1324 2182 1395 genialis,
2215 1323 2544 1394 Theophane
2587 1341 2727 1395 πετο
2755 1327 2973 1396 quidem
3017 1339 3180 1397 atque
3217 1331 3353 1382 relu-

1785 1415 2017 1480 ctanter,
2050 1431 2112 1472 ex
2172 1428 2317 1471 metu
2363 1429 2540 1473 tamen
2586 1419 2927 1487 potentioris,
2964 1435 3026 1474 ea
3065 1430 3125 1472 ut
3169 1421 3360 1473 tierent

1786 1508 2151 1577 permittente.
2190 1507 2329 1578 Ergo
2361 1511 2673 1578 nuptiarum
2702 1510 2999 1565 ‘solemniis
3048 1512 3151 1565 rite
3181 1514 3361 1579 auspi—

1784 1609 2014 1666 catoque
2064 1599 2372 1665 celebratis,
2408 1615 2526 1653 cum
2572 1615 2768 1669 vesper
2819 1602 3178 1666 incubuisset,
3211 1604 3358 1670 picu-

1786 1689 2051 1743 tissimum
2085 1689 2337 1759 juvenem
2396 1701 2559 1760 atque
2617 1691 3041 1748 illustrissimam
3093 1695 3356 1762 virginem

1787 1784 1929 1838 solos
1981 1785 2241 1841 inducunt
2297 1787 2348 1840 iu
2411 1787 2687 1849 conclave,
2731 1789 2796 1844 ad
2851 1789 3072 1846 delicias
3117 1792 3360 1859 volupta-

1712 1865 1758 1924 Β
1793 1887 2002 1946 temque
2039 1891 2103 1932 eo
2133 1895 2241 1948 quo
2277 1879 2525 1946 decebat,
2555 1889 2814 1950 apparatu
2867 1881 3211 1936 instructum.
3256 1882 3356 1940 Ubi

128 1955 231 2009 dum
258 1973 438 2015 omnes
465 1977 625 2031 sopor
655 1963 794 2020 altus
818 1976 871 2020 et
903 1983 1003 2021 nox
1037 1969 1302 2037 profunda
1342 1970 1447 2022 late
1477 1969 1666 2024 dill'usa
1711 1978 1880 2036 tenet,
1916 1986 2014 2038 per
2083 1971 2171 2025 illa
2230 1973 2472 2028 consiliis
2521 1976 2634 2029 suis
2677 1987 2980 2046 Opportuna
3024 1974 3236 2030 silentia
3290 1979 3356 2029 ad

125 2046 324 2113 puellam
373 2065 668 2110 conversus
706 2056 1040 2123 adolescens,
1095 2072 1217 2114 eam
1276 2071 1360 2116 est
1412 2061 1462 2116 in
1525 2064 1666 2116 hunc
1709 2062 1922 2116 modum
1961 2063 2280 2118 allocutus:

184 2139 250 2194 ε’.
290 2142 344 2194 '0
401 2145 504 2213 μὲν
553 2146 745 2220 παρὼν
799 2149 934 2220 βίος,
992 2147 1037 2206 ὧ
1093 2154 1272 2222 γύναι.
1326 2155 1552 2227 βραχὺς,
1602 2159 1677 2222 ὡς

127 2232 269 2289 πᾶσιν
297 2233 541 2306 εὖδηλον,
585 2239 680 2292 καὶ
711 2241 905 2312 ἀδηλίᾳ
934 2244 1027 2297 τοῦ
1066 2247 1356 2315 μέλλοντος·
1386 2249 1549 2302 πλέον
1583 2267 1675 2303 κε-

127 2326 463 2395 κρατημένος,
486 2330 596 2383 καὶ
628 2332 808 2401 κρίσις
838 2333 1137 2398 ἀδέκαστος
1172 2337 1299 2400 τοὺς
1335 2339 1392 2390 ἐν
1435 2339 1570 2419 τῷνδε
1600 2339 1678 2409 τῷ

125 2409 210 2482 βίῳ
241 2413 545 2482 διαδέξεται
589 2420 976 2493 εὐθηνοῦντας.
1032 2425 1337 2498 Τοιγαροῦν
1370 2428 1465 2481 καὶ
1508 2409 1546 2482 ’ὁ
1579 2430 1678 2496 γά-

125 2520 209 2571 μος
236 2507 328 2558 οὐκ
357 2508 669 2581 ἀπόϐλητος
696 2513 849 2585 παρά
875 2515 992 2587 Θεῷ
1013 2532 1027 2547 ’
1059 2518 1172 2571 ἀλλ’
1198 2521 1254 2574 at
1279 2513 1558 2590 φροντίδες
1583 2521 1676 2575 τοῦ

125 2594 243 2664 βίου,
275 2598 585 2656 ἀλλοιοῦσαι
619 2605 710 2658 τὸν
741 2607 924 2661 ἔνθεον
953 2610 1236 2681 λογισμὸν,
1267 2613 1367 2666 οὐκ
1415 2615 1545 2668 ὲῶσι
1576 2632 1677 2668 κα-

125 2686 284 2756 θαρῶς
319 2692 723 2765 ἀντοφθαλμεῖν
773 2699 909 2769 πρὸς
948 2701 1015 2753 τά
1064 2702 1343 2770 μέλλοντα.
1389 2704 1574 2772 Ἴσμεν
1619 2705 1676 2758 δὲ

122 2780 198 2830 καὶ
239 2782 324 2833 τὸν
373 2785 429 2837 ἐν
463 2787 820 2856 Ευαγγελίοις
862 2792 1133 2862 Λάζαρον,
1188 2793 1275 2846 διὰ
1317 2796 1675 2865 στενοχωρίας

119 2867 207 2936 τῆς
242 2874 446 2928 ἐνθένδε
492 2878 585 2930 τοῦ
639 2881 894 2952 Ἀϐραὰμ
939 2885 1065 2946 τοὺς
1100 2886 1334 2948 κόλπους
1396 2885 1679 2956 κληρωσά-

119 2975 282 3026 μενον,
335 2970 430 3018 καὶ
463 2968 557 3020 τον
607 2973 664 3022 ὲν
704 2974 897 3043 γεέννῃ
951 2975 1347 3048 φλογιζόμενον
1397 2981 1674 3047 πλούσιον,

121 3052 239 3120 μηδὲ
263 3056 360 3126 τῆς
393 3059 533 3129 πρὸς
558 3063 720 3116 αὐτὸν
747 3065 841 3116 τοῦ
868 3066 1118 3136 Λαζάρου
1150 3070 1387 3137 ἀφίξεως
1420 3073 1678 3142 ἀξιούμε-

121 3157 222 3207 νον,
271 3149 362 3201 καὶ
418 3154 683 3220 σταγόνος
743 3155 935 3223 ὓδατος
985 3161 1390 3230 ἐστερημένον,
1444 3165 1540 3216 καὶ
1595 3167 1671 3229 τὸ,

123 3253 139 3326 ι
198 3240 475 3306 Δπέλαϐες
514 3245 584 3300 τὰ
623 3249 802 3316 ἀγαθά
841 3269 935 3304 σου
964 3253 1021 3305 ὲν
1046 3256 1107 3323 τῇ
1141 3253 1255 3324 ζωῇ
1293 3274 1409 3322 σου,
1451 3278 1468 3310 ι
1512 3260 1678 3326 ἐγκα-

119 3323 376 3397 λούμενον.
411 3336 523 3390 Καὶ
566 3339 594 3388 ό
621 3341 990 3412 Μακαρισμὸς
1034 3323 1329 3416 ὑπόσχεσιν
1370 3323 1587 3415 ἀγαθῶ-ν
1615 3350 1676 3403 οὐ

1859 2157 1925 2215 ν.
1988 2158 2235 2215 Praesens
2295 2160 2515 2230 quidem
2571 2162 2701 2226 vita,
2754 2163 2951 2234 conjux
3007 2164 3355 2234 charissima,

1780 2251 1961 2306 brevis
1996 2261 2096 2316 est,
2130 2259 2183 2305 ut
2235 2262 2420 2306 notum
2453 2252 2726 2318 omnibus,
2773 2265 2828 2310 et
2881 2271 3075 2325 magna
3124 2255 3360 2326 plerum-

1781 2355 1886 2409 que
1941 2339 2106 2394 l‘uturi
2151 2341 2534 2397 incertitudine
2569 2351 2813 2411 tenetur;
2859 2345 3124 2415 judicium
3174 2359 3354 2402 autem

1781 2445 2027 2486 severum
2060 2439 2242 2485 manet.
2275 2446 2371 2486 eos
2401 2432 2491 2501 qui
2532 2433 2586 2487 in
2619 2433 2722 2489 hac
2755 2435 2864 2489 vita
2907 2435 3065 2490 bonis
3104 2446 3159 2493 et
3205 2441 3357 2493 volu-

1779 2523 2021 2590 ptatibus
2051 2519 2295 2578 afﬂuunt.
2349 2524 2496 2588 Ideo,
2537 2528 2787 2594 quamvis
2830 2529 3061 2600 coojugii
3093 2547 3220 2586 usus
3251 2533 3356 2587 tui-

1783 2611 1928 2666 nime
1967 2611 2242 2682 rejiciatur
2273 2629 2300 2667 a
2339 2613 2468 2677 Deo,
2519 2616 2648 2686 ipsa:
2682 2628 2885 2684 tamen,
2917 2636 3038 2690 qua:
3090 2637 3214 2678 eum
3260 2640 3357 2679 co-

1783 2702 2042 2757 mitantur
2069 2705 2246 2759 saeculi
2278 2719 2444 2771 curat,
2477 2708 2690 2777 plenam
2737 2711 2922 2766 divino
2967 2714 3159 2782 spiritu
3204 2731 3355 2771 mett-

1783 2799 1888 2845 tcm
1921 2806 2184 2848 evacuant
2211 2797 2579 2864 alienantque,
2614 2815 2711 2854 nec
2739 2802 2924 2857 sinunt
2977 2807 3126 2874 puris
3179 2809 3356 2864 oculis

1782 2885 1975 2940 intueri
2011 2886 2208 2941 futura.
2237 2889 2497 2945 Novimus
2523 2891 2791 2948 Lazarum
2829 2896 2880 2949 iu
2917 2895 3224 2968 Evangeliis
3259 2918 3356 2970 per

1781 2994 1896 3044 eas,
1924 2995 2060 3051 quas
2088 2981 2174 3035 hic
2206 2982 2454 3038 toleravit
2502 2986 2770 3052 miserias,
2813 2988 2864 3041 in
2896 2987 3131 3045 Abrahae
3175 2993 3354 3047 sinum

1782 3071 1946 3125 fuisse
1997 3073 2263 3140 delatum;
2313 3084 2362 3129 et
2413 3076 2465 3129 in
2511 3077 2755 3146 gebenna
2815 3081 3096 3135 ardentem
3130 3082 3350 3138 divitem

1782 3176 1848 3216 ne
1879 3163 1978 3218 hoc
2011 3163 2228 3234 quidem
2261 3167 2510 3223 obtinere
2539 3169 2800 3237 poutisse,
2835 3182 2892 3225 ut
2931 3173 2998 3227 ad
3029 3188 3087 3228 se
3114 3175 3351 3231 dimitte-

1781 3263 1932 3306 retur
1967 3253 2204 3312 Lazarus
2239 3274 2250 3308 :
2286 3259 2396 3322 cui,
2432 3273 2552 3312 cum
2600 3261 2764 3314 etiam
2809 3277 2963 3330 aquae
3001 3272 3151 3333 gutta
3190 3280 3358 3334 nega-

1787 3356 1954 3410 retur,
1982 3347 2110 3401 illud
2146 3347 2416 3406 fuittestum
2445 3352 2679 3408 insonuit
2711 3371 2722 3407 :
2755 3372 2773 3406 ι
2811 3354 3082 3427 Recepisti
3126 3359 3265 3414 bona
3301 3362 3357 3416 in

116 3424 213 3483 τοῖς
239 3427 292 3476 ὲν
314 3428 531 3498 πλούτῳ
559 3431 800 3500 κομῶσιν
827 3435 1188 3505 ὑπισχνεῖται,
1218 3439 1351 3492 ἀλλὰ
1377 3442 1487 3502 τοῖς
1517 3442 1677 3494 κλαύ-
1705 3433 1749 3493 C

1705 3421 1763 3493 CI
1783 3437 1889 3487 vita
1919 3446 2004 3487 tua
2047 3439 2112 3489 ¹⁹.
2147 3457 2166 3490 ι
2202 3439 2389 3508 Neque
2426 3453 2551 3494 vero
2583 3457 2647 3496 ex
2695 3445 3023 3515 cvangelicis
3069 3449 3357 3505 beatitudi-

120 3529 226 3567 σασι
252 3516 343 3569 νῦν
367 3520 451 3572 ὅτι
481 3523 598 3573 ἐκεῖ
622 3523 968 3588 γελάσουσιν,
996 3529 1106 3588 τοῖς
1142 3532 1376 3596 πτωχοῖς
1406 3531 1483 3599 τῷ
1517 3532 1678 3584 πνεύ-

119 3623 254 3673 ματι,
282 3611 393 3672 τοῖς
441 3611 826 3683 δεδιωγμένοις
856 3614 944 3669 διὰ
986 3617 1359 3688 δικαιοσύνην,
1391 3623 1501 3682 τοῖς
1538 3624 1677 3674 ὀνει-

116 3698 396 3769 διζομένοις
423 3705 511 3757 διὰ
543 3707 810 3776 Χριστόν·
843 3710 939 3762 καὶ
971 3713 1118 3778 ἀπαξ
1148 3712 1354 3775 ἁπλῶς,
1387 3714 1549 3784 στενὴ
1581 3716 1675 3768 καὶ

117 3792 428 3867 τεθλιμμένη
462 3799 495 3867 η
527 3799 644 3863 ὁδὸς
669 3803 702 3870 ἡ
739 3804 1034 3871 ἀπάγουσα
1082 3805 1160 3867 εἰς
1192 3804 1293 3875 τῆν
1327 3804 1494 3876 ζωὴν,
1534 3805 1675 3858 πλα-

117 3885 216 3936 τεῖα
235 3885 290 3938 δὲ
315 3889 409 3941 καὶ
441 3890 755 3960 εὐρύχωρος
783 3895 815 3962 ἡ
840 3895 1129 3963 ἀπάγουσα
1152 3899 1230 3958 είς
1253 3896 1349 3965 τὴν
1373 3896 1669 3951 ἀπώλειαν.

115 3976 214 4030 Οὐκ
245 3978 389 4034 ἔστιν
433 3981 531 4036 οὖν
573 3982 704 4035 ἀνευ
759 3983 993 4052 θλίψεως
1044 3985 1362 4052 ὑπεξελθεῖν
1410 3991 1588 4058 ἡμᾶς·
1624 3991 1673 4042 εί

114 4068 200 4136 μὲν
225 4073 328 4142 γὰρ
357 4074 414 4126 ἐν
446 4073 586 4145 τῷδε
626 4073 704 4145 τῷ
740 4073 838 4145 βίῳ
870 4079 1222 4146 χαρμονικῶς
1257 4077 1524 4146 διέξομεν,
1560 4079 1674 4131 θλίο

112 4161 190 4226 ιςὲις
216 4166 272 4216 ὲν
301 4167 379 4236 τῷ
420 4167 672 4238 μέλλοντι
718 4169 1022 4236 διαδέξεται
1065 4172 1235 4242 ἡμᾶς.
1277 4170 1419 4223 Ἀλλ’
1461 4173 1509 4224 εἰ
1549 4172 1673 4240 βού-

112 4250 199 4318 λευ
227 4256 407 4323 γύναι,
446 4261 647 4332 μικρὸν
687 4263 752 4332 τῇ
789 4261 950 4331 φύσει
981 4263 1416 4332 κοινωνήσαντες
1448 4262 1534 4315 διὰ
1575 4263 1673 4333 τὴν

110 4345 190 4397 τοῦ
221 4347 311 4400 σοῦ
365 4353 580 4421 πατρὸς
617 4352 931 4418 αὐθάδειαν,
976 4354 1283 4425 ἀπὰρωμεν
1315 4353 1543 4417 ἑαυτοὺς
1571 4355 1670 4424 τῆς

111 4435 460 4511 βορϐορὼδους
496 4442 705 4511 ταύτης
753 4447 848 4496 καὶ
897 4447 1176 4516 συρφετῆς
1225 4447 1521 4515 διαγωγῆς,
1576 4448 1671 4497 καὶ

107 4529 188 4582 τὸν
238 4533 451 4604 μονήρη
510 4533 626 4604 βίον
675 4535 1186 4604 κατασπασώμεθα,
1241 4537 1389 4598 ὅπως
1447 4535 1668 4588 αἰωνίου

108 4623 520 4696 εὐμοιρήσωμεν
552 4626 928 4691 ἀπολαύσεως.

1781 3526 1938 3579 nibus
1973 3525 2075 3578 ulla
2114 3528 2356 3581 continet
2405 3529 2670 3586 bonorum
2720 3536 3135 3602 promissionem
3171 3541 3357 3597 diviti-

1782 3618 1879 3670 hus
1911 3618 2143 3683 factam;
2177 3620 2270 3673 scd
2298 3618 2548 3676 ﬂentibus
2578 3637 2741 3691 nunc,
2767 3626 2890 3694 quia
2919 3626 3042 3682 istic
3067 3631 3354 3702 ridebunt,

1780 3714 1874 3759 aut
1926 3710 2252 3776 pauperibus
2305 3712 2517 3780 spiritu,
2573 3725 2666 3769 aut
2717 3719 3146 3786 persecutionem
3194 3728 3359 3780 susti-

1781 3797 2038 3852 nentibus
2068 3808 2289 3868 propter
2311 3801 2599 3868 justitiam,
2633 3806 2716 3860 vel
2764 3811 3086 3865 contumelia
3136 3828 3359 3884 propter

1778 3888 2052 3943 Christum
2086 3888 2315 3945 allectis.
2353 3893 2527 3960 Atque
2557 3905 2614 3947 ut
2650 3912 2757 3951 uno
2780 3901 2950 3954 semel
2983 3904 3147 3959 verbo
3178 3907 3359 3962 absol-

1779 3999 1897 4037 vam
1929 4001 1942 4040 :
1985 4003 2004 4037 ‹
2041 3987 2279 4056 AuguSta
2327 3998 2569 4057 porta~et
2600 4002 2747 4047 arcta
2779 4004 2864 4049 est
2896 3996 3005 4062 via,
3035 4013 3154 4067 qua:
3206 4003 3358 4058 ducit

1778 4076 1843 4129 ad
1873 4077 2035 4131 vitam
2064 4094 2077 4131 :
2113 4077 2218 4132 lata
2267 4093 2394 4134 vero
2422 4091 2474 4135 et
2506 4083 2765 4150 spatitisa,
2800 4102 2921 4155 quae
2954 4090 3102 4143 ducit
3139 4092 3207 4148 ad
3230 4108 3357 4162 per-

1778 4168 2036 4222 ditionem
2062 4170 2102 4233 ³,
2140 4186 2158 4218 ι
2194 4170 2328 4224 adeo
2362 4182 2418 4226 ut
2467 4173 2803 4242 impossibile
2842 4181 3062 4236 omnino
3092 4183 3164 4236 sit
3198 4185 3357 4241 nobis

1780 4258 2178 4316 tribulationem
2221 4264 2470 4319 evadere.
2515 4262 2570 4320 Si
2613 4282 2848 4337 namque
2901 4271 2953 4339 in
2993 4272 3097 4328 hac
3132 4276 3239 4330 vita
3266 4276 3359 4345 ju-

1782 4353 1954 4407 cunde
1983 4354 2294 4419 vixerimus,
2331 4355 2385 4410 in
2431 4355 2608 4411 l‘utura
2645 4375 2742 4414 nos
2784 4362 3060 4418 tribulatio
3093 4368 3352 4436 excipiet.

1779 4442 2144 4516 Quapropter,
2180 4448 2223 4502 si
2275 4448 2470 4517 placet,
2518 4451 2864 4518 charissima,
2915 4458 3236 4525 corporibus
3287 4464 3357 4516 ad

1782 4537 2049 4588 modicum
2081 4547 2292 4603 tempus
2329 4540 2597 4608 conjuncti
2625 4552 2844 4612 propter
2870 4548 3040 4614 patris
3085 4549 3159 4602 tui
3210 4550 3360 4605 inso-

1777 4627 1977 4680 lentem
2009 4628 2290 4695 ferociam,
2323 4631 2688 4689 subducemus
2735 4651 2837 4692 nos
2883 4638 3030 4706 ipsos
3061 4643 3357 4700 salebrosa:

108 4715 216 4768 huic
285 4728 452 4788 atque
509 4717 807 4787 inquinata:
857 4719 1226 4785 conversioni,
1271 4723 1545 4791 vitamque
1594 4722 1952 4776 monasticam
2025 4721 2438 4794 amplectemur,
2507 4737 2564 4780 ut
2608 4738 2812 4784 aeterna
2864 4725 3357 4805 requie‘perfrua-

105 4819 230 4860 mur.

167 4905 251 4968 ς’.
285 4907 349 4959 Τί
379 4902 478 4961 οὖν
514 4906 575 4960 τὸ
601 4906 824 4972 εὐσεϐὲς
847 4908 1104 4977 γύναιον;
1137 4908 1236 4961 οὐκ
1263 4907 1515 4962 ἀνένευσε
1541 4911 1675 4981 πρὸς
1708 4916 1753 4970 D

1708 4916 1753 4970 D
1853 4911 1942 4968 Vl.
1977 4913 2115 4979 Quid
2147 4916 2211 4968 ad
2265 4916 2377 4968 haec
2426 4915 2510 4985 pia
2545 4917 2778 4972 mulier?
2812 4936 2938 4976 num
2985 4925 3198 4979 renuit?
3226 4944 3351 4982 num

102 4994 288 5062 ταῦτας
322 4999 426 5051 οὐκ
459 4994 584 5052 εἶπε
607 5000 674 5052 τά
705 5001 780 5070 μὴ
807 5000 1119 5072 καθήκοντα
1137 5017 1152 5031 ο
1179 5000 1244 5054 Τί
1273 5002 1332 5054 τὸ
1359 5000 1553 5064 κάλλος
1573 5003 1672 5071 τῆς

101 5085 226 5154 ἐμῆς
262 5089 528 5161 νεότητος
561 5093 935 5161 ἡμαύρωσαςς
965 5093 1018 5144 τί
1069 5109 1173 5163 μου
1207 5092 1308 5162 τὴν
1341 5094 1510 5164 τύχην
1539 5093 1673 5145 ἀπέ-

103 5178 301 5245 κλεισας
327 5198 342 5248 ;
377 5183 435 5234 τί
464 5184 569 5253 τὴν
598 5185 737 5254 ἐμὴν
761 5185 935 5255 χαρὰν
964 5186 1040 5248 είς
1066 5184 1262 5254 θρῆνον
1287 5183 1629 5255 μετήλλαξας
1654 5203 1670 5253 ;

103 5270 155 5320 Εἰ
180 5274 342 5339 οὕτως
374 5277 622 5347 ἡρετίσω
654 5277 722 5330 τὰ
759 5279 900 5330 κατά
939 5277 1156 5342 σαυτὸν,
1196 5279 1296 5331 οὐκ
1329 5274 1380 5330 εἷ
1423 5279 1582 5347 μόνος
1611 5280 1670 5330 ὲν

100 5363 332 5432 εὐγενέσι
391 5369 692 5439 νεώτερος·
730 5368 835 5421 ἔδει
894 5369 1027 5436 γοῦν
1081 5386 1161 5435 σε,
1213 5371 1320 5441 πρὸ
1361 5371 1455 5422 τοῦ
1487 5369 1666 5439 γάμου

99 5459 485 5530 ἀπαγορεῦσαι,
553 5463 647 5513 καὶ
704 5462 779 5532 μὴ
831 5461 1074 5533 μαρᾶναί
1135 5479 1237 5532 μου
1289 5463 1348 5515 τὸ
1399 5462 1668 5517 suavem

104 5549 296 5614 καλλος.
334 5553 511 5605 Οὐδὲν
547 5551 794 5606 τοιοῦτον
813 5569 826 5582 ·
855 5552 993 5606 ἀλλά
1017 5553 1102 5619 τί;
1143 5553 1353 5624 Ὠσπερ
1379 5571 1461 5617 τις
1489 5554 1668 5626 ἀγαθὴ

102 5647 162 5710 τῆ
198 5645 286 5698 τόν
334 5644 547 5715 σπόρον
596 5643 871 5717 δεξαμένη
919 5644 1187 5716 πολύχουν
1241 5646 1528 5715 βλαστάνει
1577 5648 1668 5702 τὸν

119 5764 141 5805 ⁸
187 5783 200 5799 ⁸
228 5778 362 5837 Luc.
396 5797 522 5848 xu,
548 5780 644 5836 25.
724 5781 744 5811 ³
785 5779 971 5835 Matth.
1009 5796 1105 5845 vn,
1137 5779 1222 5834 14.

1777 5006 1978 5074 aliquid
2032 5016 2225 5074 praeter
2275 5008 2524 5063 decorem
2577 5009 2754 5066 locuta
2791 5014 2945 5067 :Cur
2997 5018 3233 5085 speciem
3262 5021 3354 5089 ju-

1779 5097 2020 5151 ventutis
2070 5112 2201 5149 meae
2248 5100 2531 5161 obscuras,
2559 5100 2727 5166 dixit;
2766 5116 2958 5171 meque
2986 5115 3200 5174 sperata
3233 5106 3356 5164 feli-

1776 5200 1941 5243 cutate
1965 5187 2283 5252 excludens,
2317 5192 2571 5258 gaudium
2623 5209 2798 5249 meum
2845 5194 2901 5250 in
2946 5196 3181 5254 lamenta
3220 5217 3355 5258 con-

1774 5281 1982 5336 vertis?
2015 5280 2069 5334 Si
2102 5291 2156 5334 tu
2185 5284 2304 5348 hac,
2339 5299 2456 5352 quae
2487 5286 2626 5340 dicta
2667 5294 2770 5349 est,
2814 5288 3024 5343 ratione
3064 5293 3222 5348 saluti
3273 5295 3352 5348 tui

1777 5375 2056 5429 consulere
2109 5375 2466 5443 decreveras,
2519 5393 2626 5431 nou
2685 5388 2741 5432 tu
2793 5381 2939 5436 solus
2970 5383 3111 5439 inter
3141 5388 3353 5443 nobiles

1778 5467 2180 5521 adolescens'es
2201 5484 2213 5520 :
2237 5469 2522 5536 oportebat
2551 5483 2702 5539 ergo,
2727 5482 3012 5543 antequam
3042 5473 3350 5547 conjugium

1779 5560 2027 5624 iniretur,
2064 5559 2376 5613 renuntiare
2425 5563 2728 5630 sponsioni,
2779 5578 2876 5620 nec
2927 5580 3103 5622 meam
3163 5583 3352 5624 recens

1779 5646 2200 5704 eﬂlorescentem
2282 5649 2761 5718 pulchritudinem,
2841 5655 2987 5712 velut
3055 5659 3350 5717 marcidum
