4208 6300
806 380 869 447 18
2061 380 2343 441 MENSIS
2389 382 2747 445 MARTIUS.
3984 374 4044 438 16

806 502 1049 555 reddere.
1103 493 1242 550 Nihil
1290 497 1481 551 borum
1540 496 1626 551 illa
1684 514 1698 551 :
1756 496 1871 561 sed,
1924 495 2372 563 quemadmodum
2406 506 2448 559 Α

2406 506 2448 559 Α
2481 496 2714 565 καρπὸν,
2741 494 2881 547 οὕτω
2912 493 3003 547 καὶ
3030 492 3089 546 τὸ
3122 492 3314 563 σεμνὸν
3346 493 3563 560 γύναιον
3611 496 3674 561 τῇ
3720 491 3857 562 καλῇ
3902 508 4043 560 παρ-

801 592 940 643 bona
998 599 1139 642 terra
1204 588 1508 657 suscipiens
1578 603 1786 654 semen,
1850 587 2076 642 multum
2144 585 2375 640 fructum

2482 588 2690 642 αινέσει
2761 586 2856 640 τοῦ
2908 586 3158 655 μάκαρος
3196 585 3559 656 στομιυθεῖσα,
3609 584 3858 653 ἀσμένως
3888 584 4046 636 κατέ-

802 671 1045 739 profert,
1104 674 1173 727 ita
1234 674 1557 730 venerabilis
1638 673 1862 741 femina,
1918 676 2133 743 egregia
2190 676 2375 742 sponsi

2480 696 2635 732 νευσε
2692 678 2784 733 καί
2840 696 3032 747 φησιν’
3088 680 3204 732 Οὔκ
3259 677 3507 746 ἀμύητος
3558 677 3693 745 eiut,
3740 674 4043 738 γλυκύτατα

801 764 1183 818 adhortatione
1252 765 1530 830 r'oborata,
1599 765 1852 820 alacriter
1927 766 2137 831 annuit,
2216 774 2379 835 atque

2479 772 2629 839 ἄνερ,
2663 771 2768 823 τῶν
2793 769 2953 823 Θείων
2979 770 3464 841 παραγγελμάτων
3490 783 3503 798 ·
3530 769 3622 820 καὶ
3652 768 3760 833 γὰρ
3784 769 3841 818 ἐν
3868 766 4044 830 Εὐαγ-

800 855 1140 919 respondens
1182 867 1196 904 :
1245 849 1396 907 Haud
1444 853 1691 922 equidem
1756 854 2099 920 divinarum,
2164 855 2374 922 inquit,

2479 863 2723 929 γελίοιςδ
2754 863 2940 932 Σωτὴρ
2969 863 3127 933 ἡμῶν
3160 862 3424 932 ἁριδήλως
3456 860 3581 929 βοᾷ·
3614 880 3629 908 ι
3660 860 3723 910 Εἴ
3750 876 3829 917 τις
3858 856 3916 908 οὐ
3949 873 4046 907 κα·-

800 942 989 1011 ignara
1056 957 1176 997 sum
1242 944 1680 1011 promissionum,
1749 944 2071 1000 suavissime
2139 960 2373 1013 sponse;

2476 954 2720 1021 ταλείψει
2773 957 3006 1022 πατέρα,
3064 954 3159 1005 καὶ
3203 954 3436 1021 μητέρα,
3499 952 3593 1003 καὶ
3637 952 3894 1015 γυναῖκα,
3954 946 4048 999 καὶ

803 1034 999 1088 etenim
1047 1033 1330 1089 manifeste
1378 1035 1430 1088 in
1491 1033 1797 1104 Evangeliis
1863 1034 2058 1089 clamat
2122 1034 2374 1089 Salvator

2477 1045 2664 1106 τέκνα,
2697 1045 2789 1095 καὶ
2842 1043 3127 1111 ἀδελφοὺς.
3174 1045 3265 1095 καὶ
3297 1043 3551 1108 ἀδελφὰς,
3592 1042 3683 1093 καὶ
3721 1041 3919 1098 οἰκίας.
3954 1036 4048 1087 καὶ

804 1134 986 1180 noster
1023 1143 1036 1180 :
1075 1145 1094 1178 ε
1128 1125 1231 1192 Qui
1280 1141 1383 1181 non
1429 1126 1683 1196 relinquit
1722 1136 1926 1196 patrem
1982 1138 2037 1181 et
2067 1138 2290 1185 matrem
2323 1138 2376 1181 et

2484 1138 2710 1206 ἀγροὺς,
2737 1138 2828 1189 καὶ
2848 1138 2953 1206 ἄρῃ
2990 1135 3082 1189 τὸν
3107 1135 3338 1203 σταυρὸν
3356 1135 3542 1193 αὑτοῦ,
3578 1134 3669 1185 καὶ
3691 1128 4048 1195 ἀκολουθήσει

803 1233 1027 1271 uxorem
1073 1228 1126 1272 et
1177 1218 1314 1273 filios
1344 1228 1396 1273 et
1432 1218 1625 1275 fratres
1666 1232 1720 1275 et
1750 1234 1967 1275 sorores
2008 1230 2064 1274 et
2097 1221 2287 1275 domos
2320 1232 2374 1274 et

2488 1246 2599 1297 pot,
2623 1229 2723 1280 οὐκ
2743 1227 2852 1280 ἔστι
2881 1244 2982 1296 μου
3002 1227 3171 1290 ἄξιος.
3190 1245 3207 1277 ι
3232 1225 3459 1289 Οὐκοῦν,
3481 1226 3527 1276 εί
3546 1222 3743 1293 βούλει,
3772 1221 4048 1289 καθαροὺς

806 1321 987 1377 agros,
1022 1318 1073 1361 et
1111 1309 1251 1362 tollit
1293 1324 1510 1363 crucem
1562 1324 1714 1363 suam
1742 1318 1796 1365 et
1838 1311 2085 1379 sequitur
2129 1326 2234 1373 me.
2269 1326 2374 1365 non

2478 1322 2571 1372 καὶ
2616 1320 2877 1381 ἁσπίλους
2929 1320 3157 1379 ἑαυτοὺς
3202 1320 3638 1385 παραστήσωμεν
3686 1315 3763 1385 τῷ
3809 1311 4047 1382 οὐρανίῳ

802 1410 885 1455 est
910 1417 995 1455 me
1031 1402 1221 1471 dignus
1253 1402 1294 1453 δ.
1348 1400 1466 1456 Jam
1515 1405 1678 1472 igitur
1706 1420 1891 1472 puros,
1922 1405 1965 1460 si
1998 1404 2189 1474 placet,
2219 1414 2378 1473 atque

2478 1412 2695 1481 νυμφίῳ
2727 1411 2969 1481 Χριστῷ,
3004 1413 3302 1481 ἀμώμητον
3335 1412 3426 1463 καὶ
3462 1410 3792 1477 ἀκηλὶδωτον
3821 1408 3910 1460 τὸν
3944 1406 4050 1469 ἔξω

804 1489 1234 1561 incoinquinatos
1266 1509 1361 1547 nos
1394 1494 1644 1548 sistamus
1691 1496 1895 1549 cmlesti
1949 1495 2180 1564 Sponsa,
2211 1498 2373 1551 etiam

2480 1502 2635 1571 ἡμῶν
2669 1503 2957 1571 ἄνθρωπον
3005 1504 3458 1572 διατηρήσαντες.
3509 1500 3573 1551 Ti
3604 1503 3709 1569 γὰρ
3758 1497 3965 1567 ὄφελος,
4001 1497 4050 1549 εί

804 1594 1085 1637 externum
1119 1584 1389 1639 hominem
1424 1595 1665 1640 nostrum
1705 1587 2111 1641 immaculatum
2156 1602 2376 1643 conser-

2478 1595 2614 1663 ττρὸς
2660 1594 2878 1663 μικρὸν,
2927 1594 3000 1646 ὡς
3032 1592 3191 1663 ἔφης,
3238 1592 3616 1662 συνέλθωμενς
3660 1592 3757 1652 ἰ’ἰς
3802 1591 3857 1643 δὲ
3898 1589 3993 1641 καὶ
4021 1590 4047 1637 ὀ

805 1682 1015 1728 vautes.
1064 1673 1201 1741 Quid
1236 1678 1388 1729 nobis
1440 1677 1723 1744 proveniet
1750 1678 2123 1742 emolumenti,
2161 1680 2205 1734 si
2238 1695 2374 1748 Opus

2477 1686 2749 1752 ἐγγυητὴς
2802 1686 2967 1736 ὅτιού
3014 1686 3361 1752 τεκνώσομεν
3394 1686 3452 1735 ὲν
3496 1683 3573 1754 τῷ
3622 1681 3799 1752 μικρῴ
3850 1681 4045 1749 τούτῳ,

804 1771 889 1818 est
918 1773 975 1817 ut
1004 1780 1124 1829 nos,
1161 1767 1411 1834 quamvis
1433 1769 1497 1820 ad
1532 1767 1697 1821 breve
1745 1779 1952 1837 tempus
1996 1782 2205 1833 mutuo,
2233 1772 2373 1824 sicut

2479 1777 2572 1827 καὶ
2605 1776 2691 1826 ἴνα
2719 1774 2793 1845 μὴ
2826 1776 3050 1846 γένηται
3091 1777 3221 1843 ἡμῖν
3261 1776 3337 1836 εἰς
3371 1776 3702 1842 πρόσκομμα
3746 1774 3804 1825 τὸ
3828 1772 4049 1839 τεχθέν;

805 1854 1007 1922 inquis,
1064 1855 1306 1910 fruamur
1368 1857 1655 1926 amplexu?
1711 1859 1843 1924 Quis
1922 1860 2063 1913 enim
2137 1861 2372 1914 fulurunt
2409 1850 2449 1904 Β

2409 1850 2584 1919 BKeil.
2622 1869 2666 1918 εί
2718 1866 2816 1935 μὲν
2863 1866 3029 1935 ἄρσεν
3074 1868 3182 1934 εἴη,
3228 1866 3424 1935 μερικῄ
3462 1882 3544 1926 τις
3597 1865 3839 1930 ὲκκοπή·
3888 1866 3935 1913 εὶ
3992 1864 4050 1914 δὲ

805 1947 1110 2014 spondebit,
1152 1950 1294 2016 quod
1356 1949 1407 2000 in
1456 1948 1544 2003 illo
1590 1952 1786 2019 exiguo
1843 1960 2083 2018 tempore
2130 1952 2370 2006 sobolem

2472 1954 2633 2021 θῆλυ,
2668 1958 2890 2010 διπλοῦν
2932 1958 2992 2010 τὸ
3040 1958 3206 2009 κακόν
3230 1974 3242 1988 ο
3279 1957 3435 2028 χρεὶα
3482 1962 3589 2025 γὰρ
3638 1956 3929 2023 ἀναμεῖναι
3958 1956 4052 2006 καὶ

805 2036 999 2090 facturi
1057 2052 1160 2091 non
1213 2038 1399 2102 sintns,
1434 2053 1553 2108 quas
1602 2049 1724 2094 nata
1777 2040 1931 2096 nobis
1989 2043 2374 2111 impedimento

2473 2046 2701 2115 χρόνους
2726 2048 2906 2115 γάμου
2932 2050 3023 2100 καὶ
3043 2047 3238 2114 λοιπῆς
3270 2046 3545 2116 προνοίας.
3578 2046 3683 2097 Καὶ
3700 2045 3759 2096 τὸ
3777 2045 3877 2113 τῆς
3904 2044 4053 2111 ζωῆς

807 2126 912 2181 sit?
941 2139 995 2181 et
1024 2128 1239 2197 quidem
1262 2128 1305 2182 si
1338 2132 1573 2185 mascula
1608 2131 1933 2201 fuerit.pars
1960 2133 2032 2186 illi
2058 2132 2377 2186 facultatum

2475 2136 2651 2198 τέλος,
2680 2136 2754 2198 ὡς
2788 2138 2943 2205 ἔφης,
2986 2141 3071 2189 ἐπ’
3102 2139 3301 2207 ἀδήλῳ.
3337 2138 3427 2189 καὶ
3462 2138 3517 2188 αἱ
3556 2136 3647 2189 τοῦ
3683 2136 3797 2203 βίον
3828 2134 4053 2203 παΥίδεῖ

806 2230 860 2272 et
888 2217 1116 2274 ail‘ectus
1155 2222 1445 2275 resecanda
1477 2224 1581 2275 erit
1616 2240 1629 2273 :
1662 2224 1705 2275 si
1752 2234 1929 2275 autem
1980 2222 2277 2286 muliebris,
2314 2239 2379 2277 en

2476 2224 2861 2295 ἀναρίθμητοι.
2901 2228 3282 2289 Λανθανόντως
3311 2226 3403 2279 οὖν
3426 2228 3482 2279 ὲν
3514 2226 3705 2294 ἁγνείᾳ
3735 2224 4051 2293 βιωσάντων

808 2310 1080 2376 geminum
1132 2310 1369 2377 malum;
1426 2313 1697 2381 Oportebit
1756 2327 1987 2383 namque
2021 2324 2074 2368 et
2128 2314 2376 2369 idoneam

2479 2315 2657 2382 ἡμῶν,
2695 2314 2754 2368 εὖ
2786 2311 2903 2368 οἶδα
2939 2317 3029 2368 καὶ
3062 2315 3161 2385 τὴν
3196 2316 3352 2385 ἡμῶν
3387 2316 3573 2383 ἔφεσιν
3613 2317 3704 2367 τὸν
3744 2316 3877 2369 Θεὸν
3906 2317 4055 2368 οἰκο-

809 2402 1153 2455 matrimonio
1183 2414 1495 2470 exspectare
1524 2414 1760 2469 artatem,
1802 2413 1856 2459 et
1883 2404 2144 2474 reliquam
2182 2406 2231 2459 ei
2263 2404 2373 2459 sol-
2484 2406 2738 2475 νομῆσαι.

810 2493 1141 2547 licimdinem
1176 2495 1505 2563 impendere.
1534 2498 1694 2565 Atqui
1728 2497 1847 2551 vitae
1876 2497 2018 2561 finis,
2052 2506 2107 2550 ut
2151 2500 2375 2566 ipsemet
2418 2499 2577 2568 paulo
2618 2512 2743 2552 ante
2779 2499 3015 2559 dicebas,
3078 2498 3313 2553 incertus
3352 2509 3456 2563 est,
3491 2509 3543 2554 et
3575 2499 3693 2553 vitae
3741 2497 3899 2568 hujus
3973 2496 4061 2551 in.

812 2584 1170 2637 numerabiles
1193 2586 1554 2655 laquei.Quod
1580 2588 1625 2641 si
1651 2589 1952 2641 castitatem
1976 2590 2112 2642 clam
2146 2588 2382 2644 colentes
2423 2588 2736 2650 vixerimus,
2796 2598 2939 2642 certa
2973 2605 3114 2652 sum,
3177 2591 3499 2646 desiderium
3532 2603 3771 2647 nostrum
3802 2593 3866 2646 ad
3900 2599 4054 2660 opta-

812 2682 925 2728 tum
964 2676 1121 2729 finem
1159 2677 1555 2744 perducendum
1582 2692 1610 2729 a
1640 2677 1765 2729 Deo.

890 2768 990 2823 VII.
1024 2766 1310 2845 Obstupuit
1343 2770 1407 2820 ad
1440 2778 1544 2821 tam
1581 2782 1897 2837 generosam
1927 2768 2114 2837 puella:
2144 2778 2377 2823 mentem

2558 2769 2630 2821 Z’.
2686 2767 3012 2835 Ἐκπλαγεὶς
3044 2765 3100 2822 δὲ
3153 2769 3180 2821 δ
3217 2770 3489 2839 μακάριος
3527 2769 3616 2820 ἐπὶ
3652 2771 3715 2837 τῇ
3751 2768 3850 2834 τῆς
3888 2767 4059 2838 κόρης

813 2859 1158 2917 beatissimus
1179 2859 1415 2928 juvenis,
1443 2860 1783 2929 gratioseque
1816 2863 2145 2930 respondens
2180 2877 2193 2913 ε
2227 2860 2378 2926 Quod

2486 2858 2787 2931 δεξιωτάτῃ
2819 2861 3035 2931 γνώμῃ.
3080 2861 3377 2928 χαριέντως
3409 2859 3540 2928 πρὸς
3572 2860 3741 2929 αὐτὴν
3773 2855 3918 2911 είπε·
3947 2859 4061 2912 Κύσ

811 2950 949 3004 utile
994 2947 1175 3012 fuerit,
1218 2949 1413 3017 inquit,
1443 2949 1805 3005 manifestabit
1852 2953 2004 3006 nobis
2041 2950 2202 3005 Deus.
2242 2949 2381 3018 Ergo

2492 2963 2605 3018 ριος
2634 2945 2765 3018 ἡμῖν
2795 2946 3025 3017 δηλώσει
3057 2946 3117 3000 τὸ
3152 2948 3449 3017 συμφέρον.
3485 2946 3563 2999 Δι’
3592 2947 3718 3016 ὅλης
3745 2947 3801 3000 δὲ
3838 2946 3937 3016 τῆς
3965 2964 4060 2999 νυ-

816 3050 980 3096 tatam
1014 3056 1173 3111 cgere
1202 3042 1252 3093 in
1283 3041 1536 3109 precibus
1580 3053 1814 3106 noctem,
1846 3040 2012 3095 Deum
2044 3044 2378 3107 invocantes,
2408 3090 2454 3149 ϐ

856 3145 865 3149 -
929 3126 997 3149 -ἰι
1065 3146 1077 3149 _
1130 3148 1133 3149 ,
1181 3131 1227 3149 ε-
1274 3146 1377 3149 μ-..
1457 3145 1476 3149 -
1592 3131 1667 3149 ι..
1780 3140 1895 3149 ..νΔ
1952 3148 1969 3149 η
2022 3131 2129 3149 ,Αννι
2177 3146 2253 3149 -ᾼ-
2322 3132 2352 3149 ιε

2408 3090 2454 3149 c
2489 3040 2614 3103 κτὸς
2642 3038 3095 3111 προσευξάμενοι,
3127 3042 3220 3092 καὶ
3244 3040 3336 3092 τὸν
3359 3040 3489 3091 Θεὸν
3515 3040 3605 3091 ἐπὶ
3622 3038 3697 3107 τῷ
3723 3042 4059 3109 συμφέροντι

815 3145 873 3186 ut
899 3126 999 3189 sibi
1026 3146 1143 3185 earn
1180 3131 1233 3184 in
1272 3146 1383 3184 rem
1420 3131 1701 3186 consulere
1742 3140 1902 3202 atque
1948 3131 2260 3202 prospicere
2304 3132 2384 3187 div
2408 3126 2454 3149 "'

2408 3126 2454 3149 ’⁸⁸
2487 3135 2790 3204 προνοητὴν
2820 3132 2913 3185 καὶ
2961 3132 3236 3200 κηδεμόνα
3282 3132 3757 3197 ἐπικαλεσάμενοι.
3804 3132 3931 3200 περὶ
3965 3130 4063 3183 αὐ-

816 3232 1093 3293 goaretur.
1124 3220 1279 3278 Circa
1329 3235 1580 3277 auroram
1627 3238 1760 3278 vero
1800 3222 2044 3293 contigit,
2091 3233 2152 3279 ut
2189 3224 2385 3279 obdor-

2486 3224 2590 3291 γάς
2621 3224 2720 3293 τῆς
2750 3224 2961 3294 ἡμέρας
3002 3221 3197 3292 συνέϐη
3228 3222 3553 3289 ἀφυπνὼσαι
3580 3221 3939 3290 ἀμφοτέρους,
3964 3219 4063 3272 καὶ

816 3316 1107 3369 miscerent
1136 3314 1295 3368 ambo
1317 3321 1370 3366 et
1399 3329 1562 3367 unum
1591 3314 1839 3381 idemque
1867 3332 1932 3370 eo
1962 3324 2204 3384 tempore
2235 3331 2384 3371 som-

2487 3316 2546 3369 ἓν
2577 3319 2669 3367 καὶ
2718 3315 2778 3367 τὸ
2820 3314 2951 3366 αὐτὸ
2999 3313 3131 3381 ὄναρ
3190 3312 3501 3381 Θεωρῆσαι·
3554 3310 3722 3378 ὁρῶσι
3782 3310 3890 3377 γάρ
3936 3325 4063 3361 τινα

821 3405 968 3457 nium
1016 3404 1281 3455 viderent.
1321 3400 1581 3453 Viderunt
1633 3413 1811 3457 autem
1858 3402 2143 3470 quemdam
2183 3402 2384 3458 eximio

2485 3407 2702 3477 ὼραίως
2760 3406 3226 3475 ὲξαστρὰπτοντα,
3290 3404 3424 3473 πρὸς
3477 3403 3675 3463 αὐτοὺς
3730 3401 3931 3471 πραείᾳ
3990 3404 4062 3468 τῆ

817 3493 1107 3565 fulgentem
1144 3492 1356 3557 decore,
1387 3490 1475 3560 qui
1524 3491 1729 3558 placida
1777 3492 1842 3544 ad
1867 3505 1967 3546 eos
1998 3506 2127 3547 voce
2177 3500 2333 3546 utens
2368 3506 2384 3544 :

2488 3501 2637 3566 φωνῇ
2670 3496 2895 3563 λέγοντα
2920 3514 2931 3525 ·
2966 3496 3169 3563 Κύριος
3200 3496 3227 3547 6
3258 3495 3387 3556 Θεὸς
3418 3496 3512 3565 τὴν
3542 3492 3695 3562 ὑμῶν
3738 3492 4062 3559 προαίρεσιν

817 3586 1104 3648 Dominus,
1163 3582 1355 3653 inquit,
1410 3581 1741 3651 pmpositum
1793 3582 1957 3637 animi
2000 3585 2162 3636 vestri
2214 3586 2385 3636 susci-

2488 3587 2911 3657 ἀποδεξάμενος,
2973 3586 3260 3638 ἀπέστειλέ
3313 3602 3382 3654 με
3440 3586 3740 3653 σφραγῖσαι
3787 3583 3930 3651 ὑμᾶς
3964 3580 4061 3632 τοῦ

819 3676 995 3743 piens,
1019 3674 1165 3729 misit
1190 3688 1294 3737 me,
1331 3683 1390 3727 ut
1420 3676 1689 3741 signarem
1720 3687 1815 3728 vos
1840 3673 1906 3726 ad
1932 3673 2048 3734 hoc,
2074 3680 2130 3725 ut
2154 3673 2384 3733 intactos

2488 3679 2778 3748 ἀκεραίους
2812 3680 2904 3731 καὶ
2962 3678 3299 3745 ἀμωμήτους
3330 3676 3477 3744 αὑτῷ
3532 3674 3899 3743 παραστῆναι.
3952 3673 4062 3723 Καὶ

818 3781 918 3822 vos
937 3768 1280 3834 integrosque
1301 3764 1401 3817 sibi
1423 3763 1709 3818 otferretis.
1727 3762 1789 3817 Et
1810 3763 2068 3819 continuo
2096 3778 2194 3833 per
2217 3774 2384 3818 totum

2489 3770 2940 3835 κατασφραγίσας
2978 3768 3173 3827 αὐτοὺς
3199 3766 3266 3816 δι’
3293 3767 3417 3818 ὅλου
3452 3765 3542 3816 τοῦ
3586 3766 3855 3831 σώματος,
3886 3764 4062 3831 ἄφαν-

820 3874 1016 3929 corpus
1040 3873 1133 3914 eos
1156 3858 1477 3928 consignans
1495 3871 1560 3911 ex
1584 3856 1754 3912 oculis
1782 3857 1996 3912 evanuit
2024 3856 2344 3911 intuentium
2370 3874 2381 3908 :

2488 3876 2578 3922 τος
2632 3858 2868 3923 ἐγένετο.
2918 3856 3364 3921 Ἀφυπνισάντων
3416 3853 3469 3905 δὲ
3512 3854 3710 3914 αὐτῶν,
3746 3858 3833 3905 καὶ
3868 3856 3935 3905 τά
3962 3854 4065 3919 τῆς

822 3956 911 4023 qui
946 3952 1066 4006 citm
1097 3951 1459 4020 evigilassent,
1484 3958 1539 4003 et
1563 3962 1681 4016 qua:
1709 3948 1954 4002 viderant
2000 3947 2101 4002 sibi
2154 3946 2383 3999 invicem

2488 3948 2755 4008 ὀπτασίας
2805 3947 3240 4015 ἀπαραλλάκτως
3293 3944 3541 4014 ἀλλήλοις
3598 3945 4058 4014 διηγησαμένων,

821 4048 1024 4112 absque
1056 4044 1160 4095 nila
1185 4041 1501 4095 diversitate
1531 4047 1878 4101 narrassent;
1905 4039 2027 4091 data
2056 4038 2164 4089 Deo
2193 4036 2383 4104 gloria,

2492 4037 2586 4088 καὶ
2611 4035 2701 4087 τὸν
2732 4034 2862 4087 Θεὸν
2899 4033 3240 4099 δοξασάντων
3280 4035 3373 4087 τὸν
3415 4036 3805 4105 εὑρισκόμενον
3861 4034 4064 4103 ῥᾳδίως

820 4137 911 4204 qui
944 4149 1047 4189 rem
1088 4132 1243 4186 facile
1274 4130 1541 4185 invenitur
1584 4129 1949 4198 quaerentibus
1983 4141 2060 4191 se,
2095 4126 2159 4180 de
2190 4135 2388 4179 caetero

2490 4129 2600 4189 τοῖς
2629 4126 2881 4193 ζητοῦσιν
2922 4128 3103 4190 αὐτὸν,
3144 4128 3201 4179 τὸ
3231 4127 3416 4179 λοιπὸν
3451 4127 3657 4193 διῆγον,
3693 4127 3931 4194 σχήματι
3962 4124 4065 4191 μὲν

822 4228 1001 4293 specie
1034 4226 1247 4293 quidem
1277 4233 1333 4277 ut
1356 4222 1629 4291 conjuges,
1658 4236 1846 4291 reapse
1877 4229 1935 4274 ut
1968 4217 2207 4287 germani
2246 4218 2387 4271 inter

2488 4217 2561 4281 ὼ,
2597 4218 2842 4285 σύζυγοι,
2893 4218 3175 4285 πράγματι
3215 4216 3269 4266 δὲ
3299 4214 3373 4277 ὡς
3416 4215 3649 4279 ἀδελφοί.
3694 4216 3755 4264 Ὢ
3796 4215 3889 4266 τοῦ
3933 4212 4066 4264 Θαύ-

822 4331 944 4371 scse
988 4317 1189 4369 vixere.
1246 4314 1289 4368 Ο
1330 4329 1441 4368 rem
1492 4312 1715 4365 miram!
1776 4310 1930 4365 Novit
1995 4308 2250 4362 Dominus
2294 4309 2384 4376 qui

2495 4311 2693 4376 ματοςι
2723 4308 2902 4374 Ἔγνω
2927 4307 3123 4373 Κύριος
3152 4307 3273 4367 τοὺς
3300 4304 3465 4357 αὑτοῦ
3493 4321 3504 4333 ·
3532 4308 3578 4355 εί
3614 4306 3771 4369 μόνον
3804 4306 4071 4375 ἐξεζήτη-

823 4417 948 4462 sunt
1001 4407 1115 4475 ejus
1147 4406 1192 4474 ',
1255 4412 1310 4459 et
1365 4404 1620 4473 queniam
1674 4402 1845 4457 solum
1900 4401 2066 4455 Deum
2113 4399 2386 4469 exquisie-
2419 4414 2464 4472 ι)

2419 4414 2464 4472 ι)
2497 4416 2594 4451 σαν
2631 4400 2723 4451 τὸν
2772 4399 2924 4462 Θεὸν,
2962 4398 3124 4460 εὐυὺς
3174 4399 3463 4467 ἐπίκουρος
3509 4396 3693 4458 αὐτοῖς
3725 4398 3819 4448 καὶ
3871 4396 4071 4465 βοηθὸς

823 4508 969 4565 runt,
998 4499 1251 4553 continuo
1301 4496 1591 4549 auxiliator
1644 4504 1806 4561 atque
1840 4490 2051 4560 adjutor
2100 4505 2197 4556 pro
2247 4490 2390 4543 desi-

2496 4490 2629 4561 πρὸς
2675 4491 2774 4559 τὴν
2818 4491 3003 4558 ἔφεσιν
3040 4489 3258 4558 εὑρέθη.
3296 4490 3359 4540 Τί
3409 4486 3566 4540 τοῦτο
3622 4488 3713 4539 τοῦ
3756 4489 3893 4540 κατὰ
3937 4490 4068 4546 τοὺς

821 4592 972 4645 derio
1007 4589 1138 4655 ipsis
1173 4589 1420 4640 inventus
1452 4596 1555 4639 eet.
1606 4584 1742 4651 Quid
1792 4582 1893 4636 hoc
1943 4579 2167 4635 inferius
2198 4581 2391 4634 couti-

2496 4586 2643 4650 τρεῖς
2683 4583 2873 4644 παῖδας
2926 4582 3201 4650 Θαύματος
3246 4581 3598 4649 ἀτιμότερον;
3648 4580 3790 4631 Ἐκεῖ
3826 4581 3921 4647 μὲν
3959 4581 4072 4646 γὰρ

824 4683 1029 4741 racnlo,
1058 4679 1198 4748 quod
1233 4677 1376 4731 circa
1434 4686 1544 4729 tres
1586 4690 1780 4743 pueros
1837 4674 1888 4725 in
1934 4673 2151 4727 fornace
2179 4683 2387 4739 gestum

2497 4672 2725 4737 ἄγγελος
2768 4673 2865 4733 τὴν
2926 4669 3342 4738 συμφλέγουσαν
3380 4668 3555 4737 αὔραν
3610 4668 3702 4720 τοῦ
3756 4669 3927 4737 πυρὸς
3984 4669 4070 4727 είς

825 4769 1223 4828 admirantur‘?
1266 4768 1391 4822 istic
1425 4767 1645 4835 angelus
1676 4774 1917 4819 urentem
1946 4761 2215 4815 ﬂammam
2251 4762 2392 4832 ignis

2498 4760 2714 4830 πνεῦμα
2743 4761 2932 4829 δρόσου
2956 4761 3261 4829 διασυρίζον
3287 4759 3623 4831 μεταόαλὼν,
3655 4760 3909 4822 ἀόλαϐεῖς
3940 4758 4071 4816 τοὺς

827 4868 878 4917 in
915 4872 1129 4917 ventum
1170 4861 1306 4913 roris
1354 4852 1567 4911 ﬂanter'n
1613 4865 1971 4917 commutaus,
2019 4854 2215 4910 illaesos
2273 4870 2381 4909 ser-

2503 4855 2693 4915 παῖδας
2749 4853 2976 4905 διέσωσε
3013 4870 3025 4882 ·
3097 4852 3376 4906 κάνταῦθα
3434 4853 3591 4924 πῄλιν
3657 4855 3886 4920 ἄγγελος
3960 4852 4066 4919 τὴν

826 4954 973 5007 vavit
1003 4951 1121 5005 illos
1152 4967 1168 5003 :
1207 4950 1293 5004 hic
1326 4949 1573 5003 similiter
1604 4946 1824 5015 angelus
1852 4947 2123 5002 concitum
2153 4948 2392 5014 igneum—

2497 4944 2797 5015 ὀξύρροπον
2845 4947 2937 4995 καὶ
2971 4945 3217 5014 φλογώδη
3265 4946 3362 5014 τῆς
3393 4946 3583 5014 ἡδονῆς
3618 4947 3802 5011 ἀκμὴν
3849 4946 3927 5006 εἰς
3965 4961 4072 4995 σω-

825 5060 930 5114 que
1000 5042 1284 5111 voluptatis
1361 5040 1606 5095 ardorem
1685 5039 1736 5091 in
1797 5052 1971 5091 rorem
2050 5037 2392 5092 continentiae

2499 5035 2771 5105 φροσύνης
2801 5035 2989 5105 δρόσον
3024 5034 3497 5106 μεταρρυθμίσας,
3526 5038 3725 5094 ἀσινεῖς
3760 5036 3883 5096 τοὺς
3913 5035 4074 5099 νέους

829 5134 1237 5197 transformans,
1284 5146 1510 5201 sponsos
1564 5130 1852 5184 custodivit
1908 5129 2179 5193 innoxios,
2231 5139 2391 5195 atque

2498 5125 2805 5197 διετήρησε,
2865 5128 2957 5179 καὶ
3020 5128 3151 5196 πυρὶ
3208 5128 3399 5195 χόρτον
3448 5124 3700 5189 aetates,-
3753 5125 4075 5189 συνδυάξειν

827 5229 1003 5298 ignem
1028 5240 1147 5279 cum
1182 5223 1304 5278 feno
1335 5220 1516 5275 docuit
1540 5221 1674 5275 citra
1702 5222 1957 5273 damnum
1988 5219 2336 5288 conjungere.

1215 5238 1304 5278 ano
1335 5220 1516 5275 docuit
1540 5221 1674 5275 citra
1702 5222 1957 5273 damnum
1988 5219 2336 5288 conjungere.
2500 5217 2877 5288 ἐπετήδευσεν.

898 5316 1033 5373 VIII.
1092 5315 1246 5369 Nunc
1304 5313 1561 5383 quoniam
1620 5312 2080 5365 canversationem
2140 5310 2310 5364 sancti
2363 5326 2392 5364 a

2571 5310 2651 5362 Μ’.
2698 5310 2848 5361 Ἐπεὶ
2877 5310 3051 5361 τοίνυν
3085 5311 3180 5379 τὴν
3215 5312 3277 5362 ὲκ
3304 5314 3607 5381 γεννήσεως
3657 5309 3747 5361 τοῦ
3793 5309 4074 5379 μακαρίου

826 5407 1110 5463 nativitate
1148 5406 1213 5458 ad
1263 5404 1662 5457 matrimonium
1705 5416 1874 5469 usque
1908 5402 2119 5454 abunde
2155 5401 2395 5455 declara-

2505 5400 2664 5470 μέχρι
2697 5401 2955 5468 συζυγίας
3000 5403 3342 5471 ἀναστροφὴν
3375 5404 3742 5471 ἀποχρώντως
3799 5402 4077 5470 ἐδηλώσα-

828 5498 1028 5558 vimus,
1074 5494 1237 5564 agite,
1283 5492 1497 5547 Christo
1547 5491 1750 5556 dilecti,
1792 5501 1839 5545 et
1887 5504 1949 5545 ex
2006 5492 2393 5546 certaminibus

2503 5510 2621 5562 μεν,
2656 5494 2787 5563 φέρε
2838 5494 2899 5561 δὴ
2934 5494 3116 5547 λοιπὸν
3169 5500 3261 5549 καὶ
3303 5496 3407 5547 τῶν
3460 5495 3623 5548 αὑτοῦ
3672 5495 4076 5561 ἀγωνισμάτων

827 5586 947 5656 ejus
973 5589 1242 5656 specimen
1290 5586 1504 5640 demum
1550 5584 1766 5653 aliquod
1824 5586 2031 5639 auditui
2098 5595 2277 5646 vestro
2329 5586 2394 5641 ad

2504 5587 2736 5655 μερικὴν
2761 5604 2881 5638 τινα
2924 5590 3328 5657 κατηχήσωμεν
3360 5588 3594 5657 ἔμφασιν
3626 5588 3743 5648 ταῖς
3777 5585 4076 5656 ὑμετέραις

896 5747 1069 5803 ‘Luc.
1100 5764 1207 5814 xxv,
1248 5749 1337 5806 ‘26.
1420 5747 1439 5778 ’
1474 5748 1629 5804 Num.
1671 5764 1776 5815 xw,
1818 5751 1869 5804 5.
1954 5750 1972 5776 ‘
2007 5749 2138 5803 Dan.
2193 5763 2271 5813 Ill,
2311 5746 2397 5801 50.
