4208 6300
144 346 198 415 Π
1321 347 1501 406 VITA
1541 344 1601 403 S.
1646 345 1723 404 Ti

1823 344 2163 405 )PHANIS.
2811 293 2823 301 ~
3324 337 3387 400 18

142 458 335 521 ακοαῖς,
391 456 766 527 φιλόχριστοι.
819 452 1034 506 Τούτων
1067 454 1206 506 οὕτω
1252 455 1371 526 Θεία
1412 455 1593 507 νεύσει
1632 456 1712 506 ot-

1823 470 2160 511 comntttttetn
2205 458 2591 512 admoveamus
2628 453 3061 509 instructionem.
3097 451 3193 507 His
3222 449 3390 521 igitur

143 545 569 617 κονομηθέντων,
632 547 775 601 κατὰ
827 545 1023 617 μικρὸν
1080 549 1190 608 τοῖς
1250 545 1567 613 πενομένοις
1622 546 1711 598 τὸν

143 636 362 691 πλοῦτον
404 639 802 707 σκορπίζοντες
834 639 892 689 ὲν
923 635 1389 707 ὑποκεκρυμμένῃ
1421 636 1707 704 ὑπολήψει,

146 730 331 801 μᾶλλον
363 730 421 784 δὲ
461 731 531 783 δι’
552 730 750 784 ἀὐτῶν
795 732 1010 793 ἑαυτοῖς
1057 729 1499 801 Θησαυρίζοντες,
1530 727 1714 780 λαϐεῖν

144 826 216 887 εἰς
241 823 393 886 τέλος
424 825 517 876 τὸν
545 826 641 895 τῆς
678 824 844 894 κόρης
872 823 973 877 οὐκ
1004 823 1234 893 ἴσχυσαν
1277 821 1511 893 πατέρα,
1540 819 1714 874 δεινόν

144 934 197 969 τε
243 916 389 981 ὄντα,
446 917 545 970 καὶ
597 916 799 987 ἀπηνῆ,
856 918 949 970 καὶ
1001 916 1389 986 ἀπάνθρωπον,
1453 914 1544 968 καὶ
1591 915 1713 967 λίαν

143 1007 500 1077 ἀνελεήμονα.
556 1008 723 1070 Γνοὺς
775 1006 883 1077 γὰρ
924 1005 1022 1076 τὴν
1076 1007 1373 1078 καλλίστην
1421 1007 1529 1059 τῶν
1579 1007 1715 1059 νέων

144 1099 407 1166 ἐμπορίαν
453 1101 481 1151 ὁ
519 1099 886 1168 ταλαίπωρος,
934 1101 1027 1151 καὶ
1068 1099 1373 1169 ἀποτυχίαν
1422 1099 1625 1168 μᾶλλον
1653 1098 1715 1151 τὸ

142 1190 378 1257 γνωσθὲν
414 1191 447 1263 ἢ
481 1190 765 1243 εὐσέϐειαν
813 1191 1182 1260 ἡγησάμενος,
1212 1190 1470 1244 εἰσελθὼν
1513 1195 1572 1244 ὲν
1602 1194 1716 1255 τοῖς

144 1280 436 1348 βασιλείοις
482 1279 937 1347 προσανατίθεται
970 1280 1048 1351 τῷ
1097 1280 1309 1349 βασιλεῖ
1349 1282 1574 1335 τοιαῦτα
1613 1282 1717 1351 φή-

144 1386 275 1432 σαςο
312 1370 591 1438 Δυστυχῶ,
623 1369 874 1439 βασιλεῦ,
907 1370 1001 1423 ἐπὶ
1030 1368 1106 1438 τῷ
1139 1370 1453 1440 ἀπράγμονι
1481 1371 1716 1441 γαμϐρῷ

146 1476 246 1529 μου
270 1479 285 1493 ·
317 1462 623 1531 σκορπίσας
656 1464 762 1532 γάρ
790 1463 1143 1532 κακιγκάκως
1173 1464 1264 1517 τὸν
1296 1465 1431 1519 ἴδιον
1463 1464 1711 1531 πλοῦτον,

144 1552 259 1605 οὐδὲ
284 1553 392 1606 τῶν
419 1554 520 1622 τῆς
563 1553 704 1622 ἐμῆς
737 1554 1005 1625 θυγατρὸς
1037 1556 1288 1623 ἐφείσατο
1331 1558 1673 1628 πραγμάτων
1698 1574 1712 1588 ·

142 1645 238 1711 ἤδη
267 1646 374 1715 γάρ
404 1648 497 1698 καὶ
530 1646 709 1700 αὐτῶν
743 1647 804 1700 τὸ
832 1650 1088 1701 πλεῖστον
1137 1650 1299 1720 μέρος
1329 1650 1585 1720 ἠφάνισε,
1622 1653 1718 1705 καὶ

139 1737 259 1846 οῦδὲ
287 1739 480 1791 τέκνου
511 1738 544 1808 ἦ
573 1739 780 1809 ἐλεεινή
816 1759 919 1809 μου
956 1741 1198 1812 θυγάτηρ
1226 1744 1473 1809 ἀξιοῦται
1510 1746 1676 1816 γονῆς
1701 1762 1713 1776 ·

1823 1745 1936 1812 ejus
1964 1743 2253 1798 maximam
2280 1742 2390 1811 iam
2430 1751 2633 1813 partem
2665 1739 2981 1810 disperdidit
3028 1756 3041 1791 :

141 1824 292 1897 οἶμαι
320 1829 376 1882 δὲ
413 1830 502 1883 διὰ
529 1832 587 1883 τὸ
628 1834 769 1885 κατά
799 1834 979 1886 πάντα
1006 1834 1349 1905 ταλαίπωρον
1381 1836 1475 1889 καὶ
1500 1836 1719 1906 ἀπράγ-

145 1936 282 1987 μονα
312 1916 486 1983 εἶναι,
527 1922 584 1974 ὃν
616 1924 799 1986 κακῶς
833 1924 1151 1994 ἐγνώρισεν.
1222 1927 1361 1979 Ἀλλ’
1393 1930 1441 1980 εί
1482 1928 1716 1993 κελεύει,

144 2011 296 2078 φησὶ,
332 2011 395 2062 τὸ
424 2014 622 2079 κράτος
658 2030 773 2076 σου,
808 2016 1005 2085 μικρὸν
1047 2015 1340 2069 ἀνανεῦσαι
1384 2018 1448 2070 ἐκ
1478 2019 1574 2087 τῆς
1604 2034 1717 2070 τοι·

142 2107 313 2178 αὐτης
339 2108 617 2179 ῥᾳθυμίας
649 2111 710 2162 τὸ
754 2110 886 2179 ἐμὸν
917 2111 1116 2179 γῆρας,
1152 2112 1341 2165 τοῦτον
1373 2112 1717 2182 ὲκδημοσίοις

144 2199 577 2267 ἀπασγολείσθαι
613 2200 903 2269 πράγμασι
930 2203 1119 2272 πόρῤω
1139 2219 1243 2256 που
1276 2204 1549 2270 κελεύσοις
1591 2222 1719 2259 στα-

144 2290 327 2358 λῆναι,
354 2292 527 2361 μήπω
565 2294 643 2351 εἰς
671 2288 817 2352 τέλος
848 2295 959 2352 τοῖς
993 2292 1114 2343 λίαν
1145 2295 1529 2364 ἐστερημένοις
1556 2313 1718 2350 κατα-

147 2382 390 2455 ριθμήσῃ
424 2401 525 2453 μου
560 2383 621 2436 τὸ
651 2384 963 2451 θυγάτριον.
998 2383 1168 2436 Πόθεν
1190 2384 1299 2454 γὰρ
1326 2384 1595 2456 διδαχθεὶς
1620 2386 1718 2457 τὴν

144 2474 591 2546 άπονενοημένην
644 2476 849 2543 ταύτην
911 2475 1185 2544 ἐμπορίαν
1229 2474 1331 2529 οὐκ
1377 2477 1716 2548 ἐπίσταμαιο

143 2567 333 2636 ὥσπερ
378 2586 463 2632 τις
512 2568 734 2638 ἀνδριάς
786 2568 1019 2638 χαλκοῦς
1062 2569 1321 2638 ἀκίνητος
1380 2572 1532 2640 μένει
1585 2573 1720 2643 προς

144 2661 333 2731 εφεσιν
360 2661 472 2714 τῶν
525 2662 798 2732 τερπνῶν,
834 2662 927 2716 καὶ
976 2664 1033 2716 τὸ
1083 2662 1146 2731 δὴ
1198 2662 1598 2734 χαλεπώτερον,
1632 2664 1722 2720 οἶα

144 2752 442 2821 συμϐαίνει
480 2753 740 2818 πολλάκις
775 2758 890 2818 τοῖς
923 2755 1245 2824 ἑξεστηκόσι
1280 2756 1370 2809 τὸν
1400 2757 1544 2821 νοῦν,
1585 2758 1722 2827 πρὸς

140 2847 169 2898 ὃ
200 2862 251 2898 τι
282 2846 354 2899 ἂν
383 2847 580 2917 αἰτηθῇ
627 2848 686 2900 τὸ
730 2848 976 2918 ὑπάρχον
1013 2846 1163 2918 αὐτῷ
1212 2848 1386 2919 ῥᾷστα
1423 2851 1721 2919 παρασχὼν

142 2939 532 3007 ἀποστερεῖται
580 2940 854 3007 ὁσημέραι
919 2940 1019 3006 τῆς
1060 2939 1267 3004 οἰκείας
1294 2940 1575 3011 εὐπορίας,
1616 2942 1720 3012 μά-

142 3028 300 3082 λιστα
334 3032 447 3094 τοῖς
472 3030 685 3100 ψευδῶς
732 3032 921 3083 πενίαν
956 3034 1463 3102 προσποιουμένοις,
1502 3034 1636 3104 Ἤδη
1666 3036 1722 3088 δὲ

1815 545 1996 599 divino
2035 555 2163 599 nutu
2198 545 2264 600 ad
2298 560 2420 600 eunt
2469 547 2683 601 modum
2732 543 3062 604 constitutis,
3102 558 3223 597 cum
3272 558 3388 595 nta-

1815 654 1946 708 gnos
1999 639 2143 693 brevi
2195 640 2478 693 thesauros
2518 637 2844 708 pauperibus
2889 636 3119 691 latenter
3166 636 3391 691 dividis-

1814 740 1966 793 sent,
1998 740 2091 785 aut
2142 731 2321 799 p0tius
2352 730 2482 799 ipsis
2526 730 2626 783 sibi
2665 743 2762 797 per
2800 742 2987 783 eorum
3030 741 3223 779 manus
3250 742 3390 780 con-

1816 823 2108 887 didissent,
2142 822 2305 877 latere
2338 821 2535 875 diutius
2567 818 2755 890 puellae
2779 829 2985 887 patrem
3016 832 3117 873 non
3141 825 3386 887 potuere,

1816 927 2065 967 severum
2102 914 2306 983 utique,
2360 911 2651 975 immitem,
2687 910 3071 971 inhumanum,
3104 916 3266 974 atque
3321 905 3390 963 ab

1816 1006 1961 1060 omni
1999 1004 2488 1061 commiserationis
2524 1002 2758 1058 alienum
2789 1001 3009 1056 atl'ectu.
3049 1000 3389 1070 COguoscens

1815 1112 1943 1169 ergo
1966 1099 2150 1154 infelix
2179 1114 2321 1163 earn,
2350 1112 2511 1168 quam
2559 1094 2685 1151 novi
2735 1095 2884 1165 nupti
2930 1092 3192 1163 Optimam
3237 1090 3393 1144 insti-

1821 1202 2053 1258 tuerant,
2083 1191 2360 1246 mercandi
2415 1190 2579 1254 viam,
2615 1201 2667 1244 et
2723 1187 2867 1258 quod
2914 1193 3241 1256 cognoverat
3288 1197 3393 1236 non

1821 1284 2004 1352 pietati
2040 1286 2336 1355 imputans,
2371 1283 2465 1338 sed
2498 1281 2804 1337 infclicitati
2851 1279 3120 1341 maximat,
3158 1277 3210 1331 in
3246 1276 3395 1344 pala-

1818 1378 1953 1432 tium
1988 1377 2054 1433 ad
2087 1379 2472 1445 imperatorem
2506 1386 2845 1444 progressus;
2883 1372 2954 1425 ita
2991 1371 3132 1423 fatur
3166 1387 3180 1422 :
3213 1365 3257 1421 0
3310 1380 3396 1420 me

1818 1468 2218 1532 calamitosum,
2275 1468 2588 1538 imperator,
2641 1473 2859 1534 propter
2919 1462 3102 1531 generi
3160 1458 3264 1514 mei
3316 1459 3399 1510 in-

1817 1560 2041 1614 ertiam!
2104 1574 2238 1627 opes
2290 1558 2433 1613 enim
2474 1571 2603 1613 suas
2635 1556 2894 1625 pessimis
2932 1554 3238 1622 dilapidans
3282 1561 3395 1606 ino-

1820 1651 1939 1719 dis,
1967 1667 2034 1707 ne
2062 1650 2185 1706 tiliae
2233 1653 2451 1720 quidem
2495 1665 2628 1706 mea:
2673 1650 2975 1708 snbstantia
3034 1644 3310 1704 abstinuit,
3342 1647 3397 1696 et

3099 1736 3192 1791 sed
3221 1748 3397 1804 neque

1823 1837 2116 1895 liberorum
2148 1853 2212 1893 ex
2247 1853 2312 1895 eo
2343 1836 2721 1908 procreatione
2760 1831 2949 1889 infelix
2996 1830 3102 1884 illis
3137 1843 3255 1884 mea
3309 1827 3397 1881 di-

1823 1944 1923 1997 gna
1971 1930 2275 1994 invenitur;
2307 1931 2533 1999 ideoque
2580 1942 2676 1998 per
2731 1926 2914 1981 omnia
2972 1926 3229 1978 miserum
3273 1934 3395 1973 eum

1822 2030 1985 2089 atque
2016 2022 2267 2089 ignavum
2302 2033 2524 2083 censeo,
2554 2034 2713 2088 quem
2743 2018 2925 2072 omine
2969 2016 3124 2082 plane
3161 2012 3397 2066 infausto

1822 2111 2094 2182 cngnovit.
2126 2110 2234 2167 Sed
2264 2110 2311 2165 si
2339 2111 2598 2181 maiestas
2642 2118 2733 2164 tua
2783 2113 3010 2170 annuat,
3044 2113 3101 2158 ut
3146 2112 3399 2157 senectas

1824 2221 1945 2262 mea
1999 2205 2067 2261 ab
2122 2203 2387 2274 ejusmodi
2424 2202 2696 2272 paululum
2744 2201 2973 2269 respiret
3026 2207 3081 2252 et
3131 2194 3399 2249 relevetur

1826 2300 2045 2362 inertia,
2080 2297 2266 2368 procul
2293 2310 2416 2353 eum
2460 2293 2676 2363 iubebis
2701 2292 3002 2353 amandari,
3029 2286 3260 2359 publicis
3303 2285 3399 2339 ali-

1824 2392 1945 2448 cubi
1982 2391 2211 2461 negotiis
2256 2397 2593 2453 vacaturum,
2630 2401 2697 2441 ne
2748 2384 2964 2441 demum
3015 2383 3228 2451 penitus
3277 2394 3401 2447 spo-

1823 2483 1969 2538 liatis
2043 2482 2206 2538 llliola
2283 2496 2401 2536 mea
2464 2487 2873 2535 annumeretur.
2943 2475 3197 2544 Equidem
3259 2472 3399 2525 unde

1823 2576 2043 2632 edoctus
2082 2576 2152 2629 sit
2177 2574 2417 2630 insanam
2451 2571 2598 2626 illam
2628 2570 2843 2625 vivendi
2875 2581 3144 2631 normam,
3195 2562 3396 2617 intelli‘

1824 2682 1951 2741 gere
2022 2680 2252 2737 nequeo,
2282 2665 2373 2734 qui
2420 2664 2594 2718 instar
2642 2674 2805 2715 senem
2859 2663 3053 2713 statua
3106 2651 3397 2709 immobilis

1825 2771 2106 2832 permanet
2129 2760 2196 2814 ad
2231 2755 2497 2814 desideria
2530 2755 2902 2824 voluptatum;
2940 2750 3190 2820 quodque
3230 2745 3397 2801 etiam

1825 2853 2107 2909 molestius
2164 2852 2380 2915 accidit,
2433 2851 2577 2904 velut
2635 2846 2887 2901 usuvenit
2940 2859 3105 2912 saepe,
3135 2837 3398 2911 quidquid

1826 2945 1892 2999 ab
1921 2944 2079 3000 obvio
2106 2943 2295 3014 quovis
2323 2940 2487 2996 fuerit
2526 2938 2824 3010 postulatus
2848 2936 3106 2991 facillime
3129 2935 3399 3004 praebens.

1827 3049 1887 3095 ut
1936 3048 2114 3094 mente
2161 3037 2302 3107 capti
2339 3034 2521 3091 facere
2573 3046 2716 3103 saepe
2763 3030 2962 3095 solent,
2997 3026 3113 3083 suis
3157 3023 3400 3095 quotidie

142 3121 237 3173 καὶ
268 3122 381 3174 τῶν
413 3122 673 3192 κεράμων
696 3122 861 3176 αὐτοῦ
887 3123 987 3176 ούκ
1019 3121 1322 3188 ἀνθέξεται,
1348 3125 1397 3176 εί
1428 3124 1502 3194 μὴ
1526 3124 1721 3177 θάττον

1824 3133 2069 3203 privatur
2095 3130 2310 3201 opibus,
2343 3130 2395 3184 in
2427 3141 2523 3183 eos
2566 3126 2800 3181 maxime
2841 3120 3099 3186 liberalis,
3126 3117 3220 3189 qui
3268 3132 3402 3187 pau-

143 3213 307 3282 πενίᾳ
356 3215 752 3284 περιστιχθεὶς,
796 3217 979 3278 ἱκανὸς
1020 3217 1244 3287 γένηται
1290 3215 1425 3288 πρὸς
1458 3216 1557 3289 τὴν
1603 3216 1714 3272 τῶν

142 3305 356 3361 οἰκείων
384 3308 731 3378 πραγμάτων
760 3309 1139 3379 ἐπικράτειαν.

212 3588 291 3641 οι.
327 3587 438 3638 Καὶ
473 3586 537 3653 δὴ
567 3585 762 3638 Οᾶττον
793 3584 1087 3653 κληθέντος
1134 3586 1229 3641 τοῦ
1276 3589 1550 3659 μακαρίου
1585 3591 1721 3662 πρὸς

142 3675 238 3731 τοῦ
270 3675 561 3746 βασιλέως,
611 3675 889 3732 στέλλεται
933 3680 1064 3749 παρ’
1110 3679 1279 3734 αὑτοῦ
1327 3682 1421 3734 ἐπὶ
1466 3682 1535 3735 τὰ
1582 3685 1721 3755 μέρη

146 3771 389 3835 Κυζίκου
412 3770 550 3841 πρὸς
574 3771 848 3842 δημοσίων
873 3774 1035 3826 τινῶν
1064 3776 1409 3844 πραγμάτιον
1432 3776 1719 3846 διοίκησιν·

141 3861 208 3931 ἢν
232 3864 343 3934 γάρ
396 3864 495 3915 καὶ
522 3863 806 3931 βασιλικοῦ
844 3863 1177 3934 ἀξιώματος,
1222 3868 1282 3920 οὐ
1330 3865 1437 3921 τῶν
1466 3869 1522 3923 ἐν
1553 3871 1721 3938 τέλει,

141 3959 255 4012 ἀλλ’
286 3960 570 4031 ὑπηρέτης
600 3961 708 4013 τῶν
735 3959 1031 4030 βασιλικῶν
1060 3965 1495 4034 κεκοσμημένων
1518 3967 1719 4033 ἵππων,

140 4053 232 4118 οῦς
258 4053 327 4124 δὴ
373 4055 698 4125 στράτωρας
730 4054 916 4109 καλεῖν
962 4057 994 4125 ἡ
1026 4058 1181 4122 τάξις
1225 4060 1481 4114 εἴθισται.
1516 4062 1721 4116 Τούτου

140 4148 198 4201 δὲ
246 4147 344 4201 τοῦ
398 4150 822 4220 προστάγματος
868 4151 945 4223 τῷ
1006 4155 1265 4226 μακαρίῳ
1312 4155 1578 4222 δοθέντος,
1631 4162 1724 4211 καὶ

141 4242 318 4309 χαρᾶς
360 4239 513 4310 αὐτῷ
545 4243 604 4295 ού
627 4240 729 4313 τῆς
759 4243 1030 4314 τυχούσης
1054 4245 1461 4319 περιχυθείσης.
1491 4249 1566 4310 ὡς
1607 4251 1722 4303 ἐτέ-

143 4348 242 4401 ρας
286 4331 545 4403 ἀφορμῆς
574 4334 722 4403 αύτῷ
746 4336 845 4404 τῆς
872 4340 936 4389 ὲκ
962 4338 1055 4390 τοῦ
1088 4338 1295 4408 κόσμου
1324 4341 1724 4413 ἀναχωρήσεως

141 4424 332 4534 θεόθείδ
363 4426 839 4498 οίκονομηθείσης,
889 4430 956 4480 τά
990 4431 1123 4498 πρὸς
1162 4433 1261 4502 τὴν
1291 4433 1408 4486 ἐδὸν
1442 4439 1724 4505 συντόμως
1755 4477 1803 4534 D

138 4518 479 4587 ηὖτρέπιστο
502 4520 782 4591 ἐπιτήδεια
808 4536 821 4549 ·
848 4520 939 4575 καὶ
962 4523 1233 4593 πρόφασιν
1254 4526 1526 4594 μαλακίας
1553 4547 1722 4600 προσ-

135 4613 537 4683 ποιησάμενος,
610 4616 738 4678 τοὺς
795 4615 892 4684 μὲν
946 4614 1094 4687 αὐτῷ
1142 4616 1587 4689 ὑπηρετήσοντας
1635 4625 1721 4681 διὰ

137 4701 232 4755 τοῦ
263 4701 474 4774 δρόμου
512 4701 839 4772 πεπομφὼς,
872 4704 1033 4768 αὐτὸς
1082 4706 1140 4759 ὲν
1181 4709 1507 4782 ταχυδρόμῳ
1552 4713 1721 4785 πλοίῳ

137 4796 363 4862 ἐπιϐάς,
398 4793 810 4865 καταλαμϐάνει
837 4796 897 4849 τὸ
923 4797 1018 4852 τοῦ
1057 4800 1295 4868 μεγάλου
1332 4804 1577 4874 ποταμοῦ
1602 4807 1721 4861 στό-

209 4932 316 5001 (5’)
345 4932 548 4987 Eorum
618 4929 854 5012 scilicet,
896 4948 1046 5012 quos
1112 4935 1344 5012 συρτοὺς
1379 4937 1718 5012 *βασιλικοὺς

139 5008 403 5081 ῖππευςμ
441 5016 614 5081 equos
638 5008 815 5081 regios
845 5008 909 5056 ad
934 5019 1151 5081 quatiunt
1186 5009 1457 5081 ducendos
1489 5028 1506 5060 ι
1541 5014 1721 5081 appel-

135 5077 214 5130 lat
243 5073 485 5130 Codinus
516 5072 838 5142 Curopalata
863 5089 912 5129 ιε.
934 5073 989 5139 5,
1013 5092 1065 5147 u.
1091 5075 1178 5140 ll,
1198 5075 1250 5128 itt
1289 5094 1518 5147 quorum
1554 5072 1718 5136 unum

135 5163 262 5217 cupi
315 5146 700 5211 imperatorent
750 5150 1013 5220 stratorcs
1050 5146 1345 5207 levassent,
1392 5152 1721 5220 sequebatur

137 5215 461 5292 saeuorum
489 5226 755 5292 equorum
780 5215 1723 5292 litagnitlcttscomitatus}prius

136 5284 465 5356 instituendi
492 5282 755 5356 originem
776 5281 1015 5356 Codinus
1042 5286 1105 5339 ad
1139 5285 1517 5356 imperatorem
1544 5281 1721 5347 Theo-

133 5354 346 5421 pltilum
384 5355 573 5417 refert,
608 5354 699 5421 qui
730 5368 851 5425 cum
881 5354 1169 5421 aliquando
1196 5354 1412 5425 equum,
1454 5362 1537 5413 cui
1584 5363 1719 5415 insi-

132 5425 323 5497 debat.
356 5425 614 5478 cessisset
664 5423 897 5487 mulieri,
945 5440 1068 5478 eum
1126 5435 1182 5480 ut
1218 5423 1265 5480 vi
1301 5438 1507 5497 raptum
1548 5432 1723 5487 vindi-

131 5496 312 5556 canti,
365 5508 542 5562 eoque
582 5501 805 5548 coactus
831 5504 975 5549 esset
1000 5498 1172 5564 primo
1205 5496 1422 5552 obvium
1456 5514 1719 5556 conscen-

133 5564 290 5629 dere,
320 5565 672 5644 constituerit
700 5573 760 5617 ut
799 5564 854 5617 in
884 5579 1123 5644 “omnem
1163 5577 1415 5644 eventum
1466 5570 1720 5643 deinceps

131 5644 500 5701 sequerentur
530 5635 659 5703 equi
698 5635 1002 5690 scssoribus
1037 5639 1214 5692 vacui.

201 5706 287 5777 (4)
319 5724 338 5759 ι
381 5703 700 5786 Stratorunt
726 5718 919 5761 munus
950 5717 1067 5786 erat
1104 5724 1298 5786 equum
1345 5711 1493 5767 freno
1536 5718 1719 5769 tenere

132 5784 186 5830 et
236 5777 632 5835 conscendenti
689 5777 1002 5847 imperatori
1058 5792 1216 5847 opem
1266 5780 1447 5838 ferre;
1483 5803 1499 5836 ι
1548 5786 1618 5841 ita
1666 5790 1717 5841 in

1825 3226 2027 3296 periem
2063 3222 2340 3277 simulant.
2374 3220 2622 3276 Profecto
2659 3232 2728 3272 ne
2760 3216 3066 3286 ﬁglinorum
3094 3210 3312 3282 quidem
3351 3208 3402 3264 ei

1824 3319 1978 3389 copia
2013 3324 2283 3387 suppetet,
2323 3314 2422 3369 nisi
2455 3311 2781 3384 quantocius
2812 3308 2880 3362 ab
2922 3322 2984 3361 ea
3012 3321 3117 3377 qua
3163 3304 3402 3373 cingitur

1824 3412 2005 3482 inopia
2063 3411 2238 3465 iactus
2285 3405 2623 3473 prudentior,
2659 3403 2888 3459 idoneus
2939 3402 3032 3456 tiat
3076 3398 3239 3455 rebus
3289 3398 3404 3453 suis

1826 3506 2139 3565 retinendis.

1897 3599 1987 3656 IX.
2036 3597 2177 3669 Ergo
2230 3596 2528 3651 accersitus
2587 3590 2844 3646 continuo
2906 3589 2970 3644 ad
3021 3587 3401 3656 imperatorem

1826 3698 2039 3757 beatus,
2073 3693 2354 3761 ablegatur
2377 3688 2445 3742 ab
2478 3700 2545 3741 eo
2574 3685 2628 3740 in
2661 3691 2845 3753 partes
2875 3678 3196 3750 Cyzicenas,
3225 3674 3407 3743 publi-

1826 3802 2011 3843 corum
2063 3781 2420 3855 quorumdam
2472 3779 2809 3849 negotiorum
2856 3773 3070 3845 gratia:
3106 3780 3224 3825 erat
3255 3769 3401 3823 enim

1830 3880 1988 3945 regia:
2037 3876 2317 3946 dignitatis
2374 3874 2425 3925 in
2479 3872 2622 3933 aula,
2676 3885 2780 3923 non
2832 3876 3013 3925 tamen
3065 3874 3274 3928 eorum,
3310 3862 3401 3932 qui

1826 3970 2124 4041 principem
2146 3966 2324 4021 locutu
2359 3964 2499 4034 apud
2529 3977 2654 4016 eum
2680 3956 3125 4021 obtinebant,sed
3159 3954 3406 4009 minister

1826 4076 2087 4132 equorum
2114 4059 2386 4130 regiorum
2423 4049 2931 4126 elegantiornm(3')
2955 4050 3096 4104 inter
3117 4061 3235 4113 eos,
3269 4059 3407 4114 quos

1826 4164 2091 4212 stratores
2135 4151 2211 4219 (4)
2263 4147 2543 4202 consuevit
2585 4145 2718 4198 ordo
2772 4143 2851 4213 (5)
2910 4140 3216 4193 nominare.
3251 4137 3405 4203 Quod

1826 4262 1951 4301 cum
2005 4242 2095 4300 ille
2153 4241 2465 4298 mandatum
2518 4237 2836 4307 accepisset,
2878 4232 3174 4301 laetitiaque
3224 4244 3290 4284 ex
3339 4242 3405 4281 eo

1826 4351 1971 4401 essu
2005 4353 2109 4394 non
2145 4336 2349 4407 vulgari
2401 4335 2672 4403 perfusus,
2719 4339 2973 4399 tanquam
3017 4327 3102 4382 cui
3155 4340 3291 4379 nova
3323 4323 3407 4377 di-

1832 4434 2032 4488 vinitus
2057 4429 2347 4485 offerretur
2377 4424 2597 4481 occasio
2626 4423 2807 4477 mundi
2838 4422 3052 4491 penitus
3071 4416 3363 4474 deserendi
3391 4435 3405 4469 :

1831 4523 2093 4594 quidquid
2130 4520 2195 4575 ad
2228 4520 2328 4573 iter
2352 4514 2722 4574 necessarium
2755 4520 3055 4581 eratquam
3081 4506 3406 4563 brevissime

1830 4615 2131 4684 apparavit,
2167 4610 2528 4681 simulatoque
2569 4605 2899 4663 inﬁrmitatis
2932 4610 3192 4674 praetextu
3231 4599 3409 4655 tamu-

1830 4708 1909 4763 los
1959 4720 2149 4761 omnes
2197 4718 2325 4759 suos
2380 4718 2473 4773 per
2523 4714 2745 4757 cursum
2795 4698 3080 4770 prmmisit,
3112 4699 3228 4765 ipse
3278 4707 3407 4746 vero

1829 4801 2063 4858 celocem
2106 4796 2499 4862 conscendens,
2548 4796 2614 4849 ad
2665 4791 2843 4860 Magni
2888 4790 2964 4859 (6)
3010 4786 3249 4843 ﬂuminis
3281 4798 3408 4856 per-

1823 4939 2129 4995 Cedrenunt
2160 4934 2323 4995 Goar,
2367 4931 2665 4988 nominatis
2707 4944 2844 5001 quos
2889 4931 3134 4997 sequitur
3166 4931 3403 4983 auctori-

1822 5008 2242 5074 bus.explieaus
2282 5004 2412 5073 quid
2461 5002 2700 5074 muneris
2751 5001 2975 5074 haberet
3019 5008 3402 5074 protecti-ator,

1826 5068 1983 5147 quem
2025 5068 2317 5131 strator-etii
2348 5083 2403 5129 et
2449 5072 2692 5147 comitem
2726 5082 2818 5147 _et_
2843 5068 3193 5147 domesticum
3224 5072 3405 5147 vocari

1827 5139 2235 5216 nonnunquam.
2262 5154 2318 5200 et
2365 5144 2620 5199 senatorii
2645 5139 2853 5216 ordinis
2902 5140 3193 5216 haberi,_et
3216 5144 3403 5197 decre-

1829 5230 2014 5278 scente
2041 5212 2290 5280 imperio.
2320 5215 2491 5270 aciem
2527 5227 2669 5280 szrpe
2693 5212 2916 5267 duxisse
2942 5212 3201 5266 ostendit.

1901 5290 1989 5361 (5)7
2032 5280 2338 5361 ()ﬂicinrtttn
2384 5300 2451 5361 ac.
2479 5284 2907 5361 ministeriorum
2964 5280 3249 5339 curialium
3306 5300 3404 5341 no.

1819 5355 2150 5415 menelatura
2185 5372 2246 5409 ac
2275 5355 2607 5411 distributio.

1890 5433 1966 5503 (6)
2000 5428 2347 5503 Ριιινὶυςλῇἱο
2399 5425 2729 5503 Olyntpgtos
2755 5423 2969 5503 dividit:
3004 5441 3029 5475 a
3079 5423 3348 5503 Sig‘t'iatiis
3383 5444 3398 5503 ς

1817 5492 2108 5556 Ptolemaeo
2138 5505 2192 5551 et.
2215 5492 2506 5555 Plutarcho
2529 5492 2724 5566 (inquit
2755 5496 2806 5566 i_n
2845 5492 3114 5566 Thesauro
3141 5492 3401 5559 Ortelius)

1819 5572 2150 5642 Rhyndacus
2180 5569 2514 5642 nominatur,
2540 5564 2545 5566 ⁷
2575 5566 2715 5642 _olim
2764 5564 2939 5638 Lycus
2986 5565 3185 5642 «licius.
3222 5566 3399 5642 Plinio

1820 5636 1977 5706 tesie,
2040 5653 2089 5694 at
2125 5640 2413 5697 recentiori
2445 5636 2680 5706 nomine-
2715 5645 2773 5690 ιιι
2806 5636 2887 5690 est
2938 5638 3077 5706 apud
3126 5639 3396 5706 Apollonii

1818 5704 2180 5779 Scltoiiastcn,
2212 5711 2503 5779 Μέγιστος,
2532 5704 2825 5767 Maximus.
