  <div class='ocr_page' id='page_1' title='image "/cluster/home/n/w/nwhite01/storage/ocr_20150623/115/pst.000005714285/017.png"; bbox 0 0 4208 6300; ppageno 0'>
   <div class='ocr_carea' id='block_1_1' title="bbox 798 338 4056 409">
    <p class='ocr_par' dir='ltr' id='par_1_1' title="bbox 798 338 4056 409">
     <span class='ocr_line' id='line_1_1' title="bbox 798 338 4056 409; baseline 0.003 -11"><span class='ocrx_word' id='word_1_1' title='bbox 798 338 858 398; x_wconf 77' lang='lat' dir='ltr'><strong>i9</strong></span> <span class='ocrx_word' id='word_1_2' title='bbox 2056 342 2339 402; x_wconf 77' lang='lat' dir='ltr'><strong>MENSIS</strong></span> <span class='ocrx_word' id='word_1_3' title='bbox 2373 341 2736 402; x_wconf 72' lang='lat' dir='ltr'><strong>MARTIUS.</strong></span> <span class='ocrx_word' id='word_1_4' title='bbox 3987 346 4056 409; x_wconf 72' lang='lat'><strong>20</strong></span> 
     </span>
    </p>
   </div>
   <div class='ocr_carea' id='block_1_2' title="bbox 789 450 2424 530">
    <p class='ocr_par' dir='ltr' id='par_1_2' title="bbox 789 450 2424 527">
     <span class='ocr_line' id='line_1_2' title="bbox 789 450 2424 527; baseline 0.004 -24"><span class='ocrx_word' id='word_1_5' title='bbox 789 451 937 506; x_wconf 78' lang='lat' dir='ltr'><strong>venit</strong></span> <span class='ocrx_word' id='word_1_6' title='bbox 971 450 1170 504; x_wconf 89' lang='lat' dir='ltr'><strong>ostium</strong></span> <span class='ocrx_word' id='word_1_7' title='bbox 1210 468 1222 503; x_wconf 88' lang='lat'><strong>:</strong></span> <span class='ocrx_word' id='word_1_8' title='bbox 1256 465 1318 505; x_wconf 90' lang='lat' dir='ltr'><strong>ac</strong></span> <span class='ocrx_word' id='word_1_9' title='bbox 1368 450 1603 521; x_wconf 84' lang='lat' dir='ltr'><strong>demque</strong></span> <span class='ocrx_word' id='word_1_10' title='bbox 1637 453 1685 506; x_wconf 90' lang='lat' dir='ltr'><strong>ei</strong></span> <span class='ocrx_word' id='word_1_11' title='bbox 1718 469 1837 522; x_wconf 71' lang='lat' dir='ltr'><strong>qua:</strong></span> <span class='ocrx_word' id='word_1_12' title='bbox 1863 456 1983 511; x_wconf 86' lang='lat' dir='ltr'><strong>istic</strong></span> <span class='ocrx_word' id='word_1_13' title='bbox 2036 464 2121 512; x_wconf 86' lang='lat' dir='ltr'><strong>est</strong></span> <span class='ocrx_word' id='word_1_14' title='bbox 2168 455 2424 527; x_wconf 61' lang='lat' dir='ltr'><strong>region”</strong></span> 
     </span>
    </p>
   </div>
   <div class='ocr_carea' id='block_1_3' title="bbox 2478 450 4055 530">
    <p class='ocr_par' dir='ltr' id='par_1_3' title="bbox 2479 454 4055 530">
     <span class='ocr_line' id='line_1_3' title="bbox 2479 454 4055 530; baseline 0.008 -27"><span class='ocrx_word' id='word_1_15' title='bbox 2479 471 2603 524; x_wconf 86' lang='grc' dir='ltr'>μιον</span> <span class='ocrx_word' id='word_1_16' title='bbox 2628 471 2641 485; x_wconf 80' lang='grc'>⁶</span> <span class='ocrx_word' id='word_1_17' title='bbox 2673 454 2766 508; x_wconf 78' lang='grc' dir='ltr'><strong>καὶ</strong></span> <span class='ocrx_word' id='word_1_18' title='bbox 2790 454 3017 525; x_wconf 77' lang='grc' dir='ltr'><strong>πλησίον</strong></span> <span class='ocrx_word' id='word_1_19' title='bbox 3040 455 3224 509; x_wconf 73' lang='grc' dir='ltr'>λδιπδν</span> <span class='ocrx_word' id='word_1_20' title='bbox 3247 454 3348 526; x_wconf 76' lang='grc' dir='ltr'>τῆς</span> <span class='ocrx_word' id='word_1_21' title='bbox 3369 454 3581 509; x_wconf 77' lang='grc' dir='ltr'>ἐκεῖθεν</span> <span class='ocrx_word' id='word_1_22' title='bbox 3603 471 3895 529; x_wconf 84' lang='grc' dir='ltr'>γενομενος</span> <span class='ocrx_word' id='word_1_23' title='bbox 3929 460 4055 530; x_wconf 80' lang='grc' dir='ltr'>γῆς,</span> 
     </span>
    </p>
   </div>
   <div class='ocr_carea' id='block_1_4' title="bbox 790 541 2376 613">
    <p class='ocr_par' dir='ltr' id='par_1_4' title="bbox 790 541 2376 613">
     <span class='ocr_line' id='line_1_4' title="bbox 790 541 2376 613; baseline 0.006 -19"><span class='ocrx_word' id='word_1_24' title='bbox 790 541 1259 611; x_wconf 77' lang='lat' dir='ltr'><strong>appropinquans,</strong></span> <span class='ocrx_word' id='word_1_25' title='bbox 1317 544 1612 613; x_wconf 84' lang='lat' dir='ltr'><strong>tranquillo</strong></span> <span class='ocrx_word' id='word_1_26' title='bbox 1673 560 1836 602; x_wconf 88' lang='lat' dir='ltr'><strong>cursu</strong></span> <span class='ocrx_word' id='word_1_27' title='bbox 1895 550 2000 604; x_wconf 91' lang='lat' dir='ltr'><strong>iter</strong></span> <span class='ocrx_word' id='word_1_28' title='bbox 2055 548 2376 607; x_wconf 80' lang='lat' dir='ltr'><strong>conﬁciebat</strong></span> 
     </span>
    </p>
   </div>
   <div class='ocr_carea' id='block_1_5' title="bbox 790 632 2373 711">
    <p class='ocr_par' dir='ltr' id='par_1_5' title="bbox 790 632 2373 711">
     <span class='ocr_line' id='line_1_5' title="bbox 790 632 2373 711; baseline 0.006 -24"><span class='ocrx_word' id='word_1_29' title='bbox 790 648 974 695; x_wconf 82' lang='lat' dir='ltr'><strong>suum,</strong></span> <span class='ocrx_word' id='word_1_30' title='bbox 1009 632 1225 703; x_wconf 89' lang='lat' dir='ltr'><strong>quando</strong></span> <span class='ocrx_word' id='word_1_31' title='bbox 1271 634 1511 689; x_wconf 87' lang='lat' dir='ltr'><strong>lustrans</strong></span> <span class='ocrx_word' id='word_1_32' title='bbox 1561 647 1830 708; x_wconf 68' lang='lat' dir='ltr'><strong>prmrupta</strong></span> <span class='ocrx_word' id='word_1_33' title='bbox 1885 641 2021 709; x_wconf 82' lang='lat' dir='ltr'><strong>eius,</strong></span> <span class='ocrx_word' id='word_1_34' title='bbox 2055 642 2149 711; x_wconf 90' lang='lat' dir='ltr'><strong>qui</strong></span> <span class='ocrx_word' id='word_1_35' title='bbox 2194 641 2247 696; x_wconf 91' lang='lat' dir='ltr'><strong>in</strong></span> <span class='ocrx_word' id='word_1_36' title='bbox 2284 640 2373 696; x_wconf 79' lang='lat' dir='ltr'><strong>Si-</strong></span> 
     </span>
    </p>
   </div>
   <div class='ocr_carea' id='block_1_6' title="bbox 792 726 2370 803">
    <p class='ocr_par' dir='ltr' id='par_1_6' title="bbox 792 726 2370 803">
     <span class='ocr_line' id='line_1_6' title="bbox 792 726 2370 803; baseline 0.008 -28"><span class='ocrx_word' id='word_1_37' title='bbox 792 726 941 793; x_wconf 67' lang='lat' dir='ltr'><strong>grina</strong></span> <span class='ocrx_word' id='word_1_38' title='bbox 973 734 1074 789; x_wconf 89' lang='lat' dir='ltr'><strong>est,</strong></span> <span class='ocrx_word' id='word_1_39' title='bbox 1109 727 1307 781; x_wconf 87' lang='lat' dir='ltr'><strong>montis</strong></span> <span class='ocrx_word' id='word_1_40' title='bbox 1331 726 1536 791; x_wconf 88' lang='lat' dir='ltr'><strong>littora,</strong></span> <span class='ocrx_word' id='word_1_41' title='bbox 1563 727 1742 784; x_wconf 90' lang='lat' dir='ltr'><strong>divina</strong></span> <span class='ocrx_word' id='word_1_42' title='bbox 1770 734 2001 801; x_wconf 84' lang='lat' dir='ltr'><strong>quadam</strong></span> <span class='ocrx_word' id='word_1_43' title='bbox 2027 732 2370 803; x_wconf 73' lang='lat' dir='ltr'><strong>providentia</strong></span> 
     </span>
    </p>
   </div>
   <div class='ocr_carea' id='block_1_7' title="bbox 791 814 2365 892">
    <p class='ocr_par' dir='ltr' id='par_1_7' title="bbox 791 814 2365 892">
     <span class='ocr_line' id='line_1_7' title="bbox 791 814 2365 892; baseline 0.008 -27"><span class='ocrx_word' id='word_1_44' title='bbox 791 814 1039 882; x_wconf 78' lang='lat' dir='ltr'><strong>profundi</strong></span> <span class='ocrx_word' id='word_1_45' title='bbox 1095 817 1376 886; x_wconf 78' lang='lat' dir='ltr'><strong>cujusdam</strong></span> <span class='ocrx_word' id='word_1_46' title='bbox 1433 819 1712 890; x_wconf 62' lang='lat' dir='ltr'><strong>priecipitii</strong></span> <span class='ocrx_word' id='word_1_47' title='bbox 1765 822 1944 877; x_wconf 89' lang='lat' dir='ltr'><strong>lucum</strong></span> <span class='ocrx_word' id='word_1_48' title='bbox 1998 826 2226 892; x_wconf 88' lang='lat' dir='ltr'><strong>invenit,</strong></span> <span class='ocrx_word' id='word_1_49' title='bbox 2267 823 2365 879; x_wconf 79' lang='lat' dir='ltr'><strong>sil-</strong></span> 
     </span>
    </p>
   </div>
   <div class='ocr_carea' id='block_1_8' title="bbox 793 908 2375 987">
    <p class='ocr_par' dir='ltr' id='par_1_8' title="bbox 793 908 2375 987">
     <span class='ocr_line' id='line_1_8' title="bbox 793 908 2375 987; baseline 0.009 -32"><span class='ocrx_word' id='word_1_50' title='bbox 793 916 1025 962; x_wconf 83' lang='lat' dir='ltr'><strong>vestrem</strong></span> <span class='ocrx_word' id='word_1_51' title='bbox 1053 908 1211 978; x_wconf 83' lang='lat' dir='ltr'><strong>plane</strong></span> <span class='ocrx_word' id='word_1_52' title='bbox 1253 923 1315 963; x_wconf 89' lang='lat' dir='ltr'><strong>ac</strong></span> <span class='ocrx_word' id='word_1_53' title='bbox 1340 924 1738 978; x_wconf 88' lang='lat' dir='ltr'><strong>cavernosum;</strong></span> <span class='ocrx_word' id='word_1_54' title='bbox 1784 912 1853 969; x_wconf 88' lang='lat' dir='ltr'><strong>ad</strong></span> <span class='ocrx_word' id='word_1_55' title='bbox 1900 930 2060 984; x_wconf 84' lang='lat' dir='ltr'><strong>quem</strong></span> <span class='ocrx_word' id='word_1_56' title='bbox 2099 931 2130 969; x_wconf 93' lang='lat' dir='ltr'><strong>e</strong></span> <span class='ocrx_word' id='word_1_57' title='bbox 2160 915 2375 987; x_wconf 76' lang='lat' dir='ltr'><strong>navigio</strong></span> 
     </span>
    </p>
   </div>
   <div class='ocr_carea' id='block_1_9' title="bbox 795 999 2374 1073">
    <p class='ocr_par' dir='ltr' id='par_1_9' title="bbox 795 999 2374 1073">
     <span class='ocr_line' id='line_1_9' title="bbox 795 999 2374 1073; baseline 0.008 -20"><span class='ocrx_word' id='word_1_58' title='bbox 795 999 1156 1067; x_wconf 80' lang='lat' dir='ltr'><strong>descendens,</strong></span> <span class='ocrx_word' id='word_1_59' title='bbox 1188 1011 1351 1072; x_wconf 88' lang='lat' dir='ltr'><strong>atque</strong></span> <span class='ocrx_word' id='word_1_60' title='bbox 1404 1004 1763 1058; x_wconf 86' lang='lat' dir='ltr'><strong>exscensione</strong></span> <span class='ocrx_word' id='word_1_61' title='bbox 1818 1004 1982 1073; x_wconf 77' lang='lat' dir='ltr'><strong>facta,</strong></span> <span class='ocrx_word' id='word_1_62' title='bbox 2014 1006 2161 1062; x_wconf 90' lang='lat' dir='ltr'><strong>solus</strong></span> <span class='ocrx_word' id='word_1_63' title='bbox 2215 1008 2374 1065; x_wconf 65' lang='lat' dir='ltr'><strong>taedio</strong></span> 
     </span>
    </p>
   </div>
   <div class='ocr_carea' id='block_1_10' title="bbox 794 1083 2371 1169">
    <p class='ocr_par' dir='ltr' id='par_1_10' title="bbox 794 1083 2371 1169">
     <span class='ocr_line' id='line_1_10' title="bbox 794 1083 2371 1169; baseline 0.009 -26"><span class='ocrx_word' id='word_1_64' title='bbox 794 1083 1010 1145; x_wconf 76' lang='lat' dir='ltr'><strong>itineris</strong></span> <span class='ocrx_word' id='word_1_65' title='bbox 1037 1092 1344 1163; x_wconf 86' lang='lat' dir='ltr'><strong>compulsus</strong></span> <span class='ocrx_word' id='word_1_66' title='bbox 1370 1094 1523 1159; x_wconf 88' lang='lat' dir='ltr'><strong>abiit,</strong></span> <span class='ocrx_word' id='word_1_67' title='bbox 1555 1097 1773 1155; x_wconf 63' lang='lat' dir='ltr'><strong>caeteris</strong></span> <span class='ocrx_word' id='word_1_68' title='bbox 1807 1096 1859 1151; x_wconf 90' lang='lat' dir='ltr'><strong>in</strong></span> <span class='ocrx_word' id='word_1_69' title='bbox 1911 1099 2034 1154; x_wconf 80' lang='lat' dir='ltr'><strong>navi</strong></span> <span class='ocrx_word' id='word_1_70' title='bbox 2077 1100 2371 1169; x_wconf 73' lang='lat' dir='ltr'><strong>imperans,</strong></span> 
     </span>
    </p>
   </div>
   <div class='ocr_carea' id='block_1_11' title="bbox 792 1184 1855 1257">
    <p class='ocr_par' dir='ltr' id='par_1_11' title="bbox 792 1184 1855 1257">
     <span class='ocr_line' id='line_1_11' title="bbox 792 1184 1855 1257; baseline 0.008 -22"><span class='ocrx_word' id='word_1_71' title='bbox 792 1200 913 1237; x_wconf 85' lang='lat' dir='ltr'><strong>sese</strong></span> <span class='ocrx_word' id='word_1_72' title='bbox 943 1193 998 1238; x_wconf 92' lang='lat' dir='ltr'><strong>ut</strong></span> <span class='ocrx_word' id='word_1_73' title='bbox 1029 1184 1223 1239; x_wconf 78' lang='lat' dir='ltr'><strong>ibidem</strong></span> <span class='ocrx_word' id='word_1_74' title='bbox 1256 1186 1421 1256; x_wconf 89' lang='lat' dir='ltr'><strong>quieti</strong></span> <span class='ocrx_word' id='word_1_75' title='bbox 1452 1193 1855 1257; x_wconf 79' lang='lat' dir='ltr'><strong>exspectarent.</strong></span> 
     </span>
    </p>
   </div>
   <div class='ocr_carea' id='block_1_12' title="bbox 867 1273 2373 1356">
    <p class='ocr_par' dir='ltr' id='par_1_12' title="bbox 867 1273 2373 1356">
     <span class='ocr_line' id='line_1_12' title="bbox 867 1273 2373 1356; baseline 0.009 -28"><span class='ocrx_word' id='word_1_76' title='bbox 867 1273 932 1330; x_wconf 79' lang='grc' dir='ltr'><strong>Χ,</strong></span> <span class='ocrx_word' id='word_1_77' title='bbox 964 1273 1377 1347; x_wconf 74' lang='lat' dir='ltr'><strong>Recognoscens</strong></span> <span class='ocrx_word' id='word_1_78' title='bbox 1411 1293 1537 1333; x_wconf 88' lang='lat' dir='ltr'><strong>vero</strong></span> <span class='ocrx_word' id='word_1_79' title='bbox 1566 1279 1853 1349; x_wconf 78' lang='lat' dir='ltr'><strong>diligenter</strong></span> <span class='ocrx_word' id='word_1_80' title='bbox 1882 1281 2080 1347; x_wconf 88' lang='lat' dir='ltr'><strong>locum,</strong></span> <span class='ocrx_word' id='word_1_81' title='bbox 2114 1294 2275 1356; x_wconf 84' lang='lat' dir='ltr'><strong>atque</strong></span> <span class='ocrx_word' id='word_1_82' title='bbox 2307 1289 2373 1341; x_wconf 85' lang='lat' dir='ltr'><strong>ad</strong></span> 
     </span>
    </p>
   </div>
   <div class='ocr_carea' id='block_1_13' title="bbox 795 1367 2373 1445">
    <p class='ocr_par' dir='ltr' id='par_1_13' title="bbox 795 1367 2373 1445">
     <span class='ocr_line' id='line_1_13' title="bbox 795 1367 2373 1445; baseline 0.008 -25"><span class='ocrx_word' id='word_1_83' title='bbox 795 1367 1217 1423; x_wconf 82' lang='lat' dir='ltr'><strong>exercitationes</strong></span> <span class='ocrx_word' id='word_1_84' title='bbox 1244 1369 1467 1437; x_wconf 84' lang='lat' dir='ltr'><strong>spiritus</strong></span> <span class='ocrx_word' id='word_1_85' title='bbox 1500 1370 1849 1439; x_wconf 85' lang='lat' dir='ltr'><strong>peridoneum</strong></span> <span class='ocrx_word' id='word_1_86' title='bbox 1899 1372 2192 1445; x_wconf 82' lang='lat' dir='ltr'><strong>utilemque</strong></span> <span class='ocrx_word' id='word_1_87' title='bbox 2223 1378 2373 1433; x_wconf 88' lang='lat' dir='ltr'><strong>iuve-</strong></span> 
     </span>
    </p>
   </div>
   <div class='ocr_carea' id='block_1_14' title="bbox 794 1459 2371 1540">
    <p class='ocr_par' dir='ltr' id='par_1_14' title="bbox 794 1459 2371 1540">
     <span class='ocr_line' id='line_1_14' title="bbox 794 1459 2371 1540; baseline 0.01 -30"><span class='ocrx_word' id='word_1_88' title='bbox 794 1459 938 1517; x_wconf 83' lang='lat' dir='ltr'><strong>nisse</strong></span> <span class='ocrx_word' id='word_1_89' title='bbox 998 1459 1236 1529; x_wconf 75' lang='lat' dir='ltr'><strong>gavisus,</strong></span> <span class='ocrx_word' id='word_1_90' title='bbox 1286 1461 1338 1515; x_wconf 91' lang='lat' dir='ltr'><strong>iu</strong></span> <span class='ocrx_word' id='word_1_91' title='bbox 1401 1472 1608 1530; x_wconf 89' lang='lat' dir='ltr'><strong>partem</strong></span> <span class='ocrx_word' id='word_1_92' title='bbox 1659 1477 1780 1519; x_wconf 88' lang='lat' dir='ltr'><strong>sese</strong></span> <span class='ocrx_word' id='word_1_93' title='bbox 1833 1476 2086 1523; x_wconf 88' lang='lat' dir='ltr'><strong>oraturus</strong></span> <span class='ocrx_word' id='word_1_94' title='bbox 2146 1473 2371 1540; x_wconf 85' lang='lat' dir='ltr'><strong>recepit,</strong></span> 
     </span>
    </p>
   </div>
   <div class='ocr_carea' id='block_1_15' title="bbox 798 1549 2375 1625">
    <p class='ocr_par' dir='ltr' id='par_1_15' title="bbox 798 1549 2375 1625">
     <span class='ocr_line' id='line_1_15' title="bbox 798 1549 2375 1625; baseline 0.011 -26"><span class='ocrx_word' id='word_1_95' title='bbox 798 1549 962 1603; x_wconf 84' lang='lat' dir='ltr'><strong>Deum</strong></span> <span class='ocrx_word' id='word_1_96' title='bbox 1014 1550 1329 1618; x_wconf 82' lang='lat' dir='ltr'><strong>deprecans,</strong></span> <span class='ocrx_word' id='word_1_97' title='bbox 1368 1562 1443 1617; x_wconf 89' lang='lat' dir='ltr'><strong>ut,</strong></span> <span class='ocrx_word' id='word_1_98' title='bbox 1475 1553 1615 1624; x_wconf 92' lang='lat' dir='ltr'><strong>quod</strong></span> <span class='ocrx_word' id='word_1_99' title='bbox 1658 1556 1947 1625; x_wconf 80' lang='lat' dir='ltr'><strong>expediens</strong></span> <span class='ocrx_word' id='word_1_100' title='bbox 2000 1571 2145 1614; x_wconf 84' lang='lat' dir='ltr'><strong>esset</strong></span> <span class='ocrx_word' id='word_1_101' title='bbox 2184 1560 2235 1615; x_wconf 89' lang='lat' dir='ltr'><strong>id</strong></span> <span class='ocrx_word' id='word_1_102' title='bbox 2271 1564 2375 1618; x_wconf 83' lang='lat' dir='ltr'><strong>sibi</strong></span> 
     </span>
    </p>
   </div>
   <div class='ocr_carea' id='block_1_16' title="bbox 794 1639 2376 1721">
    <p class='ocr_par' dir='ltr' id='par_1_16' title="bbox 794 1639 2376 1721">
     <span class='ocr_line' id='line_1_16' title="bbox 794 1639 2376 1721; baseline 0.01 -30"><span class='ocrx_word' id='word_1_103' title='bbox 794 1639 1080 1698; x_wconf 88' lang='lat' dir='ltr'><strong>revelaret.</strong></span> <span class='ocrx_word' id='word_1_104' title='bbox 1117 1640 1381 1698; x_wconf 84' lang='lat' dir='ltr'><strong>Diuturna</strong></span> <span class='ocrx_word' id='word_1_105' title='bbox 1426 1656 1607 1702; x_wconf 89' lang='lat' dir='ltr'><strong>autem</strong></span> <span class='ocrx_word' id='word_1_106' title='bbox 1644 1648 1934 1702; x_wconf 85' lang='lat' dir='ltr'><strong>multarum</strong></span> <span class='ocrx_word' id='word_1_107' title='bbox 1984 1651 2237 1707; x_wconf 83' lang='lat' dir='ltr'><strong>horarum</strong></span> <span class='ocrx_word' id='word_1_108' title='bbox 2282 1669 2376 1721; x_wconf 78' lang='lat' dir='ltr'><strong>ge—</strong></span> 
     </span>
    </p>
   </div>
   <div class='ocr_carea' id='block_1_17' title="bbox 791 1730 2371 1807">
    <p class='ocr_par' dir='ltr' id='par_1_17' title="bbox 791 1730 2371 1807">
     <span class='ocr_line' id='line_1_17' title="bbox 791 1730 2371 1807; baseline 0.009 -23"><span class='ocrx_word' id='word_1_109' title='bbox 791 1730 1097 1789; x_wconf 85' lang='lat' dir='ltr'><strong>nullexione</strong></span> <span class='ocrx_word' id='word_1_110' title='bbox 1127 1733 1385 1791; x_wconf 81' lang='lat' dir='ltr'><strong>deﬁciens</strong></span> <span class='ocrx_word' id='word_1_111' title='bbox 1413 1751 1535 1793; x_wconf 90' lang='lat' dir='ltr'><strong>cutn</strong></span> <span class='ocrx_word' id='word_1_112' title='bbox 1569 1739 1846 1806; x_wconf 83' lang='lat' dir='ltr'><strong>paululum</strong></span> <span class='ocrx_word' id='word_1_113' title='bbox 1882 1742 2197 1807; x_wconf 78' lang='lat' dir='ltr'><strong>resedisset,</strong></span> <span class='ocrx_word' id='word_1_114' title='bbox 2228 1744 2371 1798; x_wconf 86' lang='lat' dir='ltr'><strong>velut</strong></span> 
     </span>
    </p>
   </div>
   <div class='ocr_carea' id='block_1_18' title="bbox 795 1822 2372 1902">
    <p class='ocr_par' dir='ltr' id='par_1_18' title="bbox 795 1822 2372 1902">
     <span class='ocr_line' id='line_1_18' title="bbox 795 1822 2372 1902; baseline 0.008 -25"><span class='ocrx_word' id='word_1_115' title='bbox 795 1822 850 1877; x_wconf 90' lang='lat' dir='ltr'><strong>in</strong></span> <span class='ocrx_word' id='word_1_116' title='bbox 902 1827 1100 1880; x_wconf 85' lang='lat' dir='ltr'><strong>exstasi</strong></span> <span class='ocrx_word' id='word_1_117' title='bbox 1161 1826 1334 1882; x_wconf 80' lang='lat' dir='ltr'><strong>tactus</strong></span> <span class='ocrx_word' id='word_1_118' title='bbox 1389 1840 1491 1890; x_wconf 87' lang='lat' dir='ltr'><strong>est.</strong></span> <span class='ocrx_word' id='word_1_119' title='bbox 1520 1832 1798 1900; x_wconf 84' lang='lat' dir='ltr'><strong>oculisque</strong></span> <span class='ocrx_word' id='word_1_120' title='bbox 1847 1832 2192 1902; x_wconf 70' lang='lat' dir='ltr'><strong>vigilantibus</strong></span> <span class='ocrx_word' id='word_1_121' title='bbox 2236 1836 2372 1889; x_wconf 79' lang='lat' dir='ltr'><strong>vidit</strong></span> 
     </span>
    </p>
   </div>
   <div class='ocr_carea' id='block_1_19' title="bbox 793 1916 2372 1995">
    <p class='ocr_par' dir='ltr' id='par_1_19' title="bbox 793 1916 2372 1995">
     <span class='ocr_line' id='line_1_19' title="bbox 793 1916 2372 1995; baseline 0.008 -28"><span class='ocrx_word' id='word_1_122' title='bbox 793 1928 942 1980; x_wconf 86' lang='lat' dir='ltr'><strong>eum,</strong></span> <span class='ocrx_word' id='word_1_123' title='bbox 974 1916 1065 1983; x_wconf 89' lang='lat' dir='ltr'><strong>qui</strong></span> <span class='ocrx_word' id='word_1_124' title='bbox 1097 1916 1247 1983; x_wconf 89' lang='lat' dir='ltr'><strong>prius</strong></span> <span class='ocrx_word' id='word_1_125' title='bbox 1287 1917 1339 1971; x_wconf 92' lang='lat' dir='ltr'><strong>iu</strong></span> <span class='ocrx_word' id='word_1_126' title='bbox 1380 1918 1618 1974; x_wconf 76' lang='lat' dir='ltr'><strong>thalamo</strong></span> <span class='ocrx_word' id='word_1_127' title='bbox 1666 1921 1765 1976; x_wconf 85' lang='lat' dir='ltr'><strong>sibi</strong></span> <span class='ocrx_word' id='word_1_128' title='bbox 1796 1934 2146 1992; x_wconf 82' lang='lat' dir='ltr'><strong>apparuerat,</strong></span> <span class='ocrx_word' id='word_1_129' title='bbox 2194 1926 2372 1995; x_wconf 83' lang='lat' dir='ltr'><strong>splen-</strong></span> 
     </span>
    </p>
   </div>
   <div class='ocr_carea' id='block_1_20' title="bbox 794 2003 2374 2085">
    <p class='ocr_par' dir='ltr' id='par_1_20' title="bbox 794 2003 2374 2085">
     <span class='ocr_line' id='line_1_20' title="bbox 794 2003 2374 2085; baseline 0.009 -25"><span class='ocrx_word' id='word_1_130' title='bbox 794 2003 1136 2060; x_wconf 86' lang='lat' dir='ltr'><strong>didissimum</strong></span> <span class='ocrx_word' id='word_1_131' title='bbox 1177 2007 1380 2076; x_wconf 88' lang='lat' dir='ltr'><strong>virum;</strong></span> <span class='ocrx_word' id='word_1_132' title='bbox 1415 2011 1507 2080; x_wconf 88' lang='lat' dir='ltr'><strong>qui</strong></span> <span class='ocrx_word' id='word_1_133' title='bbox 1554 2025 1744 2069; x_wconf 88' lang='lat' dir='ltr'><strong>manus</strong></span> <span class='ocrx_word' id='word_1_134' title='bbox 1791 2021 2026 2070; x_wconf 67' lang='lat' dir='ltr'><strong>extentae</strong></span> <span class='ocrx_word' id='word_1_135' title='bbox 2084 2017 2252 2085; x_wconf 75' lang='lat' dir='ltr'><strong>digito</strong></span> <span class='ocrx_word' id='word_1_136' title='bbox 2293 2018 2374 2074; x_wconf 88' lang='lat' dir='ltr'><strong>io-</strong></span> 
     </span>
    </p>
   </div>
   <div class='ocr_carea' id='block_1_21' title="bbox 793 2101 2370 2179">
    <p class='ocr_par' dir='ltr' id='par_1_21' title="bbox 793 2101 2370 2179">
     <span class='ocr_line' id='line_1_21' title="bbox 793 2101 2370 2179; baseline 0.007 -25"><span class='ocrx_word' id='word_1_137' title='bbox 793 2114 915 2155; x_wconf 89' lang='lat' dir='ltr'><strong>cum</strong></span> <span class='ocrx_word' id='word_1_138' title='bbox 954 2101 1244 2173; x_wconf 77' lang='lat' dir='ltr'><strong>designans</strong></span> <span class='ocrx_word' id='word_1_139' title='bbox 1276 2120 1291 2158; x_wconf 87' lang='lat'><strong>:</strong></span> <span class='ocrx_word' id='word_1_140' title='bbox 1327 2104 1474 2161; x_wconf 85' lang='lat' dir='ltr'><strong>Tuus</strong></span> <span class='ocrx_word' id='word_1_141' title='bbox 1495 2106 1736 2178; x_wconf 87' lang='lat' dir='ltr'><strong>quidem,</strong></span> <span class='ocrx_word' id='word_1_142' title='bbox 1762 2108 1959 2179; x_wconf 91' lang='lat' dir='ltr'><strong>inquit,</strong></span> <span class='ocrx_word' id='word_1_143' title='bbox 2015 2125 2189 2172; x_wconf 81' lang='lat' dir='ltr'><strong>socer,</strong></span> <span class='ocrx_word' id='word_1_144' title='bbox 2227 2110 2370 2178; x_wconf 88' lang='lat' dir='ltr'><strong>ejus-</strong></span> 
     </span>
    </p>
   </div>
   <div class='ocr_carea' id='block_1_22' title="bbox 794 2190 2369 2270">
    <p class='ocr_par' dir='ltr' id='par_1_22' title="bbox 794 2190 2369 2270">
     <span class='ocr_line' id='line_1_22' title="bbox 794 2190 2369 2270; baseline 0.006 -26"><span class='ocrx_word' id='word_1_145' title='bbox 794 2190 1024 2259; x_wconf 88' lang='lat' dir='ltr'><strong>demque</strong></span> <span class='ocrx_word' id='word_1_146' title='bbox 1057 2207 1181 2249; x_wconf 89' lang='lat' dir='ltr'><strong>cum</strong></span> <span class='ocrx_word' id='word_1_147' title='bbox 1237 2211 1303 2250; x_wconf 89' lang='lat' dir='ltr'><strong>eo</strong></span> <span class='ocrx_word' id='word_1_148' title='bbox 1339 2199 1537 2253; x_wconf 88' lang='lat' dir='ltr'><strong>mentis</strong></span> <span class='ocrx_word' id='word_1_149' title='bbox 1577 2199 1873 2268; x_wconf 86' lang='lat' dir='ltr'><strong>imperator</strong></span> <span class='ocrx_word' id='word_1_150' title='bbox 1921 2201 2060 2254; x_wconf 85' lang='lat' dir='ltr'><strong>intra</strong></span> <span class='ocrx_word' id='word_1_151' title='bbox 2114 2204 2369 2270; x_wconf 76' lang='lat' dir='ltr'><strong>exiguum</strong></span> 
     </span>
    </p>
   </div>
   <div class='ocr_carea' id='block_1_23' title="bbox 795 2285 2374 2352">
    <p class='ocr_par' dir='ltr' id='par_1_23' title="bbox 795 2285 2374 2352">
     <span class='ocr_line' id='line_1_23' title="bbox 795 2285 2374 2352; baseline 0.008 -18"><span class='ocrx_word' id='word_1_152' title='bbox 795 2290 1007 2352; x_wconf 86' lang='lat' dir='ltr'><strong>tempus</strong></span> <span class='ocrx_word' id='word_1_153' title='bbox 1038 2297 1104 2339; x_wconf 79' lang='lat' dir='ltr'><strong>ex</strong></span> <span class='ocrx_word' id='word_1_154' title='bbox 1148 2285 1250 2342; x_wconf 87' lang='lat' dir='ltr'><strong>hac</strong></span> <span class='ocrx_word' id='word_1_155' title='bbox 1296 2287 1404 2342; x_wconf 87' lang='lat' dir='ltr'><strong>vita</strong></span> <span class='ocrx_word' id='word_1_156' title='bbox 1447 2287 1775 2345; x_wconf 82' lang='lat' dir='ltr'><strong>discedent:</strong></span> <span class='ocrx_word' id='word_1_157' title='bbox 1811 2297 1936 2344; x_wconf 86' lang='lat' dir='ltr'><strong>tunc</strong></span> <span class='ocrx_word' id='word_1_158' title='bbox 1981 2296 2161 2345; x_wconf 89' lang='lat' dir='ltr'><strong>autem</strong></span> <span class='ocrx_word' id='word_1_159' title='bbox 2218 2291 2374 2346; x_wconf 91' lang='lat' dir='ltr'><strong>bonis</strong></span> 
     </span>
    </p>
   </div>
   <div class='ocr_carea' id='block_1_24' title="bbox 796 2372 2367 2451">
    <p class='ocr_par' dir='ltr' id='par_1_24' title="bbox 796 2372 2367 2451">
     <span class='ocr_line' id='line_1_24' title="bbox 796 2372 2367 2451; baseline 0.008 -26"><span class='ocrx_word' id='word_1_160' title='bbox 796 2372 925 2436; x_wconf 89' lang='lat' dir='ltr'><strong>tuis,</strong></span> <span class='ocrx_word' id='word_1_161' title='bbox 974 2375 1188 2434; x_wconf 85' lang='lat' dir='ltr'><strong>nemine</strong></span> <span class='ocrx_word' id='word_1_162' title='bbox 1217 2391 1276 2433; x_wconf 85' lang='lat' dir='ltr'><strong>se</strong></span> <span class='ocrx_word' id='word_1_163' title='bbox 1298 2389 1623 2449; x_wconf 88' lang='lat' dir='ltr'><strong>opponente,</strong></span> <span class='ocrx_word' id='word_1_164' title='bbox 1665 2378 1717 2432; x_wconf 92' lang='lat' dir='ltr'><strong>in</strong></span> <span class='ocrx_word' id='word_1_165' title='bbox 1754 2394 2016 2451; x_wconf 87' lang='lat' dir='ltr'><strong>pauperes</strong></span> <span class='ocrx_word' id='word_1_166' title='bbox 2053 2379 2223 2436; x_wconf 85' lang='lat' dir='ltr'><strong>libere</strong></span> <span class='ocrx_word' id='word_1_167' title='bbox 2253 2382 2367 2437; x_wconf 86' lang='lat' dir='ltr'><strong>dis-</strong></span> 
     </span>
    </p>
   </div>
   <div class='ocr_carea' id='block_1_25' title="bbox 798 2463 2376 2542">
    <p class='ocr_par' dir='ltr' id='par_1_25' title="bbox 798 2463 2376 2542">
     <span class='ocr_line' id='line_1_25' title="bbox 798 2463 2376 2542; baseline 0.008 -23"><span class='ocrx_word' id='word_1_168' title='bbox 798 2463 1036 2532; x_wconf 80' lang='lat' dir='ltr'><strong>tributis,</strong></span> <span class='ocrx_word' id='word_1_169' title='bbox 1092 2469 1200 2524; x_wconf 84' lang='lat' dir='ltr'><strong>huc</strong></span> <span class='ocrx_word' id='word_1_170' title='bbox 1254 2469 1551 2526; x_wconf 81' lang='lat' dir='ltr'><strong>adveniens</strong></span> <span class='ocrx_word' id='word_1_171' title='bbox 1602 2482 1875 2542; x_wconf 83' lang='lat' dir='ltr'><strong>acceptam</strong></span> <span class='ocrx_word' id='word_1_172' title='bbox 1932 2474 2037 2529; x_wconf 90' lang='lat' dir='ltr'><strong>Deo</strong></span> <span class='ocrx_word' id='word_1_173' title='bbox 2079 2475 2242 2531; x_wconf 78' lang='lat' dir='ltr'><strong>vitam</strong></span> <span class='ocrx_word' id='word_1_174' title='bbox 2291 2475 2376 2531; x_wconf 86' lang='lat' dir='ltr'><strong>in-</strong></span> 
     </span>
    </p>
   </div>
   <div class='ocr_carea' id='block_1_26' title="bbox 797 2557 2374 2638">
    <p class='ocr_par' dir='ltr' id='par_1_26' title="bbox 797 2557 2374 2638">
     <span class='ocr_line' id='line_1_26' title="bbox 797 2557 2374 2638; baseline 0.008 -27"><span class='ocrx_word' id='word_1_175' title='bbox 797 2557 1013 2615; x_wconf 83' lang='lat' dir='ltr'><strong>stitues.</strong></span> <span class='ocrx_word' id='word_1_176' title='bbox 1046 2558 1159 2615; x_wconf 84' lang='lat' dir='ltr'><strong>Hac</strong></span> <span class='ocrx_word' id='word_1_177' title='bbox 1192 2559 1359 2633; x_wconf 71' lang='lat' dir='ltr'><strong>igitur</strong></span> <span class='ocrx_word' id='word_1_178' title='bbox 1390 2564 1726 2636; x_wconf 89' lang='lat' dir='ltr'><strong>apparitione</strong></span> <span class='ocrx_word' id='word_1_179' title='bbox 1770 2566 1994 2623; x_wconf 90' lang='lat' dir='ltr'><strong>edoctus</strong></span> <span class='ocrx_word' id='word_1_180' title='bbox 2037 2566 2229 2627; x_wconf 82' lang='lat' dir='ltr'><strong>beatus</strong></span> <span class='ocrx_word' id='word_1_181' title='bbox 2254 2584 2374 2638; x_wconf 75' lang='lat' dir='ltr'><strong>quas</strong></span> 
     </span>
    </p>
   </div>
   <div class='ocr_carea' id='block_1_27' title="bbox 796 2650 2373 2728">
    <p class='ocr_par' dir='ltr' id='par_1_27' title="bbox 796 2650 2373 2728">
     <span class='ocr_line' id='line_1_27' title="bbox 796 2650 2373 2728; baseline 0.006 -24"><span class='ocrx_word' id='word_1_182' title='bbox 796 2650 865 2706; x_wconf 86' lang='lat' dir='ltr'><strong>ad</strong></span> <span class='ocrx_word' id='word_1_183' title='bbox 886 2664 1039 2706; x_wconf 87' lang='lat' dir='ltr'><strong>suam</strong></span> <span class='ocrx_word' id='word_1_184' title='bbox 1064 2653 1439 2713; x_wconf 87' lang='lat' dir='ltr'><strong>conducebant</strong></span> <span class='ocrx_word' id='word_1_185' title='bbox 1465 2656 1773 2721; x_wconf 84' lang='lat' dir='ltr'><strong>utilitatem,</strong></span> <span class='ocrx_word' id='word_1_186' title='bbox 1806 2667 1966 2728; x_wconf 87' lang='lat' dir='ltr'><strong>atque</strong></span> <span class='ocrx_word' id='word_1_187' title='bbox 1990 2661 2054 2711; x_wconf 89' lang='lat' dir='ltr'><strong>ad</strong></span> <span class='ocrx_word' id='word_1_188' title='bbox 2078 2657 2373 2727; x_wconf 86' lang='lat' dir='ltr'><strong>Cyzicenas</strong></span> 
     </span>
    </p>
   </div>
   <div class='ocr_carea' id='block_1_28' title="bbox 795 2743 2373 2821">
    <p class='ocr_par' dir='ltr' id='par_1_28' title="bbox 795 2743 2373 2821">
     <span class='ocr_line' id='line_1_28' title="bbox 795 2743 2373 2821; baseline 0.007 -27"><span class='ocrx_word' id='word_1_189' title='bbox 795 2751 977 2813; x_wconf 85' lang='lat' dir='ltr'><strong>partes</strong></span> <span class='ocrx_word' id='word_1_190' title='bbox 1006 2743 1167 2815; x_wconf 87' lang='lat' dir='ltr'><strong>paulo</strong></span> <span class='ocrx_word' id='word_1_191' title='bbox 1217 2754 1338 2816; x_wconf 85' lang='lat' dir='ltr'><strong>post</strong></span> <span class='ocrx_word' id='word_1_192' title='bbox 1391 2747 1670 2816; x_wconf 83' lang='lat' dir='ltr'><strong>appulsus,</strong></span> <span class='ocrx_word' id='word_1_193' title='bbox 1714 2748 1957 2818; x_wconf 86' lang='lat' dir='ltr'><strong>injuttclo</strong></span> <span class='ocrx_word' id='word_1_194' title='bbox 2008 2748 2109 2804; x_wconf 83' lang='lat' dir='ltr'><strong>sibi</strong></span> <span class='ocrx_word' id='word_1_195' title='bbox 2159 2750 2373 2821; x_wconf 79' lang='lat' dir='ltr'><strong>negotio</strong></span> 
     </span>
    </p>
   </div>
   <div class='ocr_carea' id='block_1_29' title="bbox 796 2834 2369 2915">
    <p class='ocr_par' dir='ltr' id='par_1_29' title="bbox 796 2834 2369 2915">
     <span class='ocr_line' id='line_1_29' title="bbox 796 2834 2369 2915; baseline 0.004 -25"><span class='ocrx_word' id='word_1_196' title='bbox 796 2834 959 2905; x_wconf 81' lang='lat' dir='ltr'><strong>quam</strong></span> <span class='ocrx_word' id='word_1_197' title='bbox 993 2837 1257 2893; x_wconf 83' lang='lat' dir='ltr'><strong>citissime</strong></span> <span class='ocrx_word' id='word_1_198' title='bbox 1303 2836 1573 2905; x_wconf 82' lang='lat' dir='ltr'><strong>confecto,</strong></span> <span class='ocrx_word' id='word_1_199' title='bbox 1609 2849 1811 2895; x_wconf 79' lang='lat' dir='ltr'><strong>rectum</strong></span> <span class='ocrx_word' id='word_1_200' title='bbox 1846 2839 2369 2915; x_wconf 87' lang='lat' dir='ltr'><strong>Constantinopolim</strong></span> 
     </span>
    </p>
   </div>
   <div class='ocr_carea' id='block_1_30' title="bbox 798 2927 2375 3004">
    <p class='ocr_par' dir='ltr' id='par_1_30' title="bbox 798 2927 2375 3004">
     <span class='ocr_line' id='line_1_30' title="bbox 798 2927 2375 3004; baseline 0.006 -23"><span class='ocrx_word' id='word_1_201' title='bbox 798 2939 1019 2983; x_wconf 86' lang='lat' dir='ltr'><strong>cursum</strong></span> <span class='ocrx_word' id='word_1_202' title='bbox 1053 2927 1225 2999; x_wconf 87' lang='lat' dir='ltr'><strong>tenuit</strong></span> <span class='ocrx_word' id='word_1_203' title='bbox 1255 2948 1269 2985; x_wconf 88' lang='lat'><strong>:</strong></span> <span class='ocrx_word' id='word_1_204' title='bbox 1302 2940 1358 2986; x_wconf 95' lang='lat' dir='ltr'><strong>et</strong></span> <span class='ocrx_word' id='word_1_205' title='bbox 1387 2932 1738 3003; x_wconf 65' lang='lat' dir='ltr'><strong>quaesitorum</strong></span> <span class='ocrx_word' id='word_1_206' title='bbox 1765 2946 1796 2987; x_wconf 85' lang='lat' dir='ltr'><strong>a</strong></span> <span class='ocrx_word' id='word_1_207' title='bbox 1835 2948 1894 2989; x_wconf 88' lang='lat' dir='ltr'><strong>se</strong></span> <span class='ocrx_word' id='word_1_208' title='bbox 1926 2948 2217 3004; x_wconf 72' lang='lat' dir='ltr'><strong>congruam</strong></span> <span class='ocrx_word' id='word_1_209' title='bbox 2258 2934 2375 2990; x_wconf 91' lang='lat' dir='ltr'><strong>red-</strong></span> 
     </span>
    </p>
   </div>
   <div class='ocr_carea' id='block_1_31' title="bbox 797 3017 2378 3097">
    <p class='ocr_par' dir='ltr' id='par_1_31' title="bbox 797 3017 2378 3097">
     <span class='ocr_line' id='line_1_31' title="bbox 797 3017 2378 3097; baseline 0.005 -23"><span class='ocrx_word' id='word_1_210' title='bbox 797 3017 934 3075; x_wconf 79' lang='lat' dir='ltr'><strong>dens</strong></span> <span class='ocrx_word' id='word_1_211' title='bbox 979 3020 1294 3091; x_wconf 90' lang='lat' dir='ltr'><strong>imperatori</strong></span> <span class='ocrx_word' id='word_1_212' title='bbox 1340 3023 1631 3089; x_wconf 84' lang='lat' dir='ltr'><strong>rationem,</strong></span> <span class='ocrx_word' id='word_1_213' title='bbox 1663 3024 1840 3079; x_wconf 92' lang='lat' dir='ltr'><strong>altiori</strong></span> <span class='ocrx_word' id='word_1_214' title='bbox 1889 3025 2051 3081; x_wconf 82' lang='lat' dir='ltr'><strong>etiam</strong></span> <span class='ocrx_word' id='word_1_215' title='bbox 2087 3029 2253 3097; x_wconf 73' lang='lat' dir='ltr'><strong>gradu</strong></span> <span class='ocrx_word' id='word_1_216' title='bbox 2292 3036 2378 3082; x_wconf 90' lang='lat' dir='ltr'><strong>est</strong></span> 
     </span>
    </p>
   </div>
   <div class='ocr_carea' id='block_1_32' title="bbox 2477 546 4053 620">
    <p class='ocr_par' dir='ltr' id='par_1_32' title="bbox 2477 546 4053 620">
     <span class='ocr_line' id='line_1_32' title="bbox 2477 546 4053 620; baseline 0.005 -21"><span class='ocrx_word' id='word_1_217' title='bbox 2477 546 2881 619; x_wconf 82' lang='grc' dir='ltr'>γαληνοδρομίᾳ</span> <span class='ocrx_word' id='word_1_218' title='bbox 2912 546 3013 617; x_wconf 74' lang='grc' dir='ltr'><strong>τὴν</strong></span> <span class='ocrx_word' id='word_1_219' title='bbox 3054 546 3282 618; x_wconf 87' lang='grc' dir='ltr'>πορείαν</span> <span class='ocrx_word' id='word_1_220' title='bbox 3314 548 3573 615; x_wconf 66' lang='grc' dir='ltr'>ἐποιεῖτο,</span> <span class='ocrx_word' id='word_1_221' title='bbox 3620 551 4053 620; x_wconf 75' lang='grc' dir='ltr'><strong>καταμανθάνων</strong></span> 
     </span>
    </p>
   </div>
   <div class='ocr_carea' id='block_1_33' title="bbox 2474 637 4049 713">
    <p class='ocr_par' dir='ltr' id='par_1_33' title="bbox 2474 637 4049 713">
     <span class='ocr_line' id='line_1_33' title="bbox 2474 637 4049 713; baseline 0.004 -22"><span class='ocrx_word' id='word_1_222' title='bbox 2474 638 2543 691; x_wconf 75' lang='grc' dir='ltr'><strong>τα</strong></span> <span class='ocrx_word' id='word_1_223' title='bbox 2593 639 2918 707; x_wconf 82' lang='grc' dir='ltr'><strong>κρημνώδεα</strong></span> <span class='ocrx_word' id='word_1_224' title='bbox 2960 637 3053 692; x_wconf 77' lang='grc' dir='ltr'>τοῦ</span> <span class='ocrx_word' id='word_1_225' title='bbox 3101 640 3201 708; x_wconf 81' lang='grc' dir='ltr'><strong>τῆς</strong></span> <span class='ocrx_word' id='word_1_226' title='bbox 3244 639 3539 711; x_wconf 84' lang='grc' dir='ltr'>Σιγριανῆς</span> <span class='ocrx_word' id='word_1_227' title='bbox 3573 639 3733 711; x_wconf 81' lang='grc' dir='ltr'>ὅρους</span> <span class='ocrx_word' id='word_1_228' title='bbox 3783 642 4049 713; x_wconf 82' lang='grc' dir='ltr'>παράλια.</span> 
     </span>
    </p>
   </div>
   <div class='ocr_carea' id='block_1_34' title="bbox 2476 729 4055 804">
    <p class='ocr_par' dir='ltr' id='par_1_34' title="bbox 2476 729 4055 804">
     <span class='ocr_line' id='line_1_34' title="bbox 2476 729 4055 804; baseline 0.004 -20"><span class='ocrx_word' id='word_1_229' title='bbox 2476 733 2634 785; x_wconf 80' lang='grc' dir='ltr'>Κατά</span> <span class='ocrx_word' id='word_1_230' title='bbox 2667 729 2760 785; x_wconf 80' lang='grc' dir='ltr'><strong>οὖν</strong></span> <span class='ocrx_word' id='word_1_231' title='bbox 2806 730 2958 784; x_wconf 80' lang='grc' dir='ltr'>Θείαν</span> <span class='ocrx_word' id='word_1_232' title='bbox 2998 732 3122 785; x_wconf 78' lang='grc' dir='ltr'>τινὰ</span> <span class='ocrx_word' id='word_1_233' title='bbox 3154 732 3418 802; x_wconf 77' lang='grc' dir='ltr'>πρόνοιαν</span> <span class='ocrx_word' id='word_1_234' title='bbox 3469 732 3881 804; x_wconf 88' lang='grc' dir='ltr'>καταλαμϐάνει</span> <span class='ocrx_word' id='word_1_235' title='bbox 3934 738 4055 791; x_wconf 74' lang='grc' dir='ltr'>τι·λά</span> 
     </span>
    </p>
   </div>
   <div class='ocr_carea' id='block_1_35' title="bbox 2479 821 4055 899">
    <p class='ocr_par' dir='ltr' id='par_1_35' title="bbox 2479 821 4055 899">
     <span class='ocr_line' id='line_1_35' title="bbox 2479 821 4055 899; baseline 0.006 -24"><span class='ocrx_word' id='word_1_236' title='bbox 2479 821 2865 893; x_wconf 81' lang='grc' dir='ltr'><strong>βαθύκρημνον</strong></span> <span class='ocrx_word' id='word_1_237' title='bbox 2896 822 3124 894; x_wconf 70' lang='grc' dir='ltr'>λόχμην,</span> <span class='ocrx_word' id='word_1_238' title='bbox 3156 824 3374 895; x_wconf 80' lang='grc' dir='ltr'><strong>ἀλσώδη</strong></span> <span class='ocrx_word' id='word_1_239' title='bbox 3406 842 3465 879; x_wconf 87' lang='grc' dir='ltr'><strong>τε</strong></span> <span class='ocrx_word' id='word_1_240' title='bbox 3513 827 3608 880; x_wconf 86' lang='grc' dir='ltr'><strong>καὶ</strong></span> <span class='ocrx_word' id='word_1_241' title='bbox 3640 828 3890 899; x_wconf 84' lang='grc' dir='ltr'>ἀντρώδη</span> <span class='ocrx_word' id='word_1_242' title='bbox 3913 845 3926 859; x_wconf 90' lang='grc'><strong>·</strong></span> <span class='ocrx_word' id='word_1_243' title='bbox 3962 830 4055 884; x_wconf 70' lang='grc' dir='ltr'>καὶ</span> 
     </span>
    </p>
   </div>
   <div class='ocr_carea' id='block_1_36' title="bbox 2477 910 4053 987">
    <p class='ocr_par' dir='ltr' id='par_1_36' title="bbox 2477 910 4053 987">
     <span class='ocr_line' id='line_1_36' title="bbox 2477 910 4053 987; baseline 0.004 -23"><span class='ocrx_word' id='word_1_244' title='bbox 2477 910 2689 974; x_wconf 66' lang='grc' dir='ltr'>ἀποϐὰς</span> <span class='ocrx_word' id='word_1_245' title='bbox 2719 914 2776 964; x_wconf 86' lang='grc' dir='ltr'>ὲν</span> <span class='ocrx_word' id='word_1_246' title='bbox 2802 910 2953 980; x_wconf 74' lang='grc' dir='ltr'>αύτῷ</span> <span class='ocrx_word' id='word_1_247' title='bbox 2984 910 3091 964; x_wconf 82' lang='grc' dir='ltr'><strong>ἀπὸ</strong></span> <span class='ocrx_word' id='word_1_248' title='bbox 3118 911 3211 965; x_wconf 80' lang='grc' dir='ltr'>τοῦ</span> <span class='ocrx_word' id='word_1_249' title='bbox 3242 911 3451 978; x_wconf 80' lang='grc' dir='ltr'>πλοίου,</span> <span class='ocrx_word' id='word_1_250' title='bbox 3481 914 3641 982; x_wconf 80' lang='grc' dir='ltr'>μόνος</span> <span class='ocrx_word' id='word_1_251' title='bbox 3670 916 3738 984; x_wconf 79' lang='grc' dir='ltr'>τῇ</span> <span class='ocrx_word' id='word_1_252' title='bbox 3764 915 4053 987; x_wconf 65' lang='grc' dir='ltr'>δυσχερείᾳ</span> 
     </span>
    </p>
   </div>
   <div class='ocr_carea' id='block_1_37' title="bbox 2479 999 4054 1076">
    <p class='ocr_par' dir='ltr' id='par_1_37' title="bbox 2479 999 4054 1076">
     <span class='ocr_line' id='line_1_37' title="bbox 2479 999 4054 1076; baseline 0.003 -23"><span class='ocrx_word' id='word_1_253' title='bbox 2479 1000 2835 1071; x_wconf 79' lang='grc' dir='ltr'>βεϐιασμένος</span> <span class='ocrx_word' id='word_1_254' title='bbox 2882 1000 3104 1072; x_wconf 79' lang='grc' dir='ltr'>ἀνῆλθε,</span> <span class='ocrx_word' id='word_1_255' title='bbox 3152 1002 3267 1063; x_wconf 77' lang='grc' dir='ltr'>τοῖς</span> <span class='ocrx_word' id='word_1_256' title='bbox 3304 999 3485 1064; x_wconf 86' lang='grc' dir='ltr'>ἀλλοις</span> <span class='ocrx_word' id='word_1_257' title='bbox 3527 1004 3826 1074; x_wconf 71' lang='grc' dir='ltr'><strong>ἐπιτρέψας</strong></span> <span class='ocrx_word' id='word_1_258' title='bbox 3880 1008 3937 1058; x_wconf 79' lang='grc' dir='ltr'>ὲν</span> <span class='ocrx_word' id='word_1_259' title='bbox 3979 1007 4054 1076; x_wconf 84' lang='grc' dir='ltr'>τῷ</span> 
     </span>
    </p>
   </div>
   <div class='ocr_carea' id='block_1_38' title="bbox 2478 1092 3095 1164">
    <p class='ocr_par' dir='ltr' id='par_1_38' title="bbox 2478 1092 3095 1164">
     <span class='ocr_line' id='line_1_38' title="bbox 2478 1092 3095 1164; baseline 0.005 -19"><span class='ocrx_word' id='word_1_260' title='bbox 2478 1092 2649 1163; x_wconf 83' lang='grc' dir='ltr'>πλοίῳ</span> <span class='ocrx_word' id='word_1_261' title='bbox 2681 1094 2859 1164; x_wconf 74' lang='grc' dir='ltr'>ἡσυχῆ</span> <span class='ocrx_word' id='word_1_262' title='bbox 2888 1092 3095 1164; x_wconf 77' lang='grc' dir='ltr'>μένειν.</span> 
     </span>
    </p>
   </div>
   <div class='ocr_carea' id='block_1_39' title="bbox 2550 1275 4051 1351">
    <p class='ocr_par' dir='ltr' id='par_1_39' title="bbox 2550 1275 4051 1351">
     <span class='ocr_line' id='line_1_39' title="bbox 2550 1275 4051 1351; baseline 0.004 -22"><span class='ocrx_word' id='word_1_263' title='bbox 2550 1275 2607 1329; x_wconf 84' lang='grc' dir='ltr'><strong>ι’.</strong></span> <span class='ocrx_word' id='word_1_264' title='bbox 2640 1275 2929 1345; x_wconf 83' lang='grc' dir='ltr'>Διαμαθὼν</span> <span class='ocrx_word' id='word_1_265' title='bbox 2976 1276 3032 1330; x_wconf 79' lang='grc' dir='ltr'>δὲ</span> <span class='ocrx_word' id='word_1_266' title='bbox 3061 1278 3149 1331; x_wconf 80' lang='grc' dir='ltr'><strong>τὸν</strong></span> <span class='ocrx_word' id='word_1_267' title='bbox 3199 1280 3363 1332; x_wconf 79' lang='grc' dir='ltr'>τόπον</span> <span class='ocrx_word' id='word_1_268' title='bbox 3412 1280 3677 1351; x_wconf 70' lang='grc' dir='ltr'>ἀκριϐῶς,</span> <span class='ocrx_word' id='word_1_269' title='bbox 3722 1284 3815 1337; x_wconf 76' lang='grc' dir='ltr'><strong>καὶ</strong></span> <span class='ocrx_word' id='word_1_270' title='bbox 3865 1283 4051 1349; x_wconf 73' lang='grc' dir='ltr'>ἡσθεὶς</span> 
     </span>
    </p>
   </div>
   <div class='ocr_carea' id='block_1_40' title="bbox 2478 1362 4055 1443">
    <p class='ocr_par' dir='ltr' id='par_1_40' title="bbox 2478 1362 4055 1443">
     <span class='ocr_line' id='line_1_40' title="bbox 2478 1362 4055 1443; baseline 0.005 -23"><span class='ocrx_word' id='word_1_271' title='bbox 2478 1367 2785 1436; x_wconf 76' lang='grc' dir='ltr'>ἐπιτήδειον</span> <span class='ocrx_word' id='word_1_272' title='bbox 2817 1362 2959 1421; x_wconf 73' lang='grc' dir='ltr'>εἶναι</span> <span class='ocrx_word' id='word_1_273' title='bbox 3001 1369 3136 1438; x_wconf 75' lang='grc' dir='ltr'>πρὸς</span> <span class='ocrx_word' id='word_1_274' title='bbox 3172 1368 3411 1440; x_wconf 76' lang='grc' dir='ltr'>ψυχικὴν</span> <span class='ocrx_word' id='word_1_275' title='bbox 3440 1371 3731 1442; x_wconf 73' lang='grc' dir='ltr'>ὠφέλειαν,</span> <span class='ocrx_word' id='word_1_276' title='bbox 3757 1372 4055 1443; x_wconf 76' lang='grc' dir='ltr'>εὐξάμενος</span> 
     </span>
    </p>
   </div>
   <div class='ocr_carea' id='block_1_41' title="bbox 2476 1460 4053 1536">
    <p class='ocr_par' dir='ltr' id='par_1_41' title="bbox 2476 1460 4053 1536">
     <span class='ocr_line' id='line_1_41' title="bbox 2476 1460 4053 1536; baseline 0.005 -24"><span class='ocrx_word' id='word_1_277' title='bbox 2476 1460 2530 1512; x_wconf 82' lang='grc' dir='ltr'>δὲ</span> <span class='ocrx_word' id='word_1_278' title='bbox 2565 1460 2683 1512; x_wconf 81' lang='grc' dir='ltr'>κατ’</span> <span class='ocrx_word' id='word_1_279' title='bbox 2716 1460 2875 1527; x_wconf 83' lang='grc' dir='ltr'>ἰδίαν,</span> <span class='ocrx_word' id='word_1_280' title='bbox 2913 1462 3005 1514; x_wconf 76' lang='grc' dir='ltr'><strong>καὶ</strong></span> <span class='ocrx_word' id='word_1_281' title='bbox 3045 1462 3136 1514; x_wconf 82' lang='grc' dir='ltr'><strong>τὸν</strong></span> <span class='ocrx_word' id='word_1_282' title='bbox 3170 1461 3303 1515; x_wconf 82' lang='grc' dir='ltr'>Θεὸν</span> <span class='ocrx_word' id='word_1_283' title='bbox 3340 1462 3403 1516; x_wconf 80' lang='grc' dir='ltr'>τὸ</span> <span class='ocrx_word' id='word_1_284' title='bbox 3450 1464 3734 1536; x_wconf 80' lang='grc' dir='ltr'><strong>συμφέρον</strong></span> <span class='ocrx_word' id='word_1_285' title='bbox 3766 1467 4053 1532; x_wconf 83' lang='grc' dir='ltr'>ίκετεύσας</span> 
     </span>
    </p>
   </div>
   <div class='ocr_carea' id='block_1_42' title="bbox 2477 1552 4054 1627">
    <p class='ocr_par' dir='ltr' id='par_1_42' title="bbox 2477 1552 4054 1627">
     <span class='ocr_line' id='line_1_42' title="bbox 2477 1552 4054 1627; baseline 0.003 -22"><span class='ocrx_word' id='word_1_286' title='bbox 2477 1552 2846 1622; x_wconf 69' lang='grc' dir='ltr'>ἀποκαλύψαι,</span> <span class='ocrx_word' id='word_1_287' title='bbox 2872 1552 3168 1623; x_wconf 86' lang='grc' dir='ltr'>κεκμηκὼς</span> <span class='ocrx_word' id='word_1_288' title='bbox 3194 1554 3248 1607; x_wconf 79' lang='grc' dir='ltr'>δὲ</span> <span class='ocrx_word' id='word_1_289' title='bbox 3281 1555 3345 1607; x_wconf 71' lang='grc' dir='ltr'>ἐκ</span> <span class='ocrx_word' id='word_1_290' title='bbox 3376 1556 3471 1624; x_wconf 73' lang='grc' dir='ltr'>τῆς</span> <span class='ocrx_word' id='word_1_291' title='bbox 3496 1556 3588 1607; x_wconf 66' lang='grc' dir='ltr'><strong>ἐπὶ</strong></span> <span class='ocrx_word' id='word_1_292' title='bbox 3619 1556 3877 1618; x_wconf 71' lang='grc' dir='ltr'>πλείστας</span> <span class='ocrx_word' id='word_1_293' title='bbox 3904 1557 4054 1627; x_wconf 81' lang='grc' dir='ltr'>ὧρας</span> 
     </span>
    </p>
   </div>
   <div class='ocr_carea' id='block_1_43' title="bbox 2478 1645 4056 1718">
    <p class='ocr_par' dir='ltr' id='par_1_43' title="bbox 2478 1645 4056 1718">
     <span class='ocr_line' id='line_1_43' title="bbox 2478 1645 4056 1718; baseline 0.004 -22"><span class='ocrx_word' id='word_1_294' title='bbox 2478 1645 2786 1716; x_wconf 73' lang='grc' dir='ltr'>γενομένης</span> <span class='ocrx_word' id='word_1_295' title='bbox 2818 1646 2907 1697; x_wconf 75' lang='grc' dir='ltr'>ὑπ’</span> <span class='ocrx_word' id='word_1_296' title='bbox 2936 1645 3103 1698; x_wconf 75' lang='grc' dir='ltr'>αὑτοῦ</span> <span class='ocrx_word' id='word_1_297' title='bbox 3134 1647 3504 1714; x_wconf 82' lang='grc' dir='ltr'>γονυκλισίας,</span> <span class='ocrx_word' id='word_1_298' title='bbox 3547 1648 3642 1701; x_wconf 71' lang='grc' dir='ltr'>καὶ</span> <span class='ocrx_word' id='word_1_299' title='bbox 3671 1654 3863 1718; x_wconf 80' lang='grc' dir='ltr'>μικρὸν</span> <span class='ocrx_word' id='word_1_300' title='bbox 3894 1652 4056 1710; x_wconf 74' lang='grc' dir='ltr'>καθε-</span> 
     </span>
    </p>
   </div>
   <div class='ocr_carea' id='block_1_44' title="bbox 2479 1738 4055 1820">
    <p class='ocr_par' dir='ltr' id='par_1_44' title="bbox 2479 1738 4055 1820">
     <span class='ocr_line' id='line_1_44' title="bbox 2479 1738 4055 1820; baseline 0.004 -31"><span class='ocrx_word' id='word_1_301' title='bbox 2479 1738 2651 1797; x_wconf 77' lang='grc' dir='ltr'>σθεὶς.</span> <span class='ocrx_word' id='word_1_302' title='bbox 2688 1738 2762 1799; x_wconf 82' lang='grc' dir='ltr'><strong>ὡς</strong></span> <span class='ocrx_word' id='word_1_303' title='bbox 2802 1740 2859 1788; x_wconf 84' lang='grc' dir='ltr'>ὲν</span> <span class='ocrx_word' id='word_1_304' title='bbox 2924 1738 3176 1791; x_wconf 70' lang='grc' dir='ltr'>ἐκστάσει</span> <span class='ocrx_word' id='word_1_305' title='bbox 3214 1739 3425 1806; x_wconf 79' lang='grc' dir='ltr'>γέγονε,</span> <span class='ocrx_word' id='word_1_306' title='bbox 3481 1740 3573 1793; x_wconf 78' lang='grc' dir='ltr'>καὶ</span> <span class='ocrx_word' id='word_1_307' title='bbox 3611 1742 3712 1811; x_wconf 78' lang='grc' dir='ltr'>ὁρᾷ</span> <span class='ocrx_word' id='word_1_308' title='bbox 3749 1742 4055 1820; x_wconf 73' lang='grc' dir='ltr'>γρηγοροῦ-</span> 
     </span>
    </p>
   </div>
   <div class='ocr_carea' id='block_1_45' title="bbox 2481 1830 4054 1902">
    <p class='ocr_par' dir='ltr' id='par_1_45' title="bbox 2481 1830 4054 1902">
     <span class='ocr_line' id='line_1_45' title="bbox 2481 1830 4054 1902; baseline 0.003 -19"><span class='ocrx_word' id='word_1_309' title='bbox 2481 1848 2563 1883; x_wconf 88' lang='grc' dir='ltr'><strong>σιν</strong></span> <span class='ocrx_word' id='word_1_310' title='bbox 2598 1830 2894 1898; x_wconf 73' lang='grc' dir='ltr'>ὀφθαλμοῖς</span> <span class='ocrx_word' id='word_1_311' title='bbox 2924 1831 3015 1883; x_wconf 78' lang='grc' dir='ltr'><strong>τὸν</strong></span> <span class='ocrx_word' id='word_1_312' title='bbox 3059 1831 3409 1899; x_wconf 72' lang='grc' dir='ltr'>προφανέντα</span> <span class='ocrx_word' id='word_1_313' title='bbox 3441 1832 3589 1902; x_wconf 79' lang='grc' dir='ltr'>αὐτῷ</span> <span class='ocrx_word' id='word_1_314' title='bbox 3629 1836 3686 1885; x_wconf 85' lang='grc' dir='ltr'>ὲν</span> <span class='ocrx_word' id='word_1_315' title='bbox 3713 1835 3778 1902; x_wconf 80' lang='grc' dir='ltr'><strong>τῇ</strong></span> <span class='ocrx_word' id='word_1_316' title='bbox 3820 1836 4054 1888; x_wconf 75' lang='grc' dir='ltr'>παστάδι</span> 
     </span>
    </p>
   </div>
   <div class='ocr_carea' id='block_1_46' title="bbox 2477 1920 4053 1993">
    <p class='ocr_par' dir='ltr' id='par_1_46' title="bbox 2477 1920 4053 1993">
     <span class='ocr_line' id='line_1_46' title="bbox 2477 1920 4053 1993; baseline 0.003 -18"><span class='ocrx_word' id='word_1_317' title='bbox 2477 1922 2740 1993; x_wconf 77' lang='grc' dir='ltr'>φωτοειδῆ</span> <span class='ocrx_word' id='word_1_318' title='bbox 2767 1921 2960 1991; x_wconf 83' lang='grc' dir='ltr'>ἄνδρα,</span> <span class='ocrx_word' id='word_1_319' title='bbox 2988 1922 3088 1993; x_wconf 76' lang='grc' dir='ltr'>τὴν</span> <span class='ocrx_word' id='word_1_320' title='bbox 3117 1923 3273 1993; x_wconf 81' lang='grc' dir='ltr'>χεῖρα</span> <span class='ocrx_word' id='word_1_321' title='bbox 3315 1922 3685 1991; x_wconf 83' lang='grc' dir='ltr'>ἐκτεταμένην</span> <span class='ocrx_word' id='word_1_322' title='bbox 3713 1920 3928 1993; x_wconf 63' lang='grc' dir='ltr'>ἔχοντα,</span> <span class='ocrx_word' id='word_1_323' title='bbox 3958 1929 4053 1979; x_wconf 76' lang='grc' dir='ltr'>καὶ</span> 
     </span>
    </p>
   </div>
   <div class='ocr_carea' id='block_1_47' title="bbox 2476 2008 4055 2084">
    <p class='ocr_par' dir='ltr' id='par_1_47' title="bbox 2476 2008 4055 2084">
     <span class='ocr_line' id='line_1_47' title="bbox 2476 2008 4055 2084; baseline 0.001 -17"><span class='ocrx_word' id='word_1_324' title='bbox 2476 2013 2552 2084; x_wconf 89' lang='grc' dir='ltr'>τῷ</span> <span class='ocrx_word' id='word_1_325' title='bbox 2586 2012 2837 2082; x_wconf 82' lang='grc' dir='ltr'>δακτύλῳ</span> <span class='ocrx_word' id='word_1_326' title='bbox 2864 2012 2954 2066; x_wconf 82' lang='grc' dir='ltr'><strong>τὸν</strong></span> <span class='ocrx_word' id='word_1_327' title='bbox 2974 2011 3141 2065; x_wconf 86' lang='grc' dir='ltr'>τόπον</span> <span class='ocrx_word' id='word_1_328' title='bbox 3178 2008 3575 2066; x_wconf 80' lang='grc' dir='ltr'>ὑποδεικνύντα</span> <span class='ocrx_word' id='word_1_329' title='bbox 3604 2014 3856 2083; x_wconf 74' lang='grc' dir='ltr'>καὶπρὸς</span> <span class='ocrx_word' id='word_1_330' title='bbox 3888 2016 4055 2069; x_wconf 73' lang='grc' dir='ltr'>αὑτὸν</span> 
     </span>
    </p>
   </div>
   <div class='ocr_carea' id='block_1_48' title="bbox 2475 2102 4055 2174">
    <p class='ocr_par' dir='ltr' id='par_1_48' title="bbox 2475 2102 4055 2174">
     <span class='ocr_line' id='line_1_48' title="bbox 2475 2102 4055 2174; baseline 0.003 -18"><span class='ocrx_word' id='word_1_331' title='bbox 2475 2104 2702 2173; x_wconf 80' lang='grc' dir='ltr'>λέγοντα</span> <span class='ocrx_word' id='word_1_332' title='bbox 2728 2122 2740 2133; x_wconf 90' lang='grc'><strong>·</strong></span> <span class='ocrx_word' id='word_1_333' title='bbox 2782 2104 2843 2157; x_wconf 87' lang='lat'><strong>&#39;0</strong></span> <span class='ocrx_word' id='word_1_334' title='bbox 2877 2104 2975 2174; x_wconf 77' lang='grc' dir='ltr'>μὲν</span> <span class='ocrx_word' id='word_1_335' title='bbox 3003 2103 3093 2162; x_wconf 78' lang='grc' dir='ltr'><strong>σὸς</strong></span> <span class='ocrx_word' id='word_1_336' title='bbox 3118 2102 3407 2173; x_wconf 75' lang='grc' dir='ltr'>κηδεστὴς,</span> <span class='ocrx_word' id='word_1_337' title='bbox 3434 2103 3572 2156; x_wconf 72' lang='grc' dir='ltr'>ἀλλὰ</span> <span class='ocrx_word' id='word_1_338' title='bbox 3599 2105 3695 2158; x_wconf 69' lang='grc' dir='ltr'><strong>καλ⁵</strong></span> <span class='ocrx_word' id='word_1_339' title='bbox 3727 2108 3753 2159; x_wconf 90' lang='grc' dir='ltr'><strong>ό</strong></span> <span class='ocrx_word' id='word_1_340' title='bbox 3784 2105 4055 2174; x_wconf 86' lang='grc' dir='ltr'>σύμφρων</span> 
     </span>
    </p>
   </div>
   <div class='ocr_carea' id='block_1_49' title="bbox 2477 2195 4053 2265">
    <p class='ocr_par' dir='ltr' id='par_1_49' title="bbox 2477 2195 4053 2265">
     <span class='ocr_line' id='line_1_49' title="bbox 2477 2195 4053 2265; baseline 0.001 -16"><span class='ocrx_word' id='word_1_341' title='bbox 2477 2196 2645 2249; x_wconf 77' lang='grc' dir='ltr'>αὑτοῦ</span> <span class='ocrx_word' id='word_1_342' title='bbox 2686 2195 2960 2265; x_wconf 81' lang='grc' dir='ltr'>βασιλεὺς,</span> <span class='ocrx_word' id='word_1_343' title='bbox 2994 2197 3052 2248; x_wconf 82' lang='grc' dir='ltr'>ὲν</span> <span class='ocrx_word' id='word_1_344' title='bbox 3078 2196 3286 2261; x_wconf 84' lang='grc' dir='ltr'>ὀλίγαις</span> <span class='ocrx_word' id='word_1_345' title='bbox 3318 2195 3554 2264; x_wconf 79' lang='grc' dir='ltr'>ἡμέραις</span> <span class='ocrx_word' id='word_1_346' title='bbox 3579 2195 3690 2247; x_wconf 83' lang='grc' dir='ltr'><strong>τῶν</strong></span> <span class='ocrx_word' id='word_1_347' title='bbox 3720 2195 3844 2264; x_wconf 74' lang='grc' dir='ltr'>τῇδε</span> <span class='ocrx_word' id='word_1_348' title='bbox 3867 2197 4053 2249; x_wconf 87' lang='grc' dir='ltr'>τελευ-</span> 
     </span>
    </p>
   </div>
   <div class='ocr_carea' id='block_1_50' title="bbox 2478 2282 4059 2357">
    <p class='ocr_par' dir='ltr' id='par_1_50' title="bbox 2478 2282 4059 2357">
     <span class='ocr_line' id='line_1_50' title="bbox 2478 2282 4059 2357; baseline -0.001 -18"><span class='ocrx_word' id='word_1_349' title='bbox 2478 2288 2744 2355; x_wconf 84' lang='grc' dir='ltr'>τήσαντες</span> <span class='ocrx_word' id='word_1_350' title='bbox 2777 2282 3193 2355; x_wconf 76' lang='grc' dir='ltr'>ἀναχωροῦσιν·</span> <span class='ocrx_word' id='word_1_351' title='bbox 3245 2283 3340 2337; x_wconf 73' lang='grc' dir='ltr'><strong>καὶ</strong></span> <span class='ocrx_word' id='word_1_352' title='bbox 3383 2283 3571 2338; x_wconf 67' lang='grc' dir='ltr'>λοιπὸν</span> <span class='ocrx_word' id='word_1_353' title='bbox 3617 2286 3897 2357; x_wconf 74' lang='grc' dir='ltr'>παρρησίᾳ</span> <span class='ocrx_word' id='word_1_354' title='bbox 3943 2289 4059 2349; x_wconf 76' lang='grc' dir='ltr'>τοῖς</span> 
     </span>
    </p>
   </div>
   <div class='ocr_carea' id='block_1_51' title="bbox 2479 2374 4060 2448">
    <p class='ocr_par' dir='ltr' id='par_1_51' title="bbox 2479 2374 4060 2448">
     <span class='ocr_line' id='line_1_51' title="bbox 2479 2374 4060 2448; baseline 0.001 -19"><span class='ocrx_word' id='word_1_355' title='bbox 2479 2376 2799 2448; x_wconf 78' lang='grc' dir='ltr'>πενομένοις</span> <span class='ocrx_word' id='word_1_356' title='bbox 2845 2374 2957 2429; x_wconf 83' lang='grc' dir='ltr'>τῶν</span> <span class='ocrx_word' id='word_1_357' title='bbox 2996 2376 3349 2446; x_wconf 78' lang='grc' dir='ltr'>ὑπαρχόντων</span> <span class='ocrx_word' id='word_1_358' title='bbox 3381 2392 3463 2429; x_wconf 87' lang='grc' dir='ltr'><strong>σοι</strong></span> <span class='ocrx_word' id='word_1_359' title='bbox 3496 2377 3595 2446; x_wconf 69' lang='grc' dir='ltr'><strong>τὴν</strong></span> <span class='ocrx_word' id='word_1_360' title='bbox 3642 2375 3903 2447; x_wconf 76' lang='grc' dir='ltr'>διανομὴν</span> <span class='ocrx_word' id='word_1_361' title='bbox 3935 2393 4060 2430; x_wconf 88' lang='grc' dir='ltr'>ποι-</span> 
     </span>
    </p>
   </div>
   <div class='ocr_carea' id='block_1_52' title="bbox 2477 2463 4057 2540">
    <p class='ocr_par' dir='ltr' id='par_1_52' title="bbox 2477 2463 4057 2540">
     <span class='ocr_line' id='line_1_52' title="bbox 2477 2463 4057 2540; baseline -0.003 -20"><span class='ocrx_word' id='word_1_362' title='bbox 2477 2468 2772 2540; x_wconf 80' lang='grc' dir='ltr'>ησάμενος,</span> <span class='ocrx_word' id='word_1_363' title='bbox 2805 2465 3040 2520; x_wconf 75' lang='grc' dir='ltr'>ἐνταῦθα</span> <span class='ocrx_word' id='word_1_364' title='bbox 3092 2464 3569 2535; x_wconf 86' lang='grc' dir='ltr'>παραγεινάμενος</span> <span class='ocrx_word' id='word_1_365' title='bbox 3607 2463 3726 2532; x_wconf 81' lang='grc' dir='ltr'><strong>Θεῷ</strong></span> <span class='ocrx_word' id='word_1_366' title='bbox 3753 2464 4057 2534; x_wconf 74' lang='grc' dir='ltr'>εύαρεστή·</span> 
     </span>
    </p>
   </div>
   <div class='ocr_carea' id='block_1_53' title="bbox 2479 2552 4057 2628">
    <p class='ocr_par' dir='ltr' id='par_1_53' title="bbox 2479 2552 4057 2628">
     <span class='ocr_line' id='line_1_53' title="bbox 2479 2552 4057 2628; baseline -0.004 -16"><span class='ocrx_word' id='word_1_367' title='bbox 2479 2576 2611 2623; x_wconf 88' lang='grc' dir='ltr'>σεις.</span> <span class='ocrx_word' id='word_1_368' title='bbox 2664 2557 2769 2612; x_wconf 84' lang='grc' dir='ltr'><strong>Τοῦ</strong></span> <span class='ocrx_word' id='word_1_369' title='bbox 2797 2556 2889 2610; x_wconf 75' lang='grc' dir='ltr'>οὖν</span> <span class='ocrx_word' id='word_1_370' title='bbox 2928 2556 3203 2628; x_wconf 89' lang='grc' dir='ltr'>μακαρίου</span> <span class='ocrx_word' id='word_1_371' title='bbox 3238 2554 3327 2607; x_wconf 87' lang='grc' dir='ltr'><strong>διά</strong></span> <span class='ocrx_word' id='word_1_372' title='bbox 3352 2557 3445 2624; x_wconf 79' lang='grc' dir='ltr'>τῆς</span> <span class='ocrx_word' id='word_1_373' title='bbox 3480 2554 3777 2625; x_wconf 75' lang='grc' dir='ltr'>ἐμφανείας</span> <span class='ocrx_word' id='word_1_374' title='bbox 3811 2554 3878 2607; x_wconf 85' lang='grc' dir='ltr'><strong>τά</strong></span> <span class='ocrx_word' id='word_1_375' title='bbox 3908 2552 4057 2623; x_wconf 77' lang='grc' dir='ltr'>αὐτῷ</span> 
     </span>
    </p>
   </div>
   <div class='ocr_carea' id='block_1_54' title="bbox 2480 2644 4049 2720">
    <p class='ocr_par' dir='ltr' id='par_1_54' title="bbox 2480 2644 4049 2720">
     <span class='ocr_line' id='line_1_54' title="bbox 2480 2644 4049 2720; baseline -0.005 -15"><span class='ocrx_word' id='word_1_376' title='bbox 2480 2651 2822 2705; x_wconf 86' lang='grc' dir='ltr'>συντείνοντα</span> <span class='ocrx_word' id='word_1_377' title='bbox 2870 2648 3008 2720; x_wconf 76' lang='grc' dir='ltr'>πρὸς</span> <span class='ocrx_word' id='word_1_378' title='bbox 3034 2646 3305 2717; x_wconf 76' lang='grc' dir='ltr'>ὠφέλειαν</span> <span class='ocrx_word' id='word_1_379' title='bbox 3341 2646 3635 2710; x_wconf 75' lang='grc' dir='ltr'>συνιέντος,</span> <span class='ocrx_word' id='word_1_380' title='bbox 3673 2647 3766 2700; x_wconf 72' lang='grc' dir='ltr'><strong>καὶ</strong></span> <span class='ocrx_word' id='word_1_381' title='bbox 3808 2644 3877 2698; x_wconf 83' lang='grc' dir='ltr'><strong>τά</strong></span> <span class='ocrx_word' id='word_1_382' title='bbox 3907 2646 4049 2715; x_wconf 75' lang='grc' dir='ltr'>μέρη</span> 
     </span>
    </p>
   </div>
   <div class='ocr_carea' id='block_1_55' title="bbox 2481 2736 4053 2810">
    <p class='ocr_par' dir='ltr' id='par_1_55' title="bbox 2481 2736 4053 2810">
     <span class='ocr_line' id='line_1_55' title="bbox 2481 2736 4053 2810; baseline -0.006 -13"><span class='ocrx_word' id='word_1_383' title='bbox 2481 2743 2723 2808; x_wconf 78' lang='grc' dir='ltr'>Κυζίκου</span> <span class='ocrx_word' id='word_1_384' title='bbox 2763 2740 3187 2808; x_wconf 86' lang='grc' dir='ltr'>καταλαϐόντος,</span> <span class='ocrx_word' id='word_1_385' title='bbox 3221 2740 3295 2805; x_wconf 87' lang='grc' dir='ltr'>ὡς</span> <span class='ocrx_word' id='word_1_386' title='bbox 3323 2741 3554 2810; x_wconf 84' lang='grc' dir='ltr'>τάχιστα</span> <span class='ocrx_word' id='word_1_387' title='bbox 3591 2738 3647 2792; x_wconf 69' lang='grc' dir='ltr'>δὲ</span> <span class='ocrx_word' id='word_1_388' title='bbox 3677 2738 3737 2790; x_wconf 76' lang='grc' dir='ltr'>τὸ</span> <span class='ocrx_word' id='word_1_389' title='bbox 3769 2736 3920 2807; x_wconf 77' lang='grc' dir='ltr'><strong>αὑτῷ</strong></span> <span class='ocrx_word' id='word_1_390' title='bbox 3957 2754 4053 2789; x_wconf 82' lang='grc' dir='ltr'>κε-</span> 
     </span>
    </p>
   </div>
   <div class='ocr_carea' id='block_1_56' title="bbox 2478 2830 4054 2907">
    <p class='ocr_par' dir='ltr' id='par_1_56' title="bbox 2478 2830 4054 2907">
     <span class='ocr_line' id='line_1_56' title="bbox 2478 2830 4054 2907; baseline -0.007 -16"><span class='ocrx_word' id='word_1_391' title='bbox 2478 2836 2703 2892; x_wconf 79' lang='grc' dir='ltr'>λευσθὲν</span> <span class='ocrx_word' id='word_1_392' title='bbox 2754 2832 3198 2907; x_wconf 83' lang='grc' dir='ltr'>περατώσαντος,</span> <span class='ocrx_word' id='word_1_393' title='bbox 3248 2833 3434 2887; x_wconf 79' lang='grc' dir='ltr'>εὐθεῖά</span> <span class='ocrx_word' id='word_1_394' title='bbox 3464 2848 3548 2894; x_wconf 86' lang='grc' dir='ltr'><strong>τις</strong></span> <span class='ocrx_word' id='word_1_395' title='bbox 3599 2830 3943 2899; x_wconf 74' lang='grc' dir='ltr'>συνήργησεν</span> <span class='ocrx_word' id='word_1_396' title='bbox 3995 2830 4054 2881; x_wconf 74' lang='grc' dir='ltr'>ἐν</span> 
     </span>
    </p>
   </div>
   <div class='ocr_carea' id='block_1_57' title="bbox 2479 2920 4053 2995">
    <p class='ocr_par' dir='ltr' id='par_1_57' title="bbox 2479 2920 4053 2995">
     <span class='ocr_line' id='line_1_57' title="bbox 2479 2920 4053 2995; baseline -0.008 -10"><span class='ocrx_word' id='word_1_397' title='bbox 2479 2927 3052 2986; x_wconf 79' lang='grc' dir='ltr'>Κωνσταντινουπόλει</span> <span class='ocrx_word' id='word_1_398' title='bbox 3094 2923 3475 2995; x_wconf 86' lang='grc' dir='ltr'>παλινδρομία.</span> <span class='ocrx_word' id='word_1_399' title='bbox 3504 2923 3615 2977; x_wconf 73' lang='grc' dir='ltr'><strong>Καὶ</strong></span> <span class='ocrx_word' id='word_1_400' title='bbox 3640 2921 3705 2992; x_wconf 83' lang='grc' dir='ltr'>δὴ</span> <span class='ocrx_word' id='word_1_401' title='bbox 3733 2920 4053 2990; x_wconf 78' lang='grc' dir='ltr'>πρεπόντως</span> 
     </span>
    </p>
   </div>
   <div class='ocr_carea' id='block_1_58' title="bbox 2478 3009 4055 3088">
    <p class='ocr_par' dir='ltr' id='par_1_58' title="bbox 2478 3009 4055 3088">
     <span class='ocr_line' id='line_1_58' title="bbox 2478 3009 4055 3088; baseline -0.009 -14"><span class='ocrx_word' id='word_1_402' title='bbox 2478 3018 2965 3088; x_wconf 78' lang='grc' dir='ltr'>ἀπολογησάμενος</span> <span class='ocrx_word' id='word_1_403' title='bbox 2999 3015 3076 3087; x_wconf 83' lang='grc' dir='ltr'>τῷ</span> <span class='ocrx_word' id='word_1_404' title='bbox 3118 3014 3330 3085; x_wconf 80' lang='grc' dir='ltr'>βασιλεῖ</span> <span class='ocrx_word' id='word_1_405' title='bbox 3355 3012 3484 3085; x_wconf 78' lang='grc' dir='ltr'>περὶ</span> <span class='ocrx_word' id='word_1_406' title='bbox 3514 3012 3622 3066; x_wconf 86' lang='grc' dir='ltr'>τῶν</span> <span class='ocrx_word' id='word_1_407' title='bbox 3658 3009 3805 3081; x_wconf 83' lang='grc' dir='ltr'>αύτῴ</span> <span class='ocrx_word' id='word_1_408' title='bbox 3834 3011 4055 3079; x_wconf 80' lang='grc' dir='ltr'>ὲρωτωο</span> 
     </span>
    </p>
   </div>
   <div class='ocr_carea' id='block_1_59' title="bbox 798 3099 2424 3186">
    <p class='ocr_par' dir='ltr' id='par_1_59' title="bbox 798 3111 2424 3186">
     <span class='ocr_line' id='line_1_59' title="bbox 798 3111 2424 3186; baseline 0.003 -20"><span class='ocrx_word' id='word_1_409' title='bbox 798 3111 865 3166; x_wconf 83' lang='lat' dir='ltr'><strong>ab</strong></span> <span class='ocrx_word' id='word_1_410' title='bbox 900 3125 965 3168; x_wconf 87' lang='lat' dir='ltr'><strong>eo</strong></span> <span class='ocrx_word' id='word_1_411' title='bbox 992 3111 1315 3180; x_wconf 85' lang='lat' dir='ltr'><strong>honoratus,</strong></span> <span class='ocrx_word' id='word_1_412' title='bbox 1346 3124 1507 3184; x_wconf 89' lang='lat' dir='ltr'><strong>atque</strong></span> <span class='ocrx_word' id='word_1_413' title='bbox 1531 3115 1669 3169; x_wconf 88' lang='lat' dir='ltr'><strong>inter</strong></span> <span class='ocrx_word' id='word_1_414' title='bbox 1703 3116 2009 3186; x_wconf 87' lang='lat' dir='ltr'><strong>spatbarios</strong></span> <span class='ocrx_word' id='word_1_415' title='bbox 2034 3116 2373 3186; x_wconf 87' lang='lat' dir='ltr'><strong>(7)allectus,</strong></span> <span class='ocrx_word' id='word_1_416' title='bbox 2403 3122 2424 3180; x_wconf 77' lang='lat' dir='ltr'><strong>t</strong></span> 
     </span>
    </p>
   </div>
   <div class='ocr_carea' id='block_1_60' title="bbox 2478 3099 4055 3186">
    <p class='ocr_par' dir='ltr' id='par_1_60' title="bbox 2484 3099 4055 3180">
     <span class='ocr_line' id='line_1_60' title="bbox 2484 3099 4055 3180; baseline -0.008 -17"><span class='ocrx_word' id='word_1_417' title='bbox 2484 3110 2682 3180; x_wconf 80' lang='grc' dir='ltr'>μένων,</span> <span class='ocrx_word' id='word_1_418' title='bbox 2727 3107 3041 3179; x_wconf 82' lang='grc' dir='ltr'>ὑψηλοτέρῳ</span> <span class='ocrx_word' id='word_1_419' title='bbox 3073 3106 3132 3160; x_wconf 79' lang='grc' dir='ltr'><strong>δὲ</strong></span> <span class='ocrx_word' id='word_1_420' title='bbox 3184 3104 3378 3176; x_wconf 88' lang='grc' dir='ltr'>βαθμῷ</span> <span class='ocrx_word' id='word_1_421' title='bbox 3421 3105 3539 3175; x_wconf 75' lang='grc' dir='ltr'>ἦτοι</span> <span class='ocrx_word' id='word_1_422' title='bbox 3579 3103 3687 3158; x_wconf 86' lang='grc' dir='ltr'>τῶν</span> <span class='ocrx_word' id='word_1_423' title='bbox 3734 3099 4055 3171; x_wconf 85' lang='grc' dir='ltr'>σπαθαρίων</span> 
     </span>
    </p>
   </div>
   <div class='ocr_carea' id='block_1_61' title="bbox 801 3200 2379 3276">
    <p class='ocr_par' dir='ltr' id='par_1_61' title="bbox 801 3200 2379 3276">
     <span class='ocr_line' id='line_1_61' title="bbox 801 3200 2379 3276; baseline 0.006 -22"><span class='ocrx_word' id='word_1_424' title='bbox 801 3200 999 3258; x_wconf 82' lang='lat' dir='ltr'><strong>Ibidem</strong></span> <span class='ocrx_word' id='word_1_425' title='bbox 1034 3203 1234 3260; x_wconf 91' lang='lat' dir='ltr'><strong>deinde</strong></span> <span class='ocrx_word' id='word_1_426' title='bbox 1263 3204 1417 3269; x_wconf 88' lang='lat' dir='ltr'><strong>vixit,</strong></span> <span class='ocrx_word' id='word_1_427' title='bbox 1460 3219 1583 3260; x_wconf 92' lang='lat' dir='ltr'><strong>cum</strong></span> <span class='ocrx_word' id='word_1_428' title='bbox 1606 3220 1804 3276; x_wconf 89' lang='lat' dir='ltr'><strong>sponsa</strong></span> <span class='ocrx_word' id='word_1_429' title='bbox 1836 3208 2152 3275; x_wconf 72' lang='lat' dir='ltr'><strong>praestolans</strong></span> <span class='ocrx_word' id='word_1_430' title='bbox 2168 3208 2379 3263; x_wconf 79' lang='lat' dir='ltr'><strong>exitum</strong></span> 
     </span>
    </p>
   </div>
   <div class='ocr_carea' id='block_1_62' title="bbox 801 3292 1876 3368">
    <p class='ocr_par' dir='ltr' id='par_1_62' title="bbox 801 3292 1876 3368">
     <span class='ocr_line' id='line_1_62' title="bbox 801 3292 1876 3368; baseline 0.009 -21"><span class='ocrx_word' id='word_1_431' title='bbox 801 3292 1046 3363; x_wconf 72' lang='lat' dir='ltr'><strong>visionis,</strong></span> <span class='ocrx_word' id='word_1_432' title='bbox 1074 3310 1237 3368; x_wconf 87' lang='lat' dir='ltr'><strong>quem</strong></span> <span class='ocrx_word' id='word_1_433' title='bbox 1263 3305 1317 3352; x_wconf 93' lang='lat' dir='ltr'><strong>et</strong></span> <span class='ocrx_word' id='word_1_434' title='bbox 1342 3297 1689 3360; x_wconf 82' lang='lat' dir='ltr'><strong>subsecutum</strong></span> <span class='ocrx_word' id='word_1_435' title='bbox 1724 3300 1876 3357; x_wconf 88' lang='lat' dir='ltr'><strong>vidit.</strong></span> 
     </span>
    </p>
   </div>
   <div class='ocr_carea' id='block_1_63' title="bbox 2480 3192 4056 3274">
    <p class='ocr_par' dir='ltr' id='par_1_63' title="bbox 2480 3192 4056 3274">
     <span class='ocr_line' id='line_1_63' title="bbox 2480 3192 4056 3274; baseline -0.007 -18"><span class='ocrx_word' id='word_1_436' title='bbox 2480 3202 2557 3274; x_wconf 83' lang='grc' dir='ltr'>τῷ</span> <span class='ocrx_word' id='word_1_437' title='bbox 2589 3201 2876 3271; x_wconf 83' lang='grc' dir='ltr'>καταλόγῳ</span> <span class='ocrx_word' id='word_1_438' title='bbox 2905 3201 3011 3253; x_wconf 72' lang='grc' dir='ltr'><strong>ύπδ</strong></span> <span class='ocrx_word' id='word_1_439' title='bbox 3037 3196 3132 3251; x_wconf 81' lang='grc' dir='ltr'>τοῦ</span> <span class='ocrx_word' id='word_1_440' title='bbox 3168 3196 3431 3267; x_wconf 79' lang='grc' dir='ltr'>βασιλέως</span> <span class='ocrx_word' id='word_1_441' title='bbox 3479 3196 3753 3264; x_wconf 73' lang='grc' dir='ltr'>τιμηθεὶς,</span> <span class='ocrx_word' id='word_1_442' title='bbox 3782 3192 3932 3261; x_wconf 81' lang='grc' dir='ltr'>διῆγε</span> <span class='ocrx_word' id='word_1_443' title='bbox 3961 3192 4056 3245; x_wconf 67' lang='grc' dir='ltr'>τὸν</span> 
     </span>
    </p>
   </div>
   <div class='ocr_carea' id='block_1_64' title="bbox 2474 3285 4053 3364">
    <p class='ocr_par' dir='ltr' id='par_1_64' title="bbox 2474 3285 4053 3364">
     <span class='ocr_line' id='line_1_64' title="bbox 2474 3285 4053 3364; baseline -0.009 -15"><span class='ocrx_word' id='word_1_444' title='bbox 2474 3294 2663 3349; x_wconf 81' lang='grc' dir='ltr'>λοιπὸν</span> <span class='ocrx_word' id='word_1_445' title='bbox 2689 3291 2925 3364; x_wconf 82' lang='grc' dir='ltr'>(χρόνον)</span> <span class='ocrx_word' id='word_1_446' title='bbox 2961 3288 3288 3363; x_wconf 75' lang='grc' dir='ltr'>προσμένων</span> <span class='ocrx_word' id='word_1_447' title='bbox 3319 3288 3388 3341; x_wconf 71' lang='grc' dir='ltr'>τὰ</span> <span class='ocrx_word' id='word_1_448' title='bbox 3414 3286 3514 3356; x_wconf 83' lang='grc' dir='ltr'>τῆς</span> <span class='ocrx_word' id='word_1_449' title='bbox 3543 3285 3811 3348; x_wconf 79' lang='grc' dir='ltr'>ὀπτασίας</span> <span class='ocrx_word' id='word_1_450' title='bbox 3844 3286 3921 3347; x_wconf 89' lang='grc' dir='ltr'><strong>είς</strong></span> <span class='ocrx_word' id='word_1_451' title='bbox 3954 3285 4053 3337; x_wconf 75' lang='grc' dir='ltr'><strong>πέ-</strong></span> 
     </span>
    </p>
   </div>
   <div class='ocr_carea' id='block_1_65' title="bbox 2479 3382 3379 3461">
    <p class='ocr_par' dir='ltr' id='par_1_65' title="bbox 2479 3382 3379 3461">
     <span class='ocr_line' id='line_1_65' title="bbox 2479 3382 3379 3461; baseline -0.01 -17"><span class='ocrx_word' id='word_1_452' title='bbox 2479 3406 2577 3461; x_wconf 88' lang='grc' dir='ltr'><strong>ρας</strong></span> <span class='ocrx_word' id='word_1_453' title='bbox 2606 3384 2955 3453; x_wconf 72' lang='grc' dir='ltr'>ἐληλακέναι,</span> <span class='ocrx_word' id='word_1_454' title='bbox 2998 3382 3026 3437; x_wconf 79' lang='grc' dir='ltr'><strong>ὀ</strong></span> <span class='ocrx_word' id='word_1_455' title='bbox 3050 3384 3145 3439; x_wconf 69' lang='grc' dir='ltr'><strong>καλ⁸</strong></span> <span class='ocrx_word' id='word_1_456' title='bbox 3171 3382 3379 3452; x_wconf 80' lang='grc' dir='ltr'>γέγονε.</span> 
     </span>
    </p>
   </div>
   <div class='ocr_carea' id='block_1_66' title="bbox 2236 3548 2617 3606">
    <p class='ocr_par' dir='ltr' id='par_1_66' title="bbox 2236 3548 2617 3606">
     <span class='ocr_line' id='line_1_66' title="bbox 2236 3548 2617 3606; baseline 0.01 -7"><span class='ocrx_word' id='word_1_457' title='bbox 2236 3596 2237 3599; x_wconf 45' lang='grc' dir='ltr'><strong>η</strong></span> <span class='ocrx_word' id='word_1_458' title='bbox 2297 3548 2520 3606; x_wconf 78' lang='lat' dir='ltr'><strong>CAPUT</strong></span> <span class='ocrx_word' id='word_1_459' title='bbox 2556 3549 2617 3603; x_wconf 87' lang='lat' dir='ltr'><strong>il.</strong></span> 
     </span>
    </p>
   </div>
   <div class='ocr_carea' id='block_1_67' title="bbox 1556 3683 3301 3757">
    <p class='ocr_par' dir='ltr' id='par_1_67' title="bbox 1556 3683 3301 3757">
     <span class='ocr_line' id='line_1_67' title="bbox 1556 3683 3301 3757; baseline -0.005 -16"><span class='ocrx_word' id='word_1_460' title='bbox 1556 3688 1884 3757; x_wconf 72' lang='lat' dir='ltr'><strong>Theophanis</strong></span> <span class='ocrx_word' id='word_1_461' title='bbox 1910 3689 2259 3742; x_wconf 82' lang='lat' dir='ltr'><strong>monachatus</strong></span> <span class='ocrx_word' id='word_1_462' title='bbox 2289 3698 2335 3739; x_wconf 88' lang='lat' dir='ltr'><strong>et</strong></span> <span class='ocrx_word' id='word_1_463' title='bbox 2364 3701 2459 3755; x_wconf 87' lang='lat' dir='ltr'><strong>pro</strong></span> <span class='ocrx_word' id='word_1_464' title='bbox 2496 3685 2786 3754; x_wconf 81' lang='lat' dir='ltr'><strong>imaginum</strong></span> <span class='ocrx_word' id='word_1_465' title='bbox 2830 3684 2976 3735; x_wconf 76' lang='lat' dir='ltr'><strong>cultu</strong></span> <span class='ocrx_word' id='word_1_466' title='bbox 3015 3683 3301 3736; x_wconf 72' lang='lat' dir='ltr'><strong>certamina</strong></span> 
     </span>
    </p>
   </div>
   <div class='ocr_carea' id='block_1_68' title="bbox 878 3822 2378 3898">
    <p class='ocr_par' dir='ltr' id='par_1_68' title="bbox 878 3822 2378 3898">
     <span class='ocr_line' id='line_1_68' title="bbox 878 3822 2378 3898; baseline -0.005 -14"><span class='ocrx_word' id='word_1_467' title='bbox 878 3830 968 3886; x_wconf 80' lang='lat' dir='ltr'><strong>XI.</strong></span> <span class='ocrx_word' id='word_1_468' title='bbox 994 3829 1180 3898; x_wconf 83' lang='lat' dir='ltr'><strong>Neque</strong></span> <span class='ocrx_word' id='word_1_469' title='bbox 1224 3825 1369 3881; x_wconf 89' lang='lat' dir='ltr'><strong>enim</strong></span> <span class='ocrx_word' id='word_1_470' title='bbox 1422 3824 1646 3879; x_wconf 80' lang='lat' dir='ltr'><strong>multum</strong></span> <span class='ocrx_word' id='word_1_471' title='bbox 1685 3822 1892 3878; x_wconf 80' lang='lat' dir='ltr'><strong>eiliuxit</strong></span> <span class='ocrx_word' id='word_1_472' title='bbox 1941 3825 2220 3894; x_wconf 81' lang='lat' dir='ltr'><strong>temporis,</strong></span> <span class='ocrx_word' id='word_1_473' title='bbox 2248 3825 2378 3894; x_wconf 87' lang='lat' dir='ltr'><strong>quin</strong></span> 
     </span>
    </p>
   </div>
   <div class='ocr_carea' id='block_1_69' title="bbox 806 3913 2379 3989">
    <p class='ocr_par' dir='ltr' id='par_1_69' title="bbox 806 3913 2379 3989">
     <span class='ocr_line' id='line_1_69' title="bbox 806 3913 2379 3989; baseline -0.006 -12"><span class='ocrx_word' id='word_1_474' title='bbox 806 3923 964 3977; x_wconf 85' lang='lat' dir='ltr'><strong>tinem</strong></span> <span class='ocrx_word' id='word_1_475' title='bbox 1008 3926 1233 3989; x_wconf 90' lang='lat' dir='ltr'><strong>uterque</strong></span> <span class='ocrx_word' id='word_1_476' title='bbox 1279 3914 1493 3972; x_wconf 82' lang='lat' dir='ltr'><strong>vivendi</strong></span> <span class='ocrx_word' id='word_1_477' title='bbox 1527 3913 1750 3981; x_wconf 80' lang='lat' dir='ltr'><strong>faciens,</strong></span> <span class='ocrx_word' id='word_1_478' title='bbox 1789 3915 2002 3986; x_wconf 86' lang='lat' dir='ltr'><strong>plenam</strong></span> <span class='ocrx_word' id='word_1_479' title='bbox 2051 3914 2179 3985; x_wconf 89' lang='lat' dir='ltr'><strong>ipsis</strong></span> <span class='ocrx_word' id='word_1_480' title='bbox 2214 3914 2379 3968; x_wconf 82' lang='lat' dir='ltr'><strong>relin-</strong></span> 
     </span>
    </p>
   </div>
   <div class='ocr_carea' id='block_1_70' title="bbox 802 4001 2373 4088">
    <p class='ocr_par' dir='ltr' id='par_1_70' title="bbox 802 4001 2373 4088">
     <span class='ocr_line' id='line_1_70' title="bbox 802 4001 2373 4088; baseline -0.005 -19"><span class='ocrx_word' id='word_1_481' title='bbox 802 4022 993 4088; x_wconf 83' lang='lat' dir='ltr'><strong>queret</strong></span> <span class='ocrx_word' id='word_1_482' title='bbox 1026 4012 1353 4074; x_wconf 89' lang='lat' dir='ltr'><strong>libertatem,</strong></span> <span class='ocrx_word' id='word_1_483' title='bbox 1391 4008 1504 4064; x_wconf 86' lang='lat' dir='ltr'><strong>suis</strong></span> <span class='ocrx_word' id='word_1_484' title='bbox 1555 4024 1653 4079; x_wconf 86' lang='lat' dir='ltr'><strong>pro</strong></span> <span class='ocrx_word' id='word_1_485' title='bbox 1685 4009 1914 4065; x_wconf 88' lang='lat' dir='ltr'><strong>arbitrio</strong></span> <span class='ocrx_word' id='word_1_486' title='bbox 1961 4001 2122 4064; x_wconf 81' lang='lat' dir='ltr'><strong>rebus</strong></span> <span class='ocrx_word' id='word_1_487' title='bbox 2154 4008 2373 4074; x_wconf 86' lang='lat' dir='ltr'><strong>utendi;</strong></span> 
     </span>
    </p>
   </div>
   <div class='ocr_carea' id='block_1_71' title="bbox 801 4096 2375 4180">
    <p class='ocr_par' dir='ltr' id='par_1_71' title="bbox 801 4096 2375 4180">
     <span class='ocr_line' id='line_1_71' title="bbox 801 4096 2375 4180; baseline -0.008 -18"><span class='ocrx_word' id='word_1_488' title='bbox 801 4121 939 4180; x_wconf 88' lang='lat' dir='ltr'><strong>quas</strong></span> <span class='ocrx_word' id='word_1_489' title='bbox 970 4104 1228 4160; x_wconf 90' lang='lat' dir='ltr'><strong>continuo</strong></span> <span class='ocrx_word' id='word_1_490' title='bbox 1281 4100 1423 4155; x_wconf 88' lang='lat' dir='ltr'><strong>inter</strong></span> <span class='ocrx_word' id='word_1_491' title='bbox 1477 4113 1738 4168; x_wconf 89' lang='lat' dir='ltr'><strong>pauperes</strong></span> <span class='ocrx_word' id='word_1_492' title='bbox 1790 4098 2109 4163; x_wconf 88' lang='lat' dir='ltr'><strong>diviserunt,</strong></span> <span class='ocrx_word' id='word_1_493' title='bbox 2157 4096 2375 4151; x_wconf 77' lang='lat' dir='ltr'><strong>fainulis</strong></span> 
     </span>
    </p>
   </div>
   <div class='ocr_carea' id='block_1_72' title="bbox 801 4190 2372 4261">
    <p class='ocr_par' dir='ltr' id='par_1_72' title="bbox 801 4190 2372 4261">
     <span class='ocr_line' id='line_1_72' title="bbox 801 4190 2372 4261; baseline -0.008 -7"><span class='ocrx_word' id='word_1_494' title='bbox 801 4199 964 4255; x_wconf 88' lang='lat' dir='ltr'><strong>etiam</strong></span> <span class='ocrx_word' id='word_1_495' title='bbox 1004 4192 1317 4251; x_wconf 82' lang='lat' dir='ltr'><strong>domesticis</strong></span> <span class='ocrx_word' id='word_1_496' title='bbox 1362 4191 1613 4249; x_wconf 87' lang='lat' dir='ltr'><strong>libertate</strong></span> <span class='ocrx_word' id='word_1_497' title='bbox 1646 4190 1865 4247; x_wconf 88' lang='lat' dir='ltr'><strong>donatis</strong></span> <span class='ocrx_word' id='word_1_498' title='bbox 1894 4210 1905 4244; x_wconf 86' lang='lat'>:</span> <span class='ocrx_word' id='word_1_499' title='bbox 1934 4190 2039 4261; x_wconf 90' lang='lat' dir='ltr'><strong>ipsi</strong></span> <span class='ocrx_word' id='word_1_500' title='bbox 2069 4201 2194 4246; x_wconf 88' lang='lat' dir='ltr'><strong>vero</strong></span> <span class='ocrx_word' id='word_1_501' title='bbox 2242 4204 2372 4259; x_wconf 86' lang='lat' dir='ltr'><strong>pau-</strong></span> 
     </span>
    </p>
   </div>
   <div class='ocr_carea' id='block_1_73' title="bbox 805 4283 2375 4349">
    <p class='ocr_par' dir='ltr' id='par_1_73' title="bbox 805 4283 2375 4349">
     <span class='ocr_line' id='line_1_73' title="bbox 805 4283 2375 4349; baseline -0.005 -4"><span class='ocrx_word' id='word_1_502' title='bbox 805 4306 934 4347; x_wconf 86' lang='lat' dir='ltr'><strong>uoso</strong></span> <span class='ocrx_word' id='word_1_503' title='bbox 965 4287 1141 4345; x_wconf 85' lang='lat' dir='ltr'><strong>induti</strong></span> <span class='ocrx_word' id='word_1_504' title='bbox 1181 4287 1371 4343; x_wconf 81' lang='lat' dir='ltr'><strong>habitu</strong></span> <span class='ocrx_word' id='word_1_505' title='bbox 1412 4285 1517 4341; x_wconf 81' lang='lat' dir='ltr'><strong>sibi</strong></span> <span class='ocrx_word' id='word_1_506' title='bbox 1563 4286 1794 4340; x_wconf 89' lang='lat' dir='ltr'><strong>invicem</strong></span> <span class='ocrx_word' id='word_1_507' title='bbox 1841 4283 2181 4349; x_wconf 86' lang='lat' dir='ltr'><strong>valedixere;</strong></span> <span class='ocrx_word' id='word_1_508' title='bbox 2215 4286 2375 4338; x_wconf 90' lang='lat' dir='ltr'><strong>beato</strong></span> 
     </span>
    </p>
   </div>
   <div class='ocr_carea' id='block_1_74' title="bbox 805 4375 2371 4454">
    <p class='ocr_par' dir='ltr' id='par_1_74' title="bbox 805 4375 2371 4454">
     <span class='ocr_line' id='line_1_74' title="bbox 805 4375 2371 4454; baseline -0.006 -16"><span class='ocrx_word' id='word_1_509' title='bbox 805 4383 922 4441; x_wconf 76' lang='lat' dir='ltr'><strong>viro</strong></span> <span class='ocrx_word' id='word_1_510' title='bbox 966 4382 1247 4441; x_wconf 88' lang='lat' dir='ltr'><strong>mulierem</strong></span> <span class='ocrx_word' id='word_1_511' title='bbox 1288 4381 1434 4454; x_wconf 88' lang='lat' dir='ltr'><strong>piam</strong></span> <span class='ocrx_word' id='word_1_512' title='bbox 1480 4379 1835 4437; x_wconf 82' lang='lat' dir='ltr'><strong>contirmante</strong></span> <span class='ocrx_word' id='word_1_513' title='bbox 1867 4377 2085 4435; x_wconf 85' lang='lat' dir='ltr'><strong>monitis</strong></span> <span class='ocrx_word' id='word_1_514' title='bbox 2118 4375 2371 4433; x_wconf 88' lang='lat' dir='ltr'><strong>salutari-</strong></span> 
     </span>
    </p>
   </div>
   <div class='ocr_carea' id='block_1_75' title="bbox 806 4467 2369 4545">
    <p class='ocr_par' dir='ltr' id='par_1_75' title="bbox 806 4467 2369 4545">
     <span class='ocr_line' id='line_1_75' title="bbox 806 4467 2369 4545; baseline -0.012 -6"><span class='ocrx_word' id='word_1_515' title='bbox 806 4483 925 4545; x_wconf 82' lang='lat' dir='ltr'><strong>bus,</strong></span> <span class='ocrx_word' id='word_1_516' title='bbox 986 4485 1046 4531; x_wconf 92' lang='lat' dir='ltr'><strong>ut</strong></span> <span class='ocrx_word' id='word_1_517' title='bbox 1092 4474 1272 4530; x_wconf 87' lang='lat' dir='ltr'><strong>divina</strong></span> <span class='ocrx_word' id='word_1_518' title='bbox 1323 4476 1639 4529; x_wconf 89' lang='lat' dir='ltr'><strong>observaret</strong></span> <span class='ocrx_word' id='word_1_519' title='bbox 1695 4471 1994 4539; x_wconf 65' lang='lat' dir='ltr'><strong>mandata,</strong></span> <span class='ocrx_word' id='word_1_520' title='bbox 2026 4467 2369 4539; x_wconf 82' lang='lat' dir='ltr'><strong>spiritualem</strong></span> 
     </span>
    </p>
   </div>
   <div class='ocr_carea' id='block_1_76' title="bbox 2553 3816 4058 3889">
    <p class='ocr_par' dir='ltr' id='par_1_76' title="bbox 2553 3816 4058 3889">
     <span class='ocr_line' id='line_1_76' title="bbox 2553 3816 4058 3889; baseline -0.003 -14"><span class='ocrx_word' id='word_1_521' title='bbox 2553 3822 2654 3875; x_wconf 84' lang='lat' dir='ltr'><strong>lA&#39;.</strong></span> <span class='ocrx_word' id='word_1_522' title='bbox 2700 3822 2918 3876; x_wconf 79' lang='grc' dir='ltr'>Μετόύ</span> <span class='ocrx_word' id='word_1_523' title='bbox 2963 3819 3097 3875; x_wconf 78' lang='grc' dir='ltr'>πολὺ</span> <span class='ocrx_word' id='word_1_524' title='bbox 3142 3822 3251 3889; x_wconf 74' lang='grc' dir='ltr'><strong>γὰρ</strong></span> <span class='ocrx_word' id='word_1_525' title='bbox 3293 3819 3518 3887; x_wconf 75' lang='grc' dir='ltr'>ἡμερῶν</span> <span class='ocrx_word' id='word_1_526' title='bbox 3562 3818 3863 3884; x_wconf 76' lang='grc' dir='ltr'>διάττημα,</span> <span class='ocrx_word' id='word_1_527' title='bbox 3907 3816 4058 3870; x_wconf 74' lang='grc' dir='ltr'>τέλει</span> 
     </span>
    </p>
   </div>
   <div class='ocr_carea' id='block_1_77' title="bbox 2482 3906 4056 3981">
    <p class='ocr_par' dir='ltr' id='par_1_77' title="bbox 2482 3906 4056 3981">
     <span class='ocr_line' id='line_1_77' title="bbox 2482 3906 4056 3981; baseline -0.003 -17"><span class='ocrx_word' id='word_1_528' title='bbox 2482 3913 2573 3965; x_wconf 77' lang='grc' dir='ltr'>τοῦ</span> <span class='ocrx_word' id='word_1_529' title='bbox 2607 3910 2723 3981; x_wconf 79' lang='grc' dir='ltr'>βίου</span> <span class='ocrx_word' id='word_1_530' title='bbox 2759 3911 3124 3981; x_wconf 80' lang='grc' dir='ltr'>χρησαμένων</span> <span class='ocrx_word' id='word_1_531' title='bbox 3156 3909 3505 3978; x_wconf 79' lang='grc' dir='ltr'>ἀμφοτέρων,</span> <span class='ocrx_word' id='word_1_532' title='bbox 3544 3906 3643 3980; x_wconf 69' lang='grc' dir='ltr'>ήδη</span> <span class='ocrx_word' id='word_1_533' title='bbox 3668 3906 3854 3959; x_wconf 73' lang='grc' dir='ltr'>λοιπὸν</span> <span class='ocrx_word' id='word_1_534' title='bbox 3881 3907 4056 3971; x_wconf 81' lang='grc' dir='ltr'>ἀδεῶς</span> 
     </span>
    </p>
   </div>
   <div class='ocr_carea' id='block_1_78' title="bbox 2482 3999 4061 4074">
    <p class='ocr_par' dir='ltr' id='par_1_78' title="bbox 2482 3999 4061 4074">
     <span class='ocr_line' id='line_1_78' title="bbox 2482 3999 4061 4074; baseline -0.004 -14"><span class='ocrx_word' id='word_1_535' title='bbox 2482 4008 2550 4060; x_wconf 80' lang='grc' dir='ltr'>τὰ</span> <span class='ocrx_word' id='word_1_536' title='bbox 2591 4004 2907 4074; x_wconf 81' lang='grc' dir='ltr'>ὑπάρχοντα</span> <span class='ocrx_word' id='word_1_537' title='bbox 2946 4001 3128 4065; x_wconf 82' lang='grc' dir='ltr'>αὐτοῖς</span> <span class='ocrx_word' id='word_1_538' title='bbox 3170 4002 3281 4064; x_wconf 79' lang='grc' dir='ltr'>τοῖς</span> <span class='ocrx_word' id='word_1_539' title='bbox 3312 4000 3635 4069; x_wconf 69' lang='grc' dir='ltr'>πενομένοις</span> <span class='ocrx_word' id='word_1_540' title='bbox 3668 3999 4061 4070; x_wconf 77' lang='grc' dir='ltr'>διανενεμηκό-</span> 
     </span>
    </p>
   </div>
   <div class='ocr_carea' id='block_1_79' title="bbox 2481 4090 4061 4167">
    <p class='ocr_par' dir='ltr' id='par_1_79' title="bbox 2481 4090 4061 4167">
     <span class='ocr_line' id='line_1_79' title="bbox 2481 4090 4061 4167; baseline -0.004 -17"><span class='ocrx_word' id='word_1_541' title='bbox 2481 4114 2593 4162; x_wconf 85' lang='grc' dir='ltr'>τες,</span> <span class='ocrx_word' id='word_1_542' title='bbox 2630 4093 2915 4167; x_wconf 75' lang='grc' dir='ltr'>ἐλευθερίᾳ</span> <span class='ocrx_word' id='word_1_543' title='bbox 2944 4093 3000 4148; x_wconf 81' lang='grc' dir='ltr'>δὲ</span> <span class='ocrx_word' id='word_1_544' title='bbox 3035 4094 3156 4156; x_wconf 79' lang='grc' dir='ltr'>τοὺς</span> <span class='ocrx_word' id='word_1_545' title='bbox 3192 4093 3409 4155; x_wconf 71' lang='grc' dir='ltr'>οἰκέτας</span> <span class='ocrx_word' id='word_1_546' title='bbox 3442 4090 3925 4162; x_wconf 77' lang='grc' dir='ltr'>ἀποπεμψάμενοι,</span> <span class='ocrx_word' id='word_1_547' title='bbox 3973 4094 4061 4144; x_wconf 77' lang='grc' dir='ltr'><strong>ἐν·</strong></span> 
     </span>
    </p>
   </div>
   <div class='ocr_carea' id='block_1_80' title="bbox 2482 4184 4061 4258">
    <p class='ocr_par' dir='ltr' id='par_1_80' title="bbox 2482 4184 4061 4258">
     <span class='ocr_line' id='line_1_80' title="bbox 2482 4184 4061 4258; baseline -0.005 -15"><span class='ocrx_word' id='word_1_548' title='bbox 2482 4189 2702 4243; x_wconf 87' lang='grc' dir='ltr'>δύονται</span> <span class='ocrx_word' id='word_1_549' title='bbox 2750 4188 2937 4242; x_wconf 78' lang='grc' dir='ltr'>λοιπὸν</span> <span class='ocrx_word' id='word_1_550' title='bbox 2986 4186 3204 4258; x_wconf 78' lang='grc' dir='ltr'>ρακώδη</span> <span class='ocrx_word' id='word_1_551' title='bbox 3253 4187 3456 4257; x_wconf 81' lang='grc' dir='ltr'>ἀμφια,</span> <span class='ocrx_word' id='word_1_552' title='bbox 3518 4187 3611 4240; x_wconf 75' lang='grc' dir='ltr'>καὶ</span> <span class='ocrx_word' id='word_1_553' title='bbox 3664 4184 4061 4253; x_wconf 78' lang='grc' dir='ltr'>συνταξάμενοι</span> 
     </span>
    </p>
   </div>
   <div class='ocr_carea' id='block_1_81' title="bbox 2481 4274 4075 4351">
    <p class='ocr_par' dir='ltr' id='par_1_81' title="bbox 2481 4274 4075 4351">
     <span class='ocr_line' id='line_1_81' title="bbox 2481 4274 4075 4351; baseline -0.008 -16"><span class='ocrx_word' id='word_1_554' title='bbox 2481 4281 2765 4351; x_wconf 56' lang='grc' dir='ltr'>ἀλλήλοις,</span> <span class='ocrx_word' id='word_1_555' title='bbox 2806 4276 3109 4340; x_wconf 70' lang='grc' dir='ltr'>νουθεσίαις</span> <span class='ocrx_word' id='word_1_556' title='bbox 3141 4292 3197 4329; x_wconf 87' lang='grc' dir='ltr'><strong>τε</strong></span> <span class='ocrx_word' id='word_1_557' title='bbox 3241 4275 3337 4328; x_wconf 74' lang='grc' dir='ltr'><strong>τοῦ</strong></span> <span class='ocrx_word' id='word_1_558' title='bbox 3399 4276 3670 4346; x_wconf 85' lang='grc' dir='ltr'>μακαρίου</span> <span class='ocrx_word' id='word_1_559' title='bbox 3718 4274 4075 4344; x_wconf 63' lang='grc' dir='ltr'>καταστηρίο,</span> 
     </span>
    </p>
   </div>
   <div class='ocr_carea' id='block_1_82' title="bbox 2485 4352 4060 4442">
    <p class='ocr_par' dir='ltr' id='par_1_82' title="bbox 2485 4352 4060 4442">
     <span class='ocr_line' id='line_1_82' title="bbox 2485 4352 4060 4442; baseline -0.003 -17"><span class='ocrx_word' id='word_1_560' title='bbox 2485 4352 2672 4436; x_wconf 81' lang='grc' dir='ltr'>ξαντος</span> <span class='ocrx_word' id='word_1_561' title='bbox 2694 4372 2792 4442; x_wconf 84' lang='grc' dir='ltr'><strong>τὴν</strong></span> <span class='ocrx_word' id='word_1_562' title='bbox 2822 4370 3020 4441; x_wconf 72' lang='grc' dir='ltr'>εὐσεϐῆ</span> <span class='ocrx_word' id='word_1_563' title='bbox 3050 4370 3301 4438; x_wconf 82' lang='grc' dir='ltr'>γυναῖκα,</span> <span class='ocrx_word' id='word_1_564' title='bbox 3325 4372 3514 4441; x_wconf 79' lang='grc' dir='ltr'>τηρεῖν</span> <span class='ocrx_word' id='word_1_565' title='bbox 3540 4369 3637 4431; x_wconf 86' lang='grc' dir='ltr'>τὰς</span> <span class='ocrx_word' id='word_1_566' title='bbox 3664 4368 3814 4433; x_wconf 84' lang='grc' dir='ltr'>θείας</span> <span class='ocrx_word' id='word_1_567' title='bbox 3836 4368 4060 4432; x_wconf 72' lang='grc' dir='ltr'>ἐντολὰς</span> 
     </span>
    </p>
   </div>
   <div class='ocr_carea' id='block_1_83' title="bbox 2485 4461 4054 4537">
    <p class='ocr_par' dir='ltr' id='par_1_83' title="bbox 2485 4461 4054 4537">
     <span class='ocr_line' id='line_1_83' title="bbox 2485 4461 4054 4537; baseline -0.003 -18"><span class='ocrx_word' id='word_1_568' title='bbox 2485 4465 2577 4520; x_wconf 78' lang='grc' dir='ltr'>καὶ</span> <span class='ocrx_word' id='word_1_569' title='bbox 2608 4466 2831 4537; x_wconf 80' lang='grc' dir='ltr'>ἀγάπην</span> <span class='ocrx_word' id='word_1_570' title='bbox 2864 4465 3239 4536; x_wconf 76' lang='grc' dir='ltr'>πνευματικὴν</span> <span class='ocrx_word' id='word_1_571' title='bbox 3260 4464 3319 4517; x_wconf 73' lang='grc' dir='ltr'>ιν</span> <span class='ocrx_word' id='word_1_572' title='bbox 3345 4466 3454 4527; x_wconf 78' lang='grc' dir='ltr'>τοῖς</span> <span class='ocrx_word' id='word_1_573' title='bbox 3482 4461 3709 4534; x_wconf 81' lang='grc' dir='ltr'>πλησίον</span> <span class='ocrx_word' id='word_1_574' title='bbox 3734 4462 4054 4534; x_wconf 76' lang='grc' dir='ltr'>κεκτῆσθαι,</span> 
     </span>
    </p>
   </div>
   <div class='ocr_carea' id='block_1_84' title="bbox 806 4554 2424 4636">
    <p class='ocr_par' dir='ltr' id='par_1_84' title="bbox 806 4555 2424 4636">
     <span class='ocr_line' id='line_1_84' title="bbox 806 4555 2424 4636; baseline -0.004 -16"><span class='ocrx_word' id='word_1_575' title='bbox 806 4578 931 4635; x_wconf 73' lang='lat' dir='ltr'><strong>erga</strong></span> <span class='ocrx_word' id='word_1_576' title='bbox 963 4564 1265 4636; x_wconf 85' lang='lat' dir='ltr'><strong>proximum</strong></span> <span class='ocrx_word' id='word_1_577' title='bbox 1294 4569 1574 4618; x_wconf 86' lang='lat' dir='ltr'><strong>exerceret</strong></span> <span class='ocrx_word' id='word_1_578' title='bbox 1613 4559 1957 4624; x_wconf 86' lang='lat' dir='ltr'><strong>charitatem,</strong></span> <span class='ocrx_word' id='word_1_579' title='bbox 1994 4556 2225 4612; x_wconf 85' lang='lat' dir='ltr'><strong>orationi</strong></span> <span class='ocrx_word' id='word_1_580' title='bbox 2258 4556 2372 4612; x_wconf 89' lang='lat' dir='ltr'><strong>sin-</strong></span> <span class='ocrx_word' id='word_1_581' title='bbox 2410 4555 2424 4613; x_wconf 90' lang='grc' dir='ltr'><strong>Ι</strong></span> 
     </span>
    </p>
   </div>
   <div class='ocr_carea' id='block_1_85' title="bbox 2478 4554 4059 4636">
    <p class='ocr_par' dir='ltr' id='par_1_85' title="bbox 2484 4554 4059 4631">
     <span class='ocr_line' id='line_1_85' title="bbox 2484 4554 4059 4631; baseline -0.003 -18"><span class='ocrx_word' id='word_1_582' title='bbox 2484 4560 2795 4631; x_wconf 77' lang='grc' dir='ltr'>προσευχήν</span> <span class='ocrx_word' id='word_1_583' title='bbox 2842 4574 2901 4612; x_wconf 84' lang='grc' dir='ltr'><strong>τε</strong></span> <span class='ocrx_word' id='word_1_584' title='bbox 2936 4555 3205 4629; x_wconf 77' lang='grc' dir='ltr'>εἰλικρινῆ</span> <span class='ocrx_word' id='word_1_585' title='bbox 3254 4556 3349 4609; x_wconf 77' lang='grc' dir='ltr'><strong>καὶ</strong></span> <span class='ocrx_word' id='word_1_586' title='bbox 3393 4554 3768 4626; x_wconf 77' lang='grc' dir='ltr'>ἀρέμϐαστον,</span> <span class='ocrx_word' id='word_1_587' title='bbox 3808 4558 3902 4609; x_wconf 76' lang='grc' dir='ltr'><strong>καὶ</strong></span> <span class='ocrx_word' id='word_1_588' title='bbox 3942 4555 4059 4625; x_wconf 87' lang='grc' dir='ltr'>βίον</span> 
     </span>
    </p>
   </div>
   <div class='ocr_carea' id='block_1_86' title="bbox 802 4648 2374 4725">
    <p class='ocr_par' dir='ltr' id='par_1_86' title="bbox 802 4648 2374 4725">
     <span class='ocr_line' id='line_1_86' title="bbox 802 4648 2374 4725; baseline -0.007 -10"><span class='ocrx_word' id='word_1_589' title='bbox 802 4672 946 4715; x_wconf 74' lang='lat' dir='ltr'><strong>serae</strong></span> <span class='ocrx_word' id='word_1_590' title='bbox 1004 4666 1167 4725; x_wconf 86' lang='lat' dir='ltr'><strong>atque</strong></span> <span class='ocrx_word' id='word_1_591' title='bbox 1237 4652 1640 4724; x_wconf 71' lang='lat' dir='ltr'><strong>imperturbata:</strong></span> <span class='ocrx_word' id='word_1_592' title='bbox 1699 4660 1913 4706; x_wconf 83' lang='lat' dir='ltr'><strong>vacaret</strong></span> <span class='ocrx_word' id='word_1_593' title='bbox 1988 4662 2086 4720; x_wconf 85' lang='lat' dir='ltr'><strong>pro</strong></span> <span class='ocrx_word' id='word_1_594' title='bbox 2146 4648 2374 4717; x_wconf 89' lang='lat' dir='ltr'><strong>viribus,</strong></span> 
     </span>
    </p>
   </div>
   <div class='ocr_carea' id='block_1_87' title="bbox 805 4743 2374 4818">
    <p class='ocr_par' dir='ltr' id='par_1_87' title="bbox 805 4743 2374 4818">
     <span class='ocr_line' id='line_1_87' title="bbox 805 4743 2374 4818; baseline -0.005 -15"><span class='ocrx_word' id='word_1_595' title='bbox 805 4750 972 4803; x_wconf 71' lang='lat' dir='ltr'><strong>vitam</strong></span> <span class='ocrx_word' id='word_1_596' title='bbox 1004 4746 1558 4818; x_wconf 84' lang='lat' dir='ltr'><strong>irreprebensibiiem,</strong></span> <span class='ocrx_word' id='word_1_597' title='bbox 1589 4757 1963 4812; x_wconf 85' lang='lat' dir='ltr'><strong>summamque</strong></span> <span class='ocrx_word' id='word_1_598' title='bbox 2017 4750 2227 4797; x_wconf 87' lang='lat' dir='ltr'><strong>teneret</strong></span> <span class='ocrx_word' id='word_1_599' title='bbox 2272 4743 2374 4796; x_wconf 90' lang='lat' dir='ltr'><strong>bu-</strong></span> 
     </span>
    </p>
   </div>
   <div class='ocr_carea' id='block_1_88' title="bbox 808 4832 2379 4911">
    <p class='ocr_par' dir='ltr' id='par_1_88' title="bbox 808 4832 2379 4911">
     <span class='ocr_line' id='line_1_88' title="bbox 808 4832 2379 4911; baseline -0.004 -16"><span class='ocrx_word' id='word_1_600' title='bbox 808 4842 1113 4907; x_wconf 86' lang='lat' dir='ltr'><strong>militatem,</strong></span> <span class='ocrx_word' id='word_1_601' title='bbox 1164 4839 1326 4911; x_wconf 86' lang='lat' dir='ltr'><strong>eique</strong></span> <span class='ocrx_word' id='word_1_602' title='bbox 1376 4838 1431 4895; x_wconf 93' lang='lat' dir='ltr'><strong>in</strong></span> <span class='ocrx_word' id='word_1_603' title='bbox 1490 4850 1703 4893; x_wconf 89' lang='lat' dir='ltr'><strong>recessu</strong></span> <span class='ocrx_word' id='word_1_604' title='bbox 1754 4832 1969 4892; x_wconf 88' lang='lat' dir='ltr'><strong>dicente</strong></span> <span class='ocrx_word' id='word_1_605' title='bbox 2010 4852 2025 4890; x_wconf 90' lang='lat'><strong>:</strong></span> <span class='ocrx_word' id='word_1_606' title='bbox 2074 4852 2093 4886; x_wconf 75' lang='grc' dir='ltr'><strong>ι</strong></span> <span class='ocrx_word' id='word_1_607' title='bbox 2150 4832 2379 4889; x_wconf 83' lang='lat' dir='ltr'><strong>Salvans</strong></span> 
     </span>
    </p>
   </div>
   <div class='ocr_carea' id='block_1_89' title="bbox 805 4924 2383 4987">
    <p class='ocr_par' dir='ltr' id='par_1_89' title="bbox 805 4924 2383 4987">
     <span class='ocr_line' id='line_1_89' title="bbox 805 4924 2383 4987; baseline -0.003 -1"><span class='ocrx_word' id='word_1_608' title='bbox 805 4932 951 4987; x_wconf 84' lang='lat' dir='ltr'><strong>salva</strong></span> <span class='ocrx_word' id='word_1_609' title='bbox 1001 4931 1243 4986; x_wconf 85' lang='lat' dir='ltr'><strong>animam</strong></span> <span class='ocrx_word' id='word_1_610' title='bbox 1303 4940 1469 4985; x_wconf 87' lang='lat' dir='ltr'><strong>tuam.</strong></span> <span class='ocrx_word' id='word_1_611' title='bbox 1515 4945 1535 4981; x_wconf 77' lang='grc' dir='ltr'><strong><em>ο</em></strong></span> <span class='ocrx_word' id='word_1_612' title='bbox 1584 4927 1663 4983; x_wconf 80' lang='lat' dir='ltr'><strong>tta</strong></span> <span class='ocrx_word' id='word_1_613' title='bbox 1697 4926 1771 4981; x_wconf 94' lang='lat' dir='ltr'><strong>illi</strong></span> <span class='ocrx_word' id='word_1_614' title='bbox 1828 4926 2079 4982; x_wconf 91' lang='lat' dir='ltr'><strong>convictu</strong></span> <span class='ocrx_word' id='word_1_615' title='bbox 2137 4934 2265 4982; x_wconf 88' lang='lat' dir='ltr'><strong>sunt</strong></span> <span class='ocrx_word' id='word_1_616' title='bbox 2313 4924 2383 4981; x_wconf 90' lang='lat' dir='ltr'><strong>ab</strong></span> 
     </span>
    </p>
   </div>
   <div class='ocr_carea' id='block_1_90' title="bbox 809 5020 2382 5095">
    <p class='ocr_par' dir='ltr' id='par_1_90' title="bbox 809 5020 2382 5095">
     <span class='ocr_line' id='line_1_90' title="bbox 809 5020 2382 5095; baseline 0 -19"><span class='ocrx_word' id='word_1_617' title='bbox 809 5024 1037 5081; x_wconf 85' lang='lat' dir='ltr'><strong>invicem</strong></span> <span class='ocrx_word' id='word_1_618' title='bbox 1095 5023 1330 5095; x_wconf 85' lang='lat' dir='ltr'><strong>separati</strong></span> <span class='ocrx_word' id='word_1_619' title='bbox 1386 5040 1399 5076; x_wconf 93' lang='lat'><strong>:</strong></span> <span class='ocrx_word' id='word_1_620' title='bbox 1452 5021 1665 5089; x_wconf 87' lang='lat' dir='ltr'><strong>qualem</strong></span> <span class='ocrx_word' id='word_1_621' title='bbox 1724 5029 1903 5077; x_wconf 86' lang='lat' dir='ltr'><strong>autem</strong></span> <span class='ocrx_word' id='word_1_622' title='bbox 1948 5020 2111 5075; x_wconf 90' lang='lat' dir='ltr'><strong>vitam</strong></span> <span class='ocrx_word' id='word_1_623' title='bbox 2163 5020 2382 5076; x_wconf 84' lang='lat' dir='ltr'><strong>duxerit</strong></span> 
     </span>
    </p>
   </div>
   <div class='ocr_carea' id='block_1_91' title="bbox 808 5113 2380 5185">
    <p class='ocr_par' dir='ltr' id='par_1_91' title="bbox 808 5113 2380 5185">
     <span class='ocr_line' id='line_1_91' title="bbox 808 5113 2380 5185; baseline -0.001 -13"><span class='ocrx_word' id='word_1_624' title='bbox 808 5117 1145 5183; x_wconf 86' lang='lat' dir='ltr'><strong>pientissima</strong></span> <span class='ocrx_word' id='word_1_625' title='bbox 1196 5116 1285 5171; x_wconf 87' lang='lat' dir='ltr'><strong>illa</strong></span> <span class='ocrx_word' id='word_1_626' title='bbox 1340 5113 1534 5170; x_wconf 88' lang='lat' dir='ltr'><strong>mulier</strong></span> <span class='ocrx_word' id='word_1_627' title='bbox 1592 5124 1791 5169; x_wconf 91' lang='lat' dir='ltr'><strong>norunt</strong></span> <span class='ocrx_word' id='word_1_628' title='bbox 1840 5129 2051 5178; x_wconf 87' lang='lat' dir='ltr'><strong>omnes,</strong></span> <span class='ocrx_word' id='word_1_629' title='bbox 2116 5123 2380 5185; x_wconf 85' lang='lat' dir='ltr'><strong>quotquot</strong></span> 
     </span>
    </p>
   </div>
   <div class='ocr_carea' id='block_1_92' title="bbox 882 5256 2385 5328">
    <p class='ocr_par' dir='ltr' id='par_1_92' title="bbox 882 5256 2385 5328">
     <span class='ocr_line' id='line_1_92' title="bbox 882 5256 2385 5328; baseline 0.003 -17"><span class='ocrx_word' id='word_1_630' title='bbox 882 5258 960 5328; x_wconf 69' lang='lat'><strong>(7)</strong></span> <span class='ocrx_word' id='word_1_631' title='bbox 991 5258 1072 5313; x_wconf 88' lang='lat' dir='ltr'><strong>ita</strong></span> <span class='ocrx_word' id='word_1_632' title='bbox 1101 5258 1229 5328; x_wconf 89' lang='lat' dir='ltr'><strong>dicti</strong></span> <span class='ocrx_word' id='word_1_633' title='bbox 1278 5273 1309 5313; x_wconf 85' lang='lat' dir='ltr'><strong>a</strong></span> <span class='ocrx_word' id='word_1_634' title='bbox 1340 5256 1589 5328; x_wconf 88' lang='lat' dir='ltr'><strong>spathis,</strong></span> <span class='ocrx_word' id='word_1_635' title='bbox 1622 5257 1675 5313; x_wconf 91' lang='lat' dir='ltr'><strong>id</strong></span> <span class='ocrx_word' id='word_1_636' title='bbox 1706 5265 1791 5312; x_wconf 88' lang='lat' dir='ltr'><strong>est</strong></span> <span class='ocrx_word' id='word_1_637' title='bbox 1836 5257 2113 5315; x_wconf 82' lang='lat' dir='ltr'><strong>latioribus</strong></span> <span class='ocrx_word' id='word_1_638' title='bbox 2172 5260 2385 5327; x_wconf 72' lang='lat' dir='ltr'><strong>gladiis,</strong></span> 
     </span>
    </p>
   </div>
   <div class='ocr_carea' id='block_1_93' title="bbox 810 5327 2388 5400">
    <p class='ocr_par' dir='ltr' id='par_1_93' title="bbox 810 5327 2388 5400">
     <span class='ocr_line' id='line_1_93' title="bbox 810 5327 2388 5400; baseline 0 -14"><span class='ocrx_word' id='word_1_639' title='bbox 810 5327 947 5399; x_wconf 87' lang='lat' dir='ltr'><strong>quos</strong></span> <span class='ocrx_word' id='word_1_640' title='bbox 994 5327 1313 5400; x_wconf 66' lang='lat' dir='ltr'><strong>gestabant,</strong></span> <span class='ocrx_word' id='word_1_641' title='bbox 1332 5327 1644 5400; x_wconf 85' lang='lat' dir='ltr'><strong>imperatori</strong></span> <span class='ocrx_word' id='word_1_642' title='bbox 1698 5328 1763 5382; x_wconf 86' lang='lat' dir='ltr'><strong>ad</strong></span> <span class='ocrx_word' id='word_1_643' title='bbox 1807 5330 2104 5400; x_wconf 81' lang='lat' dir='ltr'><strong>custodiam</strong></span> <span class='ocrx_word' id='word_1_644' title='bbox 2145 5333 2388 5400; x_wconf 84' lang='lat' dir='ltr'><strong>corporis</strong></span> 
     </span>
    </p>
   </div>
   <div class='ocr_carea' id='block_1_94' title="bbox 808 5398 2388 5483">
    <p class='ocr_par' dir='ltr' id='par_1_94' title="bbox 808 5398 2388 5483">
     <span class='ocr_line' id='line_1_94' title="bbox 808 5398 2388 5483; baseline 0.001 -29"><span class='ocrx_word' id='word_1_645' title='bbox 808 5398 1194 5483; x_wconf 39' lang='lat' dir='ltr'><strong>circu&#39;ttipositi</strong></span> <span class='ocrx_word' id='word_1_646' title='bbox 1220 5398 1440 5483; x_wconf 76' lang='lat' dir='ltr'><strong>nobiles</strong></span> <span class='ocrx_word' id='word_1_647' title='bbox 1483 5416 1497 5483; x_wconf 64' lang='grc' dir='ltr'>ξ</span> <span class='ocrx_word' id='word_1_648' title='bbox 1531 5414 1759 5483; x_wconf 72' lang='lat' dir='ltr'><strong>quorum</strong></span> <span class='ocrx_word' id='word_1_649' title='bbox 1790 5398 2388 5483; x_wconf 38' lang='lat' dir='ltr'><strong>“praefectihprotqspa-</strong></span> 
     </span>
    </p>
   </div>
   <div class='ocr_carea' id='block_1_95' title="bbox 810 5467 2387 5553">
    <p class='ocr_par' dir='ltr' id='par_1_95' title="bbox 810 5467 2387 5553">
     <span class='ocr_line' id='line_1_95' title="bbox 810 5467 2387 5553; baseline 0.001 -30"><span class='ocrx_word' id='word_1_650' title='bbox 810 5468 971 5553; x_wconf 57' lang='lat' dir='ltr'><strong>tbaLii</strong></span> <span class='ocrx_word' id='word_1_651' title='bbox 1021 5467 1363 5553; x_wconf 36' lang='lat' dir='ltr'><strong>nonnnaQntn!</strong></span> <span class='ocrx_word' id='word_1_652' title='bbox 1448 5478 1526 5553; x_wconf 61' lang='lat' dir='ltr'><strong>eL</strong></span> <span class='ocrx_word' id='word_1_653' title='bbox 1551 5467 1730 5539; x_wconf 83' lang='lat' dir='ltr'><strong>plures</strong></span> <span class='ocrx_word' id='word_1_654' title='bbox 1788 5467 1955 5553; x_wconf 75' lang='lat' dir='ltr'><strong>fuisse</strong></span> <span class='ocrx_word' id='word_1_655' title='bbox 2000 5467 2201 5553; x_wconf 66' lang='lat' dir='ltr'><strong>colligit</strong></span> <span class='ocrx_word' id='word_1_656' title='bbox 2243 5467 2387 5553; x_wconf 58' lang='lat' dir='ltr'><strong>poar</strong></span> 
     </span>
    </p>
   </div>
   <div class='ocr_carea' id='block_1_96' title="bbox 810 5534 2385 5610">
    <p class='ocr_par' dir='ltr' id='par_1_96' title="bbox 810 5534 2385 5610">
     <span class='ocr_line' id='line_1_96' title="bbox 810 5534 2385 5610; baseline 0.001 -15"><span class='ocrx_word' id='word_1_657' title='bbox 810 5554 879 5610; x_wconf 81' lang='lat' dir='ltr'><strong>ex</strong></span> <span class='ocrx_word' id='word_1_658' title='bbox 909 5537 1185 5593; x_wconf 79' lang='lat' dir='ltr'><strong>Eustratio</strong></span> <span class='ocrx_word' id='word_1_659' title='bbox 1231 5536 1285 5593; x_wconf 82' lang='lat' dir='ltr'><strong>in</strong></span> <span class='ocrx_word' id='word_1_660' title='bbox 1319 5534 1452 5593; x_wconf 77' lang='lat' dir='ltr'><strong>lare</strong></span> <span class='ocrx_word' id='word_1_661' title='bbox 1482 5534 1786 5595; x_wconf 57' lang='lat' dir='ltr'><strong>Graecorum</strong></span> <span class='ocrx_word' id='word_1_662' title='bbox 1820 5548 2052 5610; x_wconf 84' lang='lat' dir='ltr'><strong>quatuor</strong></span> <span class='ocrx_word' id='word_1_663' title='bbox 2095 5534 2385 5610; x_wconf 48' lang='lat' dir='ltr'><strong>simulato.</strong></span> 
     </span>
    </p>
   </div>
   <div class='ocr_carea' id='block_1_97' title="bbox 811 5608 2382 5680">
    <p class='ocr_par' dir='ltr' id='par_1_97' title="bbox 811 5608 2382 5680">
     <span class='ocr_line' id='line_1_97' title="bbox 811 5608 2382 5680; baseline 0.002 -17"><span class='ocrx_word' id='word_1_664' title='bbox 811 5608 1051 5663; x_wconf 84' lang='lat' dir='ltr'><strong>minante</strong></span> <span class='ocrx_word' id='word_1_665' title='bbox 1082 5628 1097 5663; x_wconf 88' lang='lat'>:</span> <span class='ocrx_word' id='word_1_666' title='bbox 1128 5622 1195 5680; x_wconf 77' lang='lat' dir='ltr'><strong>ex</strong></span> <span class='ocrx_word' id='word_1_667' title='bbox 1250 5622 1359 5680; x_wconf 85' lang='lat' dir='ltr'><strong>quo</strong></span> <span class='ocrx_word' id='word_1_668' title='bbox 1421 5619 1597 5665; x_wconf 80' lang='lat' dir='ltr'><strong>tamen</strong></span> <span class='ocrx_word' id='word_1_669' title='bbox 1654 5624 1760 5665; x_wconf 91' lang='lat' dir='ltr'><strong>non</strong></span> <span class='ocrx_word' id='word_1_670' title='bbox 1799 5608 1953 5680; x_wconf 72' lang='lat' dir='ltr'><strong>puto</strong></span> <span class='ocrx_word' id='word_1_671' title='bbox 1988 5623 2149 5680; x_wconf 82' lang='lat' dir='ltr'><strong>recte</strong></span> <span class='ocrx_word' id='word_1_672' title='bbox 2194 5608 2382 5666; x_wconf 78' lang='lat' dir='ltr'><strong>deduci</strong></span> 
     </span>
    </p>
   </div>
   <div class='ocr_carea' id='block_1_98' title="bbox 810 5677 2381 5749">
    <p class='ocr_par' dir='ltr' id='par_1_98' title="bbox 810 5677 2381 5749">
     <span class='ocr_line' id='line_1_98' title="bbox 810 5677 2381 5749; baseline 0.002 -18"><span class='ocrx_word' id='word_1_673' title='bbox 810 5690 1003 5732; x_wconf 86' lang='lat' dir='ltr'><strong>omnes</strong></span> <span class='ocrx_word' id='word_1_674' title='bbox 1048 5677 1373 5749; x_wconf 21' lang='lat' dir='ltr'><strong>spatbarios,</strong></span> <span class='ocrx_word' id='word_1_675' title='bbox 1406 5677 1840 5749; x_wconf 80' lang='lat' dir='ltr'><strong>nrotospatharii</strong></span> <span class='ocrx_word' id='word_1_676' title='bbox 1883 5679 2037 5735; x_wconf 90' lang='lat' dir='ltr'><strong>titulo</strong></span> <span class='ocrx_word' id='word_1_677' title='bbox 2086 5681 2381 5737; x_wconf 82' lang='lat' dir='ltr'><strong>ltouestiori</strong></span> 
     </span>
    </p>
   </div>
   <div class='ocr_carea' id='block_1_99' title="bbox 816 5747 2383 5821">
    <p class='ocr_par' dir='ltr' id='par_1_99' title="bbox 816 5747 2383 5821">
     <span class='ocr_line' id='line_1_99' title="bbox 816 5747 2383 5821; baseline 0.004 -20"><span class='ocrx_word' id='word_1_678' title='bbox 816 5749 1160 5803; x_wconf 81' lang='lat' dir='ltr'><strong>consuevisse</strong></span> <span class='ocrx_word' id='word_1_679' title='bbox 1207 5747 1465 5818; x_wconf 72' lang='lat' dir='ltr'><strong>appellari</strong></span> <span class='ocrx_word' id='word_1_680' title='bbox 1504 5765 1518 5802; x_wconf 92' lang='lat'><strong>:</strong></span> <span class='ocrx_word' id='word_1_681' title='bbox 1561 5747 1747 5819; x_wconf 81' lang='lat' dir='ltr'><strong>quidni</strong></span> <span class='ocrx_word' id='word_1_682' title='bbox 1780 5750 1923 5805; x_wconf 88' lang='lat' dir='ltr'><strong>enim</strong></span> <span class='ocrx_word' id='word_1_683' title='bbox 1974 5752 2236 5821; x_wconf 79' lang='lat' dir='ltr'><strong>spatliarii</strong></span> <span class='ocrx_word' id='word_1_684' title='bbox 2268 5768 2383 5808; x_wconf 85' lang='lat' dir='ltr'><strong>ma-</strong></span> 
     </span>
    </p>
   </div>
   <div class='ocr_carea' id='block_1_100' title="bbox 2484 4646 4059 4720">
    <p class='ocr_par' dir='ltr' id='par_1_100' title="bbox 2484 4646 4059 4720">
     <span class='ocr_line' id='line_1_100' title="bbox 2484 4646 4059 4720; baseline -0.003 -15"><span class='ocrx_word' id='word_1_685' title='bbox 2484 4651 2953 4720; x_wconf 82' lang='grc' dir='ltr'>ἀκαταίσχυντον,</span> <span class='ocrx_word' id='word_1_686' title='bbox 3005 4653 3101 4703; x_wconf 77' lang='grc' dir='ltr'>καὶ</span> <span class='ocrx_word' id='word_1_687' title='bbox 3144 4649 3322 4718; x_wconf 73' lang='grc' dir='ltr'>ἄκραν</span> <span class='ocrx_word' id='word_1_688' title='bbox 3382 4646 3731 4713; x_wconf 84' lang='grc' dir='ltr'>ταπείνωσιν,</span> <span class='ocrx_word' id='word_1_689' title='bbox 3781 4648 4059 4702; x_wconf 71' lang='grc' dir='ltr'>ἀπέλυσεν</span> 
     </span>
    </p>
   </div>
   <div class='ocr_carea' id='block_1_101' title="bbox 2486 4738 4059 4813">
    <p class='ocr_par' dir='ltr' id='par_1_101' title="bbox 2486 4738 4059 4813">
     <span class='ocr_line' id='line_1_101' title="bbox 2486 4738 4059 4813; baseline -0.005 -17"><span class='ocrx_word' id='word_1_690' title='bbox 2486 4741 2657 4812; x_wconf 78' lang='grc' dir='ltr'>αὐτὴν</span> <span class='ocrx_word' id='word_1_691' title='bbox 2686 4742 2745 4793; x_wconf 78' lang='grc' dir='ltr'>ὲν</span> <span class='ocrx_word' id='word_1_692' title='bbox 2776 4740 3164 4813; x_wconf 76' lang='grc' dir='ltr'>είρήνῃείπών</span> <span class='ocrx_word' id='word_1_693' title='bbox 3185 4755 3199 4771; x_wconf 87' lang='grc'><strong>·</strong></span> <span class='ocrx_word' id='word_1_694' title='bbox 3234 4756 3254 4791; x_wconf 77' lang='lat' dir='ltr'><strong>t</strong></span> <span class='ocrx_word' id='word_1_695' title='bbox 3282 4738 3537 4804; x_wconf 76' lang='grc' dir='ltr'>Σὼζουσα</span> <span class='ocrx_word' id='word_1_696' title='bbox 3560 4738 3700 4805; x_wconf 79' lang='grc' dir='ltr'>σῶζε</span> <span class='ocrx_word' id='word_1_697' title='bbox 3732 4739 3829 4810; x_wconf 77' lang='grc' dir='ltr'>τὴν</span> <span class='ocrx_word' id='word_1_698' title='bbox 3852 4740 4059 4806; x_wconf 77' lang='grc' dir='ltr'>ἑαυτῆς</span> 
     </span>
    </p>
   </div>
   <div class='ocr_carea' id='block_1_102' title="bbox 2484 4830 4057 4907">
    <p class='ocr_par' dir='ltr' id='par_1_102' title="bbox 2484 4830 4057 4907">
     <span class='ocr_line' id='line_1_102' title="bbox 2484 4830 4057 4907; baseline -0.003 -19"><span class='ocrx_word' id='word_1_699' title='bbox 2484 4834 2683 4907; x_wconf 78' lang='grc' dir='ltr'>ψυχήν.</span> <span class='ocrx_word' id='word_1_700' title='bbox 2724 4852 2743 4887; x_wconf 76' lang='lat' dir='ltr'><strong>t</strong></span> <span class='ocrx_word' id='word_1_701' title='bbox 2776 4830 3211 4907; x_wconf 81' lang='grc' dir='ltr'>’Δλλοτριοῦνται</span> <span class='ocrx_word' id='word_1_702' title='bbox 3241 4832 3422 4886; x_wconf 89' lang='grc' dir='ltr'>τοίνυν</span> <span class='ocrx_word' id='word_1_703' title='bbox 3468 4832 3566 4901; x_wconf 77' lang='grc' dir='ltr'>τῆς</span> <span class='ocrx_word' id='word_1_704' title='bbox 3598 4831 3737 4899; x_wconf 82' lang='grc' dir='ltr'>πρὸς</span> <span class='ocrx_word' id='word_1_705' title='bbox 3792 4831 4057 4903; x_wconf 81' lang='grc' dir='ltr'>ἀλλήλους</span> 
     </span>
    </p>
   </div>
   <div class='ocr_carea' id='block_1_103' title="bbox 2485 4922 4058 4999">
    <p class='ocr_par' dir='ltr' id='par_1_103' title="bbox 2485 4922 4058 4999">
     <span class='ocr_line' id='line_1_103' title="bbox 2485 4922 4058 4999; baseline -0.003 -17"><span class='ocrx_word' id='word_1_706' title='bbox 2485 4926 2855 4999; x_wconf 82' lang='grc' dir='ltr'>ἀναστροφῆς.</span> <span class='ocrx_word' id='word_1_707' title='bbox 2899 4925 3118 4979; x_wconf 80' lang='grc' dir='ltr'>Ὀποῖον</span> <span class='ocrx_word' id='word_1_708' title='bbox 3156 4924 3213 4977; x_wconf 73' lang='grc' dir='ltr'>εδ</span> <span class='ocrx_word' id='word_1_709' title='bbox 3250 4924 3364 4995; x_wconf 89' lang='grc' dir='ltr'>βίον</span> <span class='ocrx_word' id='word_1_710' title='bbox 3405 4922 3706 4995; x_wconf 73' lang='grc' dir='ltr'>ὶξήσκησεν</span> <span class='ocrx_word' id='word_1_711' title='bbox 3751 4924 3784 4994; x_wconf 79' lang='grc' dir='ltr'><strong>η</strong></span> <span class='ocrx_word' id='word_1_712' title='bbox 3825 4922 4058 4995; x_wconf 79' lang='grc' dir='ltr'>εὐσεϐὴς</span> 
     </span>
    </p>
   </div>
   <div class='ocr_carea' id='block_1_104' title="bbox 2486 5014 4059 5091">
    <p class='ocr_par' dir='ltr' id='par_1_104' title="bbox 2486 5014 4059 5091">
     <span class='ocr_line' id='line_1_104' title="bbox 2486 5014 4059 5091; baseline -0.004 -17"><span class='ocrx_word' id='word_1_713' title='bbox 2486 5018 2628 5091; x_wconf 76' lang='grc' dir='ltr'>αὓτη</span> <span class='ocrx_word' id='word_1_714' title='bbox 2656 5018 2817 5088; x_wconf 74' lang='grc' dir='ltr'>γυνὴ,</span> <span class='ocrx_word' id='word_1_715' title='bbox 2854 5018 3006 5071; x_wconf 85' lang='grc' dir='ltr'>ίσασι</span> <span class='ocrx_word' id='word_1_716' title='bbox 3054 5017 3254 5080; x_wconf 82' lang='grc' dir='ltr'>πάντες</span> <span class='ocrx_word' id='word_1_717' title='bbox 3290 5017 3339 5068; x_wconf 85' lang='lat' dir='ltr'><strong>oi</strong></span> <span class='ocrx_word' id='word_1_718' title='bbox 3369 5016 3486 5087; x_wconf 61' lang='grc' dir='ltr'>τὴν.</span> <span class='ocrx_word' id='word_1_719' title='bbox 3507 5014 3750 5069; x_wconf 83' lang='grc' dir='ltr'>Βιθυνῶν</span> <span class='ocrx_word' id='word_1_720' title='bbox 3781 5014 4059 5079; x_wconf 63' lang='grc' dir='ltr'>οἳκοῦνιες</span> 
     </span>
    </p>
   </div>
   <div class='ocr_carea' id='block_1_105' title="bbox 2485 5106 4060 5185">
    <p class='ocr_par' dir='ltr' id='par_1_105' title="bbox 2485 5106 4060 5185">
     <span class='ocr_line' id='line_1_105' title="bbox 2485 5106 4060 5185; baseline 0 -20"><span class='ocrx_word' id='word_1_721' title='bbox 2485 5112 2694 5185; x_wconf 80' lang='grc' dir='ltr'>χώραν,</span> <span class='ocrx_word' id='word_1_722' title='bbox 2716 5109 2862 5175; x_wconf 80' lang='grc' dir='ltr'>ὅπως</span> <span class='ocrx_word' id='word_1_723' title='bbox 2884 5106 3147 5172; x_wconf 76' lang='grc' dir='ltr'>ἑκουσίως</span> <span class='ocrx_word' id='word_1_724' title='bbox 3170 5106 3404 5181; x_wconf 68' lang='grc' dir='ltr'>ἐπράθη,</span> <span class='ocrx_word' id='word_1_725' title='bbox 3433 5108 3527 5162; x_wconf 74' lang='grc' dir='ltr'>καὶ</span> <span class='ocrx_word' id='word_1_726' title='bbox 3547 5107 3797 5179; x_wconf 78' lang='grc' dir='ltr'>δουλικὴν</span> <span class='ocrx_word' id='word_1_727' title='bbox 3825 5110 4060 5180; x_wconf 79' lang='grc' dir='ltr'>μετῆλθε</span> 
     </span>
    </p>
   </div>
   <div class='ocr_carea' id='block_1_106' title="bbox 2489 5252 4061 5328">
    <p class='ocr_par' dir='ltr' id='par_1_106' title="bbox 2489 5252 4061 5328">
     <span class='ocr_line' id='line_1_106' title="bbox 2489 5252 4061 5328; baseline -0.003 -17"><span class='ocrx_word' id='word_1_728' title='bbox 2489 5257 2594 5328; x_wconf 83' lang='lat' dir='ltr'><strong>jori</strong></span> <span class='ocrx_word' id='word_1_729' title='bbox 2627 5272 2850 5311; x_wconf 88' lang='lat' dir='ltr'><strong>numero</strong></span> <span class='ocrx_word' id='word_1_730' title='bbox 2884 5254 3117 5321; x_wconf 77' lang='lat' dir='ltr'><strong>fuerint;</strong></span> <span class='ocrx_word' id='word_1_731' title='bbox 3147 5253 3418 5328; x_wconf 81' lang='lat' dir='ltr'><strong>quibusin</strong></span> <span class='ocrx_word' id='word_1_732' title='bbox 3451 5254 3724 5310; x_wconf 87' lang='lat' dir='ltr'><strong>centurias</strong></span> <span class='ocrx_word' id='word_1_733' title='bbox 3753 5252 4061 5328; x_wconf 78' lang='lat' dir='ltr'><strong>distributis</strong></span> 
     </span>
    </p>
   </div>
   <div class='ocr_carea' id='block_1_107' title="bbox 2485 5322 4058 5392">
    <p class='ocr_par' dir='ltr' id='par_1_107' title="bbox 2485 5322 4058 5392">
     <span class='ocr_line' id='line_1_107' title="bbox 2485 5322 4058 5392; baseline -0.004 -9"><span class='ocrx_word' id='word_1_734' title='bbox 2485 5322 2567 5383; x_wconf 74' lang='lat' dir='ltr'><strong>sui</strong></span> <span class='ocrx_word' id='word_1_735' title='bbox 2617 5331 2716 5382; x_wconf 84' lang='lat' dir='ltr'><strong>sub</strong></span> <span class='ocrx_word' id='word_1_736' title='bbox 2757 5342 2869 5381; x_wconf 88' lang='lat' dir='ltr'><strong>uno</strong></span> <span class='ocrx_word' id='word_1_737' title='bbox 2922 5328 3097 5389; x_wconf 84' lang='lat' dir='ltr'><strong>capite</strong></span> <span class='ocrx_word' id='word_1_738' title='bbox 3145 5322 3494 5381; x_wconf 80' lang='lat' dir='ltr'><strong>cenhtriuncs</strong></span> <span class='ocrx_word' id='word_1_739' title='bbox 3530 5335 3733 5387; x_wconf 88' lang='lat' dir='ltr'><strong>essent,</strong></span> <span class='ocrx_word' id='word_1_740' title='bbox 3766 5322 4058 5392; x_wconf 71' lang='lat' dir='ltr'><strong>etiam‘ipsi</strong></span> 
     </span>
    </p>
   </div>
   <div class='ocr_carea' id='block_1_108' title="bbox 2488 5391 4056 5467">
    <p class='ocr_par' dir='ltr' id='par_1_108' title="bbox 2488 5391 4056 5467">
     <span class='ocr_line' id='line_1_108' title="bbox 2488 5391 4056 5467; baseline -0.001 -18"><span class='ocrx_word' id='word_1_741' title='bbox 2488 5397 2569 5452; x_wconf 83' lang='lat' dir='ltr'><strong>vel</strong></span> <span class='ocrx_word' id='word_1_742' title='bbox 2623 5397 2884 5467; x_wconf 78' lang='lat' dir='ltr'><strong>spatiiarii</strong></span> <span class='ocrx_word' id='word_1_743' title='bbox 2935 5396 3018 5450; x_wconf 85' lang='lat' dir='ltr'><strong>vel</strong></span> <span class='ocrx_word' id='word_1_744' title='bbox 3066 5395 3488 5467; x_wconf 82' lang='lat' dir='ltr'><strong>protospatliarii</strong></span> <span class='ocrx_word' id='word_1_745' title='bbox 3522 5393 3826 5467; x_wconf 75' lang='lat' dir='ltr'><strong>nominati?</strong></span> <span class='ocrx_word' id='word_1_746' title='bbox 3869 5391 4056 5467; x_wconf 79' lang='lat' dir='ltr'><strong>quidni</strong></span> 
     </span>
    </p>
   </div>
   <div class='ocr_carea' id='block_1_109' title="bbox 2484 5463 4058 5539">
    <p class='ocr_par' dir='ltr' id='par_1_109' title="bbox 2484 5463 4058 5539">
     <span class='ocr_line' id='line_1_109' title="bbox 2484 5463 4058 5539; baseline -0.004 -18"><span class='ocrx_word' id='word_1_747' title='bbox 2484 5463 2667 5539; x_wconf 77' lang='lat' dir='ltr'><strong>plures</strong></span> <span class='ocrx_word' id='word_1_748' title='bbox 2698 5484 2800 5523; x_wconf 92' lang='lat' dir='ltr'><strong>non</strong></span> <span class='ocrx_word' id='word_1_749' title='bbox 2838 5467 2914 5539; x_wconf 83' lang='lat' dir='ltr'><strong>ad</strong></span> <span class='ocrx_word' id='word_1_750' title='bbox 2936 5463 3317 5539; x_wconf 70' lang='lat' dir='ltr'><strong>ministerium,</strong></span> <span class='ocrx_word' id='word_1_751' title='bbox 3343 5465 3533 5539; x_wconf 81' lang='lat' dir='ltr'><strong>sedad</strong></span> <span class='ocrx_word' id='word_1_752' title='bbox 3582 5464 3901 5539; x_wconf 74' lang='lat' dir='ltr'><strong>dignitatem</strong></span> <span class='ocrx_word' id='word_1_753' title='bbox 3948 5463 4058 5539; x_wconf 78' lang='lat' dir='ltr'><strong>tue-</strong></span> 
     </span>
    </p>
   </div>
   <div class='ocr_carea' id='block_1_110' title="bbox 2487 5532 4057 5612">
    <p class='ocr_par' dir='ltr' id='par_1_110' title="bbox 2487 5532 4057 5612">
     <span class='ocr_line' id='line_1_110' title="bbox 2487 5532 4057 5612; baseline -0.004 -19"><span class='ocrx_word' id='word_1_754' title='bbox 2487 5532 2591 5594; x_wconf 71' lang='lat' dir='ltr'><strong>t&#39;int</strong></span> <span class='ocrx_word' id='word_1_755' title='bbox 2619 5536 3037 5612; x_wconf 79' lang='lat' dir='ltr'><strong>protosputltarii</strong></span> <span class='ocrx_word' id='word_1_756' title='bbox 3068 5536 3233 5612; x_wconf 76' lang='lat' dir='ltr'><strong>dicti;</strong></span> <span class='ocrx_word' id='word_1_757' title='bbox 3284 5548 3406 5612; x_wconf 84' lang='lat' dir='ltr'><strong>Ctt_nt</strong></span> <span class='ocrx_word' id='word_1_758' title='bbox 3438 5536 3522 5612; x_wconf 64' lang='lat' dir='ltr'><strong>his</strong></span> <span class='ocrx_word' id='word_1_759' title='bbox 3567 5532 3709 5612; x_wconf 59' lang='lat' dir='ltr'><strong>saepe</strong></span> <span class='ocrx_word' id='word_1_760' title='bbox 3748 5532 4057 5612; x_wconf 55' lang='lat' dir='ltr'><strong>provincias</strong></span> 
     </span>
    </p>
   </div>
   <div class='ocr_carea' id='block_1_111' title="bbox 2482 5602 4060 5678">
    <p class='ocr_par' dir='ltr' id='par_1_111' title="bbox 2482 5602 4060 5678">
     <span class='ocr_line' id='line_1_111' title="bbox 2482 5602 4060 5678; baseline -0.004 -14"><span class='ocrx_word' id='word_1_761' title='bbox 2482 5602 2824 5665; x_wconf 53' lang='lat' dir='ltr'><strong>commissas&quot;</strong></span> <span class='ocrx_word' id='word_1_762' title='bbox 2878 5606 3160 5678; x_wconf 76' lang='lat' dir='ltr'><strong>legamus?</strong></span> <span class='ocrx_word' id='word_1_763' title='bbox 3198 5616 3267 5678; x_wconf 88' lang='lat' dir='ltr'><strong>_ut</strong></span> <span class='ocrx_word' id='word_1_764' title='bbox 3335 5606 3588 5678; x_wconf 74' lang='lat' dir='ltr'><strong>Sergi_um</strong></span> <span class='ocrx_word' id='word_1_765' title='bbox 3638 5602 3787 5678; x_wconf 80' lang='lat' dir='ltr'><strong>illum</strong></span> <span class='ocrx_word' id='word_1_766' title='bbox 3856 5602 4060 5659; x_wconf 80' lang='lat' dir='ltr'><strong>Sicilia:</strong></span> 
     </span>
    </p>
   </div>
   <div class='ocr_carea' id='block_1_112' title="bbox 2482 5674 3884 5747">
    <p class='ocr_par' dir='ltr' id='par_1_112' title="bbox 2482 5674 3884 5747">
     <span class='ocr_line' id='line_1_112' title="bbox 2482 5674 3884 5747; baseline -0.006 -12"><span class='ocrx_word' id='word_1_767' title='bbox 2482 5681 2671 5738; x_wconf 87' lang='lat' dir='ltr'><strong>ducem</strong></span> <span class='ocrx_word' id='word_1_768' title='bbox 2705 5682 2802 5738; x_wconf 88' lang='lat' dir='ltr'><strong>sub</strong></span> <span class='ocrx_word' id='word_1_769' title='bbox 2833 5674 3007 5735; x_wconf 70' lang='lat' dir='ltr'><strong>Leone</strong></span> <span class='ocrx_word' id='word_1_770' title='bbox 3041 5676 3278 5733; x_wconf 89' lang='lat' dir='ltr'><strong>lsaurico</strong></span> <span class='ocrx_word' id='word_1_771' title='bbox 3306 5674 3884 5747; x_wconf 31' lang='lat' dir='ltr'><strong>apud’Tbeopbanem.</strong></span> 
     </span>
    </p>
   </div>
  </div>
