4208 6300
189 374 248 435 ἳ5
1347 368 1526 427 νιΤΑ
1562 369 1633 428 S.
1669 367 1806 426 THE

1856 367 2188 426 )‘t’HANlS.
3314 377 3385 436 ’26

186 486 291 551 τηρ,
336 474 417 532 οἷα
457 479 668 550 πατὴρ,
732 478 829 531 σὺν
881 477 959 545 τῷ
1006 476 1235 546 τριχίνῳ
1285 478 1474 546 ἁμφίῳ
1528 478 1622 529 καὶ
1660 478 1723 546 τῇ
1756 481 1800 533 Δ

1856 478 2018 531 lorum
2056 479 2396 537 multitudine
2444 478 2556 546 (l8)
2594 497 2608 545 ;
2639 480 2798 537 Pater
2843 495 3023 538 autem
3074 498 3311 551 sanctus,
3344 502 3403 543 ut

189 571 493 640 ποιμαντικῇ
529 568 825 640 βακτηρίᾳ.
879 568 1253 639 Καθεσθείσης
1296 570 1352 622 δὲ
1399 569 1501 637 τῆς
1540 568 1726 639 τιμίας

1856 584 1957 623 νει-ο
1990 569 2168 634 Pater,
2202 568 2417 623 cilicino
2463 572 2626 639 pallio
2660 587 2756 626 suo
2790 589 2852 628 ac
2887 576 3076 629 baculo
3121 580 3396 642 pastorali.

192 663 402 726 συνόδου,
436 662 686 727 καίτοιγε
748 662 806 714 ὲν
858 661 1067 715 εὐτελεῖ
1109 663 1460 732 προσχήματι
1493 661 1586 714 τοῦ
1624 679 1727 731 μα-

1856 660 2094 715 ]ςυιοτιιιη
2125 676 2244 713 cum
2278 663 2579 716 veneranda
2626 664 2861 734 synodus
2894 668 3245 733 consedisset,
3290 686 3397 724 non

188 756 352 825 καρῐου
390 753 793 823 θεωρουμένου,
823 753 1076 825 εὐσεϐείᾳ
1108 754 1163 806 δὲ
1197 754 1336 822 ὑπὲρ
1367 754 1573 815 πάντας
1603 754 1729 805 ἁποο

1856 756 2127 822 Iespexere
2173 751 2363 807 Patres
2413 754 2600 809 humili
2652 758 2900 824 quamvis
2951 758 3132 813 habitu
3177 776 3403 829 conspe-

192 848 490 910 στίλσοντος,
526 848 586 900 οὐ
614 848 1065 916 παρελογὶσαντο,
1108 847 1223 900 ἀλλ’
1253 846 1560 916 ἐπέτρεψαν
1591 845 1727 911 πρὸς

1856 856 1978 900 :tum
2025 845 2263 909 Patrem,
2297 861 2417 900 cum
2450 862 2559 914 pre
2606 848 2857 904 omnibus
2890 851 3088 919 pietate
3118 866 3401 908 coruscas-

186 939 272 1003 τὴν
304 935 391 988 τοῦ
421 936 692 1004 δόγματο,
713 937 1075 1007 δημηγορίαν⁹
1174 954 1325 988 εισαν
1350 939 1453 1003 γὰρ
1485 934 1729 1005 ἀκριϐῶς

1856 947 1951 1001 :et;
2000 939 2092 991 sed
2123 939 2189 991 ad
2235 937 2546 992 edicentlam
2587 938 2797 1006 publice
2840 942 3163 999 sententiam
3200 944 3397 999 invita-

186 1031 265 1081 τὸν
286 1028 424 1091 ἄξιον
446 1029 542 1080 τοῦ
575 1030 889 1098 Πνεύματος
917 1031 1157 1099 ἐργάτην
1196 1029 1253 1081 Ὀ
1273 1028 1327 1080 δὲ
1355 1026 1631 1093 δι’όλίγων
1663 1027 1731 1079 τὰ

1856 1039 1980 1082 ·υιιι.
2036 1026 2305 1083 Noveram
2348 1030 2519 1097 enim,
2565 1041 2620 1085 et
2662 1034 2863 1101 optime
2901 1046 3188 1100 noverant,
3237 1052 3397 1105 quam

185 1120 334 1171 πολλὰ
354 1120 711 1189 ῥητορεύσας,
733 1121 825 1172 καὶ
844 1120 929 1173 διὰ
948 1120 1194 1189 φυσικῶν
1212 1122 1305 1172 καὶ
1319 1119 1607 1190 γραφικῶν
1635 1117 1730 1172 καὶ

1856 1124 2026 1195 lignus
2066 1125 2298 1195 Spiritus
2345 1130 2519 1181 sancti
2580 1129 2860 1198 operarius
2909 1140 3073 1187 esset.
3130 1132 3222 1186 llle
3274 1150 3401 1189 vero

183 1209 509 1277 ὄυγματικῶν
567 1208 892 1274 ἀποδείξεων
922 1210 1050 1272 τοὺς
1101 1210 1370 1275 ἀλαζόνας
1408 1209 1504 1262 καὶ
1525 1208 1733 1278 δυσφή-

1856 1218 2021 1272 iaucis
2092 1217 2256 1272 multa
2313 1218 2645 1287 complexus,
2693 1221 2993 1278 rationibus
3057 1238 3121 1277 ex
3183 1236 3401 1289 natura,

186 1320 303 1369 μους
346 1300 751 1373 Εἰκονομὰχους
799 1302 1022 1369 ἐλέγξας
1089 1320 1148 1355 τε
1200 1303 1294 1357 καὶ
1351 1300 1732 1373 ἐπιστομίσας,

182 1392 406 1444 ἀπέδωκε
441 1393 538 1444 τὸν
585 1394 790 1462 κόσμον
826 1397 890 1462 τῇ
936 1393 1252 1465 Ἐκκλησία.
1288 1393 1352 1446 Ὢ
1391 1393 1485 1446 τοῦ
1518 1391 1733 1461 θαύμα-

181 1483 293 1542 secl
356 1482 405 1534 τί
470 1484 662 1537 τούτου
727 1485 1351 1555 μεγαλοπρεπέστερον;
1422 1486 1608 1553 Ὅμως
1674 1483 1735 1536 τὸ

183 1574 387 1641 Πνεῦμα
416 1575 477 1628 τὸ
500 1576 655 1641 ἆγιον
697 1576 824 1628 ἔνθα
891 1575 1136 1645 βούλεται
1168 1576 1309 1639 πνεῖ,
1347 1576 1440 1629 καὶ
1479 1575 1580 1628 ὅσα
1612 1573 1735 1644 βούο

183 1664 334 1719 λεῖαι.
365 1665 588 1731 Τούτων
619 1666 763 1719 οὕτω
814 1667 1199 1732 τελεσθέντων,
1224 1668 1320 1721 καὶ
1346 1667 1454 1720 τῶν
1478 1667 1735 1737 Πατέρων

183 1750 370 1819 ἐν”τιρίς
403 1758 641 1810 ἑκάστου
675 1758 859 1821 τόποις
892 1758 1427 1828 πσλινοστησάντων,
1452 1757 1732 1823 καταλαμ-

183 1850 318 1903 ϐάνει
348 1836 514 1902 πάλιν
560 1852 587 1903 ὁ
636 1851 904 1920 μακάριος
933 1850 995 1902 τὸ
1026 1848 1157 1919 παρ’
1201 1849 1365 1902 αὑτοῦ
1403 1865 1495 1901 vett
1530 1847 1731 1919 ργηϐὲν
1760 1828 1806 1887 Β

181 1938 607 2006 οὐρανομίμητον
649 1940 1033 2008 μοναστήριον.
1072 1940 1284 2006 Ὠσπερ
1309 1939 1416 2008 γὰρ
1437 1940 1495 1991 ἑν
1525 1935 1739 2007 οὐρανῷ

180 2026 317 2093 ἥλιος
352 2028 446 2079 σὺν
496 2028 721 2097 ἄστροις
769 2026 1037 2098 δᾳδουχεῖ,
1081 2026 1180 2099 τὴν
1218 2028 1513 2097 σύμπασαν
1566 2043 1737 2079 κατα-

179 2118 402 2181 γλαϊζων
441 2118 523 2188 τῷ
578 2118 717 2187 φωτὶ
763 2118 861 2189 τῆς
906 2119 1264 2188 ὲλλάμψεως·
1312 2119 1403 2172 τὸν
1458 2118 1621 2171 αὐτον
1672 2116 1739 2187 δὴ

180 2212 361 2275 τρόπον
393 2212 451 2276 ἐξ
488 2212 655 2281 αὐτῆς
683 2214 711 2264 ὁ
764 2213 1052 2281 μακάριος,
1089 2214 1183 2269 σὺν
1212 2214 1323 2275 τοῖς
1362 2213 1480 2265 κατ’
1511 2211 1739 2281 ἐκλογὴν

179 2302 263 2354 τοῦ
302 2301 624 2371 Πνεύματος
676 2300 827 2371 αὐτῷ
876 2305 1169 2371 μονασταῖς
1207 2302 1303 2354 καὶ
1350 2304 1738 2372 συνασκηταῖς,

180 2392 265 2462 τὴν
290 2392 617 2462 οἰκουμένην
656 2391 1034 2460 καταυγάζων,
1072 2393 1192 2453 ταῖς
1224 2393 1619 2461 μαρμαρυγαῖς
1644 2392 1741 2458 τῆς

182 2485 456 2551 ίσιγγέλου
500 2484 772 2547 πολιτείας
793 2483 1133 2555 ὲφαίδρυνεν.

241 2576 335 2629 lE'.
368 2578 652 2645 Διέλαμπε
690 2578 935 2646 τοίνυνὴ
988 2578 1087 2643 τῆς
1128 2576 1440 2648 όρθοδοξίας
1481 2577 1639 2640 ἀκτὶς
1682 2576 1739 2629 ἐν

179 2672 278 2731 τοῖς
310 2669 534 2738 πέρασι.
576 2668 800 2738 Χρόνων
828 2671 887 2722 δὲ
921 2668 1121 2720 ἱκανῶν
1153 2668 1586 2733 διιππασάντων,
1614 2669 1745 2721 ἁνα-

182 2762 363 2827 φύεται
395 2761 543 2815 κατά
576 2762 928 2833 συγχώρησιν
952 2759 1085 2813 Θεοῦ
1114 2760 1140 2812 ὁ
1165 2759 1453 2829 ὁμώνυμος
1482 2760 1577 2813 τοῦ
1610 2777 1746 2831 προ-

178 2858 327 2924 τέρου
363 2858 543 2920 Λέων,
570 2858 718 2919 ὅστις
745 2855 1021 2927 παρευθὺς
1056 2856 1156 2923 τῆς
1203 2854 1617 2927 ἀναγορεύσεως
1649 2854 1742 2907 αὑ-

178 2947 265 2999 τοῦ
298 2949 393 3009 τὰς
437 2947 633 3016 τιμίας
665 2947 910 3000 καθελὼν
943 2948 1180 3013 εἰκόνας,
1225 2948 1522 3019 ἠμαύρωσε
1551 2946 1612 3000 τὸ
1647 2946 1746 3017 τῆς

190 3039 509 3111 Ἐκκλησίας
539 3038 756 3101 κάλλος,
791 3038 1102 3108 ἐλυμήνατο
1133 3037 1209 3097 ὥς
1236 3056 1319 3101 τις
1344 3040 1526 3106 μονιὸς
1552 3038 1748 3110 ἄγριος

180 3131 402 3201 τὴντῶν
431 3130 735 3203 όρθοδόξων
770 3134 1065 3203 ὁμήγυριν,
1098 3133 1190 3186 καὶ
1219 3127 1287 3201 ἦν
1327 3133 1527 3185 οἰκεῖον
1558 3134 1745 3195 αὐτοῖς

179 3225 235 3276 τὸ
264 3225 471 3292 λέγειν’
513 3243 533 3275 ι
581 3226 639 3277 ὐ
664 3224 815 3290 Θεὸς,
854 3224 1091 3295 ῆλθοσαν
1131 3223 1258 3294 ἔθνη
1297 3226 1375 3288 εἰς
1417 3224 1517 3296 τὴν
1551 3223 1748 3295 κληρο-

180 3315 361 3383 νομίαν
396 3332 519 3380 σου,
564 3336 585 3367 ι
622 3316 718 3369 καὶ
748 3318 814 3368 τὰ
841 3316 969 3386 ἑξῆς
992 3332 1010 3349 '
1041 3316 1167 3380 τοὺς
1189 3317 1297 3387 γὰρ
1332 3316 1432 3387 τῆς
1465 3315 1744 3387 ὀρθοδόξου

182 3409 409 3471 πίστεως
460 3412 783 3479 προμάχους
832 3425 893 3461 τε
942 3411 1036 3463 καὶ
1088 3410 1441 3481 ὑπερμάχους
1495 3412 1747 3482 Πατέρας

180 3505 393 3566 πολλαῖς
426 3504 639 3567 αἰκίαις
675 3505 767 3556 καὶ
790 3503 1001 3573 Θλίψεσι
1032 3506 1451 3569 καθυποόαλὼν,
1480 3502 1751 3574 κακιγκάο

178 3616 283 3661 κως
312 3596 635 3650 ἀπώλεσεν·
673 3600 731 3650 ὲν
761 3593 842 3658 οἷς
888 3598 983 3651 καὶ
1022 3598 1298 3667 Θεόδωρον
1338 3600 1426 3651 τὸν
1455 3598 1749 3653 ὁσιώτατον

180 3690 477 3759 ἡγούμενον
509 3688 621 3743 τῶν
654 3689 931 3757 Στουδίου,
956 3690 1251 3757 ἐλέγξαντα
1279 3688 1377 3761 τὴν
1408 3692 1605 3743 τούτου
1640 3708 1747 3759 μα-

180 3783 575 3851 ταιογνωμίαν,
612 3783 879 3854 χρονικῶς
931 3783 1289 3854 αἰκισάμενος
1338 3780 1525 3855 ἰξορίᾳ
1571 3783 1747 3853 παρέ·-

179 3872 375 3939 πεμψε.
439 3871 608 3940 Δολία
653 3872 711 3923 δὲ
762 3871 956 3943 γνώμῃ
1020 3875 1402 3944 χρησάμενος,
1455 3874 1749 3946 γράμμασι

179 3964 539 4026 θωπευτικοῖς
600 3962 739 4030 πρὸς
794 3963 886 4015 τὸν
941 3964 1211 4034 μακάριον
1265 3966 1579 4036 Θεοφάνην,
1627 3966 1749 4039 1ᾔτει

180 4056 435 4125 συμφωνή
446 4069 614 4107 σοντα
636 4054 702 4121 τῇ
727 4051 919 4105 τούτου
943 4056 1203 4124 κακονοίᾳ
1226 4056 1363 4124 πρὸς
1386 4058 1547 4112 αὐτὸν
1572 4058 1750 4130 ἥκειν.

190 4145 244 4199 ⁸0
268 4148 322 4201 δὲ
358 4148 639 4220 μακάριος
670 4146 1031 4217 ἀντιγράφοις
1059 4145 1332 4219 ἠμείψατο
1366 4150 1542 4201 τοῖσδε
1572 4167 1586 4180 υ

247 4338 358 4404 ις’.
402 4335 726 4403 Ἐπίγνωθι,
773 4336 1017 4405 βασιλεῦ,
1064 4336 1156 4390 τόν
1199 4354 1282 4389 σοι
1327 4336 1425 4406 τὴν
1476 4337 1753 4407 βασιλείαν

179 4428 571 4499 χαρισάμενον.
618 4426 688 4479 δι’
721 4419 783 4480 οὗ
839 4427 1077 4497 βασιλεῖς
1121 4427 1466 4495 βασιλεύουσι
1521 4432 1615 4484 καὶ
1656 4430 1750 4485 τύο

1840 1309 2118 1379 Scriptnra
2150 1325 2213 1364 ac
2251 1310 2549 1379 disciplina'
2572 1312 2752 1380 petitis
2783 1315 3058 1380 redarguit
3113 1326 3166 1370 et
3208 1317 3401 1371 obmu—

1842 1411 2049 1457 tesccre
2093 1402 2220 1457 fecit
2259 1414 2572 1472 arrogantes
2600 1405 3069 1475 exsecrabilesque
3112 1408 3395 1462 lcouoma-

1839 1495 1992 1554 chos.
2055 1494 2411 1565 Ecclesitrque
2480 1497 2765 1564 pristinum
2835 1500 3069 1554 restituit
3121 1503 3306 1557 decus.
3360 1504 3404 1557 0

1841 1584 2188 1640 miraculum!
2256 1586 2382 1654 quid
2427 1602 2492 1640 eo
2544 1588 2650 1641 dici
2704 1590 3137 1659 magniﬁcentius
3196 1594 3406 1660 potest?

1842 1690 2031 1741 nempe
2052 1677 2351 1745 spiratubi,
2378 1686 2430 1731 et
2462 1688 2718 1747 quantum
2748 1681 2865 1733 vult
2899 1681 3132 1749 Spiritus
3163 1693 3403 1739 sanctus.

1839 1765 2044 1832 Quibus
2070 1766 2140 1820 ita
2164 1767 2349 1835 gestis,
2382 1767 2739 1839 Patribusque
2763 1770 2826 1824 ad
2862 1786 2955 1823 sua
2985 1774 3406 1837 revertentibus,

1841 1872 2029 1915 rursus
2052 1873 2107 1912 se
2155 1858 2344 1913 beatus
2386 1861 2591 1927 recepit
2630 1863 2681 1914 in
2728 1862 3109 1919 monasterium
3160 1880 3347 1919 recens
3377 1883 3408 1921 a

1839 1964 1897 2002 se
1929 1947 2234 2014 fundatum,
2274 1949 2481 2019 ipsique
2509 1950 2839 2006 simillimum
2881 1955 3043 2009 caelo.
3073 1954 3144 2011 Ut
3178 1960 3321 2012 enim
3357 1960 3409 2013 in

1838 2040 1977 2093 c'mlo
2024 2042 2102 2094 sol
2144 2056 2265 2095 cum
2297 2044 2457 2096 astris
2503 2044 2668 2104 lucet,
2715 2045 2902 2098 orbem
2950 2048 3262 2102 illuminans
3293 2052 3411 2103 nni-

1842 2147 2056 2184 versum
2087 2131 2464 2188 illustrationis
2498 2149 2613 2207 sua;
2657 2135 2938 2203 splendore
2971 2155 2984 2191 :
3019 2138 3207 2195 eodem
3253 2145 3411 2195 modo

1842 2224 1893 2278 in
1927 2236 2069 2279 terra
2111 2226 2319 2291 beatus,
2355 2242 2475 2280 eum
2502 2228 2614 2281 suis
2642 2227 2692 2280 in
2722 2229 2911 2294 spiritu
2947 2231 3172 2286 delectis
3219 2248 3410 2286 umna-

1840 2318 1978 2379 cbis,
2012 2328 2065 2369 et
2100 2318 2148 2370 in
2183 2328 2371 2371 sancto
2404 2334 2575 2385 agone
2609 2312 2905 2385 sodalibus,
2928 2324 3024 2376 toti
3059 2325 3409 2391 resplendens

1842 2411 1982 2475 orbi,
2025 2426 2146 2465 eum
2197 2409 2451 2481 angelicae
2497 2426 2605 2464 sum
2642 2415 3066 2470 conversationis
3110 2415 3413 2487 fulgoribus

1844 2504 2167 2557 illustrabat.

1920 2596 2028 2650 XV.
2070 2592 2513 2652 Dill‘nndebautnr
2546 2595 2710 2664 igitur
2752 2612 3181 2667 quaquaversum
3219 2604 3412 2656 ortho-

1845 2691 2017 2746 dosite
2076 2690 2399 2757 radii:post
2475 2704 2737 2743 annorum
2812 2707 2943 2746 vcro
3013 2692 3409 2761 aliquantorum

1844 2784 2127 2836 decursum
2155 2782 2332 2834 divina
2366 2782 2721 2849 permissione
2752 2785 2985 2837 surrexit
3019 2786 3181 2855 priori
3218 2802 3418 2855 cogno-

1847 2875 2007 2928 minis
2054 2872 2184 2938 Leo,
2212 2874 2303 2942 qui
2353 2874 2537 2927 statim
2582 2884 2638 2926 ut
2669 2875 2974 2932 declaratus
2999 2890 3079 2933 est
3105 2881 3417 2948 imperator,

1848 2980 2035 3021 sacras
2062 2966 2324 3035 imagines
2354 2967 2593 3021 subverti
2640 2970 2980 3037 praecipiens,
3018 2973 3273 3027 Ecclesiae
3302 2972 3420 3039 pul-

1848 3058 2214 3112 chritudinem
2278 3058 2558 3125 exstinxit,
2618 3073 2673 3117 et
2746 3071 3001 3130 tanquam
3090 3063 3234 3117 ferus
3292 3080 3422 3135 aper

1853 3150 2041 3210 aﬂlixit
2097 3159 2294 3205 ccetnm
2348 3149 2799 3217 ortltodoxorum,
2856 3156 3052 3224 quibus
3108 3172 3231 3211 vere
3292 3169 3420 3213 tunc

1850 3243 2028 3296 dicere
2082 3241 2276 3297 licebat
2310 3259 2326 3296 :
2366 3262 2384 3293 ι
2414 3244 2577 3308 Deus,
2626 3255 2891 3299 venerunt
2934 3258 3121 3314 gentes
3163 3247 3213 3300 iu
3245 3249 3419 3305 luere—

1850 3332 2068 3386 ditatem
2102 3340 2249 3386 tuam
2275 3331 2318 3396 ',
2364 3352 2383 3384 ι
2419 3342 2473 3385 et
2502 3348 2564 3388 ea
2593 3348 2713 3403 quae
2738 3347 3060 3404 sequuntur.
3090 3334 3421 3394 Ortbodnxze

1849 3424 1991 3477 enim
2060 3422 2183 3477 ﬁdei
2250 3423 2558 3479 defensores
2630 3436 3171 3498 propugnatoresque
3234 3432 3422 3485 Patres

1851 3512 1987 3566 mala
2024 3524 2199 3566 morte
2236 3515 2471 3577 sustulit,
2502 3516 2683 3570 multis
2710 3532 2804 3571 eos
2838 3520 3148 3575 verberibus
3195 3538 3419 3591 pressu-

1851 3613 2033 3672 risque
2066 3604 2376 3675 subjiciens,
2408 3606 2459 3658 in
2489 3607 2685 3673 quibus
2714 3618 2767 3661 et
2812 3607 3155 3664 Theodorum
3190 3617 3425 3669 sanctis-

1851 3697 2047 3751 simum
2100 3696 2275 3752 Studii
2308 3698 2806 3759 arcltimandritant.
2853 3702 2995 3770 quod
3045 3704 3269 3757 stultum
3306 3706 3424 3774 ejus

1852 3792 2087 3844 edictum
2128 3790 2426 3853 damnaret,
2471 3800 2591 3858 post
2636 3790 2948 3845 diuturnum
2995 3794 3337 3849 vexationem
3368 3797 3421 3850 in

1851 3882 2100 3935 exsilium
2117 3879 2319 3947 expulit
2345 3896 2357 3931 :
2378 3878 2721 3931 fraudulento
2736 3896 2866 3933 vero
2882 3884 3063 3936 animo
3088 3886 3150 3935 ad
3170 3884 3226 3937 Β.
3247 3884 3423 3940 Theo-

1852 3970 2079 4041 phanem
2142 3969 2365 4023 blandas
2424 3967 2712 4021 destinavit
2774 3967 3244 4038 litteras,quibns
3297 3988 3422 4028 eum

1858 4063 2097 4135 rogabat,
2134 4073 2191 4116 ut
2215 4061 2459 4131 pessima:
2496 4074 2606 4114 suae
2641 4060 2987 4117 subscribens
3024 4065 3328 4129 sententiae,
3356 4067 3423 4121 ad

1855 4172 1912 4209 se
1940 4156 2197 4207 accedere
2256 4169 2321 4207 ne
2370 4164 2708 4221 gravaretur.
2744 4152 2825 4204 Ad
2858 4168 2994 4221 quas
3050 4155 3138 4208 ille
3182 4158 3236 4210 in
3284 4160 3426 4214 hanc

1856 4244 2084 4300 formam
2112 4243 2395 4313 rescripsit
2422 4261 2436 4297 :

1925 4336 2064 4395 XVI.
2098 4336 2344 4406 Noveris,
2378 4339 2691 4405 imperator,
2736 4355 2859 4395 eum
2887 4341 2975 4409 qui
3014 4342 3107 4395 tibi
3141 4342 3426 4413 imperium

1859 4432 2085 4502 largitus
2136 4440 2241 4496 est,
2289 4445 2385 4501 per
2429 4445 2587 4500 quem
2645 4445 2798 4498 reges
2836 4443 3085 4501 rcgnant,
3122 4443 3177 4488 et
3211 4437 3425 4504 tyranni

181 4538 358 4592 ραννοι
409 4518 685 4590 κρατοῦσι
732 4520 861 4589 γῆς,
910 4520 987 4583 ὼς
1018 4519 1150 4581 Θεὸς
1187 4519 1263 4573 ὢν
1315 4524 1751 4594 ἀπερίγραπτος,
1789 4537 1806 4593 ι

1861 4524 2207 4579 dominantur
2249 4522 2300 4574 in
2340 4524 2531 4584 terris;
2576 4523 2814 4587 noveris,
2856 4524 3100 4593 inquam,
3153 4530 3429 4593 quomodo

181 4616 563 4687 περίγραπτος
616 4615 682 4684 τῇ
729 4614 851 4668 καθ’
888 4614 1034 4685 ἡμᾶς
1082 4615 1380 4686 προσλήψει
1437 4620 1749 4687 γενόμενος,

179 4706 355 4775 ὅμοιος
386 4706 528 4778 ἡμῖν
561 4705 703 4758 κατά
735 4705 917 4760 πάντα
943 4706 1085 4777 πλὴν
1118 4706 1395 4778 ἁμαρτίας
1418 4708 1755 4780 κεχρημάτιι

182 4813 302 4851 κενο
330 4798 484 4862 ὅπως
517 4795 577 4851 δὲ
606 4797 834 4863 νεκροὺς
867 4797 1151 4869 ἀνέστησε,
1180 4798 1275 4850 καὶ
1303 4800 1536 4866 τυφλοὺς
1554 4800 1755 4871 ὠμμά-

180 4904 334 4954 τωσε,
362 4888 463 4943 καὶ
495 4884 735 4956 λεπροὺς
769 4885 1087 4958 ἐκαθάρισε,
1129 4888 1226 4941 καὶ
1244 4887 1315 4940 τὰ
1342 4884 1477 4941 ἄλλα
1518 4889 1756 4961 καθεξῆς

180 4977 282 5030 τῶν
337 4978 644 5048 θαυμάτων
696 4976 904 5031 αὐτοῦ’
945 4979 1092 5041 ὅπως
1138 4995 1198 5032 τε
1256 4978 1522 5049 Ἰουδαϊκῇ
1575 4997 1757 5049 παρα-

182 5069 419 5141 φροσύνῃ
455 5070 635 5134 πάθος
666 5068 957 5139 ὑπέμεινεν
983 5068 1145 5135 ἑκὼν,
1175 5071 1266 5123 καὶ
1297 5075 1596 5143 τριήμερος
1621 5072 1759 5125 ἀναδ

183 5163 330 5230 στὰς,
361 5164 444 5228 εἰς
471 5162 744 5233 οὐρανοὺς
764 5161 1083 5234 ἀνελήλυθε,
1118 5165 1216 5234 τῆς
1251 5165 1387 5235 πρὸς
1412 5165 1504 5217 τὸν
1539 5164 1758 5235 Πατέρα

244 5301 267 5332 ⁸
290 5302 434 5357 Psal.
462 5302 740 5367 1.“va

246 5465 261 5526 (
275 5463 357 5525 l8)
402 5458 520 5515 llos
567 5471 687 5512 esse
725 5470 892 5526 equos
925 5455 1105 5526 cursui
1140 5453 1391 5510 velociori
1442 5452 1745 5510 destinatos

182 5544 230 5585 ct
252 5524 539 5593 uarietas,
577 5524 829 5596 qualibus
853 5524 1050 5596 publici
1075 5539 1325 5596 cursores
1355 5534 1599 5596 utuntur,
1622 5527 1748 5579 hinc

180 5602 429 5659 veredarii
472 5593 1091 5666 nominati.qui_tatueu
1120 5610 1147 5666 a
1178 5593 1418 5650 vehendis
1447 5594 1627 5650 rltedis
1656 5611 1749 5647 no-

186 5690 298 5726 men
334 5670 671 5737 acceperint,
710 5662 843 5721 teste
882 5662 1277 5737 Festoaobiter
1306 5667 1632 5737 insinuatum
1670 5674 1752 5718 est

185 5740 231 5793 in
297 5742 358 5796 16
420 5735 671 5796 Januarii
733 5737 799 5791 ad
859 5751 1006 5792 num.
1066 5735 1133 5791 15
1196 5736 1450 5792 Actorum
1513 5735 1751 5803 priorum

1856 4612 1996 4666 Deus
2043 4609 2549 4679 incircumscriptus
2573 4626 2694 4666 cum
2728 4614 2817 4678 sit,
2852 4623 3028 4669 tamen
3056 4616 3427 4674 circumscribi

1855 4707 2105 4779 dignatus
2133 4706 2224 4771 sit,
2270 4718 2510 4760 nostram
2557 4710 2880 4762 assumenda
2931 4721 3206 4779 naturam,
3236 4715 3431 4772 similis

1859 4800 2016 4854 nobis
2072 4798 2248 4853 factus
2306 4812 2401 4865 per
2445 4799 2651 4860 omnia,
2683 4797 2786 4851 nisi
2816 4802 2960 4868 quod
3009 4810 3291 4873 peccatum
3322 4823 3428 4863 non

1860 4892 2128 4945 habuerit.
2170 4888 2476 4944 Sccundnut
2509 4905 2670 4959 quam
2696 4900 2944 4946 naturam
2972 4895 3254 4949 suscitavit
3285 4912 3432 4951 mor-

1860 4991 1998 5049 tuos,
2030 4980 2349 5035 illuminavit
2380 4997 2573 5046 caecos,
2598 4981 2875 5036 inundavit
2907 4983 3172 5053 leprosos,
3203 4998 3430 5042 uetera-

1859 5088 1965 5143 que
1984 5089 2047 5128 ex
2079 5075 2267 5128 ordine
2290 5081 2540 5141 aperstus
2568 5081 2650 5125 est
2681 5073 2934 5127 miracula
2967 5089 3064 5128 sua
3095 5093 3108 5128 :
3134 5077 3428 5132 secundum

1860 5179 2021 5236 quam
2069 5164 2314 5220 eamdem
2367 5173 2558 5231 sponte
2610 5175 2835 5218 mortem
2888 5166 3077 5232 subiit,
3122 5167 3431 5225 Iudaeorum

1856 5456 1912 5509 S.
1973 5456 2207 5529 Marcelli
2251 5459 2422 5529 Paptc.
2473 5461 2626 5518 Festi
2677 5466 2996 5523 sententiam
3041 5470 3223 5525 multis
3276 5473 3434 5528 docte

1857 5528 2143 5601 conﬁrmat
2167 5528 2348 5601 insno
2379 5531 2749 5601 Etymnlogico
2776 5533 3015 5601 Vossius,
3051 5539 3215 5594 certis
3247 5553 3434 5596 auctu-

1861 5598 2007 5652 ribns
2036 5600 2271 5673 antiquis
2292 5598 2691 5673 demonstrans,
2721 5605 2956 5673 antiquis
2974 5598 3286 5667 cursoribus
3306 5627 3436 5668 cur-

1863 5683 1979 5723 sunt
2016 5672 2285 5737 publicum
2322 5672 2683 5729 vebicularem
2717 5672 2902 5731 fuisse.
