4208 6300
204 337 265 400 ΞΘ
1393 356 1567 425 VITA
1606 357 1668 415 S.
1712 355 2227 424 THEOI’HANIS.
3372 380 3442 444 30

202 463 451 533 ⁴τοσαύτην
481 464 579 518 τοῦ
608 467 799 540 ἀνδρὸς
832 470 1103 539 ἔνστασιν,
1132 477 1457 543 ἀποστείλας
1495 481 1617 534 τινὰ
1656 481 1766 533 τῶν

1869 483 2146 551 perferens
2204 497 2491 558 tyrannus,
2544 492 2827 559 quemdam
2882 491 2937 545 in
2970 492 3255 559 dignitate
3313 511 3447 550 con-

202 555 254 605 ιν
281 554 445 619 τέλει,
481 556 583 629 τὴν
629 559 933 634 μὲν-μονὴν
965 566 1069 628 ἓως
1113 568 1342 638 ἐδάφους
1391 575 1767 627 πυοίκαυστον

204 646 454 716 πεποίηκε
481 687 496 713 ,
538 650 667 714 τοὺς
702 652 759 706 δὲ
803 659 1072 725 μοναχοὺς
1122 660 1479 731 αἰκισάμενος
1519 664 1767 734 διεσκόρο

201 741 456 801 manebit
502 742 560 796 δὲ
612 746 883 817 μακάριον
929 750 1151 821 δέσμιον
1198 753 1599 826 συλλαὸόμενος
1629 753 1766 828 ἦγεν

200 830 271 892 εἰς
288 830 342 884 τὸ
368 830 684 897 Βυζάντιον.
711 840 819 893 Καὶ
852 841 1209 908 κελεύσαντος
1229 845 1323 899 τοῦ
1350 849 1619 917 τυράννου
1632 848 1767 903 καθ·

205 920 477 991 ειρχοῆναι
515 925 679 979 αὐτὸν
718 929 777 980 ὲν
808 936 1055 1004 σκοτεινῇ
1082 936 1322 1007 φυλακῇ,
1362 939 1454 991 ἐπὶ
1503 940 1764 1004 πλείστας

200 1012 398 1079 ἡμέρας
467 1015 737 1084 διέτριὸεν
789 1021 849 1073 ιν
922 1024 1149 1098 ὑπονοίᾳ
1206 1030 1420 1100 τοιᾷδε,
1465 1030 1543 1093 ὡς
1582 1030 1648 1085 ἂν
1701 1033 1763 1087 τὸ

198 1100 403 1156 εὔτονον
433 1105 598 1159 αὐτοῦ
628 1111 925 1179 χαυνωθὲν,
961 1115 1236 1171 εὐάλωτον
1266 1118 1420 1173 ἔσται
1451 1119 1587 1190 πρὸς
1628 1138 1762 1191 συγ-

195 1198 502 1253 κατάθεσιν.
532 1202 610 1272 Τῇ
648 1200 743 1259 οὖν
766 1212 1068 1283 προτεραίᾳ
1098 1213 1320 1282 ἀγαγὼν
1343 1217 1370 1270 ὁ
1395 1216 1649 1286 βασιλεὺς
1668 1218 1763 1273 τὸν

196 1291 475 1361 εἰρημένον
504 1292 783 1368 Θεόδωρον
813 1300 919 1353 τῶν
954 1303 1202 1358 Στουὸἔου
1236 1308 1384 1360 ὅσιον
1434 1310 1759 1380 ἡγούμενον,

196 1382 283 1433 καὶ
330 1383 427 1436 ἐπὶ
476 1386 739 1452 πλείστας
775 1390 923 1457 ὥρας
977 1394 1193 1464 δείμασι
1231 1415 1291 1450 τε
1339 1399 1436 1451 καὶ⁵
1485 1402 1762 1455 κολάσεων

194 1473 477 1530 ὑποθέσεσι
551 1483 926 1552 καταπτήξειν
1008 1490 1290 1559 θυόμενος,
1344 1493 1661 1548 τούναντίον
1703 1496 1792 1549 δὲ·

194 1564 462 1635 ἐλεγχθεὶς
491 1571 647 1640 παρὰ
714 1573 806 1625 τοῦ
836 1576 1007 1642 ὁσίου,
1035 1577 1111 1640 ὡς
1142 1580 1277 1649 μηδὲ
1299 1581 1396 1649 τῆς
1429 1582 1595 1636 αὐτοῦ
1620 1601 1757 1653 καρο

189 1653 299 1719 δίας
328 1660 642 1731 ἐπισκοπῆς
692 1663 827 1718 Θεοῦ
860 1667 1207 1736 αἰσθόμενος,
1245 1674 1556 1743 αἰσχυνθεὶς
1601 1678 1629 1729 ὁ
1662 1676 1757 1729 τύ-

192 1764 373 1817 ραννος
422 1752 527 1824 τὴν
561 1756 684 1809 κατ’
712 1757 883 1813 αὐτοῦ
929 1760 1027 1829 τῆς
1071 1763 1287 1835 ἐξηρίας
1324 1766 1504 1838 ψῆφον
1547 1770 1762 1842 ἀπεφήο
1793 1819 1836 1876 Β

191 1856 328 1897 νατο.

258 2018 357 2112 Hi.-
503 2023 558 2075 δὲ
589 2028 857 2097 ἐπαύριον
885 2033 1224 2101 προσέταξεν
1253 2039 1280 2088 ὁ
1308 2037 1561 2106 βασιλεὺς
1590 2042 1760 2112 ἀχθῆ-

187 2124 267 2159 ναι
301 2109 451 2179 αὐτῷ
489 2114 586 2167 καὶ
633 2117 727 2169 τὸν
770 2121 1041 2193 μακάριον
1086 2124 1391 2196 Θεοφάνην.
1434 2109 1668 2200 κληθειξ
1706 2109 1763 2188 δὲ

188 2200 330 2269 παρὰ
359 2203 473 2257 τῶν
507 2212 847 2276 συμμυστῶν
884 2216 1108 2271 τοιῶσδε
1142 2222 1453 2288 φησάντων,
1484 2225 1559 2286 ὡς
1587 2226 1660 2278 Οὐ
1685 2227 1765 2279 δεῖ

186 2293 243 2345 τὸ
276 2295 366 2348 σὺν
396 2297 602 2367 κράτος
628 2302 733 2354 ὐπὸ
762 2321 903 2369 τινος
939 2306 1045 2360 τῶν
1078 2310 1509 2380 άμνημονεύτων
1553 2316 1765 2370 ἀντιλέ-

187 2385 374 2451 γεσθαι
406 2392 507 2444 καὶ
555 2392 899 2464 ἐλέγχεσθαι,
944 2401 1037 2453 καὶ
1073 2400 1311 2470 μάλιστα
1363 2403 1762 2476 αὐθαδεστέρου

188 2483 551 2550 τυγχάνοντος
603 2488 759 2557 παρὰ
804 2491 1013 2555 πάντας
1087 2494 1216 2563 τούς
1274 2494 1467 2566 πρώην
1523 2497 1618 2552 τοῦ
1668 2498 1764 2552 νῦν

190 2571 590 2643 ἀχθησομένου.
621 2581 818 2651 μήπως
844 2583 1075 2657 ὐὸρισθῇ
1113 2587 1173 2639 τὸ
1204 2587 1297 2642 τὸν
1322 2589 1594 2661 ἀήττητον
1629 2593 1767 2663 κρά-

186 2677 271 2726 τος
301 2666 423 2727 ταῖς
472 2669 894 2740 ἀντιρρητικαῖς
943 2675 1108 2729 αὐτοῦ
1156 2677 1489 2747 αὐθαδείαις,
1527 2682 1619 2736 καὶ
1665 2685 1764 2739 αὐ-

188 2755 520 2846 στηρότησι·
566 2760 713 2815 τοῦθ’
756 2764 941 2819 ἕνεκεν
978 2768 1111 2838 πρὸς
1144 2770 1243 2842 τὴν
1282 2774 1457 2845 ὁρμὴν
1503 2776 1763 2846 ἐπισχὼν,

186 2844 511 2901 ἀποστέλλει
542 2850 637 2904 ἕνα
671 2853 779 2907 τῶν
814 2856 869 2909 ἐν
898 2857 1040 2911 τέλει
1090 2862 1227 2929 πρὸς
1258 2860 1349 2914 τὸν
1377 2864 1552 2928 ἅγιον,
1592 2844 1765 2935 προσ-

184 2937 344 3003 ταξας
380 2940 701 3013 βουνεύροις
744 2953 1073 3016 τριακοσίοις
1116 2955 1185 3005 τά
1233 2972 1293 3007 τε
1320 2956 1517 3027 στέρνα
1554 2957 1767 3011 καὶτὸν

188 3025 352 3079 νῶτον
388 3032 781 3097 καταξάναντα
819 3039 977 3090 ἐᾶσαι
1034 3041 1197 3094 πάλιν
1227 3044 1284 3094 ἐν
1331 3025 1656 3117 τῇῖείρκτῇ.
1686 3048 1764 3118 Τῇ

1867 574 2112 628 stitutum
2138 577 2426 648 ablegavit,
2446 593 2542 649 per
2562 596 2722 649 quem
2753 583 3139 636 monasterium
3175 584 3241 638 ad
3273 585 3450 653 ipsum

1868 682 2036 733 usque
2084 670 2451 737 pavimentum
2505 673 2735 736 exussit,
2781 674 3079 730 monachos
3127 679 3449 732 verberibus

1868 757 2131 815 multatos
2174 762 2447 828 dispersit,
2493 761 2819 832 beatumque
2870 765 3047 820 virum
3087 768 3450 834 comprehen-

1864 863 1982 904 sum
2011 864 2073 905 ac
2109 852 2343 907 vinctum
2368 853 2681 923 Byzantium
2722 855 2971 920 adduxit,
3004 869 3166 927 atque
3198 857 3262 911 de
3296 874 3450 912 man-

1865 942 1993 997 dato
2023 947 2235 1014 tyranni
2280 946 2331 999 iu
2382 945 2671 1001 obscurum
2724 961 3079 1016 compmgens
3134 964 3436 1013 carcerem,

1866 1034 2053 1090 multis
2082 1036 2267 1091 amisit
2301 1038 2508 1093 diebus.
2538 1035 2657 1105 Qua
2700 1038 2751 1093 id
2792 1038 3032 1093 ﬁducia?
3058 1039 3265 1112 Nempe
3299 1044 3442 1110 quod

1864 1136 2107 1194 speraret
2141 1129 2437 1185 emollitam
2488 1130 2654 1186 animi
2701 1131 2875 1188 sancti
2928 1131 3303 1189 fortitudinem
3361 1132 3446 1188 fa-

1864 1220 2023 1277 cilem
2072 1221 2189 1278 fore
2238 1224 2302 1278 ad
2356 1238 2680 1280 consensum
2730 1224 2990 1296 impietati
3054 1229 3447 1294 priestandum.

1863 1314 2046 1373 Pridie
2097 1316 2260 1387 igitur
2311 1331 2472 1385 quam
2543 1317 2718 1387 ipsum
2770 1329 3071 1374 accerseret
3128 1320 3447 1387 imperator,

1863 1409 2057 1463 adduci
2112 1410 2274 1476 jussit
2331 1410 2445 1479 (‘24)
2502 1410 2821 1478 praedictum
2875 1408 3217 1465 Theodorum
3265 1412 3444 1467 Studii

1863 1500 2247 1568 hegumenum,
2282 1516 2441 1569 quem
2483 1502 2573 1555 diu
2624 1503 2961 1571 multumque
3001 1504 3293 1573 propositis
3342 1513 3451 1559 ter-

1864 1592 2076 1647 roribus
2127 1593 2520 1661 tormentisque
2578 1602 2870 1658 tentatum,
2920 1595 2986 1648 iis
3046 1596 3448 1662 percellendum

1861 1683 2202 1750 existimans,
2236 1699 2355 1737 cum
2399 1685 2515 1752 ipse
2545 1686 2612 1738 ab
2641 1686 2828 1737 eodem
2862 1700 2893 1739 e
2925 1696 3115 1739 contra
3161 1688 3329 1741 libere
3363 1688 3448 1741 itt-

1865 1783 2200 1843 creparetur,
2234 1775 2380 1829 velut
2409 1775 2500 1845 qui
2551 1775 2847 1829 intuentem
2901 1777 3060 1829 corda
3112 1776 3279 1833 Deum
3338 1795 3446 1834 non

1865 1879 2233 1937 cognosceret,
2264 1868 2457 1923 exsilio
2481 1866 2742 1923 confusus
2771 1868 3000 1933 addixit,
3019 1868 3231 1939 prolata
3259 1871 3454 1926 adver-

1866 1975 1960 2013 sus
1993 1970 2237 2014 sanctum
2268 1962 2566 2017 sententia.

1933 2049 2115 2104 XVIII.
2142 2050 2367 2105 Postera
2400 2066 2526 2103 vero
2560 2053 2646 2106 die
2670 2053 2887 2107 beatum
2921 2068 3135 2122 quoque
3164 2051 3451 2121 Theopha-

1865 2157 1987 2198 nem
2037 2158 2221 2198 coram
2268 2159 2328 2199 se
2371 2143 2490 2199 sisti
2537 2143 2820 2213 jusseraL:
2857 2143 3209 2213 compellatus
3264 2157 3446 2199 autem

1868 2234 2160 2303 imperator
2182 2249 2210 2287 a
2238 2234 2535 2305 symmistis
2563 2232 2995 2302 suggerentibus,
3022 2234 3164 2300 quod
3190 2234 3449 2289 indecens

1868 2326 2090 2379 omnino
2121 2335 2266 2380 esset
2317 2325 2654 2395 majestatem
2708 2325 3120 2395 imperatoriam
3150 2326 3219 2379 ab
3258 2324 3448 2395 aliquo

1869 2416 2053 2468 vilium
2114 2417 2342 2471 istorum
2396 2417 2674 2472 hominum
2731 2416 2980 2485 redargui
3034 2429 3100 2472 ac
3165 2416 3449 2485 vilipendi,

1867 2508 2103 2559 maxime
2133 2506 2203 2561 ab
2235 2510 2335 2561 hoc
2371 2508 2478 2561 iam
2526 2509 2783 2567 accersiri
2810 2510 2982 2575 jussu,
3016 2510 3107 2579 qui
3143 2524 3251 2578 prae
3279 2516 3445 2563 caete-

1868 2597 1942 2651 ris
1971 2596 2221 2651 omnibus
2256 2597 2307 2651 in
2355 2598 2469 2666 ejus
2515 2610 2862 2666 conspectum
2911 2603 3176 2663 adductis,
3212 2601 3451 2654 insolens

1870 2690 1966 2752 sit,
2006 2702 2061 2745 et
2089 2702 2309 2761 propter
2338 2691 2672 2760 pervicacem
2718 2691 3047 2761 pruterviam
3081 2705 3234 2745 suam
3265 2702 3449 2746 auste-

1870 2784 2196 2852 ritatemqne
2266 2785 2464 2852 insigni
2522 2784 2703 2854 aliqua
2773 2784 3099 2838 contumelia
3157 2782 3449 2840 allectores

1868 2882 2191 2944 potesratem
2225 2877 2436 2946 ipsius:
2480 2879 2736 2944 impetum
2782 2892 2939 2931 suum
2989 2877 3272 2944 repressit,
3322 2880 3450 2930 mit-

1872 2975 1989 3021 tens
2026 2966 2313 3035 quemdam
2347 2983 2376 3020 e
2419 2965 2745 3037 primoribus
2777 2981 2901 3021 cum
2949 2967 3201 3033 imperio,
3244 2976 3302 3021 ut
3335 2978 3451 3023 tre-

1870 3060 2042 3113 centis
2095 3068 2403 3115 tanrearum
2444 3060 2616 3130 plagis
2648 3068 2865 3128 pectore
2905 3074 2970 3112 ac
3016 3062 3177 3115 dorso
3229 3058 3448 3113 lacera-

183 3119 542 3193 δὲρπαύριον
592 3128 624 3196 ἡ
684 3129 822 3200 αὐτῇ
883 3132 1045 3185 πάλιν
1099 3136 1320 3200 κόλασις
1367 3138 1459 3206 τῷι
1505 3141 1761 3210 μακαρίῳ

1870 3160 2004 3215 tum,
2039 3152 2215 3205 denuo
2248 3152 2446 3205 recludi
2481 3152 2698 3220 jttberet
2747 3152 2799 3204 in
2851 3166 3149 3205 carcerem.
3183 3148 3455 3208 Postridie

183 3218 463 3282 γεγονυῖα,
501 3220 563 3273 τὸ
590 3220 803 3275 εὔτονον
828 3226 993 3279 αὐτοῦ
1027 3228 1127 3297 τῆς
1157 3234 1295 3301 πρὸς
1324 3230 1455 3284 Θεὸν
1476 3233 1577 3286 οὐκ
1605 3233 1766 3302 ἐχαύ-

184 3322 353 3361 νωσεν
406 3311 651 3375 ἐλπίδος.
709 3315 983 3370 Ἀπειπὼν
1026 3319 1082 3371 δὲ
1118 3321 1216 3390 ἤδη
1273 3325 1405 3396 πρὸς
1453 3324 1552 3393 τὴν
1580 3324 1767 3376 τοιαύ-

182 3416 277 3468 την
306 3404 493 3476 ὁρμὴν
526 3407 554 3459 ὁ
580 3407 851 3477 πανώλης,
881 3409 1142 3481 ψήφισμα
1171 3413 1312 3467 κατὰ
1350 3414 1443 3467 τοῦ
1492 3417 1765 3489 μακαρίου

184 3492 485 3563 ἆκπὲμπει,
517 3498 704 3568 ὲξορίᾳ
730 3500 888 3553 αὐτὸν
916 3504 974 3555 ὲν
1000 3503 1335 3577 Σαμοθράκῃ
1362 3510 1425 3577 τῇ
1452 3509 1598 3579 νήσῳ
1628 3511 1767 3563 ἀπο-

184 3588 412 3651 στεῖλαι,
438 3588 569 3655 ἣτις
603 3590 661 3642 ὲν
689 3595 800 3656 τοῖς
838 3594 1028 3665 μέρεσι
1056 3596 1149 3649 τοῦ
1181 3598 1276 3667 τῆς
1310 3600 1640 3668 Μαρωνείας
1670 3618 1769 3653 πε-

182 3675 379 3747 λάγους
415 3679 661 3750 ἵδρυται,
685 3681 834 3754 δεινὴ
867 3686 961 3737 καὶ
985 3685 1280 3756 αὐχμώδης
1307 3692 1438 3742 πᾶσι
1466 3693 1579 3754 τοῖς
1606 3693 1771 3746 πελά-

184 3772 293 3834 ζειν
327 3771 689 3843 βουλομένοις
715 3775 1061 3849 δεικνυμένη.
1113 3779 1201 3833 Ἐν
1236 3782 1375 3854 αὐτῇ
1411 3783 1469 3837 δὲ
1496 3783 1638 3856 λιμῷ
1673 3787 1769 3840 καὶ

181 3860 319 3929 δίψει
349 3863 451 3915 καὶ
507 3864 789 3935 καθείρξει
827 3868 1073 3933 πιεσθεὶς
1120 3872 1149 3922 ὁ
1198 3872 1489 3945 μακάριος,
1538 3878 1634 3932 καὶ
1679 3875 1771 3929 ὲπί

180 3968 330 4017 τινας
373 3954 613 4009 διαόιῶν
664 3960 915 4025 χρόνους,
950 3960 1059 4013 τῶν
1109 3964 1237 4032 τῇδε
1290 3967 1771 4039 μετακεχωρηκὼς

181 4046 315 4117 πρὸς
345 4048 625 4118 ἀμείνονα
655 4050 750 4102 καὶ
787 4048 1067 4120 θειοτέραν
1106 4051 1363 4109 εὔκλειαν
1401 4059 1767 4129 μεταόἑόηκε,

180 4139 236 4190 τὸ
267 4141 506 4209 πήλινον
544 4139 709 4210 σῶμα
744 4141 842 4194 σύν
891 4144 956 4212 τῇ
993 4140 1138 4215 ψυχῇ
1179 4144 1462 4216 ἀλώδητον
1504 4150 1772 4219 διαφυλά-

180 4230 293 4295 ξας.
332 4224 411 4287 Οὗ
465 4233 597 4297 ταῖς
631 4234 933 4305 μακαρίαις
983 4235 1171 4307 εὐχαῖς
1230 4239 1677 4314 στηριχθείημεν,
1724 4236 1770 4297 ὧ

179 4326 660 4397 φιλακροάμονες,
684 4326 910 4409 Χριστῷ
935 4328 1013 4399 τῷ
1050 4329 1418 4403 φιλανθρῴπῳ
1441 4334 1559 4409 Θεῷ
1587 4336 1622 4406 ἡ
1632 4336 1768 4406 μῶν,

179 4417 292 4486 ἅμα
329 4419 412 4489 τῷ
458 4408 801 4492 προανάρχῳ
831 4422 1028 4493 Πατρὶ,
1076 4424 1171 4477 καὶ
1210 4425 1289 4495 τῷ
1321 4424 1569 4497 ζωοποιῴ
1605 4430 1773 4482 Πνεύ-

1870 3256 1997 3294 vero
2052 3256 2172 3294 cum
2227 3242 2363 3294 idem
2422 3246 2599 3297 denuo
2652 3252 2980 3297 tormentum
3041 3253 3183 3296 esset
3241 3243 3449 3296 illatum

1869 3342 2079 3397 sancto,
2113 3347 2212 3388 nec
2244 3332 2534 3401 quidquam
2570 3348 2692 3387 eum
2744 3334 3024 3389 remisisse
3065 3347 3349 3401 appareret
3383 3337 3449 3389 de

1872 3425 2026 3479 ﬁrma
2078 3423 2133 3477 in
2176 3424 2343 3481 Deum
2374 3424 2591 3487 ﬁducia,
2627 3424 2927 3494 desperans
2989 3422 3182 3479 infelix
3231 3432 3453 3491 propter

1874 3528 2075 3571 tantam
2130 3518 2303 3575 saucii
2352 3516 2451 3571 viri
2500 3516 2874 3580 alacritatem,
2929 3517 3197 3570 sententia
3256 3526 3446 3569 contra

1872 3612 2044 3680 ipsum
2079 3610 2211 3675 lata,
2243 3609 2388 3664 misit
2431 3623 2554 3663 eum
2591 3608 2833 3666 exsulem
2880 3608 2932 3660 in
2978 3607 3205 3660 insulam
3257 3607 3453 3662 Samo-

1873 3703 2138 3768 thracem,
2173 3716 2292 3772 qua:
2324 3703 2378 3757 in
2418 3701 2557 3770 ejus,
2592 3699 2738 3778 quod
2764 3703 2828 3753 ad
2864 3698 3161 3759 Maroniani
3197 3698 3311 3765 (21)
3346 3708 3453 3764 est,

1872 3797 2039 3852 maris
2094 3798 2333 3868 partibus
2400 3796 2503 3851 sita
2566 3804 2670 3857 est,
2732 3794 2975 3865 squalida
3047 3795 3335 3848 admodum
3399 3802 3456 3850 et

1876 3889 2060 3956 gravis
2134 3887 2388 3941 omnibus
2465 3885 2726 3941 accedere
2805 3886 3108 3940 volentibus
3169 3902 3184 3938 :
3237 3885 3292 3939 in
3349 3898 3455 3953 qua

1872 3976 2035 4039 fame,
2070 3975 2182 4037 siti,
2211 3984 2266 4027 et
2308 3973 2571 4044 angustiis
2626 3988 2848 4041 pressus
2900 3974 3099 4033 beatus
3144 3990 3240 4044 per
3283 3990 3458 4029 annos

1871 4065 2095 4137 aliquot,
2130 4081 2195 4121 ex
2234 4065 2337 4120 hac
2384 4066 2491 4120 vita
2522 4065 2831 4135 demigrans
2863 4065 2930 4120 ad
2960 4066 3237 4122 meliorem
3271 4074 3455 4120 trans-

1874 4161 1954 4222 iit,
2012 4175 2236 4227 corpore
2269 4168 2323 4214 et
2346 4159 2525 4213 anima
2558 4158 2765 4225 absque
2807 4173 2945 4211 noxa
2986 4159 3238 4212 servatis.
3290 4158 3460 4225 Cujus

1873 4252 2075 4305 sanctis
2128 4252 2402 4321 precibus,
2449 4249 2728 4303 auditores
2777 4248 2980 4313 dilecti,
3015 4248 3458 4316 corroborentur,

1872 4345 2087 4399 Christo
2144 4342 2533 4413 benignissimo
2591 4341 2701 4397 Deo
2768 4350 2980 4405 nostro,
3037 4355 3251 4410 unaque
3310 4339 3459 4395 Patri

1878 4436 2125 4504 principii
2157 4435 2387 4502 experti,
2431 4444 2593 4501 atque
2642 4427 2856 4483 v'ivilico
2890 4429 3111 4498 Spiritui
3142 4432 3368 4498 gloriam
3400 4441 3457 4485 et

180 4530 329 4580 ματι,
364 4512 539 4579 δόξαν
562 4515 659 4566 καὶ
695 4515 1046 4585 εὐχαριστίαν
1074 4517 1515 4588 ἀναπέμποντες,
1542 4496 1643 4576 νῦν
1675 4525 1770 4577 καὶ

1878 4528 2175 4599 gratiarum
2224 4527 2493 4582 actionem
2540 4522 2859 4585 referentes,
2917 4536 3063 4575 nunc
3114 4531 3170 4575 et
3219 4536 3458 4590 semper,

177 4607 295 4671 ἀεὶ,
366 4606 471 4660 καὶ
528 4606 616 4668 είς
665 4606 794 4672 τοὺς
851 4607 1177 4679 σύμπαντας
1233 4611 1328 4663 καὶ
1380 4609 1770 4685 ἁτελευτήτους

176 4697 375 4764 αἰῶνας
401 4699 525 4752 τῶν
564 4697 799 4756 αἰώνων.
839 4700 1036 4773 Ἀμήν.

175 4894 226 4956 et
252 4885 465 4954 scripto
508 4894 768 4947 conatus,
815 4882 1053 4956 breviter
1101 4882 1466 4956 subiungitur,
1503 4883 1769 4943 aliens-nm

178 4955 241 5009 iis
277 4952 586 5022 tyrannum
634 4967 701 5008 ac
740 4971 757 5005 ι
805 4952 1046 5007 nescium
1104 4952 1213 5022 quo
1254 4952 1325 5010 se'
1363 4965 1621 5018 verteret,
1648 4972 1770 5010 cum

179 5024 419 5079 hominis
473 5022 790 5077 libertatem
822 5038 886 5079 ac
920 5023 1172 5077 lidnciam
1203 5025 1349 5081 ferre
1398 5026 1629 5093 amplius
1662 5042 1768 5079 non

177 5104 374 5165 posset,
426 5094 771 5165 Byzantium
818 5093 1407 5165 expelliucarceriqne
1464 5096 1601 5149 tradi
1654 5097 1771 5163 jus-

176 5162 388 5217 sisseh
426 5163 899 5234 Vitatn_d_a_himus
932 5165 996 5218 ad
1025 5163 1081 5217 ll
1136 5162 1270 5220 Nov.
1305 5162 1447 5220 diem
1478 5182 1588 5234 quo
1621 5162 1771 5220 mor-

177 5242 295 5289 tuus
327 5245 417 5288 est
446 5246 603 5287 anno
629 5230 755 5287 826.

244 5303 475 5372 (uilia
510 5312 601 5358 est
646 5301 893 5359 Thraciae
926 5302 1139 5368 civitas,
1168 5305 1331 5359 etiam
1376 5305 1476 5360 Itnc
1523 5314 1766 5373 tempore

176 5382 328 5430 vetus
380 5386 594 5430 nomen
642 5374 904 5440 retinens,
934 5388 961 5428 a
1015 5388 1120 5443 qua
1163 5386 1450 5447 propterea
1505 5384 1763 5444 tanquam

1878 4626 2040 4686 atque
2070 4631 2167 4687 per
2203 4617 2383 4671 ontuia
2414 4624 2469 4669 et
2504 4614 2851 4670 interminata
2874 4611 3073 4667 sarcula
3104 4612 3451 4669 saeculorum.

1876 4712 2067 4767 Amen.

1870 4869 2154 4927 celebriori
2214 4870 2408 4924 merito
2458 4884 2609 4924 mare
2670 4868 2801 4923 illud
2861 4867 3170 4922 nominetur
3222 4884 3238 4922 :
3289 4865 3457 4920 distat

1874 4942 2075 5007 alioqui
2104 4957 2132 4991 a
2168 4940 2530 4995 Samothrace
2571 4940 2747 4993 insula
2790 4938 2863 5003 20
2911 4937 3083 4991 l'ernte
3141 4936 3466 4991 milliaribns

1871 5012 2106 5080 amplius
2137 5026 2304 5080 quam
2353 5010 2466 5080 ipsa
2516 5009 2689 5080 insula
2748 5023 2776 5061 a
2833 5008 3083 5080 proxima
3130 5008 3457 5080 continenti,

1864 5076 2016 5150 juxta
2045 5076 2317 5136 Ptol—ornari
2346 5076 2609 5134 calculos.
2642 5079 2781 5150 Sunt
2807 5080 2896 5146 qui
2924 5078 3245 5150 existiment
3294 5076 3466 5150 Isma-

1875 5145 1990 5206 rum
2047 5167 2168 5205 esse
2225 5150 2445 5203 Homeri
2505 5166 2520 5204 :
2574 5150 2669 5205 sed
2723 5145 2933 5202 Plinius
2989 5149 3263 5199 diversam
3310 5149 3457 5202 facit.

1878 5221 2257 5344 lltplplarcbiam
2304 5220 2639 5275 nominatam
2689 5218 2985 5289 aliquando
3031 5218 3193 5272 docet
3222 5216 3466 5272 Ottelius

1878 5305 1927 5344 tn
2018 5305 2248 5344 tesuuro.

1877 5292 1927 5346 in
1958 5292 2248 5346 Thesauro.
