4208 6300
708 347 779 410 35
1975 353 2259 414 MENSIS
2302 353 2675 417 MARTIUS.
3905 364 3978 430 36

781 452 868 511 IV.
904 456 1035 512 Cum
1077 471 1208 529 ergo
1234 458 1471 530 Spiritus
1498 470 1715 519 sanctus
1742 463 1830 518 illa
1862 464 1992 519 hora
2030 466 2079 520 ei
2112 467 2295 521 omnia

2471 470 2543 525 A’.
2572 470 2680 523 Τοῦ
2703 469 3022 541 Πνεὺματος
3050 468 3143 526 οὖν
3178 470 3253 543 τῷ
3281 473 3421 543 ἁγίῳ
3443 474 3622 531 πάντα
3656 480 3775 532 κατ’
3795 479 3975 533 ἐκεῖνο

709 550 1090 619 signiﬁcasset,
1143 557 1345 606 sensim
1401 556 1466 608 ad
1516 555 1661 623 ipsos
1713 570 2029 621 conversus,
2083 560 2199 612 miti
2241 568 2297 613 et

711 638 815 693 leni
860 655 993 695 voce
1044 641 1222 695 dicit:
1265 660 1282 692 ι
1323 642 1642 712 Sequimini,
1689 654 1744 700 et
1794 647 1905 717 ipse
1953 664 2096 712 eum,
2131 665 2293 719 quem

710 732 973 799 quattitis,
1008 733 1358 787 ostendam'.
1405 751 1423 784 ι
1478 735 1628 791 Tunc
1674 752 1805 805 ergo
1852 738 2014 792 veluti
2062 742 2200 809 apud
2237 756 2295 794 se

710 821 901 877 lzrtans
926 823 1016 875 ille
1045 824 1237 879 beatus
1267 835 1319 880 et
1356 826 1517 881 futuri
1567 830 1822 897 gaudium
1863 832 2205 900 prtecipiens,
2242 843 2295 886 et

710 922 836 966 ante
867 916 1187 984 martyrium
1228 928 1457 970 mortem
1508 920 1753 986 martyrii
1800 922 2153 990 amplectens,
2182 926 2295 978 limc

711 1017 897 1058 secum
941 1005 1194 1059 dicebat:
1236 1006 1409 1072 Quam
1445 1009 1673 1076 speciosi
1717 1012 1879 1080 pedes
1921 1015 2295 1083 evangelizau-

708 1094 842 1147 tium
881 1097 1016 1148 bona
1038 1095 1091 1149 'l
1122 1095 1272 1149 Nune
1305 1100 1495 1151 videbo
1521 1102 1687 1152 eteius
1711 1113 1943 1170 apertos.
1973 1103 2125 1157 Nune
2157 1107 2297 1173 aspi-

709 1186 848 1238 ciam
893 1187 1119 1252 gtoriam
1169 1187 1369 1243 Patris.
1424 1187 1593 1253 Nunc,
1638 1195 1776 1245 sicut
1829 1198 2037 1261 primus
2090 1206 2297 1267 martyr

711 1273 1037 1343 Stephanus,
1072 1280 1185 1343 ipse
1206 1294 1418 1347 quoque
1438 1280 1611 1333 dicam
1645 1299 1657 1335 :
1694 1301 1713 1333 ι
1747 1281 1970 1335 Domine
1991 1282 2113 1337 Jcsu
2134 1284 2295 1339 Citri-

710 1378 815 1430 ste,
873 1370 1055 1436 accipe
1102 1369 1351 1436 spiritum
1409 1387 1586 1424 metun
1620 1374 1666 1437 ⁸,
1709 1392 1727 1425 ι
1786 1389 1942 1443 quem
1996 1378 2296 1432 clarissima

708 1473 841 1511 voce
877 1461 1054 1515 audivi
1106 1471 1338 1515 mortem
1371 1464 1437 1514 ad
1479 1478 1537 1517 se
1564 1474 1873 1520 vocantem.
1909 1466 2061 1521 Nunc
2103 1484 2293 1538 super-

708 1563 832 1600 nam
862 1545 1189 1616 Jerusalem,
1225 1553 1544 1619 angelorum
1580 1557 1795 1623 quidem
1835 1562 2088 1625 patrium,
2132 1564 2294 1615 totius

706 1649 885 1694 autem
932 1642 1084 1695 chori
1131 1654 1443 1698 sanctorqu
1491 1650 1863 1717 metropolint,
1899 1666 2019 1702 cum
2056 1653 2295 1705 victoriae

703 1731 1009 1800 plausibus,
1053 1747 1106 1787 et
1153 1738 1402 1800 canticis,
1451 1746 1505 1789 et
1546 1739 1797 1805 gloriosis
1831 1743 2068 1806 tropaeis,
2106 1757 2298 1795 asoeu-

706 1824 852 1875 tlam.
907 1822 1065 1878 Nunc
1101 1841 1242 1880 exuo
1276 1842 1305 1881 e
1339 1826 1452 1880 luto
1490 1829 1793 1882 conl‘emam
1846 1835 2103 1907 tunicam,
2133 1843 2186 1886 et
2218 1834 2296 1886 la-
2329 1812 2370 1871 Β

708 1918 1018 1968 mentabilia
1069 1918 1287 1985 depono
1328 1920 1508 1974 carnis
1541 1922 1772 1975 vincula.
1809 1921 1961 1977 Nunc
1992 1924 2191 1977 liberer
2229 1926 2297 1979 ab

708 2004 932 2056 interitu
963 2018 1015 2057 et
1042 2010 1412 2075 corruptione,
1451 2022 1507 2064 et
1545 2011 1697 2065 laatus
1725 2013 1889 2068 induo
1921 2016 2294 2086 incorruptio-

707 2110 853 2147 nem.
918 2095 1181 2165 Egredior
1225 2114 1255 2152 e
1303 2103 1409 2153 vita
1457 2105 1671 2157 eadm-2r
1707 2116 1761 2158 et
1811 2112 2209 2169 tumttentanea,
2245 2118 2297 2162 et

707 2202 773 2241 ex
828 2197 1171 2255 tempestate,
1210 2195 1365 2258 cujus
1417 2205 1545 2245 sunt
1594 2200 1773 2265 magni
1810 2196 2003 2249 ﬂuctus
2030 2208 2081 2250 et
2113 2202 2296 2267 gravia

704 2276 1015 2345 naufragia,
1052 2289 1104 2334 et
1152 2283 1310 2334 venit)
1343 2287 1409 2334 ad
1452 2300 1636 2337 verum
1673 2298 1728 2339 et
1765 2288 1936 2339 solum
1970 2300 2205 2357 portum,
2242 2290 2296 2344 in

706 2383 817 2438 quo
865 2372 969 2425 vita
1016 2382 1100 2429 est
1149 2374 1218 2429 ab
1271 2376 1416 2429 omni
1469 2379 1682 2431 tristitia
1720 2390 1922 2433 remota
1969 2392 2023 2435 et
2068 2395 2293 2441 attenta.

713 2461 951 2526 Lalare,
1006 2465 1212 2529 anima,
1275 2482 1393 2532 (Iure
1446 2470 1597 2521 vadis
1632 2472 1697 2521 ad
1761 2482 1907 2524 tuum
1966 2471 2294 2530 eﬂectorem.

704 2547 945 2606 Ostende
979 2553 1177 2618 latam,
1212 2562 1453 2625 tempore
1484 2560 1534 2610 id
1569 2561 1897 2627 postulante.
1925 2560 2143 2615 faciem.
2170 2563 2294 2625 Eos,

708 2642 802 2708 qui
853 2644 947 2696 tibi
995 2654 1074 2697 tot
1118 2650 1256 2699 bene
1310 2651 1628 2713 conciliant,
1680 2667 1712 2703 ο
1766 2651 2023 2719 Longine,
2066 2655 2299 2721 benigne

707 2735 918 2800 excipe.
962 2732 1071 2787 Eos
1121 2737 1209 2803 qui
1268 2750 1369 2792 nos
1419 2743 1485 2791 ad
1534 2756 1746 2795 cmuam
1801 2752 1997 2798 vocant
2041 2745 2299 2815 regalem,

711 2824 861 2880 lauto
895 2835 951 2880 et
978 2827 1266 2897 magniﬁco
1295 2830 1627 2898 accipiamus
1660 2834 1928 2888 convivio.

2400 564 2492 633 τῆς
2525 563 2672 629 ὥρας
2695 565 3086 632 γνωρίσαντος.
3113 565 3299 633 ἡρέμα
3330 567 3465 636 πρὸς
3492 567 3688 631 αὐτοὺς
3713 569 3980 640 ἐπιστρα-

2401 657 2549 725 φείς”
2605 655 2973 709 ’Δκολουθεῖτέ
3002 675 3117 727 μοι,
3149 659 3297 725 λέγει
3327 660 3534 730 πραεία
3563 663 3737 728 φωνῇ,
3772 661 3981 714 καὶτὸν

2400 749 2737 819 ζητούμενον
2772 752 2932 814 αὐτὸς
2964 751 3254 817 ὑποδείξω.
3290 752 3424 804 Τότε
3456 748 3572 817 οὖν,
3606 752 3797 823 ὥσπερ
3830 755 3979 805 ὲνευσι

2400 846 2763 913 φραινόμενος
2815 845 2843 896 6
2907 846 3178 914 μακάριος
3212 846 3396 915 ἑαυτῷ
3438 847 3533 899 καὶ
3562 845 3656 897 τοῦ
3692 845 3980 915 μέλλοντος

2401 936 2798 1004 προαπολαύων
2826 936 2923 1003 τῆς
2949 934 3140 1003 ἡδονῆς
3174 936 3270 987 καὶ
3304 938 3409 1004 πρὸ
3434 935 3525 987 τοῦ
3560 935 3861 1004 μαρτυρίου
3889 934 3980 985 τὸν

2397 1030 2491 1081 τοῦ
2528 1029 2827 1098 μαρτυρίου
2860 1029 3093 1082 θάνατον
3140 1028 3539 1097 ἀσπαζόμενος.
3583 1028 3808 1081 τοιαῦτα
3843 1026 3979 1096 πρὸς

2397 1124 2590 1175 ἑαυτ³ιν
2619 1123 2929 1190 διελέγετο’
2988 1121 3077 1184 Ὠς
3132 1122 3324 1190 ὡραῖοι
3376 1123 3426 1173 οἱ
3468 1122 3627 1182 πόδες
3668 1120 3776 1194 τῶν
3812 1120 3981 1186 εὐαγ-

2397 1214 2765 1281 γελιζομένων
2810 1215 2879 1267 τὰ
2932 1214 3112 1279 ἀγαθά
3147 1215 3159 1265 !
3196 1214 3309 1265 Νῦν
3337 1215 3462 1275 τοὺς
3504 1212 3766 1281 οὐρανοὺς
3812 1213 3983 1280 ἀνεῳο

2399 1308 2636 1375 γμὲνους
2672 1306 2905 1374 ὄψομαι·
2963 1306 3059 1358 νῦν
3097 1306 3370 1372 ἱστορήσω
3415 1304 3511 1373 τὴν
3539 1303 3696 1368 δόξαν
3728 1304 3821 1357 τοῦ
3870 1304 3982 1356 ηα-

2398 1399 2557 1467 τρό;’
2595 1397 2689 1450 νῦν
2718 1398 2802 1449 ἐπ’
2833 1400 2956 1467 ῖσης
2986 1397 3063 1463 τῷ
3098 1398 3299 1467 πρώτῳ
3351 1396 3462 1447 τῶν
3522 1395 3814 1465 μαρτύρων
3846 1396 3977 1448 Στε-

2398 1492 2586 1560 φάνῳο
2629 1490 2802 1559 Κύριε
2848 1489 3026 1557 Ἰησοῦ
3058 1491 3288 1559 Χριστὲ,
3325 1490 3475 1555 δέξαι
3508 1489 3568 1542 τὸ
3604 1490 3822 1558 πνεῦμά
3852 1507 3976 1559 μου,

2397 1582 2494 1634 καὶ
2533 1581 2695 1642 αὐτὸς
2732 1580 2865 1650 ἐρῶ,
2923 1577 2985 1634 οὗ
3021 1582 3381 1653 λαμπροτάτῃ
3440 1584 3591 1650 φωνῇ
3625 1583 3718 1633 τὸν
3747 1582 3981 1635 θάνατον

2398 1673 2693 1736 καλοῦντος
2733 1674 2819 1743 ἐφ’
2853 1675 3048 1726 ἑαυτὸν
3079 1675 3325 1744 ἀκήκοα·
3360 1674 3455 1728 νῦν
3488 1669 3847 1746 Ἰερουσαλὴμ
3878 1676 3979 1743 τῆς

2399 1764 2680 1827 ἀνωτάτω,
2740 1764 2842 1831 τῆς
2898 1764 3158 1834 πατρίδος
3213 1765 3312 1832 μὲν
3359 1766 3466 1817 τῶν
3500 1767 3770 1833 ἀγγέλων,
3802 1766 3897 1818 τοῦ
3925 1766 3983 1817 δὲ

2401 1854 2509 1907 τῶν
2539 1854 2712 1920 ἁγίων
2743 1852 2907 1923 χοροῦ
2936 1854 3136 1917 παντὸς
3162 1856 3573 1926 μητροπόλεως,
3600 1857 3739 1925 μετά
3768 1857 3981 1926 κρότων

2403 1950 2690 2004 ἐπινικίων
2714 1950 2807 2003 καὶ
2839 1951 3155 2020 περιφανῶν
3189 1952 3297 2002 τῶν
3339 1951 3618 2021 τροπαίων
3641 1950 3834 2020 ἥδιστα
3857 1951 3981 2001 ἐπι-

2403 2044 2675 2114 6ήσομαι“
2732 2041 2825 2094 νῦν
2866 2042 3176 2111 ἀποδύομαι
3212 2044 3302 2096 τὸν
3348 2044 3575 2113 πήλινον
3611 2043 3837 2112 χιτῶνα,
3886 2044 3981 2095 καὶ

2402 2137 2527 2197 τοὺς
2565 2133 3032 2194 πολυστενάκτους
3060 2132 3156 2200 τῆς
3195 2133 3397 2200 σαρκὸς
3444 2134 3678 2201 δεσμοὺς
3726 2132 3980 2185 ἀποτίθε-

2408 2241 2542 2294 μαι·
2569 2224 2988 2290 ἀπαλλάττομαι
3017 2222 3117 2287 τῆς
3158 2220 3387 2289 φθορᾶς,
3421 2224 3515 2273 καὶ
3537 2222 3635 2288 τὴν
3667 2211 3981 2290 ἀφθαρσίαν

2402 2318 2611 2388 χαίρων
2643 2316 2927 2385 ἐνδύομαι·
2964 2315 3153 2385 ἔξειμι
3187 2312 3280 2367 τοῦ
3334 2316 3674 2384 προσκαίρου
3730 2313 3849 2383 βίου
3885 2315 3982 2366 καὶ

2401 2412 2496 2464 τοῦ
2530 2410 2822 2480 χειμῶνος,
2857 2402 2916 2462 οὗ
2948 2406 3161 2477 μεγάλα
3190 2407 3257 2459 τά
3282 2407 3506 2476 κύματα
3541 2406 3635 2459 καὶ⁵
3673 2404 3887 2473 χαλεπά
3914 2408 3981 2458 τα

2403 2504 2663 2567 ναυάγια,
2700 2501 2795 2551 καὶ
2830 2500 2964 2568 πρὸς
2992 2500 3084 2551 τὸν
3107 2500 3281 2569 άληθῆ
3330 2501 3426 2552 καὶ
3458 2498 3621 2569 μόνον
3643 2495 3981 2565 ἀφικνοῦμαι

2403 2593 2624 2660 λιμένα,
2680 2591 2737 2642 ὲν
2800 2584 2842 2657 ᾧ
2876 2591 2989 2659 ζωὴ
3024 2591 3227 2653 ἄλυπος
3272 2592 3367 2644 καὶ
3392 2591 3632 2653 αἰώνιος.
3669 2589 3980 2660 Εὐφραίνου

2405 2688 2544 2756 πρὸς
2600 2685 2691 2737 τὸν
2720 2684 2813 2737 σὺν
2870 2684 3244 2754 ἀπερχομένη.
3276 2685 3447 2753 ψυχὴ,
3501 2684 3739 2749 Ποιητήν
3763 2697 3774 2711 ·
3808 2683 3981 2744 δεῖξον

2404 2776 2650 2846 φαιδρὸν,
2677 2775 2871 2845 καιροῦ
2906 2774 3220 2836 καλοῦντος,
3243 2775 3303 2825 τὸ
3335 2776 3628 2844 πρόσωπον
3655 2792 3663 2803 ·
3687 2773 3811 2835 τοὺς
3845 2790 3981 2842 προ-

2407 2870 2587 2931 ξένους
2624 2884 2703 2919 σοι
2734 2868 2841 2919 τῶν
2873 2870 3143 2921 τοσούτων
3164 2865 3406 2933 αγαθῶν,
3440 2866 3688 2932 Λογγῖνε,
3722 2863 3981 2934 φιλοφρό-

2405 2975 2509 3019 νως
2532 2958 2818 3024 ὑπόδεξαι·
2863 2960 2990 3027 τοὺς
3019 2962 3110 3011 ἐπὶ
3140 2958 3201 3011 τὸ
3239 2958 3453 3010 δεῖπνον
3484 2956 3633 3027 ἡμᾶς
3681 2955 3983 3018 καλοῦντας

2408 3051 2466 3102 τὸ
2510 3048 2790 3118 βασιλικὸν
2813 3049 3123 3112 πολυτελῶς
3146 3050 3514 3117 ὲστιάσωμαι.

785 3152 847 3204 ν.
884 3150 1009 3205 Hac
1063 3168 1188 3206 cum
1236 3157 1379 3223 apud
1433 3174 1492 3212 se
1540 3158 1752 3216 locutus
1802 3174 1944 3219 esset
1998 3165 2293 3237 Longinus,

2475 3143 2550 3196 E‘.
2585 3142 2772 3196 Ταῦτα
2835 3143 2971 3210 πρὸς
3029 3140 3220 3192 ἑαυτὸν
3265 3140 3293 3190 ό
3332 3139 3595 3204 Λογγῖνος
3655 3135 3979 3205 διαλεχθεὶς.

704 3256 817 3308 eos,
861 3247 949 3312 qui
982 3245 1046 3296 ad
1094 3246 1266 3312 ipsum
1303 3260 1584 3316 venerant,
1616 3254 1799 3308 statim
1832 3257 2051 3311 ducitin
2076 3263 2293 3314 domum

704 3347 881 3403 suam,
915 3348 969 3393 et
1006 3356 1129 3393 cum
1166 3341 1406 3409 hospitio
1447 3347 1710 3411 pra-clare
1747 3350 2075 3416 accepiSScl,
2110 3354 2298 3422 incipit

703 3427 904 3481 deinde
935 3442 1125 3497 rogare
1156 3438 1278 3498 post
1299 3442 1512 3484 coenam
1539 3437 1952 3499 enrvenissent,
1972 3448 2027 3492 et
2049 3454 2297 3508 qurenarn

705 3529 848 3572 esset
886 3529 1033 3573 tanta
1090 3519 1320 3591 Longini
1364 3522 1662 3591 inquisitio.
1698 3528 1777 3581 llli
1810 3540 2011 3594 autem,
2049 3548 2167 3583 cum
2202 3549 2293 3586 sa-

706 3624 1071 3678 cramentum,
1123 3625 1378 3682 tanquam
1425 3620 1642 3686 aliquod
1692 3624 1886 3688 pignus
1938 3624 2005 3675 ab
2038 3638 2100 3676 eo
2134 3639 2296 3679 acce-

704 3709 933 3775 pissent,
991 3724 1096 3760 non
1146 3723 1267 3761 eSse
1318 3711 1738 3778 publieumrum,
1785 3727 1902 3781 quae
1940 3714 1986 3766 ei
2020 3715 2295 3785 dicereut,

708 3811 882 3866 neque
910 3810 1175 3853 secretum
1212 3816 1328 3856 esse
1373 3814 1707 3871 aperturum,
1741 3806 1928 3859 dicunt
1958 3823 2079 3874 quze
2114 3808 2289 3863 Pilato

707 3892 908 3959 scripta
958 3888 1177 3945 fuerant
1225 3910 1253 3946 a
1300 3892 1538 3958 Caesare,
1597 3899 1831 3964 etquod
1890 3900 2187 3965 venissent,
2236 3915 2293 3955 ut

707 3982 932 4050 l.0ugini
981 3997 1102 4036 cum
1154 3984 1363 4039 duobus
1407 3986 1668 4040 militibus
1715 3989 1890 4057 capita
1926 4003 2289 4060 amputarent.

703 4073 839 4125 Cum
869 4082 1050 4127 autem
1082 4074 1355 4139 scivisset,
1399 4078 1618 4145 quinam
1666 4091 1845 4153 essent
1875 4096 1996 4135 eum
2033 4082 2150 4151 ipso
2180 4097 2293 4137 rno—

704 4165 884 4230 rituri,
934 4167 1008 4219 illi
1055 4168 1263 4222 scilicet
1311 4169 1401 4239 qui
1449 4169 1689 4226 Iudaica:
1742 4175 1975 4229 mercedi
2015 4175 2290 4231 Christum

703 4269 1136 4325 pra‘pOSuerant,
1174 4260 1499 4327 signiﬁcavit
1529 4264 1629 4327 eis,
1664 4264 1755 4330 qui
1786 4280 1891 4317 non
1925 4266 2016 4319 diu
2063 4280 2190 4322 ante
2226 4270 2293 4325 ab

701 4346 1187 4412 eodiscesserant,
1234 4360 1290 4402 ut
1338 4351 1633 4419 primorum
1682 4353 1948 4410 bonorum
1977 4368 2160 4412 essent
2188 4360 2289 4412 sibi

702 4441 863 4497 socii.
908 4441 1153 4512 Cmuque
1188 4444 1356 4500 semel
1391 4454 1554 4515 atque
1590 4446 1787 4501 iterum
1833 4461 1949 4513 eos,
1995 4450 2085 4517 qui
2138 4452 2287 4506 missi

702 4533 921 4589 fuerant
973 4552 1001 4587 τι
1048 4534 1263 4603 Pilato,
1335 4538 1572 4607 hospitio
1630 4539 1919 4612 magniﬁce
1971 4542 2287 4613 accepisset,

704 4624 967 4691 postridie
1020 4639 1114 4678 eos
1166 4626 1369 4681 ducens
1419 4625 1473 4680 in
1523 4641 1733 4698 agrum,
1782 4631 2131 4699 exspectabat
2171 4647 2288 4697 eos,

705 4730 841 4781 quos
882 4718 1262 4772 accersiverat.
1309 4718 1673 4775 Cum.autem
1719 4723 2019 4791 accepisset
2053 4738 2146 4779 eos
2174 4723 2287 4794 jam

706 4808 1168 4875 approninquare,
1217 4812 1397 4863 statim
1449 4813 1835 4882 annuntiatiis
1862 4815 1952 4884 qui
1991 4817 2142 4871 missi
2177 4817 2291 4872 lue-

713 4911 835 4950 rant
867 4913 895 4950 ο
929 4897 1101 4953 Pilato
1136 4916 1149 4952 :
1194 4900 1303 4970 Ego
1337 4919 1476 4964 sum,
1506 4904 1596 4972 qui
1634 4919 1663 4957 a
1703 4906 1855 4961 vobis
1881 4922 2115 4976 quazror,
2150 4909 2291 4963 Lon-

707 4990 886 5059 ginus.
938 4989 1018 5043 Illi
1071 5002 1250 5044 autem
1296 4994 1529 5061 primum
1575 4995 1790 5063 quidem
1828 5014 1933 5051 non
1969 5000 2286 5056 credebant.

705 5081 988 5145 Qiiomodo
1034 5082 1177 5136 enim
1219 5086 1622 5141 existimassem
1669 5102 1791 5140 eum
1845 5105 1990 5156 esse,
2040 5093 2131 5160 qui
2171 5105 2291 5149 erat

707 5186 991 5242 passurus,
1018 5189 1139 5228 cum
1171 5188 1293 5228 eum
1337 5175 1586 5231 viderent
1624 5185 1729 5229 tam
1764 5177 1943 5235 laetum
1975 5184 2042 5237 ad
2076 5184 2290 5252 pericu-

697 5262 807 5321 lum
848 5263 872 5317 ?
918 5262 1213 5331 Postquam
1260 5274 1441 5321 autem
1490 5277 1638 5322 recte
1684 5268 1955 5325 sciverunt
1989 5272 2139 5327 illum
2175 5287 2295 5330 esse

707 5366 762 5408 et
794 5354 936 5406 nulla
967 5354 1049 5409 eis
1078 5352 1179 5408 fuit
1212 5356 1401 5410 relicta
1445 5356 1731 5421 dubitatio,
1769 5375 1911 5429 aegre
1943 5360 2210 5430 ferebant,
2244 5377 2299 5421 et

707 5462 735 5498 a
766 5446 1097 5501 conscientia
1150 5447 1348 5503 multas
1396 5447 1579 5517 plagas
1625 5452 1988 5518 accipiebant,
2028 5458 2155 5525 quid
2192 5475 2298 5515 non

711 5539 927 5609 quidem
973 5540 1237 5603 dicentes,
1287 5542 1414 5608 quid
1467 5556 1572 5595 non
1622 5556 1801 5598 autem
1849 5543 2132 5612 facientes,
2173 5566 2297 5606 eum

709 5634 1078 5688 esset-adhue
1138 5648 1328 5689 recens
1377 5636 1680 5691 recordatio
1737 5646 1793 5692 ut
1843 5640 1933 5709 qui
1994 5656 2092 5710 pro
2144 5643 2299 5702 bonis

1216 5747 1237 5783 ⁸
1269 5748 1430 5805 Rom.
1466 5765 1518 5816 χ,
1550 5752 1636 5805 15.
1739 5753 1757 5784 ⁸
1784 5756 1904 5812 Act.
1934 5773 2032 5825 vn,
2067 5757 2157 5815 58.

792 5750 811 5779 '
842 5748 946 5803 lsa.
979 5764 1050 5815 LI,
1088 5748 1136 5803 ί.

2404 3238 2529 3298 τοὺς
2573 3236 2659 3287 ἐπ’
2713 3233 2876 3286 αὑτὸν
2941 3231 3193 3292 ἐλθόντας
3232 3233 3311 3292 εἰς
3343 3230 3432 3281 τὸν
3474 3228 3605 3281 ἴδιον
3645 3228 3805 3289 εὐθὺς
3832 3224 3981 3280 οἷκον

2403 3329 2527 3395 ἄγει
2569 3328 2663 3378 καὶ
2718 3326 2934 3390 ξενίσας
2982 3324 3275 3392 λαμπρῶς,
3317 3320 3438 3376 εἶτα
3474 3323 3570 3376 καὶ
3598 3323 3811 3391 ἐρωτᾷν
3843 3324 3981 3390 μετά

2403 3423 2463 3471 τὸ
2487 3419 2701 3470 δεῖπνον
2734 3418 2982 3485 ἄρχεται,
3009 3416 3096 3484 ἐφ’
3122 3409 3166 3483 ᾧ
3190 3432 3247 3466 τε
3278 3416 3486 3484 ἥκοιεν,
3525 3414 3619 3467 καὶ
3660 3412 3741 3474 τίς
3786 3413 3820 3481 ἡ
3858 3428 3982 3464 τοσ-

2403 3513 2543 3579 αύτη
2570 3511 2833 3578 Λογγίνου
2876 3511 3124 3578 ζήτησις.
3167 3510 3230 3563 Οἱ
3285 3510 3362 3573 δὲ,
3526 3508 3590 3561 ἂν
3620 3505 3979 3576 δημοσιεῦσαι

2400 3606 2525 3665 τοὺς
2550 3603 2742 3672 λόγους
2775 3604 2911 3674 μηδὲ
2943 3605 3032 3656 τὸν
3058 3600 3784 3673 κρυπτόμενονὲκκαλύψαι,
3816 3600 3978 3669 ὅρκον

2400 3700 2652 3768 καθάπερ
2693 3715 2744 3749 τι
2776 3698 3057 3763 ἐνέχυρον.
3090 3694 3183 3746 ἀπ’
3219 3696 3381 3746 αῧτθῧ
3416 3693 3693 3756 λεδέντελῖο
3743 3693 3811 3745 τὰ
3836 3708 3979 3761 Ὑρ²“

2404 3792 2572 3860 φέντα
2602 3788 2819 3851 Πιλάτῳ
2858 3787 3004 3852 παρὰ
3037 3784 3316 3852 Καίσαρος
3340 3783 3583 3849 λέγουσι,
3607 3786 3701 3836 καὶ
3732 3785 3814 3836 ὅτι
3839 3786 3981 3848 Λογ-

2397 3884 2553 3951 γίνου
2608 3878 2825 3944 συνάμα
2878 3876 2975 3929 καὶ
3030 3875 3127 3927 δύο
3160 3873 3512 3943 στρατιωτῶν
3568 3874 3669 3936 τὰς
3732 3875 3979 3943 κεφαλὰς

2399 3975 2654 4043 ἐκτεμεῖν
2678 3969 3080 4041 ἀπηντήκασιν.
3126 3968 3211 4032 Ὠς
3240 3967 3295 4020 δὲ
3321 3970 3414 4021 καὶ
3440 3961 3587 4022 οὗτοι
3618 3968 3763 4029 τίνες
3794 3962 3905 4020 εἶεν
3926 3968 3981 4020 οι

2400 4071 2517 4139 ἃμα
2553 4069 2700 4137 αὖτῴ
2755 4064 3053 4120 ἀποθανεῖν
3111 4063 3396 4132 μέλλοντες
3446 4060 3846 4131 ἐμάνθανον,ιοί
3877 4061 3977 4129 τῆς

2408 4160 2732 4229 Ἰουδαῖκῆς,
2789 4158 2954 4226 φημὶ,
3015 4155 3343 4224 μισθαρνίας
3402 4154 3845 4221 προτιμήσαντες
3885 4152 3978 4205 τὸν

2395 4254 2655 4323 Χριστὸν,
2686 4252 2922 4319 τάχιστα
2949 4248 3079 4316 παρ’
3110 4244 3273 4298 αὑτὸν
3303 4244 3462 4315 ἥκειν
3494 4246 3619 4308 τοὺς
3652 4244 3853 4316 ἄνδρας
3889 4264 3980 4315 μισ

2396 4346 2513 4417 κρῷ
2548 4347 2652 4418 πρὸ
2689 4345 2875 4399 τούτου
2910 4344 3232 4406 διαστάντας
3258 4340 3447 4411 ἐδήλου
3471 4361 3482 4371 ·
3514 4340 3659 4393 ὥστε
3688 4341 3797 4394 τῶν
3832 4340 3980 4411 πρώ-

2397 4459 2504 4495 των
2558 4439 2781 4509 ἀγαθῶν
2838 4436 2989 4507 αὐτῷ
3040 4439 3403 4507 κοινωνῆσαιο
3432 4432 3575 4487 οὕτω
3623 4450 3679 4486 τε
3724 4434 3855 4505 μίαν
3884 4436 3979 4487 καὶ

2398 4535 2662 4604 δευτέραν
2697 4532 2912 4602 ἡμέραν
2939 4529 3067 4591 τοὺς
3099 4528 3205 4581 ὑπὸ
3237 4527 3475 4582 Πιλάτου
3500 4526 3794 4587 σταλέντος
3825 4525 3981 4595 φιλο-

2399 4628 2577 4697 τίμως
2601 4626 2840 4693 ξενίσας,
2872 4621 3206 4693 παραλαϐὼν
3230 4622 3427 4681 αὐτοὺς
3452 4620 3533 4683 είς
3562 4617 3660 4691 τὴν
3693 4618 3885 4690 αὔριον
3919 4621 3978 4671 ἐν

2398 4720 2577 4790 ἀγρῷ,
2626 4718 2890 4785 ἀνέμενεν
2925 4712 3018 4777 οὓς
3052 4714 3470 4786 μετεστείλατο,
3530 4712 3751 4780 ἐγγίσαι
3781 4712 3840 4764 δὲ
3870 4712 3975 4783 ἤδη

2398 4811 2622 4875 τούτους
2655 4808 2862 4880 μαθὼν,
2882 4805 3042 4871 εὐθύς
3062 4826 3074 4841 ·
3123 4805 3263 4875 Ἐγὼ
3285 4806 3415 4876 ὑμῖν
3447 4806 3476 4859 ὀ
3506 4803 3839 4875 ζητούμενος
3860 4806 3979 4873 εξμι

2400 4905 2686 4972 Λογγῖνος,
2729 4898 3067 4967 ἀπαγγέλλει
3096 4901 3208 4959 τοῖς
3232 4894 3329 4949 τοῦ
3378 4896 3636 4950 Πιλάτου.
3672 4898 3735 4949 Ut
3757 4895 3813 4949 δὲ
3841 4898 3979 4965 πρό-

2399 5012 2557 5063 τερον
2611 4994 2711 5062 μὲν
2769 4991 3121 5062 διηπίστουν·
3190 4989 3308 5052 πῶς
3360 4992 3469 5059 γάρ
3504 4988 3777 5041 ὑπέλαόον
3814 4990 3979 5041 αὐτὸν

2399 5085 2540 5142 εἶναι
2562 5088 2653 5141 τὸν
2680 5087 2943 5157 μέλλοντα
2967 5086 3189 5147 παθεῖν,
3218 5083 3392 5147 οὕτως
3425 5083 3589 5136 αὐτὸν
3612 5083 3847 5155 ὁρῶντες
3878 5101 3978 5134 πε-

2405 5182 2605 5254 ριχαρῆ
2636 5182 2770 5255 πρὸς
2807 5182 2896 5233 τὸν
2922 5180 3208 5245 κίνδυνον;
3260 5178 3345 5240 Ὠς
3400 5178 3456 5230 δὲ
3506 5177 3670 5231 αὐτὸν
3731 5176 3982 5242 ἀκριϐῶς

2401 5273 2711 5344 ἐμάνθανον
2741 5269 2880 5326 εἶναι
2913 5273 3006 5323 καὶ
3034 5272 3189 5324 οὐδὲν
3217 5268 3518 5339 ἀμφίϐολον
3549 5268 3733 5330 αὐτοῖς
3764 5268 3981 5319 ὑπελεί-

2400 5368 2533 5438 φθη,
2568 5364 2781 5436 βαρέως
2815 5364 3012 5433 ἔφερον
3060 5365 3153 5417 καὶ
3195 5363 3397 5426 πολλὰς
3440 5363 3689 5431 ἐδέχοντο
3729 5361 3826 5423 τὰς
3870 5361 3980 5413 ἀπὸ

2401 5459 2496 5515 τοῦ
2528 5459 2826 5524 συνειδότος
2852 5460 3068 5530 πληγάς
3088 5478 3100 5490 ·
3137 5456 3189 5509 τί
3219 5457 3316 5527 μὲν
3349 5458 3408 5510 οὐ
3440 5448 3714 5522 λέγοντές,
3744 5454 3799 5506 τί
3830 5453 3886 5505 δὲ
3916 5450 3979 5502 οὐ

2400 5554 2757 5623 πράττοντες,
2788 5534 3000 5622 θερμῆς
3033 5547 3200 5619 οὔσης
3249 5550 3329 5601 ἔτι
3352 5546 3451 5615 τῆς
3478 5542 3860 5618 ’ἀναμνήσεως
3888 5543 3979 5596 δια

2398 5650 2497 5721 τὴν
2525 5647 2632 5701 ἀπὸ
2664 5644 2774 5698 τῶν
2808 5644 2957 5697 ἔνδον
2974 5640 3338 5712 κατάκρισιν
3373 5638 3469 5693 ἀτε
3506 5638 3718 5692 πολλῶν
3753 5632 3978 5703 ἀγαθῶν
