4208 6300
183 340 238 403 37
1410 342 1587 402 γιΤΑ
1630 343 1689 398 S.

1840 342 2087 406 NGlNI.
3354 363 3426 425 38

185 442 398 513 πονηρὰν
426 442 669 515 ἀμοιδὴν
703 448 877 503 ποιεῖν
908 449 1226 517 μέλλοντεςς
1274 449 1341 504 Ὦ
1374 448 1592 502 δείπνου
1618 450 1725 503 δυσ·

1850 462 2031 508 essent
2084 455 2249 509 malas
2294 457 2554 511 reddituri
2597 460 2835 529 gratias‘l
2863 459 2908 517 Ο
2940 462 3239 532 infelicem,
3276 468 3425 527 dice-

182 535 381 606 τυχοῦςι
412 535 691 619 λέγοντες,
725 534 771 590 ὣ
800 538 1042 609 χαλεπῆς
1072 538 1283 603 ξενίαςί
1311 544 1363 592 τί
1398 557 1503 606 σοι,
1541 535 1585 593 ὧ
1621 542 1742 611 φίλε

182 629 404 695 Λογγῖνε,
434 628 599 681 τοῦτο
626 628 843 693 ὲδὸξατο
884 631 1219 700 ἐγχείρημα,
1254 633 1342 685 ἵνα
1376 635 1502 695 τοὺς
1533 635 1624 687 ἐπὶ
1652 633 1744 687 σὺν

182 720 319 787 φόνον
345 702 601 781 ἐλθόντας
627 720 654 772 ὁ
690 720 780 783 σὸς
810 726 929 773 οἱκο
983 722 1233 791 soi-513m;
1266 722 1311 774 ὼ
1340 723 1532 784 ἀθλίας
1574 741 1744 777 κατα-

181 812 369 881 γωγῆςί
412 810 458 863 ὣ
492 814 697 881 πικρᾶς
732 813 1031 874 ἑστιάσεως
1061 814 1073 867 l
1126 814 1357 877 θάνατος
1409 818 1440 882 ὴ
1479 817 1627 879 ξενία
1663 833 1742 868 σοι

180 903 365 968 γίνεται
407 902 502 954 καὶ
535 903 765 954 σεαυτὸν
796 905 1078 967 ἐπιθύσεις
1125 908 1191 976 τῇ
1217 906 1472 977 τραπέζῃ
1496 946 1509 966 ,
1540 906 1742 975 λῃστὰς

181 994 478 1062 παραδόξως
513 995 638 1056 τοὺς
673 994 780 1047 ὑπὸ
810 994 904 1047 σοῦ
940 995 1290 1059 ξενισθέντας
1340 997 1541 1066 εὑρών.
1583 998 1645 1049 'l'i
1678 999 1743 1051 ἂν

180 1082 327 1132 ποιῶν
354 1081 531 1144 οὕτως
560 1083 781 1145 ἐλύπεις
824 1087 950 1147 τοὺς
984 1085 1245 1156 ἐπιθῆναί
1278 1103 1361 1138 σοι
1394 1089 1493 1156 την
1527 1088 1741 1156 σφαγὴν

182 1170 492 1240 μέλλοντας;
551 1173 745 1226 Ἀπιθι
799 1178 1115 1245 τοιγαροῦν,
1184 1179 1378 1245 μισθὸν
1425 1180 1523 1247 τῆς
1562 1179 1741 1243 ξενίας

180 1259 337 1312 λαϐὼν
364 1263 458 1314 τοῦ
496 1264 734 1318 θανάτου
767 1265 865 1333 τὴν
903 1268 1099 1335 ἄφεσιν
1125 1283 1143 1302 ο
1168 1269 1231 1320 οὐ
1266 1270 1570 1338 στέργομεν
1619 1273 1744 1321 ἐπι-

180 1351 329 1406 θεῖναί
357 1370 436 1405 σοι
472 1356 534 1407 τὺ
594 1357 765 1425 ξίφος,
796 1362 953 1428 χεῖρα
1005 1361 1297 1429 μιαιφόνον
1331 1363 1649 1428 ἐπενεγκεῖν
1674 1366 1740 1433 τῇ

179 1448 235 1514 σῇ
257 1444 398 1516 δεξιᾷ
428 1446 751 1519 δεδοίκαμεν
774 1466 786 1479 ·
838 1452 1133 1520 αἰδούμεθα
1181 1454 1308 1513 τοὺς
1343 1454 1554 1515 κοινοὺς
1581 1453 1737 1516 ἃλας

175 1537 500 1609 ἐρυθριῶμεν
548 1541 647 1611 τὴν
683 1542 988 1611 τράπεζαν,
1041 1542 1133 1595 τὸν
1167 1542 1266 1611 τῆς
1305 1542 1487 1605 ξενίας
1540 1532 1739 1613 ἔφορον

177 1631 556 1699 αἰσχυνόμεθιΓ
594 1635 772 1704 ναρκᾷ
816 1635 949 1703 πρὸς
982 1633 1073 1698 τὸν
1106 1635 1323 1705 φόνονή
1360 1635 1511 1706 χείρ’
1544 1637 1572 1688 ὁ
1617 1635 1740 1698 νοῦς

174 1720 307 1772 ὀκνεῖ
337 1722 425 1773 τοῦ
454 1722 751 1793 εὐεργέτου
781 1724 870 1776 τὸν
906 1724 1139 1777 θάνατον
1162 1743 1175 1754 ”
1215 1726 1361 1796 ρᾴων
1389 1728 1416 1778 ὁ
1447 1727 1596 1795 παρὰ
1645 1727 1742 1779 Πι-

176 1810 573 1883 λάτῳ,κίνδυνος
606 1816 738 1885 ἡμῖν
769 1816 878 1867 τῶν
903 1818 965 1869 ἐκ
991 1816 1085 1869 τοῦ
1125 1819 1426 1881 συνειδότος
1472 1819 1698 1887 πληγῶν
1719 1837 1732 1849 ο

175 1903 333 1954 πάντα
388 1903 586 1957 παθεῖν
652 1908 821 1974 ἐσμεν
878 1906 1089 1976 ἕτοιμοι
1124 1908 1156 1977 ἢ
1188 1909 1441 1977 Λογγίνῳ
1477 1909 1734 1972 τοιαύτας

174 1994 462 2046 ἀντιδοῦναι
499 1996 599 2059 τὰς
631 1999 885 2065 χάριτας.

232 2084 317 2151 (ς’.
348 2086 509 2139 Οῦτω
532 2087 715 2141 τοίνυν
750 2090 797 2141 oi
830 2087 1165 2159 στρατιῶται
1195 2088 1335 2160 πρὸς
1369 2089 1460 2143 τὸν
1480 2088 1573 2143 τοῦ
1603 2091 1736 2162 Χρι-

173 2178 283 2231 στοῦ
310 2181 565 2251 μάρτυρα
594 2181 692 2234 καὶ
720 2181 841 2234 λίαν
864 2182 1183 2252 περιπαθῶς
1212 2183 1420 2252 ελεγον.
1455 2184 1595 2237 Ἀλλ’
1613 2184 1737 2256 οὐχὶ

171 2268 255 2321 καὶ
276 2271 540 2337 Λογγῖνον
596 2270 860 2339 ἠδύναντο
919 2272 1152 2337 πείθειν,
1199 2273 1335 2327 ἀλλὰ
1373 2275 1508 2344 πρὸς
1539 2276 1735 2341 αὐτοὺς

169 2359 414 2424 γενναίως
468 2362 499 2413 ὁ
546 2363 795 2429 γενναῖος
845 2362 1065 2431 ἀληθῶς
1118 2363 1512 2431 ἀποκρίνεται*
1553 2366 1618 2417 Τί
1644 2384 1734 2436 μοι

169 2450 393 2518 φθονεῖτε
439 2454 697 2522 μεγάλων
758 2454 1003 2521 ἀγαθῶν,
1076 2448 1153 2506 ὧν
1187 2455 1281 2508 καὶ
1316 2455 1541 2519 ἄκοντες
1600 2459 1735 2525 ἡμῖν

170 2540 460 2595 ἀντιδοῦναι
492 2543 715 2611 μέλλετε
739 2558 755 2608 ;
781 2542 833 2594 τί
865 2560 965 2612 μου
992 2544 1085 2596 τὸν
1138 2544 1371 2598 θάνατον
1405 2542 1549 2598 οὕτω
1573 2547 1735 2599 πολυ-

170 2632 337 2693 ante;
366 2632 768 2688 ἁνακλαῖεσθεε
805 2633 889 2685 ἵνα
918 2633 970 2686 τί
1002 2638 1308 2706 κατηφιᾶτε
1345 2636 1420 2706 τῷ
1446 2636 1642 2701 πάθεις
1673 2638 1734 2690 οὐ

171 2722 383 2785 θάνατος
421 2723 551 2789 ἐμοὶ
574 2723 634 2774 τὸ
665 2724 862 2793 παρὸν,
888 2726 1026 2778 ἀλλὰ
1049 2726 1193 2795 ζωῆς
1223 2730 1445 2796 ἀπαρχὴ
1471 2745 1483 2757 ·
1513 2730 1634 2797 ἐμοὶ
1659 2728 1735 2799 τῷ

163 2815 263 2867 ὃντι
292 2815 521 2879 θάνατοῖ
578 2816 780 2887 μᾶλλον
810 2819 843 2887 ἡ
867 2818 1101 2871 ἐνταῦθα
1148 2820 1412 2888 διαγωγὴ,
1447 2821 1526 2873 ὅτι
1557 2822 1632 2891 μὴ
1658 2820 1734 2889 τῷ

166 2908 269 2978 ἐμῷ
290 2905 551 2979 Δεσπότῃ
567 2910 938 2978 παρίσταμαι,
981 2911 1073 2962 καὶ
1097 2913 1195 2979 τῆς
1238 2911 1447 2964 ἐκεῖθεν
1476 2912 1735 2966 ἀπολαύω

164 3002 558 3068 μακαριότητος
593 3016 607 3030 ·
641 3001 703 3052 τὸ
736 3001 890 3063 τέλος
932 3002 1038 3052 τῶν
1084 3003 1271 3054 κακῶν
1318 3005 1439 3072 οὐχὶ
1470 3004 1563 3057 καὶ
1584 3004 1735 3068 τέλος

160 3093 247 3161 τῆς
270 3092 413 3159 ζωῆς
444 3089 780 3161 προξενήσει
835 3108 951 3161 μοι,
998 3090 1133 3144 ἀλλὰ
1176 3093 1314 3161 πρὸς
1343 3094 1441 3161 τὴν
1471 3095 1725 3166 ἀληθινὴν

1841 3112 1969 3165 mihi
2004 3114 2316 3167 conciliabit

160 3188 458 3243 διαϐιϐάσει
515 3186 801 3255 ἁῐδιότητα
856 3183 953 3237 καὶ
1001 3186 1295 3254 μετασχεῖν
1370 3187 1469 3257 τῆς
1520 3186 1731 3239 ἐκεῖθεν

159 3283 567 3351 παρασκευάσει
589 3278 982 3347 λαμπρότητος
1003 3292 1017 3303 ”
1050 3274 1205 3345 ἔχετε
1228 3277 1328 3346 τὴν
1356 3278 1731 3346 παραμυθίαν,

155 3368 195 3425 ὣ
215 3375 376 3440 φίλοι,
411 3372 551 3443 παρ’
582 3372 796 3430 ἑαυτοῖς
834 3368 1023 3439 ἔχετε·
1057 3368 1227 3435 ἐγγὺς
1258 3369 1329 3421 τὰ
1363 3370 1461 3436 τῆς
1490 3387 1736 3441 παρηγο-

157 3467 265 3535 ρίας
300 3467 452 3534 ὑμῖν,
483 3464 543 3516 δν
576 3462 665 3514 διὰ
691 3460 752 3512 τὸ
779 3459 932 3523 τέλος
964 3458 1239 3530 θρηνεῖτε,
1276 3458 1469 3513 τοῦτον
1506 3463 1646 3531 μετὰ
1674 3462 1734 3515 τὸ

155 3560 291 3619 τέλος
325 3558 527 3626 ἣδιστα
567 3550 905 3623 μακαρίσετε
929 3568 942 3581 ·
1000 3551 1207 3623 ἀρκοῦν
1234 3552 1290 3605 δὲ
1322 3552 1481 3605 τοῦτο
1517 3554 1733 3617 πάντως

155 3650 276 3716 πρὸς
306 3647 581 3715 εὐθυμίαν
618 3644 949 3714 μεταὸαλεῖν
973 3644 1032 3696 τὸ
1058 3644 1150 3697 τὸν
1174 3645 1330 3712 φίλον
1357 3645 1561 3699 εἰδέναι
1600 3645 1731 3698 πολ-

153 3741 247 3793 λῶν
277 3739 502 3808 ἀγαθῶν
536 3737 805 3811 μέλλοντα
830 3738 1134 3802 κοινωνεῖν,
1166 3736 1357 3804 ὥσπερ
1393 3737 1731 3804 φθονούντων

156 3835 339 3901 μᾶλλον
374 3833 408 3898 ἢ
462 3834 563 3884 καὶ
616 3830 922 3901 μισούντων
981 3829 1041 3881 τὸ
1106 3827 1363 3881 σπεύδειν
1404 3830 1731 3900 ἀποστερεῖν

152 3925 301 3978 αὑτὸν
353 3925 455 3993 τῆς
498 3923 912 3993 λαμπρότητος.
978 3921 1070 3990 Μὴ
1102 3917 1195 3975 οῦν
1235 3920 1495 3991 ὀδύρεσθε
1529 3922 1731 3974 τὸνὲκ-

150 4018 413 4079 λείποντα,
487 4015 605 4069 ἀλλ’
641 4015 1021 4084 εὐχαριστεῖτε
1069 4013 1147 4082 τῷ
1197 4013 1476 4085 δεχομένῳ
1532 4015 1633 4066 οὐκ
1664 4013 1729 4071 ἂν

149 4110 463 4179 {rigidis-nti
494 4124 565 4178 με
590 4107 690 4175 τὴν
712 4105 871 4170 δόξαν
902 4103 1138 4172 ἐκείνην,
1175 4104 1242 4172 ῆν
1281 4102 1422 4157 εἶδον
1453 4104 1565 4172 ἐγὼ
1591 4122 1732 4158 στοι-

148 4205 255 4270 χεῖα
279 4200 627 4255 σαλεύουσαν
650 4212 664 4228 ⁸
719 4196 822 4250 οὐκ
851 4195 917 4254 ᾆν
951 4194 1250 4267 ἀρνηθείην
1288 4193 1348 4247 ὃν
1409 4194 1560 4258 ἆπαξ
1592 4195 1727 4248 Θεοῦ

150 4293 265 4345 Υίὸν
308 4292 656 4363 ὡμολόγησα
676 4305 688 4319 ·
741 4288 958 4341 δέδοικα
990 4286 1066 4357 μὴ
1111 4285 1423 4357 κατήγορον
1453 4284 1600 4357 εὕρω
1629 4287 1728 4358 τὴν

149 4387 347 4456 κτῆσιν,
393 4385 633 4442 ἄπιστος
673 4380 805 4450 περὶ
842 4378 1038 4432 τοῦτον
1075 4378 1265 4447 φανείς
1291 4394 1304 4407 ·
1343 4374 1404 4433 οὗ
1462 4380 1540 4449 τῷ
1566 4382 1726 4435 πάθει

1846 546 1997 611 bant,
2025 544 2270 606 arenam!
2298 564 2330 600 ο
2352 564 2513 617 grave
2552 550 2877 621 hospitinml
2900 554 3163 625 Curnam,
3194 573 3228 613 ο
3262 561 3429 619 chara

1849 634 2111 706 Longine,
2146 640 2245 693 hoc
2279 640 2370 695 tibi
2402 652 2640 710 corpiunt
2676 644 2821 698 venit
2850 646 2901 698 in
2937 659 3195 714 mentem,
3228 660 3287 705 ut
3310 668 3427 721 eos,

1846 729 1935 796 qui
1976 743 2230 785 venerant
2263 735 2329 787 ad
2370 737 2443 788 tui
2484 740 2711 801 eadem,
2758 740 2949 797 domus
2984 752 3072 795 tua
3114 744 3429 813 acciperet!

1845 819 1890 873 Ο
1928 823 2181 876 miserum
2241 829 2626 893 habitaculum,
2694 844 2727 883 ο
2774 836 3027 887 acerbum
3073 838 3419 891 convivium!

1844 912 1989 967 Mors
2032 918 2123 969 tibi
2178 921 2356 972 evadit
2398 920 2711 988 hospitium,
2742 934 2797 977 et
2833 928 3065 992 reipsnnt
3105 944 3303 983 mensa:
3331 944 3425 999 ap-

1845 1020 2032 1072 pones,
2080 1024 2175 1062 eos
2224 1022 2423 1078 praeter
2469 1015 2780 1080 opinionem
2834 1017 3117 1074 inveniens
3163 1022 3422 1086 latrones,

1845 1098 1932 1162 qui
1963 1100 2196 1168 hospitio
2235 1119 2262 1155 a
2311 1115 2360 1158 te
2395 1104 2615 1160 luerunt
2656 1109 2887 1177 accepti.
2920 1109 3058 1176 Quid
3111 1114 3314 1168 faciens
3347 1116 3428 1169 sic

1846 1191 2086 1244 molestia
2115 1192 2340 1247 aﬂecisti
2369 1211 2483 1257 eos,
2513 1198 2603 1264 qui
2630 1208 2680 1250 te
2706 1208 2831 1252 sunt
2853 1204 3123 1258 oecisuri?
3147 1204 3245 1259 Abi
3270 1220 3422 1275 ergo,

1843 1291 2063 1349 accepta
2099 1288 2342 1339 mercede
2369 1289 2611 1356 hospitii,
2644 1305 2836 1358 nempe
2869 1293 3057 1345 mortis
3089 1296 3424 1350 remissione.

1846 1373 1960 1428 Non
1995 1381 2329 1434 sustinemus
2352 1397 2534 1436 ensem
2567 1386 2657 1436 tibi
2689 1386 2891 1440 inferre
2923 1404 2936 1438 :
2968 1388 3168 1442 caedem
3197 1390 3423 1443 molien-

1845 1474 1950 1518 tem
1978 1483 2192 1521 manum
2225 1480 2314 1524 tuo
2356 1474 2516 1541 capiti
2553 1473 2744 1529 afferre
2768 1475 3149 1545 formidamus,
3177 1494 3426 1532 commu-

1842 1571 1965 1609 nem
2012 1559 2175 1612 salem
2221 1577 2536 1616 reveremur
2571 1583 2584 1618 :
2620 1582 2716 1620 nos
2758 1566 2962 1634 pudore
2992 1568 3156 1623 allicit
3191 1587 3373 1625 mensa
3406 1589 3420 1625 :

1839 1653 1908 1702 ad
1939 1654 2137 1706 cardem
2193 1663 2367 1721 torpet
2413 1673 2647 1713 manus:
2695 1659 2953 1713 abhorret
2998 1661 3213 1714 animus
3248 1673 3424 1716 morte

1844 1743 2057 1798 allicere
2094 1748 2519 1801 benefactum-in.
2554 1750 2791 1805 Facilius
2816 1758 2899 1804 est
2930 1751 3251 1818 periculum,
3278 1756 3421 1820 quod

1846 1835 2003 1889 nobis
2035 1846 2112 1889 est
2142 1853 2168 1889 a
2194 1836 2370 1893 Pilato
2400 1850 2668 1909 paratum,
2692 1858 2856 1910 quam
2892 1842 3113 1896 vulnera
3144 1845 3424 1898 conscien-

1841 1927 1947 1978 tiaa.
1972 1925 2157 1985 Parati
2195 1947 2379 1983 sumus
2409 1934 2589 1986 omnia
2622 1934 2730 2002 pati
2757 1936 2953 2003 potius,
2986 1952 3144 2004 quam
3178 1938 3422 2007 Longino

1838 2016 1969 2069 tales
2004 2019 2207 2073 referre
2234 2024 2461 2089 gratias.

1911 2106 1995 2161 Vl.
2021 2107 2112 2163 Sic
2138 2110 2357 2179 quidem
2398 2112 2599 2170 milites
2632 2115 2886 2170 dicebant
2935 2115 3137 2171 Christi
3189 2120 3416 2190 martyri

1837 2198 1995 2252 valde
2030 2200 2431 2258 miserabiliter.
2465 2202 2735 2259 Caeterum
2768 2221 2871 2259 non
2898 2218 3147 2275 poterant
3180 2210 3421 2279 Longino

1836 2294 2161 2360 persuadere
2212 2312 2227 2349 :
2289 2295 2383 2349 sed
2433 2297 2515 2349 eis
2563 2297 2776 2351 fortiter
2828 2302 3118 2369 respondet
3162 2303 3244 2355 vir
3294 2318 3422 2358 vere

1836 2396 2135 2449 generosus
2166 2399 2180 2436 :
2213 2383 2324 2439 Cur
2359 2400 2551 2455 magna
2587 2387 2716 2439 mihi
2748 2386 2887 2439 bona
2921 2389 3193 2453 invidetis,
3218 2393 3418 2459 quibus

1836 2485 1931 2525 vos
1965 2473 2112 2525 inviti
2158 2488 2244 2525 me
2272 2475 2403 2529 estis
2454 2478 2893 2531 remuneratnri?
2922 2478 3031 2533 Cur
3063 2496 3235 2535 meam
3271 2498 3417 2537 mor-

1838 2573 1943 2618 tem
1991 2562 2199 2618 delictis
2250 2575 2357 2618 tain
2401 2567 2830 2622 miserabiliter?
2882 2570 2994 2624 Cur
3048 2574 3233 2627 tristes
3284 2576 3418 2629 estis

1838 2660 2056 2723 propter
2102 2668 2277 2709 meam
2320 2658 2769 2726 perpessionem?
2812 2659 2929 2714 Non
2970 2673 3052 2715 est
3112 2664 3217 2717 hoc
3279 2667 3415 2720 mihi

1839 2760 2007 2810 mors,
2042 2748 2134 2801 sed
2178 2747 2304 2803 vita:
2354 2750 2628 2817 primitiae.
2688 2750 2816 2806 Mihi
2872 2768 3056 2807 revera
3105 2755 3286 2824 potius
3332 2768 3417 2812 est

1838 2850 2000 2901 mors,
2032 2853 2152 2906 qua:
2179 2840 2266 2893 hic
2292 2837 2381 2893 est
2405 2841 2771 2907 conversatio,
2801 2848 3056 2912 quoniam
3083 2840 3414 2903 non-assisto

1836 2940 1959 2980 meo
1996 2927 2243 2991 Domino,
2293 2945 2392 2985 nec
2437 2931 2588 2983 fruor
2631 2948 2715 2996 ea,
2746 2950 2868 3002 qum
2898 2947 2978 2989 est
3008 2938 3136 3004 illic,
3181 2942 3415 2994 beatitu-

1837 3018 1981 3074 dine.
2032 3020 2181 3075 Finis
2221 3019 2380 3075 linem
2429 3021 2714 3089 malorum,
2753 3039 2858 3079 non
2891 3028 3065 3081 etiam
3094 3027 3252 3084 linem
3290 3032 3417 3088 vita:

2355 3132 2369 3168 :
2420 3115 2513 3169 sed
2554 3114 2619 3168 ad
2659 3130 2841 3170 veram
2876 3120 3205 3175 lransmittet
3235 3122 3414 3178 beati-

1841 3203 2100 3267 tudinem,
2136 3198 2430 3268 eteliiciet,
2474 3218 2531 3260 ut
2570 3208 2672 3261 sim
2716 3209 2985 3278 particeps
3022 3211 3168 3269 illius
3213 3216 3410 3271 aeterni

1836 3295 2159 3363 splendoris.
2194 3293 2437 3363 Habetis,
2480 3313 2514 3351 ο
2543 3300 2725 3365 amici,
2781 3302 2990 3357 habetis
3035 3308 3173 3374 apud
3204 3323 3295 3362 vos
3324 3325 3415 3363 so-

1837 3385 2057 3453 latium,
2108 3402 2271 3456 prope
2320 3398 2404 3442 cst
2456 3389 2610 3443 vobis
2665 3392 2986 3449 consolatio.
3037 3394 3209 3461 Quem
3264 3401 3411 3453 enim

1836 3490 2054 3546 propter
2096 3478 2255 3531 linem
2304 3480 2518 3545 lugetis,
2571 3494 2693 3535 eum
2726 3498 2820 3536 vos
2853 3494 2973 3553 post
2999 3486 3157 3541 linem
3190 3487 3409 3543 beatum

1837 3568 2171 3635 reputabitis.
2210 3568 2417 3624 Suﬂicit
2452 3579 2634 3625 autem
2663 3574 2766 3629 hoc
2789 3578 2857 3628 ad
2887 3575 3217 3633 all‘erendam
3243 3581 3409 3633 animi

1837 3655 2302 3729 tranquillitatem,
2337 3664 2478 3718 scire
2507 3664 2743 3719 amicum
2769 3666 2886 3723 fore
2923 3671 3211 3725 multorum
3243 3676 3413 3728 bonn—

1836 3769 1950 3805 ruin
1990 3753 2303 3823 participem
2338 3774 2350 3807 :
2388 3758 2663 3825 quomodo
2692 3768 2777 3815 est
2812 3760 3138 3829 invidorum,
3172 3765 3253 3820 vel
3284 3769 3412 3822 odio

1835 3846 2011 3912 potius
2052 3846 2367 3900 habentium
2412 3848 2718 3915 hominum,
2776 3854 2994 3908 studere
3028 3870 3148 3908 eum
3199 3858 3411 3925 privare

1832 3935 2142 3998 splendore.
2200 3935 2375 3989 Nolite
2434 3937 2634 3991 deﬂere
2707 3954 2830 3993 eum
2901 3945 2992 4011 qui
3045 3942 3228 3997 deﬁcit
3264 3962 3278 3998 :
3313 3949 3410 4001 sed

1831 4026 2034 4096 gratias
2060 4026 2204 4097 agite
2233 4028 2282 4083 ei
2325 4028 2417 4099 qui
2477 4030 2709 4108 accipit.
2739 4029 2855 4086 Non
2892 4034 3022 4087 mihi
3050 4035 3192 4090 illius
3224 4038 3410 4105 gloria:

1833 4117 2214 4173 detrimentum
2267 4119 2536 4187 all‘eratis,
2592 4138 2753 4191 quam
2807 4137 2907 4191 ego
2968 4125 3077 4179 vidi
3140 4128 3420 4182 elementa.

1831 4219 2160 4264 moventem.
2216 4209 2332 4264 Non
2384 4213 2693 4279 negaverim
2738 4226 2883 4277 eum,
2928 4228 3088 4283 quem
3120 4216 3213 4269 Dei
3242 4219 3409 4271 semel

1834 4299 2025 4355 Filium
2057 4315 2174 4356 sum
2222 4300 2531 4359 confessus.
2566 4301 2755 4361 Timeo
2795 4319 2866 4360 ne
2896 4316 3129 4361 creatam
3158 4320 3409 4363 naturam

1833 4392 2102 4447 inveniam
2134 4397 2550 4459 aceusatricem,
2584 4396 2630 4450 si
2659 4397 2713 4449 in
2747 4410 2869 4453 eum
2897 4411 3179 4466 appaream
3214 4400 3410 4455 inlide-

147 4479 232 4531 καὶ
281 4479 309 4533 ὁ
332 4474 576 4549 οὐρανὸς
639 4469 1044 4539 ἔπεστύγνασε,
1094 4469 1316 4532 καὶτὰς
1342 4471 1566 4555 ἀκτῖνας
1603 4488 1725 4525 συν-

1838 4484 1922 4550 lis,
1966 4493 2187 4555 propter
2222 4484 2380 4556 cujus
2415 4457 2723 4557 passionem
2750 4457 3190 4559 coelum-quoque
3229 4491 3405 4561 ipsum

146 4570 373 4624 ἐπειλεν
426 4571 610 4640 ηλιος,
655 4565 752 4618 καὶ
807 4563 870 4617 τὸ
906 4562 1031 4631 ’τῆς
1075 4561 1283 4633 ἡμέρας
1322 4561 1728 4633 ἐκαινοτομεῖτο

147 4665 360 4733 φέγγος,
402 4663 506 4715 καὶ
536 4662 618 4721 είς
646 4658 817 4710 νύκτα
853 4653 1174 4727 περιπαθῶς
1210 4654 1443 4708 εἵλκετο,

208 4754 278 4810 Z'.
316 4755 441 4808 Ἔτι
483 4750 584 4805 τοῦ
634 4748 901 4816 Λογγίνου
948 4745 1129 4799 ταῦτα
1150 4745 1440 4809 διεξιόντος
1473 4747 1566 4800 καὶ
1598 4748 1725 4813 τοὺς

146 4848 283 4917 παρὰ
307 4848 558 4902 Πιλάτου
587 4842 940 4913 πεμφθέντας
974 4843 1151 4892 ποιεῖν
1190 4841 1250 4893 τὸ
1281 4839 1574 4895 κελευσθὲν
1603 4841 1724 4894 πεί-

144 4941 349 5005 θοντος,
414 4940 466 4991 oi
534 4932 1077 5005 συγκατακριθέντες
1148 4932 1298 5002 αὐτῷ
1347 4932 1439 4985 τὸν
1492 4934 1723 4988 θάνατον

143 5031 467 5103 στρατιῶται
514 5024 1060 5096 καταλαμϐάνουσιν.
1080 5024 1138 5077 '0
1161 5025 1241 5089 δὲ,
1283 5025 1612 5095 γαννυμένῳ
1644 5026 1724 5097 τῷ

142 5123 409 5203 aperitin-rip
456 5122 563 5174 καὶ
613 5119 823 5188 φαιδρῴ
850 5118 976 5179 τοὺς
1003 5116 1206 5186 ἄνδρας
1254 5116 1399 5179 ἰδὼν,
1456 5119 1637 5184 δεξιάν
1664 5138 1722 5174 τε

142 5218 313 5286 αὐτοῖς
361 5213 668 5287 ἐμϐάλλει,
697 5211 791 5263 καὶ
822 5209 1143 5282 περιϐάλλει
1177 5210 1267 5264 τὸν
1297 5211 1591 5282 τράχηλον,
1629 5214 1723 5267 καὶ

140 5310 449 5379 ὀςθαλμοὺς
475 5346 492 5372 ,
527 5304 705 5376 ἡδέως
738 5304 901 5373 φιλεῖ,
937 5303 1031 5357 καί
1085 5321 1097 5334 ·
1128 5303 1385 5373 Χαίρετε,
1413 5297 1458 5356 ὧ
1491 5320 1725 5375 συστρα-

138 5402 316 5455 τιῶται
352 5398 609 5469 Χριστοῦ
640 5401 734 5450 καὶ
762 5395 1090 5467 κληρονόμοι
1119 5395 1219 5466 τῆς
1240 5395 1543 5465 βασιλείας,
1565 5398 1719 5467 φησι,

137 5495 376 5565 χαίρετε*
416 5493 529 5564 ήδη
567 5490 678 5559 γὰρ
704 5490 738 5558 ἡ
762 5491 819 5542 ὲν
843 5489 1097 5561 οὐρανοῖς
1120 5488 1264 5556 πύλη
1297 5488 1595 5556 ἀνέῳκται,
1628 5490 1721 5543 καὶ

137 5583 350 5652 ἄγγελοι
438 5584 548 5644 τὰς
615 5580 895 5651 ἡμετέρας
952 5578 1209 5649 μέλλουσι
1268 5579 1721 5650 παραλαμϐάνειν

136 5674 302 5749 ψυχὰς
355 5680 454 5729 καὶ
518 5672 602 5740 τῷ
648 5674 930 5742 μονογενεῖ
977 5670 1278 5739 προσάγειν
1311 5671 1461 5740 Υἱῴ⁸
1492 5672 1601 5725 ἰδοὺ
1627 5677 1718 5725 καὶ

137 5768 222 5833 τὰς
259 5768 561 5839 λαμπάδας
589 5765 726 5835 δρῶ,
755 5766 846 5817 καὶ⁵
865 5764 931 5818 τὰ
954 5764 1188 5834 βραδεῖά,
1208 5784 1297 5835 μοι
1335 5767 1715 5835 ὑποφαίνεται,

1835 4583 1919 4631 est
1944 4575 2193 4631 affectum
2227 4577 2468 4641 tristitia,
2502 4585 2557 4632 et
2579 4578 2659 4632 sol
2689 4578 2962 4634 contraxit
2994 4579 3192 4645 radios,
3222 4591 3277 4637 et
3316 4582 3407 4636 luti

1834 4667 1940 4723 diei
1970 4665 2352 4722 miserabiliter
2376 4665 2605 4721 deducta
2637 4665 2740 4722 fuit
2769 4669 2835 4723 ad
2866 4676 3102 4724 noctein.

1904 4757 2018 4814 Vll.
2055 4756 2181 4814 Haec
2206 4760 2382 4815 adhuc
2409 4760 2619 4816 dicente
2640 4758 2907 4830 Longino,
2940 4770 2995 4817 et
3013 4762 3115 4826 eis,
3142 4764 3231 4830 qui
3256 4764 3408 4819 missi

1834 4849 2053 4904 luerunt
2093 4864 2123 4904 a
2167 4848 2336 4905 Pilato
2387 4851 2744 4918 persuadente
2783 4860 2840 4905 ut
2876 4849 3121 4907 facerent
3152 4854 3295 4921 quod
3324 4855 3407 4917 eis

1834 4941 2010 4994 fuerat
2026 4942 2371 5010 imperatum,
2396 4941 2624 4997 veniunt
2644 4943 2862 5009 milites,
2886 4946 2977 5013 qui
3002 4958 3125 4999 cum
3147 4960 3212 5000 eo
3232 4958 3408 5001 morte

1833 5031 2070 5087 damnati
2102 5033 2334 5087 fuerant.
2362 5031 2455 5087 Ille
2486 5042 2690 5096 autem,
2712 5032 2830 5087 lazto
2856 5043 2914 5089 et
2940 5035 3101 5089 alacri
3130 5035 3276 5090 vultu
3312 5051 3409 5092 eos

1831 5125 2067 5187 intuens,
2098 5134 2151 5179 et
2176 5125 2458 5181 dexteram
2481 5124 2561 5179 eis
2593 5124 2791 5196 injicit,
2822 5134 2877 5180 et
2904 5126 3097 5181 collum
3122 5128 3405 5196 amplecti-

1833 5227 1937 5281 tur,
1985 5226 2040 5271 et
2089 5217 2274 5272 oculos
2331 5215 2573 5271 suaviter
2634 5215 2996 5281 deosculatur,
3039 5228 3113 5283 et,
3164 5215 3399 5283 Salvete,

1830 5307 2023 5376 inquit,
2074 5322 2107 5362 ο
2148 5306 2349 5362 Christi
2395 5307 2819 5374 commilitones,
2868 5318 2923 5364 et
2956 5309 3195 5364 haeredes
3233 5315 3402 5380 regni,

1830 5399 2056 5457 salvete.
2076 5397 2196 5454 Jam
2222 5400 2364 5455 enim
2395 5409 2580 5469 aperta
2601 5410 2683 5455 est
2708 5409 2883 5469 porta,
2907 5415 3025 5469 qua:
3050 5411 3131 5456 est
3151 5401 3205 5456 in
3228 5403 3405 5468 uelis,

1828 5504 1882 5548 et
1907 5490 2081 5559 angeli
2108 5501 2234 5546 sunt
2265 5499 2483 5547 nostras
2513 5492 2789 5562 accepturi
2825 5490 3057 5554 animas,
3086 5499 3141 5546 et
3171 5492 3404 5547 oblaturi

1831 5583 1965 5638 Filio
2010 5585 2310 5655 unigenito.
2346 5585 2507 5649 Ecce,
2534 5595 2589 5639 et
2633 5583 2908 5654 lampades
2947 5586 3122 5651 video,
3150 5594 3207 5640 et
3235 5599 3400 5655 appa-

1830 5690 1947 5731 rent
1996 5679 2125 5732 mihi
2172 5679 2376 5743 bravia,
2410 5694 2532 5733 cum
2581 5675 2778 5747 quibus
2826 5678 3051 5732 sistendi
3101 5692 3290 5733 sumus
3335 5677 3407 5732 ad

1825 5768 2032 5824 iudicis
2080 5770 2335 5824 tribunal.
2379 5770 2483 5825 Sed
2526 5770 2667 5825 enim
2710 5771 2751 5823 si
2786 5769 2915 5841 quid
2944 5769 3094 5827 vobis
3123 5778 3207 5827 est
3236 5771 3405 5842 impe-
