4208 6300
820 341 890 404 η
2097 338 2383 399 MENSIS
2417 339 2786 400 MARTIUS.
3981 349 4048 408 Μ

815 457 998 514 oculos
1027 457 1230 522 carnis,
1261 471 1358 526 ego
1387 465 1563 510 autem
1595 457 1775 525 accepi
1801 456 1961 510 etlam
1988 455 2176 512 oculos
2219 457 2375 525 spiri-
2406 464 2448 519 Α

2406 464 2448 519 Α
2485 455 2621 525 πρὸς
2674 456 2871 525 ἑαυτὴν
2929 455 3232 526 ἐπεφώνει·
3297 457 3412 511 Νῦν
3451 457 3585 524 οἶδα,
3646 461 3897 529 λέγουσα,
3939 467 4046 528 τοῖς

813 562 921 606 tus.
961 549 1042 604 Me
1072 548 1332 603 alliciebat
1357 548 1572 602 tristitia
1597 547 1814 615 jactura
1849 548 1965 613 lilii,
1989 548 2080 604 sed
2107 564 2234 604 ecce
2259 564 2380 604 eum

2481 545 2736 614 ἀγαπῶσι
2770 546 2862 598 τὸν
2889 547 3019 600 Θεὸν
3052 549 3230 601 πάντα
3256 551 3390 620 πρὸς
3414 551 3473 602 τὸ
3505 551 3706 619 ἀγαθὸν
3738 555 4047 624 συλλαμϐά-

813 645 989 698 habeo
1033 642 1320 706 heredem,
1361 641 1464 696 Der
1521 657 1643 695 cum
1697 641 1865 711 gloria
1933 643 2075 712 regia
2125 644 2380 697 assisten-

2480 652 2664 691 νεταιο
2697 637 3008 706 ὀφθαλμοὺς
3050 639 3277 708 ἐζήτουν
3314 641 3538 711 σαρκὸς,
3569 640 3680 710 ἐγὼ
3721 643 3777 696 δὲ
3801 645 3896 697 καὶ
3924 649 4048 710 τοῦς

813 743 942 796 tem,
978 742 1030 786 et
1069 746 1215 786 nunc
1250 740 1410 784 noctu
1445 739 1499 785 et
1553 731 1784 786 interdiu
1812 729 1938 783 mihi
1974 732 2132 787 matri
2185 733 2378 787 blande

2475 727 2570 779 τοῦ
2629 728 2942 798 πνεύματος
2992 729 3220 783 ιλασον’
3282 731 3472 784 ἐλύπει
3529 751 3595 802 με
3634 733 3805 804 ζημία
3834 737 4045 801 τέκνου,

812 823 1011 880 arridet
1042 864 1057 890 ,

809 931 926 970 rum
967 927 1019 972 et
1055 926 1373 986 martyrum,
1433 925 1486 970 et
1521 929 1639 969 cum
1695 916 1774 968 eis
1807 916 2103 980 exsultans,
2151 924 2206 970 et
2248 931 2370 969 cum

806 1005 1044 1076 Longino
1078 1020 1292 1061 crucem
1327 1007 1520 1070 ferens,
1559 1013 1614 1060 et
1646 1006 1794 1074 regni
1837 1005 2096 1060 cmlorum
2149 1006 2371 1074 praecla-

804 1114 923 1152 rum
955 1098 1136 1152 ferens
1181 1106 1435 1167 tropaeum
1466 1098 1607 1151 inter
1641 1098 1864 1168 angelos
1899 1115 1913 1151 :
1950 1098 2084 1152 adeo
2135 1107 2194 1152 ut
2223 1098 2368 1152 Lon-

804 1187 912 1256 gini
951 1187 1121 1241 lactus
1152 1188 1472 1258 discipulus,
1505 1190 1618 1257 ipse
1649 1203 1863 1258 quoque
1906 1205 2115 1243 sacram
2155 1191 2368 1244 emittat

804 1292 1011 1341 vocem,
1051 1277 1469 1348 hymnicamque
1501 1288 1554 1330 et
1596 1279 1902 1349 mysticam,
1942 1289 1995 1333 et
2026 1280 2244 1348 epinicii
2280 1282 2362 1334 iu-

801 1377 916 1423 star
949 1371 1234 1423 habentem
1275 1387 1289 1422 :
1329 1369 1464 1423 Vere
1482 1367 1572 1424 Dei
1597 1369 1766 1424 Filius
1797 1381 1914 1424 erat
1943 1370 2065 1435 iste,
2099 1381 2152 1424 et
2182 1379 2282 1432 est,
2321 1381 2374 1425 et

798 1460 925 1514 erit.
961 1459 1204 1530 Regnum
1236 1459 1374 1530 ejus,
1414 1477 1634 1531 regnum
1680 1465 1922 1516 Omnium
1966 1462 2291 1525 seculorum,
2322 1471 2375 1515 ct

798 1553 917 1620 ejus
948 1553 1244 1605 dOminatio
1269 1553 1608 1620 permanebit
1640 1553 1693 1607 in
1724 1563 1993 1609 aeternum
2015 1554 2056 1607 ’.
2089 1552 2156 1608 Et
2201 1553 2369 1622 gloria

800 1649 855 1694 et
877 1644 1115 1710 potentia
1148 1644 1200 1698 in
1226 1643 1421 1700 saecula
1456 1645 1779 1702 saeculorum
1813 1646 1878 1698 ¹⁶.
1914 1646 2106 1700 Amen.

1169 823 1608 893 conglorillcatus
1695 825 1993 880 honoribus
2087 827 2375 894 propheta-

870 1939 893 1974 ⁹
915 1939 1059 1993 Psal.
1089 1954 1266 2004 cxuv,
1302 1941 1389 1995 i3.
1471 1941 1513 1972 ’⁸
1546 1940 1682 1996 Dan.
1709 1957 1811 2005 vn,
1839 1940 1929 1994 27.

2475 820 2590 872 ἀλλ’
2626 821 2732 890 ἔχω
2761 822 2850 873 τὸν
2876 823 3232 892 κληρονόμον,
3285 818 3412 889 ἰδοῦ,
3451 826 3589 894 μετά
3636 826 3918 898 βασιλικῆς
3948 830 4048 897 τῆς

2472 913 2631 981 δόξης
2666 913 2743 981 τῷ
2769 914 2887 982 Θεῷ
2917 917 3322 984 παριστάμενον
3353 917 3444 967 καὶ
3475 917 3568 968 νῦν
3592 919 3804 988 ἥμερόν
3835 939 3948 990 μοι,
3982 926 4043 990 τῇ

2478 1006 2668 1074 μητρὶ,
2722 1006 2999 1084 προσγελᾷ
3035 1007 3251 1074 νύκτωρ
3293 1008 3387 1061 καὶ
3415 1008 3533 1077 μεθ’
3565 1010 3799 1080 ἡμέραν,
3833 1030 4047 1083 προφηο

2471 1094 2580 1145 τῶν
2629 1097 2818 1161 τιμαῖς
2876 1097 2969 1147 καὶ
3019 1097 3313 1166 μαρτύρων
3368 1099 3867 1169 συνδοξαζόμενοςο
3907 1107 4048 1174 μετὰ

2471 1189 2734 1257 Λογγίνου
2763 1208 2821 1243 τε
2869 1194 3257 1264 σταυροφορῶν
3288 1195 3381 1247 καὶ
3435 1196 3495 1248 τὸ
3527 1197 3778 1267 λαμπρὸν
3809 1202 3905 1270 τῆς
3935 1205 4047 1255 τῶν

2468 1281 2714 1350 οὐρανῶν
2749 1281 3027 1351 βασιλείας
3081 1288 3481 1357 ἐπιφερόμενος
3530 1291 3790 1358 τρῦπαιον
3841 1295 4046 1360 μεταξὺ

2466 1371 2574 1423 τῶν
2625 1374 2893 1440 ἀγγέλων,
2952 1377 3027 1438 ὼς
3092 1379 3357 1445 Δογγίνου
3423 1381 3718 1450 φθέγγεται
3774 1386 4046 1454 μαθητὴς,

2468 1462 2662 1530 ἀφίησι
2696 1466 2789 1514 καὶ
2825 1466 2988 1526 αὐτὸς
3010 1468 3192 1537 φωνὴν
3223 1469 3375 1536 ἱερὰν
3404 1471 3720 1539 ὑμνολόγον,
3750 1475 4046 1545 μυστικὴν,

2468 1555 2769 1606 ἐπινίκιον⁶
2812 1555 3026 1623 ἀληθῶς
3085 1557 3220 1609 Θεοῦ
3291 1559 3417 1622 Υἱὸς
3465 1555 3532 1631 ἦν
3572 1557 3748 1625 οὗτος,
3780 1568 3868 1616 καὶ
3903 1565 4042 1628 ἐστι,

2471 1646 2564 1696 καὶ
2614 1645 2763 1698 ἔσται
2785 1663 2798 1676 ·
2837 1650 2867 1714 ἡ
2899 1647 3146 1716 βασιλεία
3199 1651 3364 1704 αὑτοῦ
3399 1652 3648 1720 βασιλεία
3679 1655 3916 1719 αἰώνιος,
3951 1660 4044 1708 καὶ

2472 1742 2505 1807 ἡ
2527 1737 2812 1790 δεσποτεία
2864 1741 3027 1792 αὑτοῦ
3056 1744 3136 1804 εἰς
3175 1744 3265 1796 τὸν
3316 1745 3488 1798 αἰῶνα
3519 1748 3826 1817 παραμένει
3852 1763 3864 1776 ’
3893 1747 4045 1816 αὑτῷ

2475 1827 2507 1894 ἡ
2542 1826 2663 1889 δόξα
2699 1830 2789 1879 καὶ
2823 1829 2882 1881 τὸ
2912 1832 3109 1902 κράτος
3146 1834 3224 1896 εις
3254 1835 3379 1897 τοὺς
3414 1836 3636 1900 αἰῶνας.
3683 1838 3872 1908 ⁹Δμήν.

807 2095 4008 2125 mm

1647 2269 2005 2384 ΒΙΟΣ
2081 2270 2359 2382 ΚΑΙ
2451 2266 3201 2387 ΠΟΛΙΤΕΙΑ

1952 2483 2091 2537 ΤΟΥ
2128 2483 2334 2537 ΟΣΙΟΥ
2376 2483 2648 2537 ΠΑΤΡΟΣ
2687 2485 2886 2540 ΗΜΩΝ

1838 2653 2992 2826 ΑΒΡΑΜΙΟΥ

1717 3089 2002 3180 VITA
2079 3093 2224 3177 ET
2298 3091 3136 3185 CONVEBSATIO

2268 3287 2328 3344 S.
2385 3290 2448 3345 P.
2505 3285 2572 3341 Ν.

1329 3470 1692 3623 ABR
1721 3472 2126 3622 AMll
2217 3467 3507 3624 CONFESSORIS

1934 3746 2036 3804 ET
2085 3745 2358 3805 MARIIE
2401 3743 2683 3804 NEPTIS
2734 3740 2919 3800 EJUS

1163 3886 1362 3961 Quam
1391 3887 1654 3966 Symeon
1684 3887 2144 3964 Metaphrasles
2179 3905 2258 3947 ex
2288 3886 2351 3946 δ’,
2383 3885 2670 3963 Ερὴταιη
2704 3884 2954 3944 videtur
2981 3885 3190 3960 fusius
3222 3881 3651 3959 descripsisse.

953 4039 1147 4100 (latine
1167 4039 1294 4095 apud
1315 4039 1512 4090 Surlntn
1537 4041 1596 4090 ad
1618 4040 1752 4090 diem
1785 4041 1845 4089 16
1871 4038 2049 4099 Martii,
2076 4039 2242 4089 Graec
2268 4053 2330 4088 ex
2370 4039 2508 4088 codd.
2541 4040 2611 4087 Re

2194 4053 2242 4087 ee
2268 4053 2330 4088 es
2370 4039 2508 4088 codd.
2541 4040 2666 4102 Reg.
2691 4037 2798 4098 ττι,
2829 4049 2943 4086 sec.
2969 4048 3065 4097 ιιγ,
3094 4034 3234 4098 ίιει,
3259 4048 3371 4087 nec.
3405 4047 3488 4084 xtl.
3516 4035 3652 4087 Eorr.
3680 4034 3856 4098 Pan.)

865 4364 904 4419 Ι.
939 4363 1190 4418 Virorum
1217 4363 1432 4416 virtutis
1488 4359 1855 4414 studiosorum
1889 4360 2018 4425 vita,
2063 4369 2117 4414 et
2168 4374 2354 4414 eorum
2395 4370 2435 4424 Β

2395 4370 2435 4424 Β
2534 4359 2613 4413 A'.
2660 4359 2893 4430 Ἀνδρῶν
2914 4360 3221 4428 φιλαρέτων
3256 4357 3372 4427 βίος
3398 4359 3492 4412 καὶ
3535 4361 3566 4429 ἡ
3597 4360 3696 4428 τῆς
3729 4359 3909 4413 αὐτῶν
3941 4379 4050 4415 πο-

795 4468 916 4524 quae
938 4455 1004 4508 ab
1035 4453 1114 4507 eis
1139 4462 1289 4522 gesta
1313 4450 1554 4515 fuerunt,
1577 4452 1840 4514 narratio,
1862 4451 2112 4504 omnibus
2149 4449 2366 4519 quidem

801 4546 888 4617 qui
913 4546 1001 4617 pie
1024 4546 1204 4601 vivere
1221 4544 1568 4608 studuerunt,
1593 4555 1848 4612 tanquam
1869 4542 2012 4597 utilis
2037 4541 2365 4611 etjucunda,

797 4649 1012 4690 summo
1041 4634 1219 4688 studio
1247 4644 1331 4688 est
1359 4634 1658 4700 expetenda
1696 4651 1708 4686 :
1745 4631 1979 4686 maxime
2038 4642 2218 4686 autem
2280 4631 2364 4696 iis,

799 4727 890 4797 qui
921 4724 1174 4780 virtutem
1207 4735 1486 4791 exercent,
1539 4732 1592 4777 et
1642 4725 1731 4793 qui
1792 4724 2004 4776 beatam
2064 4725 2210 4776 illam
2276 4725 2366 4778 Dei

800 4821 1174 4874 mandatorum
1215 4817 1464 4872 semitam
1519 4817 1722 4885 ingredi
1777 4810 2152 4870 decreberunt.
2207 4813 2367 4868 Fiunt

798 4913 941 4967 enim
973 4909 1051 4965 eis
1084 4907 1244 4961 veluti
1289 4909 1505 4975 quidam
1537 4909 1697 4961 duces
1725 4907 1956 4968 itineris,
1988 4916 2046 4960 ut
2080 4907 2224 4976 quod
2259 4906 2364 4976 ipsi

800 5002 950 5070 prius
987 4998 1341 5063 confecerint,
1375 5004 1430 5050 et
1463 4996 1635 5066 reipsa
1690 4996 2024 5065 experientia
2083 4997 2367 5050 ostendere

799 5091 1007 5163 possint
1025 5091 1089 5143 iis
1100 5091 1189 5158 qui
1209 5099 1506 5158 sequuntur
1529 5105 1542 5142 :
1561 5089 1650 5141 ubi
1665 5089 1880 5156 quidem
1901 5099 2147 5156 oporteat
2165 5088 2365 5154 aliquid

799 5184 1074 5239 remittere
1103 5183 1170 5236 de
1201 5182 1474 5249 ingressus
1501 5181 1862 5245 vehementia,
1893 5181 1979 5234 ubi
2018 5191 2195 5235 autem
2251 5197 2363 5234 rur-

799 5289 896 5328 sus
930 5272 1155 5343 gradum
1187 5271 1491 5326 accelerare
1519 5281 1572 5323 et
1604 5270 1901 5325 intendere.
1941 5272 2138 5341 Sicque
2164 5281 2365 5325 certam

799 5363 1014 5419 virtutis
1043 5362 1184 5418 viam
1214 5370 1269 5416 et
1298 5361 1509 5417 facilem
1543 5360 1647 5416 illis
1666 5361 1892 5425 faciunt,
1918 5365 2008 5432 qui
2034 5379 2152 5417 eam
2176 5378 2367 5431 aggre-

799 5456 1041 5510 diuntur.
1081 5454 1346 5520 Quoniam
1374 5463 1555 5508 autem
1614 5469 1679 5510 ex
1735 5455 1803 5510 iis
1848 5459 2080 5508 maxime
2137 5455 2365 5524 insignis

801 5545 1112 5610 Abramius,
1147 5559 1252 5600 non
1285 5546 1458 5600 solum
1482 5559 1606 5598 cum
1633 5556 1775 5600 esset
1833 5544 2014 5599 adhuc
2069 5558 2364 5614 superstes,

801 5639 897 5695 sed
925 5652 1067 5692 nunc
1094 5651 1306 5707 quoque
1335 5638 1578 5692 oratione
1627 5635 1790 5690 veluti
1819 5639 2050 5702 quadam
2077 5652 2366 5705 expressus

806 5728 1066 5799 imagine,
1105 5728 1155 5782 id
1189 5727 1344 5798 plene
1379 5737 1634 5798 prastare
1668 5737 1840 5798 potest
1873 5745 1886 5783 :
1917 5742 2004 5784 res
2061 5731 2176 5799 ejus
2225 5725 2368 5784 nunc

2474 4450 2675 4513 λιτειας
2704 4450 2956 4534 διήγῃσις
3008 4450 3103 4502 καὶ
3151 4451 3285 4502 πᾶσι
3347 4450 3444 4520 μὲν
3483 4454 3596 4514 τοῖς
3648 4452 3886 4514 εὐσεϐῶς
3944 4454 4063 4524 ζῇν

2472 4541 2874 4611 προῃρημένοις
2922 4540 3168 4594 ποΘειναί
3202 4534 3261 4592 τε
3292 4541 3384 4593 καὶ
3414 4541 3898 4609 περισπούδαστοι,
3936 4545 4046 4610 μάο

2469 4632 2623 4686 λιστα
2671 4633 2729 4684 δὲ
2776 4638 2886 4694 τοῖς
2912 4633 3114 4700 ἀρετῆς
3150 4632 3635 4701 μεταποιουμένοις
3665 4632 3759 4684 καὶ
3789 4632 3900 4684 ὅσοι
3943 4633 4057 4700 τὴν

2473 4721 2750 4792 μακαρίαν
2780 4721 2994 4790 ἐκείνην
3017 4721 3202 4788 τρίϐον
3228 4721 3339 4772 τῶν
3358 4722 3449 4773 τοῦ
3483 4720 3619 4774 Θεοῦ
3641 4721 3870 4775 ἐντολῶν
3895 4722 4059 4775 έδεῦ·

2471 4829 2557 4863 σαι
2598 4812 2946 4881 προείλοντοο
3004 4811 3280 4878 γίγνονται
3338 4815 3447 4882 γὰρ
3482 4814 3666 4875 αὐτοῖς
3713 4815 4056 4875 οἱονιῖτινες

2468 4901 2653 4973 ὁδηγοὶ
2684 4904 2780 4971 τῆς
2839 4920 3096 4972 tota-atq;
3167 4907 3414 4973 πορείας,
3453 4900 3540 4954 οἷα
3587 4904 4058 4974 προδιανύσαντες

2468 4995 2672 5066 ταύτην
2710 4998 2805 5049 καὶ
2839 4997 2976 5063 αὑτῇ
3019 4997 3185 5062 πείρα
3229 4998 3322 5046 καὶ
3357 4997 3644 5064 πράγμασι
3673 5000 3782 5059 τοῖς
3838 4999 4059 5068 ἑπομέ-

2469 5105 2578 5148 νοις
2634 5087 3010 5140 ὑποδεικνύειν
3059 5088 3315 5158 ἔχοντες,
3368 5091 3500 5141 ὅπου
3564 5091 3662 5158 μὲν
3715 5092 4061 5157 γενομένους

2470 5180 2664 5250 μικρόν
2693 5195 2744 5230 τι
2771 5179 3133 5232 διαναπαῦσαι
3162 5182 3268 5251 χρὴ
3305 5181 3404 5248 τῆς
3437 5180 3775 5248 ὁδοιπορείας
3819 5181 3880 5233 τὸ
3923 5183 4063 5234 σύν-

2467 5289 2638 5334 τονον,
2705 5274 2838 5325 ὁποὺ
2896 5273 2951 5326 δὲ
2984 5273 3145 5325 πάλιν
3178 5273 3532 5335 ἐπισπεῦσαι,
3584 5275 3677 5326 καὶ
3710 5278 4063 5338 κατατεῖναι,

2468 5363 2565 5414 καὶ
2619 5362 3024 5431 συντονωτέραν
3079 5364 3432 5434 ποιήσασθαι,
3465 5365 3560 5416 καὶ
3608 5363 3781 5426 οὕτως
3828 5364 4063 5436 ἀπλανῆ

2468 5457 2566 5527 τὴν
2593 5456 2710 5509 ὁδὸν
2736 5459 2848 5519 τοῖς
2882 5455 3128 5526 μετιοῦσι
3164 5459 3258 5510 καὶ
3293 5455 3481 5525 ῥᾳδίαν
3513 5455 3861 5535 ἐργάζονται.
3890 5456 4066 5512 Ἐπεὶ

2467 5544 2560 5601 οὖν
2590 5550 2992 5618 ἐπισημότατος
3025 5547 3230 5600 τούτων
3295 5547 3618 5618 Ἃὸρὰμιος.
3669 5550 3729 5600 οὐ
3769 5549 3930 5617 μόνον
3972 5551 4070 5605 ῑτι

2469 5639 2696 5709 περιὼν,
2726 5641 2862 5693 ἀλλὰ
2889 5641 2979 5693 καὶ
3012 5641 3106 5694 νῦν
3137 5641 3328 5710 ῶσπερ
3359 5642 3415 5691 ἐν
3448 5639 3617 5691 εἰκόνι
3646 5639 3722 5707 τῷ
3754 5638 3894 5710 λόγῳ
3930 5640 4067 5694 δια-

2480 5733 2835 5803 τυπούμενος,
2871 5732 3156 5804 διηγητέον
3194 5733 3268 5798 ὡς
3293 5726 3401 5786 οἶόν
3425 5747 3480 5784 τε
3519 5730 3584 5785 τὰ
3615 5731 3707 5785 τοῦ
3735 5732 3928 5802 ἀνδρὸς
3959 5737 4073 5788 καὶ
