4208 6300
180 390 234 456 ιδ
1412 384 1595 445 νΙτΑ
1639 380 1689 442 8,

1794 383 2090 441 BRAMII.
3310 389 3377 451 46

164 507 262 573 ἡμῖν
286 504 369 555 καὶ
392 500 514 554 κατ’
548 504 691 571 [χνος
733 499 881 570 αὑτῷ
915 500 1010 568 τῆς
1045 494 1247 567 ἀρετῆς
1283 496 1574 565 πορευτέον
1608 494 1689 547 καλ

1804 508 1833 546 a
1861 493 2015 547 nobis
2044 492 2329 548 narranda:
2370 503 2611 562 suntpro
2671 495 2909 563 viribus,
2953 507 3012 554 ut
3065 511 3374 569 sequamur,

164 594 388 666 μιμητέον
420 595 501 657 είς
522 594 777 663 δύναμιν.

213 768 274 823 Β’.
301 761 467 830 Οὗτος
485 773 663 823 τοίνυν
682 771 708 821 ό
728 770 979 840 δεύτερος
1016 769 1265 838 Ἀϐραὰμ
1285 767 1376 818 καὶ
1402 766 1473 835 τῷ
1502 765 1701 835 πρώτῳ

160 860 489 931 παράμιλλος,
554 861 614 924 ἐξ
669 861 929 929 εὐγενοῦς
981 862 1079 929 μὲν
1139 859 1238 927 τῆς
1284 858 1439 925 ῥίζης
1474 856 1702 923 εὐγενὴς

157 955 421 1021 ἐϐλάστησε
450 953 643 1015 κλάδος
667 972 677 982 ·
718 954 953 1023 πατέρες
994 954 1099 1023 γὰρ
1134 950 1283 1020 αὑτῶ
1328 950 1569 1017 λαμπροὶ
1604 947 1701 1015 μὲν

157 1046 204 1097 τὸ
225 1045 383 1111 γένος,
414 1046 663 1115 λαμπροὶ
695 1046 751 1099 δὲ
791 1046 883 1098 τὸν
906 1046 1019 1113 βίον
1050 1044 1143 1097 καὶ
1188 1041 1403 1109 πλούτῳ
1457 1042 1547 1091 καὶ
1573 1039 1701 1107 δόξῃ

153 1138 204 1202 τῇ
234 1133 357 1184 κατὰ
382 1136 594 1203 κόσμον
618 1136 878 1197 ἐπιεικῶς
910 1134 1317 1203 σεμνυνόμενοι.
1353 1130 1618 1200 Ὀρῶντες
1643 1130 1698 1181 δὲ

153 1227 225 1275 τὸν
263 1226 424 1280 παῖδα
485 1230 668 1281 πᾶσαν
716 1231 778 1280 ἐκ
832 1230 931 1295 τῆς
977 1226 1198 1297 πρώτης
1234 1226 1448 1294 ἡλικίας
1497 1223 1697 1292 ἀρετὴν

154 1318 395 1385 μετιόντα,
431 1320 648 1389 σφοδρῷ
685 1322 822 1373 πάνυ
858 1320 996 1387 πυρὶ
1027 1320 1119 1371 τοῦ
1149 1318 1286 1387 πρὸς
1320 1317 1482 1369 αὑτὸν
1513 1314 1697 1367 κατεῖ·

153 1424 282 1475 χοντο
323 1409 493 1460 πόθου
522 1429 534 1442 ·
571 1410 792 1463 τοιαῦτα
849 1410 957 1478 γὰρ
1011 1410 1077 1463 τὰ
1120 1410 1228 1461 τῶν
1288 1406 1696 1477 γεγεννηκότων

150 1500 405 1569 σπλάγχνα
436 1502 532 1555 καὶ
573 1504 815 1573 πέφυκεν
850 1504 1021 1563 οὕτως
1061 1502 1229 1572 ἀρετὴ
1296 1501 1521 1562 παίδων.
1578 1498 1695 1567 μεί-

150 1589 255 1651 ζονα
278 1592 361 1656 τῆς
398 1594 635 1660 φυσικῆς
679 1596 909 1661 στοργῆς
944 1610 999 1643 τε
1042 1593 1133 1643 καὶ
1175 1591 1471 1651 διαθέσεως
1511 1591 1694 1647 αὐτοῖς

147 1684 228 1750 τὴν
251 1685 426 1751 πυρὰν
475 1685 839 1749 ὐπανάπτειν,
891 1682 969 1734 διὸ
1000 1683 1063 1751 δὴ
1096 1683 1188 1733 καὶ
1228 1682 1351 1733 λίαν
1379 1681 1693 1749 ἀκορέστως

148 1775 285 1825 αὺτοῦ
317 1777 411 1827 καὶ
432 1778 707 1845 περικαῶς
727 1778 960 1847 ἔχοντες,
988 1777 1219 1827 ἐπόθουν
1250 1773 1417 1827 καλοῦ
1450 1772 1691 1827 τοιούτου

148 1864 348 1932 βλαστοῦ
380 1870 481 1918 καὶ
531 1869 781 1936 καρποὺς
834 1868 983 1929 ἰδεῖν,
1017 1867 1183 1928 ὅπως,
1217 1866 1312 1917 καὶ
1368 1864 1442 1926 ὡς
1482 1863 1697 1923 εἰκόνας

147 1954 224 2006 τοῦ
247 1956 351 2009 υἱοῦ
372 1957 443 2009 τὰ
473 1960 673 2025 ἔγγονα
702 1958 1017 2027 βλέποντες,
1046 1958 1105 2009 τὸ
1134 1956 1267 2009 πολὺ
1297 1956 1390 2007 τοῦ
1431 1954 1565 2023 πρὸς
1602 1954 1697 2004 αὑ-

144 2048 217 2097 τὸν
236 2048 447 2117 φίλτρου
480 2050 873 2110 διαναπνέωσι,
903 2048 999 2101 καὶ
1022 2048 1134 2113 ἅμα
1155 2046 1411 2114 τοιαύτην
1440 2046 1697 2112 βουλόμε-

143 2145 287 2210 νοιτῇ
317 2141 538 2211 διαδοχῇ
571 2140 665 2193 τοῦ
712 2140 903 2208 γένους
938 2140 1215 2191 ὑποθεῖναι
1245 2138 1485 2206 κρηπῖδα
1518 2136 1695 2187 τοιοῦ-

138 2247 216 2282 τον
252 2230 519 2301 θεμέλιον,
552 2232 747 2300 ἀμέλει
787 2233 878 2284 καὶ
903 2230 1205 2298 ἀγαγέσθαι
1242 2228 1462 2297 νύμφην
1498 2225 1697 2278 ἐσπού-

140 2319 279 2381 δαζον
326 2321 399 2391 τῷ
453 2326 557 2391 υἱῷ
589 2325 677 2377 καὶ
722 2322 912 2392 γάμου,
955 2322 1114 2391 δῆσαι
1160 2322 1379 2391 δεσμοῖς
1444 2320 1535 2371 καὶ
1586 2319 1695 2369 τῶν

140 2415 389 2481 κοσμικῶν
442 2416 775 2487 ἀξιωμάτων
822 2417 915 2469 ἐπὶ
971 2418 1039 2466 τὰ
1096 2414 1266 2484 μείζω
1322 2414 1695 2481 προσαγαγεῖν

139 2504 386 2558 αὖτδνκαὶ
415 2512 887 2579 περιφανέστερα.
942 2505 1225 2575 Ἀὂραμίῳ
1263 2504 1318 2555 δὲ
1373 2503 1480 2571 ἄρα
1520 2502 1694 2555 ταῦτα

140 2600 335 2665 φροντὶς
396 2600 663 2667 οὐδεμία,
708 2598 967 2650 τάναντία
1011 2596 1067 2648 δὲ
1126 2594 1385 2657 καθάπαξ
1437 2594 1536 2660 τῆς
1582 2593 1693 2645 τῶν

136 2694 313 2754 γονέων
390 2696 677 2763 προῄρητο
762 2692 987 2762 γνώμης
1053 2692 1147 2746 καὶ
1230 2692 1327 2761 τὴν
1404 2690 1501 2759 μὲν
1567 2689 1691 2740 Ἐκ-

136 2782 358 2853 κλησίαν,
382 2782 477 2839 οἷά
508 2804 629 2839 τινα
650 2786 892 2858 νύμφην,
918 2787 1096 2856 ἑαυτῷ
1115 2784 1501 2853 ἐμνηστεύετο,
1524 2798 1694 2853 προσ-

135 2876 346 2944 εδρεύων
374 2879 517 2948 αὑτῇ
545 2880 687 2930 κατὰ
706 2880 830 2940 τους
855 2880 1093 2949 θερμοὺς
1116 2876 1221 2928 τῶν
1244 2875 1493 2943 νυμφίων
1524 2874 1691 2925 νύκτα

134 2973 212 3022 καὶ
241 2973 356 3040 μεθ’
384 2975 627 3042 ἡμέραν,
662 2976 755 3025 καὶ
779 2972 958 3041 ψυχὴν
994 2973 1108 3041 ἃμα
1155 2974 1251 3024 κοιλ⁷
1284 2972 1453 3040 ἀκοὴν
1484 2971 1595 3030 τοῖς
1635 2970 1689 3018 ὲν

132 3064 247 3130 αὐτῇ
274 3065 402 3132 πρὸς
434 3066 530 3115 τὸν
566 3065 697 3118 Θεὸν
730 3064 921 3133 ὕμνοις
947 3066 1041 3116 καὶ
1075 3068 1195 3127 ταῖς
1242 3064 1538 3133 μελῳδίαις
1571 3064 1687 3115 θελο

130 3154 333 3225 τέμενος
355 3174 369 3186 ·
402 3157 539 3225 μίαν
569 3157 623 3209 δὲ
657 3160 820 3225 τιμὴν
852 3156 1026 3227 ἀληθῆ
1060 3156 1157 3226 τὴν
1212 3159 1354 3209 κατά
1392 3156 1523 3207 Θεὸν
1572 3156 1689 3207 ἑνό-

133 3250 237 3314 μιζε
268 3252 589 3318 προκοπήν
610 3250 784 3318 ἀρχὰς
807 3251 883 3311 δὲ,
914 3250 1006 3301 καὶ
1032 3248 1371 3311 δυναστείας,
1394 3248 1490 3300 καὶ
1513 3248 1687 3312 τιμῶν

132 3339 243 3409 ὕψη,
270 3344 357 3393 καὶ
393 3344 611 3411 μεγέθη
648 3343 1000 3409 ἀξιωμάτων,
1036 3340 1129 3394 καὶ
1166 3342 1294 3393 εἴτι
1329 3341 1456 3393 ἄλλο
1495 3357 1689 3410 κοσμι-

127 3433 208 3481 κόν
234 3436 322 3485 καὶ
351 3436 662 3505 περίγειον,
714 3435 963 3502 παίγνιον
994 3437 1181 3503 ἡγεῖτο
1219 3435 1400 3486 πάντα
1438 3436 1529 3487 καὶ
1558 3451 1690 3501 σκη-

130 3521 210 3589 νὴν
244 3524 331 3575 καί
398 3526 723 3593 ὑπόκρισιν,
773 3525 1049 3592 ὀνείρατος
1108 3526 1259 3577 οὐδὲν
1314 3526 1543 3578 ἄμεινον
1595 3526 1690 3576 καὶ

130 3618 271 3675 σκιᾶς
305 3617 660 3684 διακείμενα.

186 3706 251 3758 Γ.
312 3708 447 3757 Επεὶ
483 3707 543 3757 δὲ
576 3707 625 3756 οἱ
658 3706 909 3769 τεκόντες
938 3707 1211 3759 ἐνέκειντο
1246 3708 1339 3759 καὶ
1393 3709 1530 3776 μετά
1560 3710 1685 3760 πολ-

124 3797 206 3865 λῆς
233 3800 388 3850 αυτὸν
417 3799 522 3868 τῆς
560 3799 921 3870 σφοδρότητος
944 3798 1202 3869 ὁμιλῆσαι
1223 3800 1421 3869 γάμοις
1443 3802 1690 3869 παλαί’

123 3890 221 3951 ζον,
252 3892 280 3960 ἡ
313 3892 369 3945 δὲ
426 3895 621 3960 μήτηρ
656 3891 1092 3962 ἀναϐαλλόμενον
1146 3894 1333 3963 ὁρῶσα
1364 3895 1455 3944 καὶ
1485 3894 1693 3963 δάκρυα

122 3983 361 4045 πολλάκις
396 3987 556 4050 ἠφίει
590 3985 699 4034 τῶν
733 3985 1049 4052 ὀφθαλμῶν,
1078 3984 1143 4035 τὰ
1198 3987 1293 4053 τῆς
1341 3985 1447 4035 ἔσω
1494 3985 1689 4051 φλογὸς

119 4074 304 4145 ἀψευδῆ
339 4074 620 4145 σύμῦηλα,
655 4079 747 4127 καὶ
778 4075 851 4135 ὡς
881 4076 1035 4128 οὐδὲν
1068 4077 1196 4129 ἄλλο
1235 4076 1411 4147 ψυχὴν
1451 4076 1567 4129 υἱοῦ
1595 4093 1691 4129 κα-

118 4167 365 4220 τακλάσαι
393 4170 706 4236 δυνάμενα,
735 4167 832 4217 οὐκ
856 4166 991 4235 ἔχων
1014 4168 1040 4216 ό
1074 4170 1235 4231 καλὸς
1277 4169 1571 4239 ΡΑόράμιος
1594 4171 1691 4223 ὅτι

118 4262 196 4309 καὶ
220 4258 401 4323 πάθοι,
445 4261 657 4329 μητρός
690 4275 748 4309 τε
778 4258 948 4321 λιταῖς
972 4260 1064 4309 καὶ
1096 4261 1300 4327 πατρὸς
1334 4263 1471 4311 εἴκει
1498 4262 1687 4313 κελεύω

117 4364 286 4417 σμασι,
316 4352 411 4403 καὶ
443 4352 541 4403 τὸν
572 4350 668 4402 τοῦ
710 4352 887 4419 γάμου
918 4352 1080 4417 ζυγὸν
1121 4351 1477 4422 καταδέχεται
1500 4394 1513 4415 ,
1554 4354 1682 4423 μίαν

115 4440 211 4493 τῶν
246 4443 483 4494 ἐντολῶν
518 4445 623 4494 καὶ
656 4443 815 4494 τοῦτο
852 4442 1007 4506 εἰδὼς
1039 4444 1098 4495 τὺ
1139 4444 1231 4496 καὶ
1264 4446 1434 4516 πατρὶ
1466 4447 1559 4497 καὶ
1583 4465 1689 4515 μη·-

1808 598 1862 638 et
1895 586 2071 655 quoad
2107 584 2224 656 ejus
2262 586 2377 641 fieri
2413 588 2629 657 poterit,
2678 588 2953 645 imitemur
3009 591 3235 663 vestigia
3266 593 3377 662 ejus

1807 680 2039 734 virtutis.

1883 772 1948 825 ll.
1984 772 2081 827 Hic
2104 789 2233 844 ergo
2269 777 2540 831 secundus
2592 776 2889 843 Abraham,
2918 786 2970 832 et
3022 793 3145 833 cum
3204 780 3377 848 primo

1805 866 2185 930 conferendus,
2220 884 2284 921 ex
2323 869 2487 922 nobili
2552 870 2765 937 quidem
2816 871 2998 926 radice
3055 874 3380 942 germinavit

1807 972 1990 1009 ramus
2048 959 2259 1011 nobilis.
2306 958 2442 1012 Nam
2513 958 2730 1015 fuerunt
2774 961 2990 1030 quidem
3044 963 3094 1017 ei
3125 970 3378 1031 parentes

1802 1047 1935 1100 clari
1966 1064 2187 1117 genere,
2222 1050 2328 1103 vita
2358 1059 2537 1102 autem
2564 1051 2821 1115 illustres,
2851 1060 2906 1106 et
2953 1054 3044 1121 qui
3095 1055 3298 1109 divitiis
3326 1066 3380 1109 et

1802 1139 1969 1207 gloria
1997 1142 2261 1194 mundana
2297 1142 2397 1195 sibi
2428 1156 2765 1210 summopere
2788 1146 3091 1212 placebant.
3122 1149 3255 1202 Cum
3280 1165 3378 1204 au-

1792 1240 1907 1283 tem
1959 1232 2200 1285 viderent
2235 1248 2457 1300 puerum
2483 1237 2550 1293 ab
2583 1238 2796 1289 ineunte
2826 1248 2983 1291 tetate
3011 1255 3227 1295 omnem
3270 1245 3380 1295 vir.

1800 1330 1966 1378 tutem
1996 1332 2361 1388 exercentem,
2417 1327 2741 1380 tenebantur
2792 1329 3007 1397 quidem
3071 1333 3376 1387 vehementi

1800 1418 1925 1487 igne
1950 1419 2000 1470 in
2034 1432 2155 1472 eum
2183 1420 2381 1473 amoris
2413 1419 2757 1475 etdesiderii.
2788 1421 2925 1474 Sunt
2952 1425 3095 1477 enim
3128 1426 3253 1479 talia
3289 1441 3382 1479 eo-

1802 1509 2051 1577 rum,qui
2084 1520 2403 1577 genuerunt,
2436 1513 2675 1575 viscera,
2709 1521 2762 1565 et
2784 1525 2977 1566 natura
3019 1526 3101 1568 est
3148 1518 3227 1570 eis
3250 1517 3377 1571 insi-

1800 1610 1992 1660 tum,ut
2011 1602 2177 1655 virtus
2195 1602 2425 1655 [illorum
2449 1604 2704 1668 majorem
2726 1607 2775 1657 in
2794 1606 2873 1659 eis
2892 1608 3090 1661 excitet
3105 1607 3374 1663 ﬂammam

1797 1690 2061 1744 naturalis
2092 1691 2372 1745 cbaritatis
2410 1699 2463 1745 et
2499 1692 2817 1747 allectionis.
2845 1690 3212 1759 Quamobrem
3246 1714 3367 1751 cum

1799 1792 1942 1834 esset
1970 1798 2158 1837 eorum
2188 1784 2241 1838 iu
2268 1800 2387 1837 eum
2424 1801 2575 1839 amor
2614 1790 2670 1839 et
2712 1788 3059 1853 insatiabilis,
3119 1798 3173 1843 et
3216 1790 3373 1858 longe

1803 1875 2240 1939 ardentissimus,
2288 1880 2669 1932 desiderabant
2703 1880 2886 1932 videre
2919 1879 3127 1933 fructus
3162 1883 3372 1950 pulchri

1804 1965 1963 2033 hujus
1995 1968 2254 2033 germinis
2288 1991 2298 2023 ;
2337 1978 2393 2023 ut
2452 1982 2740 2024 cernentes
2800 1984 3052 2039 tanquam
3114 1974 3374 2043 imagines

1802 2056 1897 2109 filii
1934 2068 2178 2125 nepotes,
2212 2062 2294 2113 sui
2329 2062 2381 2114 in
2410 2077 2531 2115 eum
2570 2064 2773 2116 amoris
2804 2066 3369 2120 sedarentvehemeu-

1802 2150 1953 2208 tiam,
1988 2161 2041 2202 et
2068 2151 2225 2202 simul
2257 2154 2582 2206 successiOni
2613 2155 2828 2222 generis
2856 2156 2955 2209 hoc
2972 2156 3219 2223 jacerent
3247 2158 3371 2212 fun-

1800 2239 2134 2294 damentum.
2163 2241 2349 2312 Itaque
2385 2244 2697 2311 studebant,
2750 2256 2813 2299 ut
2839 2256 2894 2299 et
2954 2247 3096 2304 ﬁlius
3151 2251 3374 2308 duceret

1800 2344 2045 2395 uxorem,
2080 2340 2139 2385 et
2188 2333 2501 2401 alligaretur
2550 2335 2773 2389 vinculis
2828 2340 3155 2395 matrimonii
3199 2352 3253 2395 et
3302 2344 3373 2396 ad

1798 2421 2097 2490 praecipuas
2124 2432 2176 2475 et
2203 2425 2432 2478 maxime
2481 2426 2717 2481 illustres
2766 2431 2949 2483 mundi
2983 2434 3372 2498 proveheretur

1797 2513 2110 2582 dignitates.
2138 2514 2395 2569 Abramio
2426 2526 2605 2570 autem
2649 2517 2781 2571 nlhll
2817 2520 3008 2574 horum
3035 2534 3152 2575 erat
3177 2539 3322 2577 cura:
3352 2543 3364 2578 :

1799 2620 1921 2655 nam
1966 2619 2031 2657 ea
2097 2606 2391 2676 delegerat,
2448 2624 2567 2678 quae
2630 2621 2913 2680 parentum
2976 2615 3159 2667 animo
3214 2618 3370 2685 plane

1793 2695 2217 2750 adversabantur
2269 2718 2281 2753 :
2338 2710 2392 2753 et
2442 2699 2738 2754 Ecclesiam
2809 2705 3047 2771 quidem,
3108 2716 3368 2777 tanquam

1796 2802 2050 2855 sponsam
2085 2792 2395 2857 quamdam,
2443 2792 2547 2846 sibi
2582 2793 2967 2861 desponderat,
3001 2798 3072 2859 ei,
3103 2811 3161 2851 ut
3193 2802 3371 2854 solent

1794 2882 1978 2945 Sponsi
2008 2881 2281 2948 ardentes,
2324 2895 2484 2937 noctu
2516 2896 2567 2938 et
2605 2886 2839 2939 interdiu
2873 2890 3141 2953 assidens,
3172 2902 3221 2945 et
3250 2895 3371 2946 ani-

1796 2985 1940 3022 mum
1972 2971 2207 3025 simulet
2244 2988 2401 3025 aures
2429 2976 2740 3027 demulcens
2774 2977 2861 3040 iis,
2890 2980 2981 3046 qui
3018 2980 3069 3031 in
3092 2981 3207 3048 ipsa
3236 2982 3369 3033 ﬁunt

1793 3061 1859 3113 ad
1892 3059 2078 3126 Deum,
2109 3062 2325 3131 hymnis
2346 3070 2394 3115 et
2428 3062 2715 3129 melodiis;
2776 3081 2941 3118 unum
2997 3083 3123 3120 vero
3182 3086 3367 3125 verum

1796 3150 2076 3218 honorem,
2103 3155 2166 3206 ad
2190 3154 2355 3207 Deum
2381 3156 2724 3209 existimabat
2748 3155 3068 3224 profectum.
3092 3159 3372 3229 Magistra-

1798 3252 1883 3297 tus
1915 3254 2093 3298 autem
2138 3255 2191 3298 et
2219 3256 2517 3313 potestates
2572 3257 2627 3301 et
2682 3248 2945 3301 honorum
3001 3251 3365 3317 altitudinem,

1793 3344 1847 3385 et
1870 3334 2190 3402 dignitatum
2224 3338 2672 3404 magnitudinem,
2704 3349 2763 3390 et
2779 3341 2820 3391 si
2847 3342 2973 3405 quid
3022 3343 3167 3395 aliud
3211 3360 3368 3396 mun-

1792 3424 1989 3477 danum
2021 3435 2075 3479 et
2107 3429 2795 3490 terrenum,.existimabat
2846 3436 3025 3486 omnia
3071 3434 3366 3490 ludibrium

1793 3519 2132 3572 etseenicam
2156 3520 2444 3585 actionem,
2466 3536 2585 3589 qua:
2609 3523 2775 3577 nibilo
2792 3525 2983 3579 melius
3007 3538 3131 3580 sunt
3150 3528 3367 3599 affecta,

1795 3624 1957 3677 quam
1986 3613 2252 3663 somnium
2278 3614 2339 3663 'et
2368 3618 2575 3666 umbra.

1869 3700 1956 3752 lll.
1984 3701 2116 3753 Cum
2150 3710 2325 3755 autem
2357 3716 2608 3771 parentes
2638 3704 2902 3761 instarent
2923 3718 2975 3762 et
3002 3712 3370 3767 vehementis-

1794 3794 1929 3847 sime
1956 3804 2230 3863 urgerent,
2266 3806 2322 3848 ut
2353 3812 2573 3854 uxorem
2611 3799 2849 3860 duceret.
2893 3804 3187 3869 quinetiam
3245 3819 3365 3857 ma-

1797 3894 1878 3939 ter
1915 3887 2101 3939 videns
2131 3900 2252 3938 eum
2285 3887 2642 3951 diﬂ’erentem,
2682 3906 2823 3958 saepe
2855 3891 3127 3963 lacrymas
3149 3894 3367 3950 emitte-

1797 3985 1879 4027 ret
1909 3990 1971 4026 ex
2005 3974 2197 4039 oculis,
2234 3990 2353 4043 quae
2378 3988 2499 4030 sunt
2522 3988 2668 4031 certa
2696 3981 2844 4047 signa
2868 3981 3096 4036 ﬂammae
3121 3988 3365 4052 internae,

1796 4078 1855 4119 et
1885 4082 2024 4135 quze,
2058 4068 2101 4121 si
2131 4069 2261 4137 quid
2292 4070 2458 4135 aliud,
2488 4070 2583 4125 lilii
2636 4075 2791 4126 valde
2846 4082 3071 4142 possunt
3122 4077 3366 4131 animum

1797 4159 2095 4233 infringere
2136 4178 2151 4227 ;
2187 4162 2421 4216 nesciret
2446 4177 2574 4217 vero
2607 4166 2856 4234 egregius
2889 4165 3182 4221 Abramius
3239 4172 3368 4239 quid

1794 4251 2025 4317 faceret,
2055 4254 2199 4306 cedit
2239 4256 2428 4307 matris
2466 4256 2713 4319 precibus
2731 4264 2785 4307 et
2830 4258 3000 4322 tussis
3062 4259 3253 4325 patris,
3313 4273 3371 4313 et

1788 4343 1975 4414 jugutn
2008 4346 2201 4419 accipit
2244 4348 2597 4408 matrimonii.
2634 4357 2691 4401 ut
2724 4348 2817 4416 qui
2874 4361 3039 4404 sciret
3087 4354 3189 4407 hoc
3245 4367 3368 4408 esse

1797 4454 1958 4492 unum
1988 4456 2050 4493 ex
2104 4437 2318 4495 Domini
2346 4444 2647 4511 praeceptis,
2681 4443 2818 4512 patri
2855 4453 2908 4498 et
2936 4446 3092 4498 matri
3152 4462 3365 4515 parere.

115 4534 191 4603 τρὶ
218 4534 504 4587 πείθεσθαι
531 4552 545 4566 ο
580 4535 702 4585 ἐπεὶ
727 4534 821 4585 καὶ
853 4538 987 4603 πρὸς
1017 4536 1224 4585 ἐκεῖνον
1252 4536 1366 4605 ⁴ᾔδει
1402 4538 1499 4607 τὴν
1523 4539 1688 4608 τιμὴν

1797 4526 1928 4579 Nam
1952 4531 2018 4580 ad
2071 4529 2222 4581 illum
2277 4545 2491 4599 quoque
2550 4535 2780 4585 transire
2825 4535 3084 4587 honorem
3142 4537 3367 4603 pulchre

113 4624 415 4691 διαϐαίνειν,
446 4625 590 4697 παρ’
620 4618 682 4679 οῦ
715 4628 807 4680 καὶ
832 4627 865 4698 ἡ
895 4626 1107 4697 ἐντολὴ,
1137 4627 1228 4679 καὶ
1258 4626 1330 4689 ὡς
1359 4627 1472 4679 ἔστι
1508 4632 1685 4692 κοινὸς

112 4718 368 4784 ἁπάντων,
402 4722 504 4772 καὶ
542 4720 764 4789 πρῶτος
815 4718 1017 4789 πατὴρ,
1066 4722 1159 4771 καὶ
1206 4716 1560 4787 δημιουργὸς,
1592 4723 1687 4772 καὶ

112 4808 192 4862 τοῦ
223 4806 363 4865 εἶναι
392 4815 494 4865 καὶ
524 4809 625 4863 τοῦ
660 4810 758 4879 ζῇν
791 4809 1133 4870 αἰτιώτατος.
1188 4808 1347 4861 Ἀλλά
1380 4825 1470 4878 μοι
1505 4810 1687 4862 διανα-

114 4903 276 4969 atq-tm
324 4903 471 4973 ἀκοὴ
532 4903 689 4954 πᾶσα
733 4899 868 4968 πρὸς
917 4902 1017 4964 τὴν
1075 4901 1376 4970 ἀκρόασιν⁸
1427 4901 1527 4970 ἤδη
1577 4901 1685 4971 γὰρ

111 4994 333 5063 ἀνίσιειν
394 4994 494 5046 ἐπὶ
556 4992 662 5060 τὴν
701 4990 1002 5062 Ἀδραμίου
1036 4991 1213 5062 ψυχὴν
1244 4992 1300 5044 at!
1334 4991 1430 5059 τῆς
1463 4993 1689 5063 χάριτος

111 5088 307 5149 ἀκτῖνες
340 5085 700 5155 ἐπάρχονται
722 5100 736 5115 ο
766 5085 1003 5135 ἐτελεῖτο
1038 5084 1137 5152 μὲν
1190 5083 1356 5153 ἕκτην
1387 5084 1600 5153 ἡμέραν
1650 5082 1683 5151 ἡ

110 5177 313 5246 εὐωχία,
374 5183 472 5231 καὶ
534 5179 609 5231 τὰ
645 5178 890 5245 γαμήλια
942 5177 1241 5247 ἐκροτεῖτο,
1292 5177 1384 5227 καὶ
1433 5176 1685 5246 ὑμέναιοι

109 5269 275 5339 ᾔδοντο
294 5288 307 5301 ⁸
334 5271 487 5325 κατά
518 5268 582 5323 δὲ
610 5270 708 5337 τὴν
741 5268 997 5337 ἑϐδόμην,
1024 5270 1082 5347 ὲν
1115 5262 1147 5339 ἦ
1181 5267 1275 5319 καὶ
1302 5266 1557 5319 λελῦσθαι
1584 5268 1683 5337 ἤδη

110 5363 275 5428 αὐτοῖς
323 5362 531 5436 ἔμελλε
586 5362 656 5413 τὰ
696 5361 804 5412 τῶν
850 5359 1068 5430 γάμων,
1101 5360 1599 5430 θαυματουργεῖταί
1631 5376 1684 5411 τι

110 5459 345 5529 πρᾶγμα,
385 5457 532 5528 μηδὲ
594 5456 895 5526 ὀφθαλμοῖς
946 5456 1361 5523 πιστευόμενον.
1404 5452 1686 5521 Ἓκάθητο

112 5548 197 5616 μὲν
223 5550 329 5623 γὰρ
356 5551 509 5623 μετά
542 5549 647 5615 τῆς
685 5549 903 5620 νύμφης
933 5547 1078 5618 μάλα
1125 5547 1375 5617 λαμπρὸς
1409 5548 1436 5597 ὁ
1482 5546 1683 5615 ’Δόράο

114 5657 239 5708 tuos.
294 5645 369 5703 ὡς
407 5641 659 5714 νυμφίος
712 5639 928 5709 ἀληθῶς
966 5638 1057 5691 ἐπὶ
1099 5639 1193 5691 τοῦ
1245 5636 1449 5691 παστοῦ
1474 5635 1637 5688 αὑτοῦ
1668 5652 1680 5664 ·

111 5734 317 5804 θορύδου
346 5736 404 5792 δὲ
437 5737 539 5789 καὶ
569 5734 771 5804 κρότου
796 5733 885 5787 τὸν
914 5728 1083 5797 οἷκον,
1118 5732 1193 5794 ὡς
1226 5735 1392 5798 εἰκὸς,
1422 5732 1681 5799 κατεχόν-

109 5841 221 5897 των,
246 5836 338 5885 καὶ
376 5831 506 5900 περὶ
534 5832 639 5899 τὴν
666 5828 948 5899 τράπεζαν
973 5826 1192 5881 πάντων
1225 5828 1461 5889 καὶτοὺς
1495 5826 1680 5879 δαιτυ-

1792 4617 2020 4683 sciebat,
2052 4634 2081 4673 a
2108 4636 2217 4691 quo
2244 4620 2543 4691 profectum
2574 4630 2659 4678 est
2693 4638 3049 4694 praeceptum,
3086 4637 3139 4680 et
3160 4629 3251 4696 qui
3283 4640 3369 4681 εει

1791 4713 2098 4767 communis
2154 4716 2396 4770 omnium
2429 4726 2479 4769 et
2502 4714 2707 4783 primus
2766 4728 2940 4785 pater,
2988 4726 3043 4771 et
3076 4720 3277 4786 opil'ex,
3311 4733 3369 4776 ει

1791 4805 2054 4872 praecipua
2081 4820 2291 4869 «causa,
2324 4815 2380 4858 ιιι
2423 4807 2596 4859 simus
2628 4816 2682 4860 et
2750 4809 3015 4861 vivamus.
3077 4810 3180 4863 Sed
3234 4811 3364 4863 inihi

1791 4895 2098 4962 arrigantur
2124 4909 2316 4951 omnes
2345 4911 2508 4952 aures
2554 4899 2617 4952 ad
2658 4898 2985 4955 audiendum
3020 4917 3035 4955 :
3073 4900 3183 4969 jam
3217 4902 3362 4955 enim

1790 4984 1843 5038 in
1876 4985 2055 5040 animo
2080 4988 2323 5043 Abramii
2358 4991 2617 5059 incipiunt
2646 4992 2773 5046 oriri
2832 4995 2963 5048 raiiii
2994 4998 3198 5064 gratite.
3254 4998 3362 5051 Sex

1788 5080 2002 5149 quidem
2058 5083 2435 5150 praeterieram
2510 5087 2659 5149 dies,
2717 5100 2781 5141 ex
2850 5102 2957 5155 quo
3009 5090 3364 5156 peragebatur

1790 5173 2092 5225 convivium
2115 5183 2168 5226 et
2199 5173 2619 5230 celebrabantur
2682 5179 2903 5247 nuptiae,
2968 5188 3022 5235 et
3068 5184 3364 5235 cauebatur

1790 5263 2141 5330 hymenaeus;
2186 5269 2415 5334 septimo
2440 5278 2642 5331 autem,
2696 5268 2746 5322 in
2776 5284 2884 5337 quo
2934 5282 3057 5324 erat
3111 5272 3191 5325 eis
3250 5274 3361 5325 sol-

1789 5356 2021 5408 vendum
2056 5357 2483 5422 matrimonium,
2513 5358 2569 5411 lit
2602 5374 2687 5412 res
2718 5361 2965 5426 quaedam
2999 5362 3355 5427 admirabilis,

1787 5458 1839 5498 et
1863 5462 1983 5515 qua:
2010 5447 2094 5501 vix
2128 5450 2270 5503 credi
2325 5454 2512 5518 pessit.
2548 5449 2680 5505 Nam
2734 5451 2958 5507 sedebat
3020 5453 3237 5521 quidem
3292 5456 3362 5509 ad

1790 5555 2030 5594 mensam
2048 5557 2169 5596 cum
2190 5558 2383 5612 sponsa
2403 5542 2717 5611 splendidus
2736 5545 3023 5599 admodum
3042 5547 3360 5611 Abramius,

1786 5640 2041 5704 tanquam
2084 5650 2314 5705 sponsus
2340 5650 2528 5690 revera
2558 5636 2611 5690 in
2656 5637 2897 5692 thalamo
2934 5651 3056 5702 suo,
3120 5642 3357 5695 tumultu

1788 5742 1968 5785 autem
2001 5741 2059 5784 et
2090 5730 2276 5800 plausu
2308 5739 2418 5786 tota
2449 5730 2641 5786 domus
2685 5733 3078 5801 perstrepebat,
3128 5749 3359 5793 mensa.

1786 5842 1891 5900 que
1934 5835 1984 5879 et
2021 5823 2262 5879 convivis
2296 5834 2449 5880 erant
2481 5839 2667 5881 omnes
2711 5826 2901 5881 intenti
2945 5842 2959 5893 ;
2990 5825 3235 5884 occultus
3268 5844 3363 5882 au-
