4208 6300
157 366 211 428 l9
1407 362 1586 426 VITA
1624 364 1684 426 Ξ.

1814 361 2080 424 ιΒΑΜῙΙ.
3311 362 3385 422 50

161 494 214 548 με
235 472 317 526 καὶ
346 473 422 544 μὴ
456 474 518 526 τὸ
549 475 770 544 φορτίον
810 475 973 530 αὐτοῦ
1004 478 1062 530 τὸ
1103 475 1338 544 ὲλαρρὶιν
1374 473 1704 545 ἀπορρίψω,

1814 475 1990 530 ciam:
2027 474 2120 528 sed
2154 487 2368 543 semper
2409 486 2606 542 sequar
2631 471 2823 542 legem,
2867 478 2920 526 et
2951 471 3092 525 illius
3121 482 3396 542 precept;

157 565 246 621 ἀλλ’
275 565 356 620 ἀεὶ
388 565 466 634 τῷ
491 566 642 634 νόμῳ
673 567 769 619 καὶ
795 570 916 631 ταῖς
950 568 1190 630 ἐντολαῖς
1230 569 1439 621 ἐκείνου
1474 567 1707 631 καὶτοῖς

157 657 702 729 θελήμασινέπεσθαι.
735 654 867 714 Εἶτα
896 660 991 712 καὶ
1014 659 1166 730 ἠξίου
1195 660 1340 730 μάλα
1365 661 1584 728 θερμῶς
1612 659 1707 712 τοῦ

159 750 217 818 μὶ]
267 746 504 814 συνεχῶς
539 748 718 799 ἐκεῖσε
757 749 1188 818 ἀφικνουμένους
1215 746 1314 816 τὴν
1366 746 1708 816 ποθουμένην

157 839 356 910 ἡσυχίαν
387 839 780 906 ἐπιταράττειν
814 841 909 891 καὶ
929 840 1120 910 ῶσπερ
1152 838 1402 909 ὲμποδων
1425 837 1573 905 αύτῷ
1611 839 1709 916 τῆς

154 933 232 985 liti
261 931 322 983 τὰ
361 930 601 998 κρείττω
627 931 878 998 γίνεσθαι
928 931 1238 1001 προκοπῆς.
1294 929 1481 984 Ταῦτα
1512 931 1706 983 ἐκεῖνοι

159 1025 239 1094 μὶν
262 1020 596 1083 ἀκούσαντες
630 1022 726 1074 καὶ
775 1022 995 1086 ίδόντες,
1037 1023 1372 1092 ἀνέστρεφον
1395 1039 1407 1051 ·
1464 1024 1492 1075 6
1523 1021 1578 1074 δὲ
1610 1021 1708 1091 τὴν

153 1113 228 1169 τοῦ
273 1114 520 1167 οίκίσκου
579 1116 784 1168 είσοδον
836 1117 1164 1184 ἀποφράξας
1213 1117 1309 1169 καί
1339 1134 1458 1168 τινα
1513 1115 1708 1186 ϐυρίδα

155 1205 389 1274 βραχεῖαν
436 1205 776 1269 καταλιπὼν,
828 1207 896 1259 δι’
953 1202 1021 1278 ἧς
1079 1206 1144 1259 ἂν
1174 1207 1338 1276 ἄρτος
1369 1207 1518 1278 αὐτῷ
1549 1208 1710 1276 μόνον

153 1295 230 1348 καὶ
264 1294 404 1364 ὕδωρ
441 1299 761 1366 παρέχοιτο,
797 1299 928 1366 εὐχῇ
964 1298 1057 1350 τοῦ
1101 1299 1290 1350 λοιποῦ
1342 1299 1438 1350 καὶ
1484 1301 1708 1369 νηστείᾳ

154 1388 470 1457 προσέκειτο.
551 1390 640 1441 Ἐν
683 1391 895 1452 τούτοις
954 1391 1010 1442 δὲ
1065 1391 1216 1453 ὄντος
1257 1389 1578 1458 Ἀδραμίου,
1612 1390 1706 1441 καὶ

151 1482 346 1548 ἀγωγὴν
400 1481 658 1550 τοιαύτην
689 1483 979 1550 φιλόσοςςον
1013 1482 1312 1550 μετιόντος,
1363 1483 1530 1539 πολὺς
1563 1498 1704 1532 παν-

151 1573 293 1641 ταχοῦ
319 1573 481 1638 λόγος
515 1574 708 1640 ὲφοίτα
741 1576 866 1643 περὶ
891 1573 1056 1626 αὑτοῦ
1093 1576 1187 1627 καὶ
1221 1573 1358 1625 πολύ
1399 1591 1451 1625 τι
1505 1572 1704 1642 πλῆθος

150 1665 426 1733 ἀνθρώπων
471 1666 564 1716 ἐπὶ
627 1665 725 1735 τὴν
784 1666 994 1718 ἐκείνου
1026 1667 1154 1719 Θὲαν
1210 1667 1480 1736 συνέρρει,
1524 1669 1707 1734 τυχεῖν

150 1773 271 1818 τινος
294 1757 424 1826 παρ’
453 1758 666 1810 ἐκείνου
699 1759 794 1827 τῆς
825 1758 1079 1826 εὐλογίας
1135 1757 1449 1818 ποθοῦντες.
1485 1759 1707 1827 Δεκάτῳ

1817 581 1870 624 et
1899 570 2257 622 voluntatem.
2288 566 2492 621 Deinde
2562 565 2724 620 etiam
2759 564 3107 619 vehementer
3161 566 3390 633 rogavit,

1817 677 1882 715 ne
1914 661 2040 714 illuc
2067 660 2278 714 assidue
2301 660 2601 718 venientes.
2625 671 2782 710 suum
2803 656 3166 710 desideratum
3197 656 3390 710 obtur-

1817 752 2008 806 barent
2039 753 2341 816 silentium,
2373 761 2423 805 et
2452 751 2777 822 impedirent
2808 748 3107 818 profectum
3167 747 3285 816 ejus
3322 748 3388 800 ad

1816 844 2063 897 meliora.
2089 843 2163 897 Illi
2188 843 2404 913 quidem
2422 857 2542 896 cum
2563 842 2675 896 haec
2697 841 2994 895 audiissent
3015 847 3069 892 et
3101 839 3385 901 vidissent,

1817 945 1942 990 sunt
1978 935 2202 990 reversi.
2229 934 2321 987 Ille
2353 947 2480 987 vero
2539 933 2818 985 obstructo
2853 930 2997 983 aditu
3032 926 3390 989 domunculae,

1816 1035 1869 1079 et
1907 1024 2088 1078 relicta
2123 1040 2287 1094 parva
2323 1023 2554 1091 quadam
2589 1022 2848 1084 fenestra,
2889 1034 2985 1088 per
3020 1032 3179 1086 quam
3236 1015 3390 1084 panis

1815 1115 1985 1167 solum
2013 1121 2066 1168 et
2094 1129 2231 1180 aqua
2268 1113 2314 1166 ei
2344 1109 2823 1181 prmberetur,.snli
2853 1109 2917 1162 de
2946 1118 3142 1164 caetero
3159 1105 3392 1161 orationi

1816 1207 2045 1264 vacabat
2075 1204 2370 1274 etjejunio.
2421 1203 2554 1258 Cum
2590 1205 2640 1256 in
2677 1202 2760 1257 his
2787 1213 2964 1256 autem
3022 1211 3167 1253 esset
3221 1198 3397 1254 Abra-

1818 1299 1978 1362 mius,
2013 1306 2066 1351 et
2101 1297 2237 1350 hanc
2272 1295 2700 1366 philosophicam
2735 1304 3015 1348 exerceret
3055 1292 3267 1348 vivendi
3311 1306 3398 1344 ra-

1818 1388 2040 1452 tionem,
2070 1388 2135 1440 de
2161 1402 2225 1440 eo
2257 1389 2613 1457 spargebatur
2637 1384 2778 1439 fama
2811 1385 2865 1439 in
2892 1399 3082 1439 omnes
3117 1394 3314 1451 partes,
3342 1393 3401 1434 et

1815 1495 2002 1548 magna
2029 1481 2308 1534 hominum
2335 1480 2623 1532 multitudo
2656 1478 2966 1532 confluebat
3008 1479 3074 1530 ad
3107 1477 3252 1530 illum
3271 1488 3393 1540 spe-

1813 1571 2091 1634 ctandum,
2131 1571 2446 1623 desiderans
2483 1569 2664 1622 abillo
2698 1569 2934 1638 aliquam
2989 1567 3247 1636 consequi
3299 1568 3392 1618 be-

1816 1661 2198 1716 nedictionem.
2239 1662 2453 1717 Decimo
2481 1669 2660 1714 autem
2707 1675 2848 1712 anno
2883 1663 3169 1730 postquam
3218 1671 3395 1712 seces-

1816 1757 1994 1818 sisset,
2032 1752 2296 1806 decedunt
2344 1755 2558 1820 quidem
2613 1752 2730 1821 ejus
2791 1761 3086 1819 parentes:
3142 1747 3209 1802 ad
3273 1762 3395 1801 eum

148 1847 195 1898 δι
239 1849 366 1914 μετὰ
407 1850 505 1916 τὴν
534 1847 885 1916 ἀναχώρησιν
911 1848 1024 1900 ἔτει
1051 1849 1347 1900 τελευτῶσι
1379 1849 1478 1916 μὲν
1505 1850 1554 1901 οἱ
1581 1848 1708 1901 τού-

1814 1853 1995 1898 autem
2023 1845 2340 1904 deferuntur
2367 1845 2577 1899 illorum
2605 1843 2828 1907 divitiae,
2857 1849 2913 1894 et
2937 1839 3178 1892 omnium
3212 1848 3397 1908 pater—

148 1953 228 1988 του
252 1939 422 2002 γονεῖς
449 1953 462 1964 ·
497 1936 675 1987 ὁδεύει
706 1937 760 1988 δὲ
791 1938 926 2005 πρὸς
960 1939 1123 1990 αὐτὸν
1157 1941 1184 1988 6
1208 1937 1435 1989 ἐκείνων
1475 1937 1710 1998 πλοῦτος

1805 1951 1999 1990 narmn
2035 1937 2349 1990 facultatum
2381 1937 2434 1989 fit
2479 1937 2655 1992 hmres
2721 1934 3033 1988 Abramius.
3089 1931 3184 1988 Ille
3240 1945 3392 1996 vero,

149 2027 226 2078 καὶ
254 2025 588 2096 κληρονόμος
624 2027 843 2097 ἀπάσης
873 2029 971 2095 τῆς
1007 2029 1283 2098 πατρικῆς
1332 2029 1521 2092 οὐσίας
1575 2029 1709 2081 καθ-

1814 2044 1926 2082 eum
1953 2029 2061 2095 jam
2092 2029 2221 2080 olim
2251 2029 2384 2081 tales
2409 2042 2567 2080 curas
2619 2027 2866 2095 jussisset
2919 2025 3118 2079 valere.
3178 2024 3392 2077 cuidam

151 2117 342 2169 ίσταται
397 2118 424 2168 6
469 2116 795 2186 ’Λὸράμνος.
843 2119 902 2172 Ὀ
955 2118 1010 2173 δὲ
1057 2120 1225 2173 πάλαι
1255 2122 1375 2181 ταῖς
1425 2119 1710 2184 τοιαύταις

151 2205 371 2275 φροντίσι
432 2207 652 2275 χαίρειν
686 2207 878 2271 εἰπὼν,
911 2211 1017 2262 τινὶ
1052 2210 1158 2262 τῶν
1209 2211 1374 2262 αὑτοῦ
1409 2211 1579 2280 φίλων
1614 2212 1713 2282 τὴν

146 2293 224 2346 τοῦ
251 2294 488 2348 τοιούτου
521 2297 728 2366 κλήρου
761 2297 1009 2349 πιστεύει
1038 2298 1322 2366 πρόνοιαν,
1360 2300 1710 2367 ἀναλωθῆναι

148 2385 198 2436 τὸ
222 2385 390 2438 πλεῖον
431 2386 604 2440 αὐτοῦ
638 2389 806 2456 μέρος
839 2389 918 2448 είς
947 2387 1146 2449 ἐνδεεῖς
1179 2389 1492 2458 ἐπισκήψας
1515 2407 1527 2419 ο
1557 2386 1616 2443 οὗ
1647 2391 1710 2460 δὴ

148 2477 268 2529 κατὰ
294 2477 386 2538 τάς
420 2477 636 2529 ἐκείνου
672 2478 892 2540 ἐντολὰς
916 2480 1212 2548 γενομένου
1241 2482 1333 2531 καὶ
1365 2481 1459 2533 τοῦ
1482 2481 1712 2537 πλούτου

147 2567 305 2630 καλῶς
335 2568 490 2638 αὐτῷ
523 2567 856 2630 κενωθέντος
894 2571 988 2622 καὶ
1040 2569 1148 2621 τῶν
1186 2573 1440 2640 πενήτων
1501 2574 1715 2637 πολλοῖς

144 2660 557 2730 ἐπαρκέσαντος,
596 2663 878 2730 φροντίδος
915 2664 1215 2716 ἀπολέλυτο
1247 2666 1428 2734 πάσης
1464 2669 1490 2719 6
1514 2667 1713 2736 Ἀϐρά-

147 2766 280 2816 μιος·
317 2753 439 2804 ἐπεὶ
481 2757 576 2804 καί
601 2752 761 2803 τοῦτο
788 2755 1012 2824 φροντὶς
1069 2754 1268 2824 ἐκείνῳ
1306 2756 1506 2826 μᾶλλον
1534 2757 1715 2824 διηνε-

144 2841 250 2907 κὴς,
277 2843 422 2904 ὅπως
458 2842 526 2894 ἂν
556 2844 747 2912 μηδενὶ
771 2846 870 2910 τὴν
899 2844 1077 2912 ψυχὴν
1099 2845 1207 2897 τῶν
1236 2846 1508 2914 βιωτικῶν
1539 2863 1596 2899 τε
1623 2848 1720 2902 καὶ

1808 2137 1873 2175 ex
1909 2121 2021 2175 suis
2067 2121 2258 2175 amicis
2288 2120 2607 2183 committit,
2639 2130 2901 2173 utcuram
2922 2127 3076 2190 gerat
3108 2116 3398 2170 heredita-

1812 2215 1903 2276 tis,
1933 2217 2215 2276 mandans,
2253 2225 2306 2265 ut
2337 2229 2462 2282 pars
2513 2213 2629 2280 ejus
2661 2213 2893 2266 maxima
2961 2219 3314 2264 consumatur
3344 2208 3396 2261 in

1807 2321 2029 2373 egenos.
2065 2306 2216 2371 Quod
2251 2307 2468 2375 quidem
2494 2321 2614 2358 cum
2651 2304 2859 2358 factum
2898 2303 3107 2365 fuisset,
3143 2304 3398 2369 utjusse-

1811 2407 1916 2459 rat,
1949 2407 2006 2448 et
2049 2398 2268 2461 pulchre
2329 2396 2565 2464 profusa:
2629 2393 3002 2462 fuissentejus
3064 2392 3284 2457 divitias,
3343 2400 3399 2444 et

1810 2499 1965 2548 opem
2003 2486 2217 2541 tulisset
2241 2487 2423 2538 multis
2456 2488 2797 2556 pauperibus,
2839 2487 3046 2539 solutus
3083 2485 3231 2538 omni
3265 2500 3396 2537 cura

1810 2577 1917 2636 fuit
1933 2578 2242 2633 Abi-amitis.
2265 2575 2467 2630 Narnin
2490 2577 2590 2629 hoc
2620 2577 2706 2630 ille
2747 2586 3007 2645 perpetuo
3030 2577 3396 2636 incumbebat,

1815 2680 1874 2723 ut
1893 2670 2013 2740 ejus
2041 2671 2254 2724 animus
2301 2680 2658 2738 occuparetur
2697 2671 2747 2722 in
2777 2670 2923 2721 nulla
2956 2683 3015 2722 re
3043 2669 3310 2721 mundana
3340 2677 3400 2721 et

1817 2771 2058 2825 terrena.
2085 2765 2176 2816 sed
2201 2777 2322 2816 eUm
2351 2771 2523 2815 totum
2547 2763 2767 2815 haberet
2790 2761 2856 2815 ad
2876 2761 3068 2816 uelum
3089 2771 3393 2827 extensum,

1816 2865 2141 2918 semperque
2164 2851 2331 2903 levem
2360 2861 2414 2903 et
2461 2851 2745 2902 sublimem
2780 2851 2845 2904 ad
2899 2850 3184 2919 spiritalia.

145 2933 326 2998 γηΐνων
382 2934 774 3001 ἀπολειφθείη,
833 2935 970 2985 ἀλλά
1004 2937 1186 2988 πᾶσαν
1217 2938 1387 3008 αὐτὴν
1415 2939 1524 3007 ἔχοι
1564 2940 1698 3008 πρὸς
1745 2941 1834 2994 τὸν
1858 2943 2083 3019 οὐρανὸν
2119 2943 2428 3017 τεταμένην
2479 2943 2573 2996 καὶ
2609 2944 2816 3014 κουφὴν
2844 2942 2934 3000 ἀεὶ
2973 2945 3107 3012 πρὸς
3138 2945 3205 2994 τὰ
3237 2959 3398 2995 mau-

145 3022 332 3086 ματικά
364 3023 460 3077 καὶ
502 3024 803 3093 μετέωρον.

203 3115 286 3180 ς’.
316 3115 574 3186 ΠοΘήσας
624 3116 804 3171 τοίνυν
869 3118 944 3182 ὡς
991 3120 1318 3191 τιμιώτατον
1372 3124 1559 3191 κτῆμα
1609 3125 1706 3192 τὴν
1738 3137 1778 3192 ε

141 3207 410 3277 ἀκτησίαν,
444 3208 603 3262 οὐδὲν
632 3210 821 3281 ἕτερον
871 3212 1016 3280 ἔχειν
1047 3215 1309 3283 ἠνέσχετο
1334 3255 1346 3279 ,
1382 3215 1522 3284 πλὴν
1554 3217 1711 3286 μόνον

141 3297 231 3347 τῶν
264 3298 588 3364 ἀναγκαίως
618 3301 850 3368 ἐχόντων
879 3302 956 3370 τῷ
984 3301 1225 3372 σώματι,
1268 3304 1335 3355 τὰ
1383 3306 1439 3356 δὲ
1472 3303 1539 3373 ἦν
1573 3307 1714 3359 πάλ-

140 3387 237 3440 )ιον
268 3388 358 3440 καὶ
389 3389 565 3456 ῥάκος
595 3406 645 3440 τι
675 3389 935 3456 τρίχινον,
969 3389 1004 3442 ἃ
1036 3391 1370 3461 περιέκειτο,
1399 3393 1616 3459 ψιάθιόν
1652 3411 1710 3445 τε

141 3479 258 3548 πρὸς
284 3481 626 3549 κατάκλησιν
650 3479 916 3555 βραχεῖαν
969 3481 1066 3534 τοῦ
1106 3482 1359 3552 σώματος
1391 3486 1486 3538 καὶ
1541 3488 1718 3556 ποτή-

139 3587 258 3636 ριον,
399 3570 499 3622 τοῦ
554 3573 979 3642 μεμετρημένου
1026 3573 1239 3628 ἐκείνου
1300 3577 1714 3646 μετελάμϐανεν

140 3661 340 3723 ὕδατος·
407 3660 530 3717 ἀλλ’
589 3663 700 3732 ὅσῳ
756 3664 864 3716 τῶν
914 3665 1042 3734 περὶ
1096 3667 1156 3718 τὸ
1201 3667 1363 3737 σῶμα
1391 3668 1713 3738 ἐπιτηδείων

137 3749 332 3818 ἠπόρει.
387 3751 640 3821 τοσούτῳ
691 3756 805 3817 τοῖς
831 3754 928 3824 τῆς
962 3755 1142 3826 ψυχῆς
1176 3758 1359 3820 καλοῖς
1395 3758 1585 3811 ἔϐαλλε
1617 3760 1713 3811 καὶ

137 3845 292 3918 ίκόμα
326 3849 733 3917 ἐκλάμπουσαν
764 3851 850 3902 ἀεὶ
880 3850 974 3902 τοῦ
1007 3850 1134 3920 περὶ
1179 3851 1341 3902 αὑτὸν
1375 3851 1578 3903 κύκλου
1604 3850 1711 3902 τῶν

136 3938 350 4009 ἀρετῶν,
409 3943 514 4011 τὴν
545 3940 879 3995 ταπείνωσιν
913 3941 1054 4011 ἔχων
1086 3943 1181 3996 καὶ
1227 3943 1328 4014 τὴν
1360 3945 1607 4013 ἀγάπην,
1645 3942 1712 4005 a;

134 4028 190 4098 δὴ
216 4033 304 4084 καὶ
329 4034 586 4102 μητέρας
614 4032 824 4100 ἀγαθοῦ
861 4033 1064 4096 παντὸς
1085 4030 1360 4104 ὁρίζονται
1381 4030 1542 4089 εἶναι.
1612 4033 1711 4086 Εν-

133 4121 304 4176 τεῦΘεν
332 4124 613 4195 ὁμότιμον
644 4124 744 4192 μὲν
773 4123 871 4192 τὴν
903 4125 1126 4193 ἀγάπην
1159 4128 1315 4192 κοινῇ
1347 4126 1482 4195 πρὸς
1532 4126 1710 4177 ἃπαν-

133 4228 218 4276 τας
250 4215 634 4278 ἐπεδείκνυτο,
689 4214 789 4283 τὴν
833 4214 890 4268 δὲ
926 4213 1020 4267 τοῦ
1051 4214 1279 4283 πλησίον
1310 4215 1397 4270 ἀεὶ
1435 4217 1712 4287 σωτηρίαν

132 4305 218 4374 τῆς
259 4307 456 4361 ἑαυτοῦ
519 4307 826 4378 προετίθει.
875 4307 958 4359 Τά
997 4307 1055 4359 δὲ
1104 4308 1212 4360 τῶν
1271 4308 1436 4361 αὑτοῦ
1490 4309 1712 4376 χειλέων

134 4402 562 4476 ἐκπορευόμενα,
625 4401 786 4462 ποίας
819 4400 915 4467 οὐχ
957 4400 1119 4451 ίκανά
1171 4400 1352 4469 ψυχὰς
1380 4400 1711 4466 καταθέλξαι

1891 3129 1976 3182 \‘l.
2013 3130 2144 3185 Cum
2173 3144 2302 3198 ergo
2341 3139 2597 3198 tanquam
2633 3129 3029 3194 possessionem
3064 3126 3399 3196 pretiosissi-

1817 3234 1955 3274 mam
2007 3221 2368 3276 desiderasset
2401 3223 2479 3274 nil
2509 3221 2805 3289 possidere,
2837 3220 2967 3272 nihil
3000 3219 3147 3273 aliud
3204 3219 3400 3272 habere

1816 3313 2096 3374 sustinuit,
2135 3325 2327 3384 praeter
2355 3327 2416 3368 ea
2443 3312 2579 3378 sola,
2603 3326 2723 3378 qua:
2747 3321 2879 3367 sunt
2907 3311 3123 3379 corpori
3148 3325 3402 3369 necessa-

1816 3407 1917 3463 ria.
1938 3403 2010 3458 Ea
2037 3416 2216 3460 autem
2248 3416 2424 3470 erant,
2446 3405 2661 3473 pallium
2682 3412 2737 3458 et
2763 3404 3028 3468 cilicium,
3053 3403 3249 3474 quibus
3278 3411 3398 3460 erat

1817 3497 2061 3561 indutus,
2089 3506 2142 3549 et
2173 3506 2354 3550 storea
2379 3497 2448 3552 ad
2487 3497 2705 3550 brevem
2764 3495 3010 3564 corporis
3061 3495 3396 3558 accubitum,

1817 3596 1873 3642 et
1895 3586 2169 3654 poculum,
2197 3601 2306 3657 quo
2330 3587 2594 3641 modicam
2628 3588 2876 3642 sumebat
2911 3600 3124 3656 aquam.
3155 3577 3264 3644 Sed
3291 3602 3400 3657 quo

1821 3680 1992 3748 magis
2011 3679 2444 3753 cgebatiis,‘qute
2475 3680 2822 3747 pertinebant
2853 3678 2918 3732 ad
2943 3694 3098 3733 usum
3131 3680 3397 3750 corporis,

1820 3781 1882 3824 eo
1912 3770 2082 3839 magis
2107 3771 2417 3823 abundabat
2446 3769 2600 3823 bonis
2633 3767 2845 3832 animm,
2872 3768 2922 3820 in
2956 3768 3086 3822 orbe
3113 3769 3398 3831 virtutum,

1818 3853 1910 3922 qui
1931 3869 2054 3907 eum
2087 3856 2478 3919 circumdabat,
2509 3871 2723 3922 semper
2757 3855 3186 3925 resplendentent
3218 3857 3398 3910 humi-

1818 3944 2020 3999 litatem
2112 3945 2337 4009 habens,
2409 3955 2465 4000 et
2525 3947 2873 4012 charitatem,
2926 3963 3063 4018 quas
3110 3950 3400 4019 cujuslibet

1818 4033 1940 4087 boni
1978 4045 2179 4089 matres
2199 4050 2321 4090 esse
2345 4036 2698 4092 definiuntur.
2723 4036 2858 4090 Hinc
2878 4039 3143 4107 mqualem
3179 4041 3397 4107 quidem

1817 4125 2181 4176 communiter
2211 4124 2263 4175 in
2298 4137 2487 4177 omnes
2521 4125 2842 4178 ostendebat
2876 4127 3218 4180 charitatetn.
3251 4130 3399 4184 Pro-

1818 4213 1944 4267 ximi
1973 4223 2156 4269 autem
2182 4213 2414 4270 salutem
2446 4229 2660 4286 semper
2697 4231 2807 4272 sua:
2866 4219 3232 4287 praeponebat.
3267 4221 3398 4289 Quae

1819 4319 1945 4360 vero
1975 4323 2039 4362 ex
2074 4307 2376 4389 ejuslabris
2406 4311 2792 4379 procedebant,
2819 4325 2982 4381 quam
3011 4327 3116 4366 non
3147 4322 3400 4381 poterant

1818 4397 2053 4449 animam
2085 4397 2411 4459 demulcere,
2438 4408 2492 4453 et
2521 4401 2798 4456 attrahere
2833 4400 2898 4452 ad
2930 4402 3224 4455 virtutem?
3255 4401 3391 4455 Nam

134 4494 212 4546 καὶ
261 4490 584 4563 ὕφελκύσαι
658 4493 755 4546 καὶ
807 4493 945 4562 πρὸς
1005 4492 1210 4562 ἀρετὴν
1260 4491 1708 4558 ὲπισπάσασθαις

1821 4489 1972 4542 valde
2007 4490 2226 4559 quidem
2258 4492 2415 4544 docte
2467 4490 2858 4545 adhortabatur
2888 4509 2905 4547 ι
2962 4493 3398 4563 reprehendebat

142 4584 428 4654 Ἐπήνειμα
485 4585 603 4654 γὰρ
645 4585 741 4638 καὶ
785 4584 908 4636 λίαν
959 4582 1349 4646 παιδευτικῶς,
1386 4586 1623 4654 ἐπετίμα
1652 4585 1708 4635 δὲ

132 4676 393 4745 πατρικῶς
424 4692 485 4728 τε
509 4678 614 4728 καὶ
648 4675 1022 4745 φιλοστόργως
1045 4690 1056 4702 ο
1088 4674 1122 4742 ἧ
1171 4690 1231 4725 τε
1263 4674 1510 4745 πραότης
1558 4674 1710 4746 αύτῷ

131 4768 386 4838 πανταχοῦ
420 4771 523 4821 καὶ
555 4769 591 4836 ἡ
618 4767 779 4836 χάρις
807 4765 1054 4834 ἒπήνθειυ
1090 4765 1190 4833 τὴν
1226 4763 1374 4818 ἔνδον
1409 4767 1507 4834 τῆς
1529 4765 1708 4834 ψυχῆς

131 4859 446 4913 κατάστασιν
476 4856 739 4927 ἀκριϐῶς
789 4855 1194 4924 διαφαίνουσαι.
1228 4855 1544 4925 Θαυμάσειε
1573 4856 1618 4907 δ’
1641 4855 1708 4908 ἀν

128 4966 199 5010 τις
257 4952 484 5015 εἰκότως
534 4949 637 5004 καὶ
672 4949 732 5002 τδ
789 4951 927 5016 προς
972 4950 1100 5010 τοὺς
1130 4947 1349 5014 ἀγῶνας
1389 4948 1485 5001 τοῦ
1517 4947 1709 5019 ἀνδρὸς

131 5044 442 5111 καρτερικόν
475 5059 538 5094 τε
576 5042 676 5096 καὶ
701 5040 952 5092 σύντονον
979 5057 992 5069 ·
1025 5041 1400 5108 πεντηκοστὸν
1450 5040 1558 5110 γὰρ
1587 5040 1707 5101 ἔτος

129 5132 179 5180 tv
209 5135 432 5204 ἀσκήσει
460 5133 814 5196 διατελέσας,
864 5131 1122 5185 οὐδέποτε
1175 5132 1424 5202 μαλακὸν
1457 5135 1535 5194 είς
1585 5133 1709 5202 τοὺς

130 5223 306 5289 πόνους
337 5227 459 5280 οὐδὲ
497 5225 754 5298 ῥᾴθυμον
781 5223 1003 5292 ἔϐλεψεν
1037 5223 1158 5276 οὐδὲ
1193 5221 1480 5294 καθιδφῆκὲ
1517 5240 1570 5278 τι
1614 5221 1708 5275 τοῦ

130 5318 563 5389 παραδεδομένου
635 5317 735 5384 τὴν
787 5317 961 5388 ἀρχὴν
1008 5316 1160 5385 αύτῴ
1226 5315 1326 5386 τῆς
1384 5315 1707 5384 ἐγκρατείας

130 5407 361 5472 κανόνος·
419 5408 543 5464 ἀλλ’
619 5405 813 5477 ὥσπερ
869 5407 995 5476 ἄρτι
1050 5405 1438 5476 πνευματικῶν
1470 5405 1708 5473 ἱδρώτων

132 5500 435 5568 ἁπτόμενος,
463 5500 650 5558 οὕτως
671 5493 740 5568 ἦν
769 5499 888 5550 καθ’
919 5498 1161 5566 ἑκάστην
1183 5500 1317 5566 πρὸς
1344 5497 1558 5561 ἀγῶνας
1589 5499 1708 5550 ὲπι-

131 5589 283 5660 διδους
314 5595 407 5646 καὶ
439 5595 616 5655 αὐτὸς
669 5590 863 5646 ἑαυτὸν
899 5590 1255 5660 ὑπερϐάλλων
1289 5593 1353 5659 τῇ
1409 5591 1704 5660 καρτερίᾳ·

132 5685 215 5737 at):
268 5683 334 5755 ἦν
387 5687 442 5740 δὲ
483 5687 630 5758 πρὸς
692 5685 849 5746 Θεοῦ,
886 5684 1104 5746 πάντως
1153 5681 1398 5735 τοιοῦτον
1447 5683 1575 5736 ὅντα
1614 5687 1707 5737 καὶ⁵

134 5773 283 5842 οὕτως
341 5774 429 5833 οἷα
501 5779 667 5831 πόλιν
702 5777 980 5846 περιφανῆ
1035 5781 1125 5828 καί
1157 5776 1420 5853 λαμπρὰν
1454 5776 1702 5844 καθάπερ

1811 4589 1988 4633 autem
2016 4591 2237 4651 paterne
2256 4591 2311 4634 et
2333 4591 2579 4636 amanter
2605 4601 2618 4636 ε
2652 4583 3117 4652 mansuetudoque
3141 4595 3194 4638 et
3222 4586 3396 4654 gratia

1813 4674 2048 4741 undique
2079 4666 2128 4724 iri
2155 4687 2218 4726 eo
2252 4671 2497 4734 florebat,
2553 4673 2820 4728 internam
2855 4675 3017 4726 animi
3047 4676 3397 4730 constitutio-

1814 4779 1936 4817 nem
1968 4762 2206 4831 perfecte
2247 4765 2514 4832 aperiens.
2554 4760 2749 4819 Merito
2805 4774 2983 4817 autem
3036 4764 3397 4819 admirabitur

1811 4856 2078 4926 quispiam
2115 4856 2232 4922 ejus
2255 4854 2310 4909 itt
2340 4855 2730 4911 certaminibus
2762 4855 3153 4919 fortitudinem,
3181 4868 3233 4910 et
3260 4872 3392 4912 con-

1811 4949 2091 5002 stantiam.
2118 4945 2252 5000 Nam
2284 4962 2407 5001 cum
2446 4956 2570 5003 ante
2620 4957 2846 4999 mortem
2896 4948 3185 5002 continuos
3237 4949 3395 5017 quin-

1812 5042 2066 5113 quaginta
2097 5053 2270 5095 annos
2302 5041 2628 5110 transegerit
2687 5041 2739 5093 in
2786 5041 3204 5120 exercitatione,
3256 5056 3394 5096 nun-

1812 5149 1974 5204 quam
2007 5133 2240 5187 molliter
2277 5142 2368 5187 aut
2403 5133 2640 5203 segniter
2691 5148 2981 5203 aggressus
3015 5144 3095 5189 est
3156 5134 3391 5202 labores,

1811 5241 1991 5295 neque
2026 5225 2319 5296 quidquam
2349 5222 2559 5280 remisit
2593 5225 2659 5282 de
2687 5224 2736 5281 ei
2788 5225 2856 5279 ab
2888 5224 3045 5281 initio
3079 5225 3272 5282 tradita
3302 5241 3393 5281 re-

1813 5320 1932 5387 gula
1960 5318 2301 5370 abstinentire
2332 5335 2344 5370 :
2375 5319 2468 5372 sed
2497 5318 2717 5385 perinde
2752 5331 2816 5372 ac
2849 5319 2894 5374 si
2931 5319 3208 5384 spiritales
3242 5318 3384 5376 labo-

1817 5423 1903 5460 res
1933 5421 2124 5462 recens
2157 5409 2476 5474 attingeret,
2504 5408 2574 5461 ita
2609 5410 2674 5461 ad
2731 5410 3032 5471 certamina
3099 5413 3393 5468 accedebat

1813 5498 2070 5569 quotidie,
2099 5499 2334 5566 seipsum
2372 5501 2424 5552 in
2463 5500 2578 5555 dies
2606 5515 2892 5570 superans.
2921 5500 3036 5557 Non
3069 5512 3186 5558 erat
3207 5511 3388 5560 autem

1814 5592 1906 5647 Dei
1927 5591 2149 5655 omnino
2183 5592 2518 5663 permittere,
2554 5602 2612 5648 ut
2652 5594 2773 5649 talis
2801 5594 2887 5648 lux
2929 5597 3028 5650 sub
3054 5595 3233 5650 modio
3263 5598 3394 5651 late-

1815 5696 1932 5752 ret;
1985 5699 2158 5754 ueque
2192 5685 2304 5739 fieri
2341 5696 2572 5756 pateret,
2604 5697 2663 5741 ut
2699 5688 2787 5759 qui
2823 5701 2944 5743 erat
2977 5690 3283 5754 huiusmodi
3341 5699 3397 5741 et

1814 5775 2038 5843 perinde
2067 5791 2131 5830 ac
2166 5777 2308 5834 clara
2340 5779 2585 5846 quaedam
2612 5787 2663 5835 et
2696 5780 2921 5836 illustris
2978 5781 3192 5846 civitas,
3246 5781 3394 5840 velut
