4208 6300
801 344 871 405 51
2072 346 2360 403 MENSIS
2402 342 2768 407 MARTIUS.
3984 346 4048 413 52

796 456 849 512 in
874 462 1106 527 quodam
1133 469 1312 514 monte
1342 474 1522 514 rerum
1554 458 1908 512 maximarum
1938 468 1991 512 ct
2015 459 2376 527 pulcherrime

2480 458 2571 509 ἐπί
2599 462 2741 523 τινος
2772 460 2929 531 ὅρους
2963 463 3069 513 τῶν
3090 462 3361 529 μεγίστων
3386 461 3830 533 κατορθωμάτων
3859 465 4041 532 κείμε-

798 557 1087 621 gestarum,
1118 553 1325 621 positus
1346 561 1485 615 erat,
1511 552 1953 606 absconderetur.
1986 549 2097 606 Nec
2122 564 2253 619 ergo
2282 551 2379 603 fuit

797 642 1117 697 absconsus.
1157 645 1265 699 Sed
1304 643 1570 711 quomodo
1592 659 1757 712 nuper
1780 645 1896 713 ipse
1926 642 2181 698 Dominus
2211 642 2375 695 disc:-

795 734 959 799 pulis,
988 737 1056 789 ita
1086 738 1251 791 etiam
1286 750 1430 790 nunc
1461 735 1673 789 illorum
1705 734 1960 789 imitatori
1988 734 2219 802 desuper
2247 746 2376 802 apo-

794 826 1043 880 stolicum
1066 827 1354 882 committit
1376 828 1755 890 ministerium,
1792 836 1843 879 et
1873 826 1988 894 ejus
2017 824 2375 881 honoratvir-

796 926 963 971 tutem
988 919 1281 973 chrismate
1312 919 1626 981 sacerdotii,
1661 928 1714 973 et
1739 917 2027 971 sudoribus
2061 916 2372 975 monastlcte

795 1009 1202 1064 exercitationis
1248 1011 1505 1065 athletica
1545 1010 1704 1064 etiam
1730 1010 2021 1063 certamina
2049 1010 2288 1079 adiungit
2316 1016 2373 1062 et

795 1099 1075 1156 laboribus
1108 1102 1451 1157 abstinentiae
1474 1113 1671 1171 praeter
1700 1102 2006 1171 opinionem
2032 1112 2087 1155 et
2136 1100 2372 1153 admira-

793 1187 975 1244 biliter
1026 1193 1267 1247 adnectit
1315 1207 1542 1247 coronas
1592 1193 1856 1265 martyrii.
1927 1192 2169 1260 Quonam
2212 1192 2369 1246 modo

796 1291 999 1347 autem,
1030 1284 1286 1355 deinceps
1310 1300 1595 1354 exponam.

873 1369 984 1425 VII.
1016 1373 1320 1443 Lampsaci,
1350 1376 1491 1445 quod
1522 1386 1609 1429 est
1658 1375 1913 1444 oppidum
1945 1376 2010 1428 ad
2047 1373 2364 1444 Hellespon-

797 1471 932 1527 tum,
996 1473 1114 1517 erat
1150 1466 1365 1533 quidam
1401 1481 1625 1535 magnus
1660 1467 1832 1530 vicus,
1864 1476 1919 1520 et
1953 1466 2210 1534 frequens
2270 1480 2365 1535 po-

794 1552 943 1621 pulo,
976 1555 1067 1621 qui
1100 1567 1323 1610 vocatur
1348 1555 1551 1612 Taenia.
1590 1557 1855 1622 Quoniam
1890 1568 2067 1611 autem
2098 1558 2187 1627 qui
2221 1559 2271 1610 in
2298 1571 2361 1611 eo

792 1644 916 1699 vico
935 1645 1274 1713 habitabant,
1298 1648 1618 1702 tenebantur
1640 1665 1666 1701 a
1688 1651 1834 1717 gravi
1856 1663 2041 1702 errore
2058 1647 2359 1717 gentilium,

793 1751 989 1805 magna
1014 1739 1227 1808 quidem
1267 1739 1551 1794 multitudo
1601 1741 1946 1795 sacerdotum
2002 1749 2052 1793 et
2109 1740 2362 1793 diacono—

796 1843 918 1881 rum
950 1830 1015 1883 ab
1060 1831 1312 1899 episcopo
1342 1831 1406 1883 ad
1468 1846 1562 1887 eos
1598 1831 1913 1885 mittebatur
1949 1848 1964 1884 :
1996 1830 2207 1901 plurimi
2228 1846 2349 1900 quo
2394 1813 2437 1868 Β

794 1934 901 1989 que
931 1936 993 1975 ex
1022 1921 1089 1975 iis
1114 1924 1207 1992 qui
1241 1923 1409 1977 vitam
1448 1934 1804 1993 susceperant
1860 1925 2233 1987 monasticam,
2294 1922 2361 1977 ab

794 2024 860 2063 eo
891 2012 1168 2065 constituti
1198 2019 1356 2067 erant
1384 2013 1485 2067 vici
1520 2014 1787 2081 magistri.
1824 2011 1931 2065 Sed
1964 2026 2123 2067 nemo
2151 2028 2243 2065 eos
2269 2027 2362 2078 po-

794 2110 935 2155 terat
964 2112 1278 2157 convertere
1295 2106 1362 2158 ab
1392 2118 1577 2158 errore
1610 2121 1623 2157 :
1654 2105 1761 2157 imo
1790 2104 1893 2171 piis
1917 2103 2093 2171 potius
2120 2102 2192 2155 illi
2228 2103 2363 2157 infe-

796 2194 1280 2248 rebanttormenta
1330 2202 1384 2249 et
1440 2194 1727 2263 supplicia,
1788 2208 1959 2262 neque
2023 2204 2141 2248 erat
2194 2194 2361 2248 ullum

794 2297 969 2352 parua?
993 2298 1181 2355 genus,
1204 2286 1347 2356 quod
1387 2302 1493 2341 non
1525 2285 1836 2340 terribiliter
1866 2287 1945 2340 eis
1971 2286 2358 2342 intentaretur.

795 2373 933 2430 Cum
961 2391 1090 2445 ergo
1114 2377 1389 2431 dubitaret
1443 2376 1728 2447 episcopus
1778 2377 2034 2447 quidnam
2088 2386 2359 2447 oporteret

794 2469 997 2531 facere,
1031 2477 1088 2523 ut
1118 2469 1211 2537 qui
1243 2469 1521 2534 errabant,
1568 2485 1809 2525 errorem
1871 2482 2248 2538 agnoscerent,
2306 2479 2362 2524 et

796 2574 911 2612 rem
944 2559 1227 2629 aliquando
1258 2576 1378 2616 cum
1410 2562 1523 2615 suis
1572 2562 2020 2626 communicaret,
2080 2562 2225 2614 venit
2283 2562 2360 2614 eis

796 2651 1012 2703 interim
1049 2652 1100 2704 in
1130 2663 1363 2707 mentem
1388 2653 1677 2708 Abramius
1705 2652 2061 2707 admirabilis.
2083 2652 2215 2705 Tum
2251 2668 2356 2707 non

795 2752 1118 2810 exspectans
1142 2744 1253 2813 ipse
1283 2743 1513 2798 aliorum
1545 2744 1611 2798 de
1634 2759 1698 2799 eo
1728 2744 2051 2809 testimonia,
2076 2744 2154 2798 eis
2175 2744 2358 2798 statim

794 2832 1049 2897 ostendit,
1087 2835 1217 2905 quid
1246 2833 1313 2889 de
1334 2835 1423 2889 illo
1448 2836 1713 2890 essetsibi
1748 2851 2089 2909 persuasum,
2124 2836 2307 2891 dicens
2340 2854 2354 2890 :

795 2922 1015 2979 Credite
1044 2926 1197 2992 mihi,
1224 2927 1339 2993 Iilii,
1375 2928 1586 2983 dicturo
1621 2939 1757 2984 teste
1806 2932 2057 2993 veritate,
2103 2932 2247 2998 quod
2305 2930 2357 2981 in

796 3018 905 3065 tota
941 3011 1046 3068 [ide
1077 3029 1349 3082 nunquam
1386 3016 1514 3068 mihi
1538 3018 1769 3087 contigit
1790 3018 1969 3071 videre
2003 3018 2160 3071 talem
2183 3018 2357 3070 virum

797 3112 857 3157 et
880 3104 969 3173 qui
999 3104 1050 3157 in
1082 3113 1229 3159 tanta
1254 3105 1453 3160 virtute
1506 3109 1711 3161 viveret
1739 3118 1794 3161 et
1845 3109 2091 3174 pietate:
2121 3107 2254 3163 Cum
2322 3108 2356 3162 ii

795 3205 1001 3259 autem,
1040 3210 1157 3265 qua:
1177 3199 1243 3252 ab
1272 3199 1389 3268 ipso
1415 3199 1554 3253 dicta
1592 3200 1826 3267 fuerant,
1854 3216 1959 3255 una
1988 3216 2116 3256 voce
2161 3201 2361 3256 confir-

798 3294 1065 3353 massent,
1098 3289 1212 3361 ipse
1245 3306 1431 3344 rursus
1460 3310 1473 3344 :
1509 3289 1691 3355 Venit,
1726 3294 1923 3361 inquit,
1953 3295 2086 3346 mihi
2122 3294 2171 3347 in
2206 3309 2360 3346 men-

798 3386 906 3429 tem
947 3380 1189 3446 quatdam
1214 3380 1514 3459 cogitatio:
1549 3396 1611 3436 ea
1651 3392 1733 3437 est
1763 3394 1965 3449 autem,
1992 3392 2051 3437 ut
2101 3386 2360 3448 arbitror,

795 3465 1076 3523 divinioris
1106 3469 1382 3539 cujusdam
1406 3473 1775 3541 providentiae,
1801 3488 1921 3527 eum
1952 3473 2162 3527 lnitiare
2193 3474 2363 3527 chriso

797 3564 942 3610 male
973 3560 1286 3620 sacerdotii,
1320 3561 1448 3612 etei
1492 3562 1703 3613 tradere
1750 3563 1950 3622 vicum,
2006 3561 2099 3629 qui
2156 3570 2239 3613 est
2295 3559 2358 3611 ad

798 3645 1225 3716 Hellespontum.
1256 3648 1418 3703 Forte
1468 3651 1687 3719 poterit,
1722 3664 1874 3719 opem
1908 3664 2137 3719 superna
2172 3648 2220 3703 ei
2283 3650 2360 3701 I'e-

798 3749 956 3794 rente
988 3740 1196 3811 gratia,
1256 3741 1453 3797 multos
1505 3742 1766 3797 deducere
1790 3742 1856 3795 ad
1890 3742 2218 3812 agnitionem
2268 3753 2361 3794 ve-

795 3837 997 3892 ritatis.
1026 3836 1150 3891 Haec
1192 3837 1347 3904 dixit,
1381 3848 1438 3893 et
1492 3854 1523 3894 e
1590 3828 1848 3893 cathedra
1911 3839 2089 3893 Statim
2136 3849 2361 3905 surgens

795 3928 1106 3999 episcopus,
1135 3930 1277 3982 vadit
1305 3929 1374 3981 ad
1400 3928 1712 3981 Abramium
1734 3944 1856 3980 cum
1899 3929 2153 3980 universo
2189 3926 2356 3979 clero.

796 4017 1000 4087 Etiam
1024 4017 1199 4075 solitis
1226 4018 1385 4073 dictis
1408 4017 1658 4088 precibus
1688 4026 1967 4087 postquam
1990 4030 2111 4071 eum
2136 4016 2187 4070 In
2205 4015 2363 4070 Chri-

795 4117 883 4163 sto
914 4110 1217 4173 salutasset,
1250 4109 1557 4164 etosculum
1584 4110 1838 4175 dedisset,
1870 4111 1935 4164 de
1984 4110 2102 4164 vico
2166 4108 2216 4162 ei
2266 4124 2361 4163 ex-

797 4199 1169 4267 ponitomnia.
1214 4198 1477 4254 Praeterea
1510 4208 1689 4253 autem
1740 4214 1867 4253 eum
1939 4214 2152 4269 quoque
2207 4200 2361 4253 valde

795 4288 1029 4359 rogavit,
1060 4299 1115 4343 ut
1144 4289 1356 4345 illorum
1370 4288 1665 4358 susciperet
1689 4288 2087 4358 praefecturam.
2120 4286 2211 4344 Ille
2233 4302 2359 4343 vero

796 4396 919 4436 cum
954 4383 1185 4450 primum
1238 4382 1453 4451 quldem
1507 4381 1823 4455 episcopum
1886 4380 2168 4437 advenisse
2219 4396 2360 4452 agre

2486 566 2573 602 νον
2601 550 2701 603 ὑπὸ
2739 552 2903 621 μοδίῳ
2930 554 3022 606 καί
3050 551 3201 623 κλίνῃ
3245 552 3638 610 καλύπτεσθαι.
3674 553 3881 607 Οὔκουν
3926 554 4046 606 οὺδέ

2484 642 2851 694 κεκάλυπται·
2923 643 3036 695 ἀλλ’
3084 643 3275 715 ὥσπερ
3328 644 3518 715 πρώην
3575 647 3687 707 τοῖς
3752 644 4044 714 μαθηταῖς,

2484 728 2654 794 οὕτως
2690 733 2784 785 καὶ
2814 731 2909 785 νῦν
2958 734 3037 803 τῷ
3070 735 3291 787 ἐκείνων
3335 737 3545 804 μιμητῇ
3576 736 3810 805 Χριστὸς
3843 734 4049 787 ἄνωθεν

2481 820 2844 893 άποστολικὴν
2869 825 3164 893 ἐγχειρίζει
3202 824 3481 877 διακονίαν
3513 825 3613 895 τήν
3644 843 3702 878 τε
3733 824 3825 878 τοῦ
3854 824 4047 895 ἀνδρὸς

2480 910 2679 982 ἀρετὴν
2714 915 3012 985 ἱερωσύνης
3043 918 3177 986 τιμᾷ
3226 917 3491 985 χρίσματι
3527 919 3621 967 καὶ
3650 918 3841 978 κόποις
3868 918 4043 985 ἀσκη-

2477 1006 2648 1063 τικοῖς
2686 1004 3010 1073 ἀθλητικοὺς
3044 1006 3269 1068 εἰκότως
3302 1007 3496 1068 πόνους
3532 1007 3889 1059 ὲπισυνάπτει
3949 1006 4044 1059 καὶ

2479 1093 2765 1159 στεφάνοις
2817 1097 3141 1165 ἐγκρατείας
3180 1099 3479 1165 στεφάνους
3510 1098 3829 1167 παραδόξως
3874 1097 4047 1151 ἐπιτίο

2476 1182 2600 1251 θησι
2640 1188 2979 1255 μαρτυρίας·
3016 1189 3165 1250 ὅπως
3199 1188 3254 1241 δὲ
3308 1190 3414 1260 ἄρα
3451 1191 3543 1241 καί
3581 1190 3701 1243 τίνα
3726 1190 3813 1243 τὸν
3837 1191 4044 1260 τρόπον

2473 1276 2541 1328 τά
2565 1276 2657 1329 τοῦ
2689 1278 2847 1345 λόγου
2874 1278 3104 1349 δηλώσει
3138 1299 3247 1352 μοι.

2542 1366 2614 1421 Ζ’.
2664 1370 2752 1422 Ἐν
2781 1374 2846 1441 τῇ
2872 1373 2948 1423 A1
2960 1374 3179 1442 μψάκῳ,
3209 1376 3274 1443 τῇ
3303 1373 3435 1445 πρὸς
3460 1373 3847 1443 Ἑλλήσποντον
3878 1374 4039 1445 κώμη

2469 1474 2552 1519 τις
2574 1453 2641 1531 ἦν
2665 1460 2875 1530 μεγάλη
2906 1462 3000 1514 καὶ
3027 1464 3451 1533 πολυάνθρωπος
3479 1464 3792 1533 καλουμένη
3824 1466 4038 1519 Ταινία·

2468 1549 2591 1601 ἐπεὶ
2620 1550 2677 1602 δέ
2712 1552 2760 1603 oi
2794 1552 2892 1621 τὴν
2917 1554 3172 1625 τοιαύτην
3201 1555 3397 1625 κώμην
3429 1556 3705 1619 οἰκοῦντες
3738 1559 3803 1626 τῇ
3829 1558 4037 1627 χαλεπῇ

2466 1641 2575 1693 τῶν
2615 1643 2884 1712 Ἑλλήνων
2914 1643 3052 1715 ἦσαν
3082 1649 3265 1718 ἀπάτῃ
3292 1650 3740 1718 κατειλημμένοι,
3772 1649 3906 1702 πολὺ
3939 1649 4039 1719 μὲν

2469 1731 2730 1786 ἑκάστοτε
2762 1734 2963 1801 πλῆθος
2986 1740 3165 1801 αὐτοῖς
3192 1741 3380 1809 ἱερέων
3407 1741 3499 1792 καὶ
3525 1741 3788 1793 διακόνων
3814 1741 3919 1791 ὑπὸ
3940 1740 4035 1793 τοῦ

2464 1824 2564 1893 τῆς
2598 1827 2905 1898 ἐπισκοπῆς
2959 1833 3299 1899 προεστῶτος
3363 1836 3678 1903 ἐπέμπετο·
3745 1835 3931 1887 πολλοί
3980 1834 4037 1887 et

2462 1915 2568 1968 τῶν
2600 1918 2690 1969 τὸν
2722 1922 2930 1991 μονήρη
2990 1922 3103 1991 βίον
3148 1926 3514 1995 ἀνῃρημένων
3558 1926 3869 1979 διδάσκαλοι
3900 1930 4032 1997 παρ’

2463 2008 2627 2061 αὐτοῦ
2654 2013 2718 2079 τῇ
2748 2010 2909 2083 κώμῃ
2939 2015 3265 2067 καθίσταντο
3286 2032 3298 2043 ·
3333 2016 3538 2067 τούτων
3568 2017 3622 2067 δὲ
3661 2018 3813 2085 ὅμως
3859 2017 4037 2076 οὐδεὶς

2466 2097 2794 2165 μεταϐαλεῖν
2828 2103 3024 2164 αὐτοὺς
3057 2103 3153 2172 τῆς
3182 2104 3396 2174 ἀπάτης
3445 2104 3682 2172 ἠδύνατο
3703 2116 3717 2132 ⁶
3777 2104 3912 2157 ἀλλὰ
3946 2105 4037 2156 καὶ

2464 2189 2685 2259 βάσανοι
2742 2195 2941 2263 μᾶλλον
3000 2198 3143 2249 κατὰ
3198 2200 3304 2250 τῶν
3344 2199 3582 2252 εὐσεϐῶν
3633 2198 3728 2252 καί
3770 2198 4035 2268 τιμωρίαι

2462 2282 2592 2349 παρ’
2624 2282 2846 2337 ἐκείνων
2877 2286 3173 2355 ἠπείληντο
3234 2288 3327 2339 καὶ
3376 2289 3650 2349 κολάσεως
3689 2284 3827 2349 εἶδος
3882 2288 4033 2340 οὐδὲν

2460 2370 2596 2436 ὅλως
2619 2368 2707 2442 ἦν,
2742 2374 2767 2425 ὂ
2801 2376 2875 2443 μὴ
2906 2377 3113 2438 τούτοις
3138 2380 3380 2448 φοϐερῶς
3422 2379 3725 2431 ἐπεσείετο.
3766 2379 4033 2446 Ἀπορου-

2466 2464 2625 2532 μένου
2662 2468 2839 2518 τοίνυν
2865 2468 2957 2519 τοῦ
2996 2472 3089 2538 τῆς
3124 2470 3428 2538 ἐπισκοπῆς
3472 2470 3832 2539 προεστῶτος,
3866 2470 3920 2521 τί
3968 2470 4037 2523 ἂν

2459 2556 2567 2608 δέοι
2599 2561 2770 2609 ποιεῖν
2803 2560 2938 2630 πρὸς
2967 2561 3063 2631 τὴν
3094 2562 3202 2613 τῶν
3246 2562 3679 2631 πεπλανημένων
3711 2566 4031 2630 ἐπίγνωσιν,

2462 2648 2556 2698 καὶ
2594 2647 2786 2717 δήποτε
2816 2650 2873 2701 τὸ
2898 2653 3127 2720 πρᾶγμα
3166 2655 3277 2715 τοῖς
3308 2654 3433 2722 τεερί⁵
3467 2654 3624 2704 αὑτὸν
3656 2655 4033 2721 κοινουμένου,

2464 2741 2651 2810 μνήμη
2712 2758 2794 2803 τις
2850 2742 3231 2811 παρεμπίπτει
3280 2744 3481 2811 μεταξὺ
3547 2745 3639 2795 τοῦ
3714 2744 4035 2812 θαυμαστοῦ

2474 2830 2772 2901 Ἀδραμίου
2800 2852 2811 2863 ·
2846 2833 3057 2896 καὶτὰς
3088 2834 3239 2905 παρὰ
3268 2834 3375 2888 τῶν
3408 2836 3582 2888 ἄλλων
3628 2835 3789 2898 αὐτὸς
3822 2852 4034 2904 μαρτυ-

2466 2922 2586 2991 ρίας
2620 2923 2719 2974 οὐκ
2748 2924 3068 2991 ἀναμείνας,
3096 2922 3309 2995 πρῶτος
3342 2924 3504 2987 εὐθὺς
3530 2924 3627 2987 τὰς
3659 2924 3866 2985 οἰκείας
3904 2924 4035 2993 περὶ

2462 3015 2627 3070 αὑτοῦ
2682 3016 2894 3079 πίστεις
2953 3018 3293 3087 παρέσχετο·
3330 3017 3663 3068 Πιστεύσατέ
3698 3033 3810 3083 μοι,
3843 3015 4035 3081 τέκνα,

2463 3109 2652 3173 εἰπών,
2683 3108 2787 3159 ὑπὸ
2821 3108 3058 3176 μάρτυρι
3085 3106 3330 3175 μέλλοντι
3358 3106 3536 3173 λέγειν
3567 3110 3633 3174 τῇ
3676 3106 3926 3175 ἀληθείᾳ,
3960 3106 4035 3168 ὠς

2463 3199 2715 3249 οὐδέποτέ
2751 3214 2839 3267 μοι
2870 3196 2955 3250 διὰ
2993 3198 3173 3267 πάσης
3202 3196 3418 3265 ἐγένετο
3470 3197 3565 3263 τῆς
3602 3196 3743 3266 ζωῆς
3790 3198 4037 3250 τοιοῦτον

2463 3288 2631 3357 ἄνδρα
2664 3288 2788 3339 ἰδεῖν
2824 3287 2915 3339 καὶ
2954 3286 3125 3349 οὕτως
3162 3292 3217 3340 ἐν
3248 3290 3417 3357 αρετῇ
3456 3286 3695 3355 τοσαύτῃ
3734 3287 3911 3349 ζῶντα
3943 3290 4037 3340 καὶ

2463 3379 2739 3449 εύλαὸείᾳ,
2763 3380 2884 3432 Τῶν
2910 3380 2967 3433 δὲ
2990 3381 3057 3432 τὰ
3078 3382 3210 3450 παρ’
3245 3379 3409 3431 αὐτοῦ
3440 3382 3708 3450 εἰρημένα
3750 3383 3900 3447 φωνῇ
3933 3380 4035 3452 μία

2462 3472 2992 3541 ἐπισφραγισάντων,
3020 3472 3183 3523 πάλιν
3212 3472 3403 3533 αὐτός’
3438 3472 3652 3524 Ἔννοιά
3676 3470 3744 3540 μέ
3772 3487 3854 3531 τις
3874 3466 4033 3540 ἦλθε,

2463 3561 2629 3631 φησί·
2680 3561 2959 3633 θειοτέρας
3002 3561 3059 3613 δὲ
3084 3556 3237 3631 οἶμαι
3281 3561 3376 3612 καὶ
3429 3562 3684 3627 προνοίας
3751 3560 3888 3630 αὕτη
3936 3562 4035 3616 καὶ

2462 3652 2792 3718 οἰκονομίας,
2832 3651 2909 3718 τῷ
2960 3652 3056 3720 τῆς
3084 3651 3382 3720 ἱερωσύνης
3439 3651 3601 3702 αὑτὸν
3651 3650 3913 3717 χρίσματι
3943 3666 4035 3703 τι·

2461 3740 2683 3793 λειῶσαι
2710 3742 2802 3793 καὶ
2824 3741 2921 3809 τὴν
2951 3738 3144 3810 κώμην
3169 3740 3315 3807 αύτῴ
3342 3739 3438 3807 τὴν
3464 3740 3599 3805 πρὸς
3638 3739 4039 3811 Ἑλλήσποντον

2460 3836 2801 3905 ἐγχειρίσαι·
2834 3836 2960 3896 ῐσως
2987 3832 3295 3901 δυνήσεται,
3330 3831 3731 3903 συναιρομένης
3762 3832 3912 3906 αὐτῷ
3940 3834 4040 3885 καὶ

2459 3929 2556 3995 τῆς
2578 3927 2780 3979 ἀνωθεν
2801 3926 3040 3993 χάριτος,
3077 3927 3155 3987 είς
3194 3926 3489 3992 ἐπίγνωσιν
3510 3924 3607 3992 τῆς
3629 3922 3883 3992 ἀληθείας
3907 3926 4034 3986 τοὺς

2462 4018 2689 4078 πολλοὺς
2712 4015 3000 4084 ὁδηγῆσαι.
3032 4016 3218 4067 Ταῦτα
3252 4016 3381 4084 ἔφη,
3413 4016 3510 4067 καὶ
3540 4016 3613 4078 ὼς
3649 4010 3793 4085 εἶχεν
3818 4015 3978 4077 εὐθὺς
3998 4018 4027 4070 ό

2459 4109 2752 4169 ἐπίσκοπος
2778 4108 2875 4175 τῆς
2906 4106 3175 4177 καθέδρας
3206 4107 3530 4172 ἐξαναστάς,
3556 4108 3672 4174 ἅμα
3700 4108 3774 4173 τῷ
3826 4108 4023 4177 κλήρῳ

2462 4200 2776 4267 παντὶπρὺς
2806 4199 2896 4249 τὸν
2930 4200 3203 4265 μακάριον
3239 4197 3427 4249 ἄπεισι
3497 4196 3590 4248 καὶ
3631 4198 3730 4265 τῆς
3760 4198 4031 4267 συνήθους

2460 4290 2625 4358 εὐχῆς
2656 4288 2754 4357 ἤδη
2782 4286 3155 4359 γεγενημένης
3187 4288 3325 4355 μετὰ
3359 4286 3448 4338 τὸν
3484 4288 3541 4341 ἐν
3581 4289 3803 4359 Χριστῷ
3853 4293 4038 4344 άσπα-

2464 4381 2621 4449 σμὸν,
2639 4380 2857 4447 τάιπερί
2879 4378 2978 4447 τῆς
3006 4378 3197 4448 κώμης
3222 4377 3439 4432 ἅπαντα
3465 4378 3599 4449 πρὸς
3619 4378 3781 4434 αὑτὸν
3807 4379 4034 4451 διεξῄει·

798 4472 1033 4534 tulisset,
1058 4482 1114 4527 ut
1138 4474 1228 4543 qui
1258 4482 1476 4541 putaret
1498 4489 1559 4527 se
1588 4488 1707 4529 esse
1752 4475 2050 4543 indignum,
2088 4475 2153 4529 ad
2198 4490 2356 4542 quem

2463 4473 2598 4545 πρὸς
2625 4472 2679 4525 δὲ
2709 4472 2804 4524 καὶ
2829 4470 2979 4541 ἠξίου
3007 4471 3151 4537 μάλα
3176 4470 3394 4537 θερμῶς
3417 4470 3509 4521 τοῦ
3532 4470 3629 4539 τὴν
3655 4471 3876 4522 ἐκείνων
3898 4475 4037 4526 ἀνα-

797 4573 982 4619 tantus
1018 4566 1101 4618 vir
1130 4565 1413 4620 accederet
1445 4582 1459 4620 :
1497 4564 1689 4620 deinde
1747 4568 1909 4617 etiam
1956 4580 2075 4634 quae
2128 4566 2356 4630 dixerat,

798 4657 1037 4726 graviter
1060 4657 1378 4725 accepisset,
1418 4666 1633 4725 propter
1684 4671 1933 4725 magnam
1991 4657 2135 4710 illam
2182 4660 2360 4713 cordis

796 4750 1179 4805 contritionem
1213 4757 1267 4802 et
1297 4750 1743 4816 moderationem,
1776 4759 1834 4803 et
1889 4749 2031 4818 quod
2084 4764 2142 4803 se
2212 4751 2359 4807 nullo

797 4849 1078 4911 reputaret
1104 4854 1225 4894 esse
1249 4841 1487 4911 dignum,
1542 4856 1604 4893 ea
1659 4843 1951 4909 respondit,
1979 4857 2099 4911 qua:
2149 4852 2202 4895 et
2268 4845 2357 4899 tali

797 4933 919 4987 vitae
947 4932 1355 4996 conveniebant,
1382 4942 1435 4986 et
1482 4943 1645 4988 tanta:
1691 4934 2018 4987 humilitati:
2071 4935 2203 4999 Quis
2262 4951 2362 5002 ego

798 5036 940 5087 sum,
972 5024 1187 5077 domine
1234 5023 1329 5088 mi,
1368 5023 1574 5086 dicens,
1606 5032 1661 5079 ut
1692 5024 1977 5077 sacerdotii
2005 5032 2210 5077 tantam
2232 5027 2359 5078 sub-

800 5129 917 5175 eam
944 5114 1389 5183 magnitudinem,
1409 5124 1465 5170 et
1494 5115 1674 5182 gravis
1698 5116 1923 5185 populus
1956 5115 2086 5171 mihi
2110 5118 2357 5170 commit-

800 5212 941 5256 tatur
961 5204 1273 5260 docendus?
1306 5205 1431 5258 Sine
1462 5221 1555 5274 per
1589 5204 1883 5271 Christum,
1914 5208 2029 5262 sine
2054 5223 2139 5263 me
2166 5210 2361 5264 acerbe

802 5311 921 5349 mea
946 5295 1141 5349 deﬂere
1174 5305 1421 5365 peccata.

2458 4562 2717 4625 δέξασθαι
2734 4558 3155 4631 προστασίαν·.ὁ
3180 4557 3235 4609 δὲ
3258 4558 3448 4629 πρῶτα
3478 4558 3577 4625 μὲν
3602 4558 3699 4630 τὴν
3731 4561 4037 4616 ἐπισκόπου

2462 4652 2793 4719 δυσχεράνας
2854 4648 3167 4719 ἐπιδημίαν,
3201 4650 3451 4717 καθάπερ
3483 4648 3582 4719 οὐχ
3616 4650 3800 4703 ἰκανὸν
3842 4653 4039 4705 ἑαυτὸν

2462 4746 2651 4815 ἀνδρὸς
2690 4742 3011 4813 τηλικούτου
3050 4742 3353 4811 παρουσίας
3404 4744 3685 4809 οἰόμενος,
3730 4742 3923 4796 ἔπειτα
3977 4744 4036 4796 δὲ

2462 4836 2555 4889 καὶ
2582 4836 2791 4906 βαρέως
2823 4837 2945 4895 τοὺς
2970 4834 3099 4903 παρ’
3157 4832 3320 4885 αὑτοῦ
3372 4832 3664 4900 δεξάμενος
3719 4834 3909 4901 λόγους
3943 4836 4035 4888 διὰ

2460 4931 2560 5000 τὴν
2586 4930 2782 4997 πολλὴν
2818 4928 3032 4996 ἐκείνην
3062 4925 3353 4997 συντριϐεην
3392 4927 3491 4994 τῆς
3520 4928 3768 4995 καρδίας,
3802 4930 3895 4979 καὶ
3934 4946 4036 4995 με-

2458 5024 2736 5092 τριότητα,
2771 5021 2863 5072 καὶ
2888 5020 2945 5071 τὸ
2980 5018 3074 5071 τοῦ
3105 5018 3332 5087 μηδενὸς
3362 5018 3512 5082 ἄξιον
3534 5020 3726 5073 ἑαυτὸν
3752 5021 4031 5087 ἡγεῖσθαι,

2461 5114 2528 5169 τὰ
2568 5113 2660 5164 καὶ
2694 5112 2793 5182 βίῳ
2817 5110 3045 5181 τοιούτῳ
3079 5112 3172 5161 καὶ
3204 5110 3531 5163 ταπεινώσει
3585 5111 3821 5179 τοσαύτῃ
3853 5128 4030 5176 προσ-

2460 5208 2681 5275 ήκοντα,
2714 5206 2848 5271 προς
2886 5204 3048 5255 αὐτὸν
3084 5203 3449 5271 ἁπεκρίνατο·
3477 5204 3572 5265 Τίς
3606 5204 3722 5272 είμί
3754 5204 3881 5269 ἐγὼ,
3919 5205 4033 5258 Κύ-

2465 5301 2545 5370 ριέ
2574 5315 2697 5367 μου,
2741 5296 2933 5363 Κύριε,
2988 5294 3181 5361 λέγων,
3208 5293 3344 5346 ῶστε
3373 5295 3691 5364 τηλικοῦτον
3729 5296 4030 5367 ἱερωσύνης

802 5392 1032 5465 μέγεθος
1068 5392 1319 5449 ὑπελθεῖν
1385 5392 1479 5445 καὶ
1530 5391 1659 5444 λαοῦ
1725 5392 1934 5464 βαρέως
1997 5383 2346 5448 διδασκαλίαν
2398 5394 2843 5467 ὲγχειρισθῆναις
2906 5393 3105 5445 Ἔασον
3162 5392 3249 5447 διὰ
3298 5393 3551 5462 Χριστὸν,
3614 5394 3774 5445 ἔασον
3819 5396 4031 5465 πικρῶς

797 5484 1242 5539 ἁποκλαύσασθαι
1268 5486 1364 5550 τὰς
1392 5486 1631 5555 ἐμαυτοῦ
1659 5488 2053 5559 πλημμελείας.

870 5576 1002 5631 νιιι.
1030 5578 1129 5632 Cui
1198 5595 1385 5634 rursus
1441 5581 1724 5649 episcopus
1773 5587 2098 5653 respondens
2136 5605 2145 5640 :
2185 5586 2349 5643 Recte

802 5664 936 5726 scio,
981 5665 1170 5733 inquit,
1207 5680 1238 5720 ο
1269 5668 1430 5719 cbare
1467 5668 1536 5720 [ili
1564 5669 1804 5732 Abrami,
1837 5675 1975 5738 quod
2010 5676 2200 5741 gratia,
2234 5690 2351 5741 qua:

804 5750 898 5809 libi
928 5753 1045 5807 data
1083 5762 1161 5807 est
1192 5755 1456 5820 aSpiritu,
1483 5764 1671 5828 potens
1732 5774 1788 5814 es
1819 5771 1873 5815 et
1894 5764 2070 5817 verbis
2100 5774 2151 5818 et
2175 5766 2349 5820 factis.

2531 5584 2609 5635 H'.
2645 5581 2785 5650 Πρὸς
2818 5580 2875 5633 ὃν
2927 5580 2953 5631 ὁ
2982 5579 3279 5642 ἐπίσκοπος
3340 5577 3493 5644 αὖθις
3523 5580 3610 5632 τὸν
3643 5581 3798 5649 λόγον
3828 5579 4032 5633 ἀναλα-

2463 5677 2568 5727 ϐών
2594 5694 2604 5704 ·
2644 5671 2773 5728 Οἶδα
2814 5674 3020 5742 σαφῶς,
3056 5670 3405 5736 οἶδα,τέκνον
3439 5673 3709 5733 ποθεινὸν,
3737 5674 4028 5742 ’Δόράμιε,

2462 5761 2636 5831 εἶπεν,
2675 5767 2836 5839 ώςτῇ
2867 5765 3121 5835 δεδομένη
3162 5782 3241 5819 σοι
3270 5766 3419 5833 παρὰ
3461 5765 3548 5817 τοῦ
3583 5765 3899 5837 ῐΙνιύματος
3931 5766 4028 5837 χάς
