4208 6300
184 303 242 362 53
1392 294 1569 357 VITA
1611 295 1668 356 S.
1711 296 2062 361 ABRAMII.
3291 295 3361 361 54

189 428 271 481 pm
322 402 521 468 δυνατός
552 399 605 457 si
635 404 728 458 καὶ
754 404 933 472 λόγοις
984 404 1077 458 καὶ
1131 406 1456 476 πράγμασι·
1498 407 1572 476 μὴ
1604 400 1699 458 οὖν
1731 416 1773 468 Α
1805 408 1851 461 Νη

1731 416 1773 468 Α
1805 408 1878 464 Ne
1901 426 2030 479 ergo
2061 408 2392 465 dubitavcris
2449 412 2513 465 ad
2547 423 2746 467 munus
2785 410 3062 477 accedere,
3087 410 3227 480 quod
3258 412 3367 464 erit

183 498 447 569 ἀποκνήσῃς
500 494 649 565 ἔργῳ
695 494 944 551 καθεῖναι
995 497 1216 559 σαυτὸν,
1263 497 1533 566 τοσαύτης
1598 498 1696 569 μὲν
1798 517 1845 570 (ιι

1798 502 2010 570 quidem
2041 516 2201 558 causa
2250 511 2414 557 tanta!
2466 502 2767 556 animarum
2821 501 3087 566 utilitatis,
3147 517 3368 572 magnas

183 591 335 663 ψυχῶν
369 585 627 657 ὠφελείας
657 586 838 658 αἰτίῳ,
885 588 1131 659 μεγάλας
1177 589 1236 644 δὲ
1270 590 1367 644 καί
1419 607 1503 644 σοι
1548 591 1699 659 παρά
1802 608 1845 646 at

1802 603 1979 646 autem
2010 595 2149 661 apud
2178 592 2342 648 Deum
2398 594 2491 649 tibi
2544 592 2849 650 conciliabit
2882 595 3366 650 remunerationes.

179 685 291 741 Θεοῦ
317 678 650 755 προξενοῦντι
698 682 798 743 τὰς
833 681 1149 743 ἀντιδόσεις.
1190 680 1251 738 '0
1280 682 1338 736 δὲ
1363 685 1475 746 τοῖς
1502 682 1699 753 προτέο
1801 684 1839 737 ll

1801 683 1894 737 ille
1928 699 2054 739 vero
2082 700 2432 754 perseverans
2465 688 2516 740 in
2545 686 2814 757 prioribus
2846 703 2861 741 :
2900 685 3029 740 Sine
3053 702 3203 754 rogo,
3240 702 3364 741 rur-

184 795 293 849 ροις,
308 773 561 844 ἂπιμένων
582 773 678 826 καὶ
698 772 778 827 ἔτι
799 788 813 805 ’
836 774 1055 835 Ἐασον,
1078 768 1233 837 αὖθις
1250 773 1577 844 παρακαλῶ,
1607 776 1700 827 εα-
1802 792 1844 831 si

1802 792 1894 831 sus
1921 776 2151 843 dicebat,
2176 777 2294 832 sine
2326 793 2410 831 me
2428 777 2562 831 mala
2594 779 2810 849 propria
2843 778 3060 832 deﬂere.
3094 777 3187 831 Ille
3218 792 3365 843 vero,

180 888 270 934 σον,
290 868 443 934 ἔλεγε,
459 864 526 919 τά
542 865 722 918 οίκεῖα
742 863 1007 935 θρηνῆσαι
1024 865 1189 920 κακά.
1211 866 1322 918 Kai
1338 865 1394 927 δς
1408 864 1699 918 ὑπολαϐὼν
1804 883 1842 920 l'l

1683 882 1699 917 ι
1804 867 2154 936 respondens,
2187 868 2489 924 acrioribus
2546 883 2667 923 eum
2703 868 2883 925 verbis
2933 869 3171 939 excepit,
3203 869 3345 923 Ecce

178 960 478 1030 δριμυτέροις
495 957 660 1010 αὐτὸν
685 955 946 1025 ἠμείϐετο
974 956 1157 1024 λόγοις
1181 972 1193 986 ·
1230 956 1360 1008 Ἰδοὺ
1392 957 1454 1026 δὴ
1475 958 1699 1026 κόσμον,
1803 959 1833 1011 d

1803 959 2008 1023 dicens,
2045 968 2234 1013 cumet
2262 960 2542 1025 mundum,
2576 968 2628 1015 et
2651 974 2771 1030 quae
2802 959 2988 1013 mundi
3029 967 3156 1013 sunt
3185 957 3367 1013 omnia

176 1054 338 1121 λέγων,
389 1050 478 1103 καὶ
530 1050 600 1103 τὰ
633 1047 727 1101 τοῦ
755 1048 966 1117 κόσμου
1024 1047 1363 1109 καταλιπὼν,
1396 1048 1490 1100 καὶ
1515 1049 1565 1100 τί
1603 1048 1701 1117 μὲν
1804 1064 1838 1101 τι

1804 1048 2111 1119 reliqueris,
2144 1060 2197 1105 et
2234 1051 2365 1121 quid
2398 1067 2504 1106 non
2544 1051 2813 1108 laudabile
2853 1052 3073 1122 quidem
3109 1066 3370 1106 exercue-

176 1145 259 1198 οὐκ
285 1142 515 1211 ἀσκήσας
545 1140 862 1205 ἐπαινετὸν,
897 1140 1058 1203 ποίας
1092 1138 1148 1192 δὲ
1184 1138 1291 1192 τῶν
1328 1138 1422 1191 τοῦ
1454 1138 1589 1191 Θεοῦ
1620 1141 1702 1191 ὲν·
1806 1142 1838 1195 ri

1806 1141 1901 1206 ris,
1926 1142 2197 1212 quodnam
2245 1153 2425 1198 autem
2478 1143 2571 1199 Dei
2621 1154 2945 1214 praeceptum
2986 1158 3089 1197 non
3123 1151 3373 1198 accurate

172 1234 314 1289 τολῶν
340 1233 408 1304 μὴ
436 1231 612 1301 φύλαξ
651 1230 952 1301 ἀναφανεὶς
978 1230 1396 1299 ἀκριϐέστατος,
1433 1230 1494 1283 τὸ
1532 1230 1703 1299 κεφά-
1806 1251 1834 1291 ο

1806 1236 2127 1300 servaveris,
2161 1237 2213 1292 id
2236 1238 2378 1308 quod
2404 1246 2486 1293 est
2507 1239 2855 1309 praecipuum,
2888 1238 3071 1293 nescio
3104 1236 3375 1307 quomodo

174 1328 297 1381 λαιον
318 1327 409 1380 οὐκ
429 1321 524 1378 οἶδ’
548 1326 700 1389 ὅπως
735 1322 926 1388 ἔλαθες
941 1323 1268 1393 παραλιπὼν
1296 1323 1395 1395 τὴν
1431 1322 1702 1394 ὑπακοήν.
1807 1330 1836 1385 ii

1807 1330 2120 1401 imprudens
2148 1331 2564 1400 prmtermisisti,
2599 1344 2793 1401 nempe
2834 1329 3216 1385 obedientiam.
3248 1320 3375 1382 Hac

171 1418 355 1473 Τούτων
370 1418 605 1481 ἀκούσας
626 1420 653 1469 6
676 1416 1106 1488 μακάριος,τοὺς
1128 1414 1442 1485 ὀφθαλμοὺς
1457 1415 1706 1496 δακρύων
1808 1435 1833 1476 c

1808 1435 1931 1476 cum
1966 1421 2053 1477 ille
2081 1422 2340 1479 audiisset
2371 1423 2432 1479 Β.
2459 1423 2781 1488 Abramius,
2813 1423 3000 1478 oculos
3034 1419 3272 1476 sull‘usus
3299 1419 3379 1474 la-

171 1512 500 1583 ύποπλησθεὶς
530 1512 626 1564 καὶ
658 1510 721 1580 δή
769 1527 822 1562 τι
848 1508 1113 1571 στενάξας
1146 1507 1285 1577 βαθὺ
1344 1506 1439 1560 καί
1473 1506 1706 1578 ὑπόθερ-
1806 1525 1833 1567 c

1806 1512 2029 1583 crymis,
2083 1521 2139 1566 et
2181 1527 2249 1568 ex
2292 1514 2405 1568 imo
2452 1515 2687 1585 graviter
2743 1513 3061 1580 suspirans:
3099 1510 3229 1578 Quis
3279 1523 3378 1579 ego

168 1619 284 1673 pov'
308 1603 407 1655 Καὶ
439 1600 520 1663 τίς
551 1602 671 1668 εἰμι
693 1598 826 1667 εγὼ,
862 1598 1021 1668 κύριέ
1050 1615 1174 1668 μου,
1202 1598 1379 1668 κύριε,
1411 1598 1567 1668 φησὶ,
1620 1598 1708 1653 ῐνοι
1808 1616 1830 1655 s

1808 1616 1950 1665 sum,
1994 1600 2232 1667 domine.
2274 1603 2490 1660 domine
2527 1603 2621 1670 mi,
2653 1605 2826 1675 inquit
2879 1605 2963 1675 (ut
3002 1617 3190 1658 rursus
3219 1616 3379 1670 repe-

168 1696 249 1749 καὶ
271 1689 414 1756 αὖθις
431 1690 690 1747 ἀναλάϐω
712 1692 782 1744 τά
808 1690 1103 1761 εἰρημένα,
1133 1690 1218 1743 ὅτι
1250 1690 1518 1754 τοιούτοις
1548 1688 1710 1760 ἔσχες
1741 1742 1783 1765 ﬁ
1816 1700 1830 1745 t

1741 1742 1783 1765 ﬁ
1816 1700 1922 1745 tam
1982 1706 2071 1758 ea,
2107 1708 2228 1763 quae
2280 1694 2422 1750 dicta
2486 1694 2653 1765 sunt),
2701 1702 2762 1750 ut
2793 1695 2859 1749 de
2895 1709 2980 1749 me
3008 1692 3167 1748 talem
3196 1705 3381 1748 susce-

166 1789 275 1857 περί
300 1742 429 1856 ἐμοῦ
461 1784 761 1856 λογισμοὺς
786 1742 881 1837 καί
920 1742 1104 1846 ’ἐοτωξ
1136 1782 1289 1847 ὅλαις
1330 1742 1519 1854 χερσὶν
1741 1742 1786 1802 Β

1741 1742 1786 1802 Β
1812 1782 1955 1852 peris
1974 1742 2377 1855 cogitationem,
2416 1794 2471 1841 et
2490 1742 2720 1855 πηοί(ιυί
2753 1801 2871 1840 sum
2896 1785 3018 1841 vilis
3044 1793 3098 1840 et
3112 1782 3378 1851 abiectus.

166 1879 307 1931 κύσαι
360 1894 424 1946 με
454 1875 782 1945 φιλονεικείς
824 1875 962 1944 πρὸς
1002 1874 1322 1943 τηλικοῦτον
1349 1873 1481 1944 ὕψος
1506 1874 1708 1946 ἀρχῆς,
1811 1887 1828 1927 s

1811 1872 1891 1927 sic
1923 1883 2032 1928 tota
2065 1889 2229 1929 manu
2256 1877 2555 1933 contendas
2577 1877 2852 1932 attrahere
2876 1878 2944 1931 ad
2976 1884 3178 1931 tantam
3213 1875 3384 1930 virtu—

165 1970 244 2021 τόν
258 1968 439 2037 εὐτελῆ
468 1966 563 2020 καὶ
589 1964 1003 2037 ἀπερριμένονς
1030 1964 1140 2017 Kai
1171 1964 1200 2016 6
1230 1962 1532 2027 ἐπίσκοπος
1556 1979 1571 1995 ο
1629 1964 1710 2017 Δι’

1815 1968 1883 2022 tis
1934 1967 2642 2040 altitudinemiEpiscopus
2696 1982 2877 2026 autem
2911 1969 3241 2037 :Quoniam.
3300 1968 3385 2022 in-

163 2062 251 2125 δτι,
282 2059 461 2131 φησὶν,
492 2061 521 2113 6
552 2059 654 2129 μὲν
684 2056 862 2126 ἑαυτῷ
897 2056 1046 2127 μόνῳ
1082 2056 1189 2120 ζῶν
1221 2057 1316 2109 xai
1367 2056 1505 2125 μόνα
1530 2056 1713 2120 καλῶς
1812 2075 1825 2117 ι

1812 2059 1950 2129 quit,
1982 2060 2073 2128 qui
2104 2060 2207 2116 sibi
2248 2060 2470 2131 quidem
2497 2062 2599 2118 soli
2638 2061 2790 2127 vivit,
2828 2072 2888 2117 et
2912 2063 3082 2117 solum
3116 2069 3293 2125 curat,
3326 2062 3398 2114 ut',

160 2156 290 2218 ὅπως
317 2154 426 2224 ἔχοι
468 2153 536 2207 τά
581 2152 705 2207 καθ’
741 2152 937 2205 ἑαυτὸν
976 2151 1285 2222 μεριμνῶν,
1348 2152 1526 2222 ἐαυτῷ
1564 2153 1720 2223 μόνῳ

162 2248 411 2317 περιποιεῖ
444 2245 544 2317 τὴν
603 2245 912 2313 ὠφέλειανς
971 2244 1071 2296 Τὺι
1097 2243 1156 2296 δὲ
1188 2244 1282 2297 καὶ
1311 2243 1379 2296 τὰ
1408 2243 1515 2297 τῶν
1539 2244 1714 2298 ἀλλων

159 2336 469 2408 ἐπανορθοῦν
496 2337 593 2391 καὶ
610 2335 799 2405 ψυχῶν
814 2334 1136 2403 ἐπιμέλειαν
1153 2332 1569 2397 πεπιστεῦσθαι,
1590 2335 1716 2388 ὅσον

153 2418 254 2497 ’ἔχει
288 2431 343 2481 τὸ
372 2428 563 2499 κέρδος
609 2428 703 2480 καὶ
746 2428 933 2479 ὁποῖον
956 2424 1182 2495 ἀγάπης
1221 2425 1421 2495 δεῖγμα
1445 2425 1543 2496 τῆς
1578 2426 1714 2498 πρὸς

158 2522 294 2587 Θεὸν,
328 2521 419 2576 καὶ
440 2523 591 2580 ὅπως
630 2521 852 2590 ἀπάσης
886 2521 1004 2574 ἐστὶ
1045 2520 1228 2588 μεῖζον
1257 2519 1359 2589 τῆς
1390 2519 1526 2587 πρὸς
1554 2521 1715 2574 αὐτὸν

157 2613 455 2685 θεραπείας,
480 2613 882 2672 αύτδνλὲκεῖνόν
905 2630 991 2666 σοι
1016 2612 1207 2664 τούτου
1232 2612 1545 2681 παρέξομαι
1574 2613 1716 2683 μάρ-

156 2721 306 2776 τυρα·
342 2725 361 2758 s
402 2705 464 2758 Εί
501 2705 611 2778 γὰρ
641 2705 816 2774 φιλεῖς
874 2720 965 2774 με,
1029 2703 1226 2776 Πέτρε,
1263 2701 1420 2771 φησὶ,
1461 2703 1717 2771 ποίμαινε

157 2798 213 2847 τὰ
256 2798 505 2867 πρόϐατά
537 2816 662 2868 μου.
700 2816 717 2849 ι
771 2798 937 2849 Ὥστε
968 2795 1231 2850 τοσοῦτον
1265 2795 1424 2866 μέλει
1466 2795 1587 2866 Θεῷ
1618 2797 1719 2866 τῆς

155 2886 250 2937 τῶν
296 2888 571 2955 ποιμνίων
598 2887 939 2954 ἐπιμελείας,
976 2886 1051 2947 ὡς
1087 2887 1180 2938 καὶ
1224 2887 1481 2956 μέγιστον
1511 2887 1609 2958 τῆς
1642 2889 1718 2951 είς

1815 2167 1902 2206 res
1931 2168 2044 2208 sum
2079 2163 2227 2209 recte
2258 2170 2320 2210 se
2346 2155 2608 2222 habeant,
2640 2156 2743 2212 sibi
2772 2155 2869 2211 soli
2892 2161 3046 2225 parat
3071 2154 3382 2209 utilitatem.

1814 2242 1963 2297 Alios
2014 2251 2193 2298 autem
2249 2245 2524 2313 corrigere
2571 2254 2627 2299 et
2655 2245 2960 2299 animarum
3004 2243 3108 2298 sibi
3147 2241 3387 2297 credita-

1818 2351 1933 2391 rum
1968 2349 2156 2391 curam
2186 2352 2396 2408 gerere,
2429 2347 2691 2408 quantum
2732 2338 2893 2392 habet
2935 2335 3384 2399 emolumentum,

1815 2437 1870 2483 et
1902 2439 2166 2497 quantum
2216 2430 2500 2484 cbariratis
2548 2431 2599 2483 in
2645 2428 2809 2484 Deum
2844 2430 3124 2493 indicium,
3156 2435 3209 2482 et
3246 2428 3389 2496 quod

1818 2520 1870 2575 id
1898 2520 1968 2574 sit
1999 2519 2172 2590 majus
2204 2521 2398 2591 quovis
2446 2520 2552 2575 alio
2589 2520 2734 2577 cultu
2768 2519 3046 2576 Creatoris
3073 2530 3126 2575 et
3149 2518 3385 2582 Domini,

1818 2612 2081 2666 adducam
2116 2613 2212 2667 tibi
2246 2613 2390 2669 illius
2435 2612 2602 2683 ipsius
2651 2611 3016 2668 testimonium
3051 2629 3064 2665 :
3107 2628 3127 2663 ι
3159 2608 3215 2664 Si
3243 2609 3387 2664 enim

1819 2705 1998 2774 diligis
2052 2721 2159 2772 me,
2217 2707 2395 2774 Petre,
2435 2708 2631 2776 inquit,
2690 2722 2850 2776 pasce
2908 2720 3039 2761 oves
3071 2717 3219 2758 meas
3256 2702 3319 2756 “.
3363 2721 3382 2753 ι

1819 2796 2183 2864 Quamobrem
2209 2797 2315 2854 Deo
2338 2808 2502 2854 tanta:
2532 2809 2659 2854 sunt
2707 2814 2851 2854 curre
2896 2812 3106 2869 greges,
3141 2793 3394 2850 utmaxi-

1823 2906 1967 2946 mum
2005 2891 2220 2963 signum
2286 2891 2341 2946 in
2398 2893 2573 2962 ipsum
2614 2891 2941 2957 dilectionis,
2987 2905 3173 2945 eorum
3202 2902 3392 2943 curam

153 2977 297 3029 αὑτὸν
327 2978 555 3048 ἀγάπης
586 2980 813 3048 σημεῖον
835 2978 933 3046 τὴν
961 2976 1089 3048 περὶ
1119 2977 1294 3041 ταῦτα
1320 2979 1529 3032 τιθέναι
1559 2980 1722 3046 κηδε-

1822 2997 1947 3037 esse
1973 2992 2195 3039 statuat.
2223 2983 2445 3040 Talibus
2461 2984 2726 3051 consiliis,
2766 2984 2987 3040 monitis
3015 2994 3070 3038 et
3131 2978 3395 3037 sermoni-

158 3070 348 3139 μονίαν.
407 3070 707 3135 Τοιαύταις
762 3069 1096 3141 συμϐουλαῖς
1162 3086 1220 3121 τε
1262 3070 1358 3123 καὶ
1391 3068 1717 3138 ὑποθήκαις,
1748 3087 1791 3143 C

1748 3087 1791 3143 c
1824 3075 1924 3129 bus
1956 3091 2251 3144 persuasus
2301 3077 2611 3141 Abramius,
2647 3078 2955 3146 episcopum
3000 3074 3067 3129 ad
3100 3073 3284 3128 urbem
3314 3079 3410 3124 est-

150 3164 393 3228 τοιούτοις
426 3164 860 3234 ὑποφωνήμααι,
893 3162 1138 3226 πεισθεὶς
1167 3164 1194 3215 6
1230 3161 1551 3233 Ἀϐράμιος,
1594 3163 1728 3232 ἡκο-

1823 3175 2059 3219 secutus.
2080 3164 2348 3235 Cumque,
2375 3168 2463 3221 ille
2482 3168 2535 3220 in
2558 3168 2695 3235 ipso,
2739 3181 2858 3236 quae
2879 3180 2976 3236 par
2993 3174 3129 3227 erat,
3156 3161 3396 3233 peregis-

154 3255 313 3307 λούθει
342 3258 480 3326 πρὸς
513 3259 614 3326 τὴν
645 3255 800 3309 πόλιν
838 3254 914 3323 τῷ
940 3255 1250 3325 έπισκόπῳ,
1286 3255 1545 3308 κάκείνου
1573 3255 1726 3309 τελέ-

1827 3268 1929 3324 set,
1956 3266 2010 3311 et
2043 3257 2122 3313 sic
2147 3272 2273 3313 eum
2304 3257 2604 3328 perfectum
2653 3267 2892 3319 creasset
2948 3256 3313 3319 sacerdotem,
3345 3263 3399 3309 et

154 3361 329 3408 εαντος
364 3346 453 3399 ἐπ’
490 3346 647 3415 αὐτῷ
686 3348 753 3398 τά
800 3347 987 3399 εἰκότα
1019 3346 1114 3399 καὶ
1138 3345 1284 3399 οὕτω
1334 3346 1538 3399 τέλειον
1567 3347 1729 3399 αὑτὸν

1829 3346 2024 3404 deinde
2071 3366 2193 3407 cum
2246 3362 2357 3407 toto
2383 3352 2531 3407 clero
2556 3355 2613 3408 et
2640 3353 2839 3423 populo
2883 3365 3006 3407 eum
3060 3350 3397 3411 deduxisset.

155 3436 526 3503 ἀναδείξαντος
578 3437 752 3507 ἱερέα,
814 3432 933 3489 εἶτα
974 3437 1067 3489 καὶ¹
1119 3438 1217 3490 σὺν
1276 3439 1394 3505 ἅμα
1426 3438 1504 3506 τῷ
1540 3439 1729 3508 κλήρῳ

1832 3442 2161 3508 propositam
2193 3443 2339 3496 illinc
2372 3444 2512 3495 viam
2547 3443 2687 3504 iniit.
2714 3443 2910 3500 multas
2933 3441 3146 3496 interim
3168 3439 3401 3496 fundens

154 3532 303 3581 παντὶ
342 3533 439 3585 καὶ
474 3531 560 3601 τῷ
597 3529 713 3599 λαῴ
748 3528 940 3582 τοῦτον
986 3527 1438 3599 προπέμψαντος,
1475 3528 1575 3599 τὴν
1602 3545 1732 3598 προ-

1475 3528 1575 3599 τὴν
1602 3545 1732 3598 προ·
1831 3531 2126 3604 lacrymas,
2162 3543 2217 3588 et
2248 3548 2541 3603 supernum
2565 3534 2826 3590 invocans
2856 3533 3136 3589 auxilium.

154 3628 401 3699 κειμένην
436 3627 656 3683 ἐκεῖθεν
682 3627 798 3681 ὁδον
832 3628 1051 3700 ἤρχετο,
1083 3627 1254 3681 πολλά
1283 3627 1485 3698 μεταξὺ
1542 3628 1755 3701 δάκρυα
1797 3629 1937 3702 χέων
1972 3630 2068 3685 καὶ
2116 3630 2215 3699 τὴν
2241 3630 2445 3685 ἄνωθεν
2477 3631 2652 3701 ῥοπήν
2678 3645 2737 3681 τε
2769 3627 2863 3681 καὶ
2895 3622 3213 3696 συμμαχίαν
3278 3622 3399 3675 ἑπι-

150 3725 511 3794 καλούμενος.

213 3816 287 3871 Θ¹.
321 3820 633 3887 Γενόμενος
662 3817 720 3871 δὲ
744 3816 887 3871 κατά
918 3816 1019 3886 τὴν
1042 3815 1238 3889 κώμην
1274 3816 1371 3870 xui
1400 3817 1605 3889 ταύτην
1626 3818 1731 3872 ὑπὸ

1904 3815 1993 3873 ΙΧ.
2022 3816 2159 3873 Cum
2190 3825 2372 3874 autem
2406 3814 2642 3872 venisset
2675 3816 2727 3870 in
2762 3813 2969 3879 vicum,
3014 3821 3067 3870 et
3106 3828 3227 3869 eum
3252 3820 3403 3869 inve-

154 3912 293 3982 βαθεῖ
324 3909 525 3981 σκότῳ
556 3909 656 3978 τῆς
687 3909 945 3972 ἀσεϐείας
972 3910 1233 3981 κειμένην
1260 3909 1605 3974 καταλαϐὼν,
1634 3911 1731 3965 καὶ

1838 3910 2301 3979 nissetjacentem
2339 3909 2391 3964 in
2451 3908 2735 3979 profundis
2797 3907 3037 3963 tenebris
3086 3905 3402 3976 impietatis.

152 4008 323 4081 ὅρηαι
357 4006 387 4058 ό
428 4003 582 4065 θεῖος
605 3999 839 4066 Παῦλος,
877 4017 897 4052 ι
932 4000 1045 4069 Τὴν
1070 3999 1165 4053 τοῦ
1196 4002 1537 4069 Μονογενοῦς
1571 4001 1729 4066 δόξαν

1836 4012 1969 4057 etut
1984 4000 2114 4056 dicit
2133 4001 2345 4056 divinus
2365 3998 2560 4055 Paulus
2589 3999 2657 4063 ",
2685 4018 2703 4050 ι
2725 3997 2963 4053 Gloriam
2994 3995 3265 4067 Unigeniti
3291 4013 3406 4052 mu-

151 4088 554 4170 ivipozdiptast
602 4095 842 4166 γλυπτοῦ
878 4093 1278 4166 ἀλλαξαμένην,
1338 4112 1356 4146 ι
1399 4092 1732 4164 τοιαῦτατῷ

1837 4100 2001 4145 tatam
2027 4090 2081 4145 in
2111 4088 2518 4145 similitudinem
2558 4086 2887 4157 sculptilisg
2918 4087 2999 4142 sic
3028 4087 3191 4142 Deum
3221 4103 3408 4158 preca-

150 4191 259 4261 Θεῷ
318 4194 379 4245 ὲν
451 4190 718 4261 συντριϐῇ
771 4191 999 4261 καρδίας
1046 4188 1427 4260 προσηύχετο·
1486 4188 1731 4241 Δέσποτα

1839 4184 1997 4239 batur
2049 4183 2103 4237 in
2157 4180 2484 4237 contritione
2532 4176 3020 4249 cordis:Benigne
3068 4188 3121 4233 et
3172 4178 3409 4235 clemens

150 4285 533 4355 φιλάνθρωπε,
557 4282 764 4352 Χριστὲ
809 4283 837 4333 6
878 4281 1031 4348 Θεὸς,
1072 4284 1101 4336 6
1143 4282 1299 4352 μόνος
1332 4281 1556 4348 ἀγαθὸς,
1585 4282 1612 4335 ό
1638 4280 1733 4349 μό·
1767 4299 1810 4353 ο

1767 4299 1810 4353 ο
1843 4277 2063 4335 Domine
2090 4274 2311 4331 Christe
2343 4274 2502 4337 Deus,
2539 4273 2629 4344 qui
2674 4287 2735 4328 es
2789 4271 2938 4329 solus
2979 4273 3172 4335 bonus,
3214 4273 3305 4343 qui
3352 4288 3411 4328 es

151 4394 231 4436 νος
277 4376 626 4440 ἀνεξίκακος
664 4372 694 4424 6
749 4374 913 4444 μόνος
956 4373 1228 4443 ἰλεήμων,
1263 4375 1291 4425 6
1328 4372 1419 4424 τὸν
1450 4372 1738 4445 ἄνθρωπον

1842 4370 1991 4423 solus
2021 4370 2252 4436 patiens.
2282 4368 2373 4436 qui
2405 4381 2466 4421 es
2505 4366 2653 4420 solus
2687 4364 3016 4430 misericors,
3071 4366 3163 4434 qui
3209 4365 3409 4419 creasti

148 4470 334 4541 ἁφάτῳ
381 4465 776 4538 εύσπλαγχνίᾳ
818 4466 1257 4539 δημιουργήσας,
1315 4465 1343 4517 6
1394 4468 1595 4528 συνιεὶς
1658 4469 1736 4526 εἰς

152 4561 322 4614 πάντα
357 4561 433 4615 τὰ
474 4559 623 4630 ἔργα
657 4558 823 4612 αὐτοῦ
850 4561 943 4613 καὶ
976 4561 1204 4630 καρδίας
1232 4560 1324 4613 καὶ
1353 4561 1582 4628 νεφροὺς
1613 4559 1737 4613 ἐτά-

150 4655 251 4717 ζων
282 4656 381 4711 καὶ
404 4652 708 4723 γινώσκων
734 4654 860 4718 τοὺς
881 4653 1264 4723 διαλογισμοὺς
1283 4654 1471 4716 αὑτοῦ,
1497 4655 1570 4726 μὴ
1602 4670 1743 4726 παρ-

153 4750 261 4819 (an;
292 4750 356 4802 τὸ
392 4749 494 4803 σον
525 4747 775 4815 πλάσμα,
803 4746 864 4799 τὸ
891 4746 989 4814 τῆς
1021 4748 1120 4816 σῆς
1141 4745 1322 4816 χειρὸς
1348 4746 1741 4817 δημιούργημα

150 4841 335 4905 κακῶς
392 4841 515 4895 ὑπὸ
569 4836 665 4891 τοῦ
698 4838 889 4909 νοητοῦ
928 4839 1097 4911 θηρὸς
1149 4836 1525 4908 ἀπολλύμενον
1552 4854 1566 4871 ο
1629 4838 1743 4893 ἀλλ’

150 4932 333 4999 ἐξελοῦ
364 4930 587 4995 αὐτοὺς
631 4927 729 4997 τῆς
761 4930 855 4983 τοῦ
898 4928 1097 4998 ἐχθροῦ
1148 4928 1469 4999 τυραννίδος
1513 4930 1608 4982 καὶ
1657 4929 1745 4993 δὸς

149 5026 328 5087 αὺτοῖς
370 5024 485 5091 τὴν
528 5021 631 5088 τῆς
668 5018 769 5087 σῆς
819 5018 1080 5089 ἀληθείας
1143 5018 1474 5086 ἐπίγνωσιν·
1531 5020 1596 5073 σὺ
1636 5020 1746 5092 γὰρ

149 5113 317 5183 οἶδας,
350 5116 444 5170 ὅτι
496 5113 565 5167 οὐ
594 5110 753 5182 δόξης
783 5111 971 5164 ἕνεκεν
1005 5110 1375 5183 ἀνθρωπίνης,
1400 5109 1538 5165 ἀλλὰ
1571 5129 1747 5184 σωτη-

150 5211 271 5274 ρίας
299 5208 541 5277 ψυχῶν,
578 5204 679 5272 τὴν
700 5202 955 5272 φροντίδα
983 5203 1189 5274 ταύτην
1218 5204 1313 5256 καὶ
1341 5202 1441 5272 τὴν
1468 5202 1747 5257 διακονίαν

150 5299 535 5369 ἀνεδεξάμην.
593 5293 781 5349 Ταῦτα
838 5292 1132 5366 τοιγαροῦν
1168 5295 1615 5366 προσευξάμενος
1654 5298 1748 5351 καί

146 5412 271 5449 τινα
298 5393 421 5448 τῶν
461 5387 909 5457 ὑπολειφθέντων
934 5387 1096 5445 αὐτοῦ
1125 5388 1424 5459 χρημάτων
1457 5388 1609 5458 πάρᾶ
1653 5391 1748 5445 τοῦ

152 5487 331 5563 φίλου,
367 5482 418 5552 ᾧ
464 5486 560 5555 τὴν
586 5483 794 5536 τούτων
826 5482 1045 5535 ἀνέθετο
1078 5482 1335 5553 πρόνοιαν
1357 5483 1747 5553 κομισάμενος,

150 5578 297 5635 οἶκον
332 5579 407 5634 δι’
441 5576 633 5632 αὐτῶν
658 5576 949 5646 εὐκτήριον
977 5575 1252 5645 ἀνεγείρει
1284 5576 1747 5645 ἐπιτερπέστατόν

227 5744 267 5775 ¹¹
309 5742 461 5797 Joan
526 5758 641 5805 xxi,
682 5740 767 5792 Π.
851 5741 891 5770 ’⁸
928 5740 1080 5797 Rom.
1113 5757 1150 5808 1,
1184 5741 1270 5795 ‘23.

1845 4461 2123 4516 hominem
2151 4459 2489 4532 benignitate
2521 4456 2802 4523 ineffabili,
2827 4457 2921 4529 qui
2944 4456 3200 4529 intelligis
3230 4456 3413 4511 omnia

1844 4570 2006 4625 Opera
2038 4555 2174 4625 ejus,
2207 4563 2264 4609 et
2293 4557 2456 4609 corda
2484 4563 2540 4608 et
2570 4566 2728 4608 renes
2752 4552 3052 4617 esaminas,
3078 4563 3137 4606 et
3159 4549 3414 4619 intelligis

1846 4650 1963 4716 ejus
2017 4647 2375 4719 cogitationes
2406 4659 2421 4699 :
2452 4660 2526 4700 ne
2569 4644 2839 4714 despicias
2886 4653 3035 4698 tuum
3080 4643 3414 4714 ﬁgmentum,

1845 4758 1980 4810 opus
2011 4752 2218 4799 tuarum
2244 4754 2529 4807 manuum,
2557 4738 2700 4808 quod
2727 4737 2864 4793 male
2894 4745 3118 4794 necatur
3153 4752 3182 4792 a
3216 4736 3414 4799 bellua.

1847 4850 1967 4902 qua:
1998 4832 2293 4904 percipitur
2325 4832 2682 4903 intelligentia
2715 4849 2729 4886 :
2767 4831 2863 4886 sed
2895 4830 3062 4886 libera
3114 4845 3209 4885 eos
3255 4845 3284 4883 a
3335 4840 3417 4900 ty-

1850 4926 2074 4980 rannide
2096 4922 2323 4989 inimici,
2355 4932 2409 4978 et
2441 4924 2506 4977 da
2531 4922 2611 4977 eis
2636 4921 2881 4975 veritatis
2913 4929 3018 4973 tua:
3061 4917 3414 4989 agnitionem.

1847 5015 1927 5071 Tu
1954 5020 2098 5073 enim
2124 5018 2251 5079 scis,
2289 5017 2431 5085 quod
2460 5027 2565 5068 non
2604 5021 2823 5084 propter
2848 5011 3134 5066 humanam
3164 5010 3419 5080 gloriam,

1850 5099 1941 5166 sed
1967 5121 2187 5182 propter
2220 5110 2522 5164 animarum
2558 5107 2790 5164 salutem
2820 5104 3032 5174 suscepi
3065 5105 3205 5159 hanc
3229 5120 3415 5159 curam

1851 5213 1910 5257 et
1942 5205 2045 5257 hoc
2075 5200 2454 5257 ministerium.
2480 5200 2618 5255 Cum
2650 5200 2730 5253 sic
2790 5210 2918 5267 ergo
2945 5205 3094 5252 esset
3141 5204 3417 5266 precatus.

1851 5306 1909 5349 et
1932 5297 2139 5363 aliquas
2183 5294 2481 5366 accepisset
2540 5291 2821 5362 pecunias,
2873 5304 2992 5361 qua
3046 5298 3414 5369 remanserant

1853 5390 1991 5459 apud
2017 5389 2273 5447 amicum.
2313 5387 2400 5443 cui
2452 5401 2645 5441 curam
2676 5384 3033 5440 commiserat
3080 5380 3421 5450 facultatum,

1852 5500 1916 5540 ex
1948 5484 2077 5554 ipsis
2101 5484 2268 5538 aedem
2293 5482 2528 5537 exstruit
2564 5480 2859 5535 oratoriam
2884 5477 3042 5547 longe
3073 5474 3418 5546 elegantissi-

1856 5592 2015 5635 mam.
2055 5575 2340 5645 Postquam
2373 5584 2551 5629 autem
2580 5572 2786 5628 [initum
2839 5570 2939 5628 fuit
2995 5568 3301 5634 atdiliclum,
3337 5567 3427 5623 in-
