4208 6300
191 314 246 377 :9
1379 326 1555 387 VlTA
1593 327 1654 384 s.
1699 324 2214 391 THEOI’HANlS.
2408 292 2411 293 ί
3359 340 3429 405 so

190 438 438 509 τοσαύτην
468 439 567 494 τοῦ
596 442 786 515 ἀνδρὸς
820 444 1091 513 ἔνστασιν,
1120 449 1445 514 ἀποστείλας
1483 451 1605 504 τινὰ
1644 450 1753 503 τῶν

1870 451 2134 518 perferens
2193 464 2478 525 tyrannus,
2532 456 2815 524 quemdam
2871 454 2925 508 in
2958 454 3243 521 dignitate
3301 472 3435 511 eon-

191 532 238 583 ιν
264 530 433 596 τέλει,
469 532 570 604 τὴν
617 534 921 608 μὲνομονὴν
954 539 1058 601 ἓως
1102 540 1331 610 ἐδάφους
1379 545 1755 597 πυοίκαυστον

195 623 442 692 πεποίηκε
469 663 485 689 ,
526 626 656 689 τοὺς
691 626 747 680 δὲ
791 633 1060 699 μοναχοὺς
1111 633 1467 703 αἰκισάμενος
1508 634 1755 703 διεσκόρ-

192 718 445 778 πισε,τὸν
490 718 549 771 δὲ
602 721 872 792 μακάριον
917 723 1141 794 δέσμιον
1188 725 1588 797 συλλαϐόμενος
1618 722 1755 797 ἦγεν

194 808 256 869 εἰς
272 808 328 861 τὸ
356 806 674 873 Βυζάντιον.
701 815 808 867 Καὶ
841 815 1199 880 κελεύσαντος
1220 816 1313 871 τοῦ
1340 819 1609 889 τυράννου
1621 818 1756 872 καθ-

198 897 466 967 ειρχθῆναι
504 900 669 955 αὑτὸν
708 904 767 955 ὲν
798 909 1045 977 σκοτεινῇ
1072 908 1313 979 φυλακῇ,
1352 911 1445 963 ἐπὶ
1493 910 1754 973 πλείστας

195 989 388 1057 ἡμέρας
457 991 728 1059 διέτριϐεν
780 995 840 1047 ιν
912 998 1139 1070 ὑπονοίᾳ
1196 1001 1411 1072 τοιᾷδε,
1456 1000 1533 1064 ὡς
1573 1000 1639 1055 ἂν
1692 1002 1754 1056 τὸ

194 1078 395 1132 εὔτονον
424 1081 589 1134 αὐτοῦ
618 1086 916 1153 χαυνωθὲν,
952 1088 1227 1145 εὐάλωτον
1257 1090 1412 1145 ἔσται
1442 1090 1579 1161 πρὸς
1618 1108 1753 1160 συγ-

194 1175 494 1229 κατάθεσιν.
524 1178 601 1247 Τῇ
640 1176 734 1234 οὖν
757 1185 1060 1256 προτεραίᾳ
1089 1186 1312 1255 ἀγαγὼν
1335 1189 1361 1241 ὁ
1386 1187 1641 1257 βασιλεὺς
1660 1188 1754 1242 τὸν

195 1268 467 1337 εἰρημένον
497 1268 775 1342 Θεόδωρον
804 1274 911 1327 τῶν
945 1276 1194 1330 Στουδίου
1228 1280 1376 1332 ὅσιον
1426 1281 1750 1350 ἡγούμενον,

196 1359 276 1411 καὶ
322 1359 420 1412 ἐπὶ
468 1361 731 1427 πλείστας
767 1364 915 1431 ὧρας
970 1368 1185 1437 δείμασι
1224 1387 1284 1422 τε
1331 1370 1428 1421 καὶ
1478 1372 1755 1425 κολάσεων

194 1451 472 1506 ὑποθέσεσι
544 1458 918 1527 καταπτήξειν
1001 1462 1283 1531 οἰόμενος,
1337 1464 1654 1517 τούναντίον
1696 1465 1785 1519 δὲ·

195 1541 457 1611 ἐλεγχθεὶς
486 1546 641 1615 παρὰ
707 1547 800 1600 τοῦ
830 1550 1001 1615 ὁσίου,
1029 1550 1104 1613 ὡς
1136 1552 1271 1620 μηδὲ
1292 1552 1390 1621 τῆς
1423 1552 1589 1606 αὑτοῦ
1615 1570 1751 1622 καρ-

192 1632 293 1696 δίας
321 1636 636 1706 ἐπισκοπῆς
685 1638 821 1693 Θεοῦ
854 1641 1201 1709 αἰσθόμενος,
1238 1645 1550 1714 αἰσχυνθεὶς
1595 1647 1623 1699 ὁ
1657 1646 1751 1699 τύ-

1856 542 2101 596 stitutum
2127 544 2414 615 ablegavit,
2435 559 2531 614 per
2551 560 2710 614 quem
2741 545 3128 599 monasterium
3163 546 3229 599 ad
3261 546 3438 615 ipsum

1857 650 2024 701 usque
2073 637 2440 705 pavimentum
2494 637 2723 700 exussit,
2770 637 3068 692 monachos
3116 640 3438 693 verberibus

1857 725 2120 782 multatos
2163 728 2437 794 dispersit,
2482 727 2808 797 beatumque
2859 728 3036 783 virum
3077 730 3439 795 c0mprcheno

1854 832 1972 872 sum
1999 832 2063 872 ac
2098 819 2333 875 vinctum
2357 819 2671 889 Byzantium
2712 818 2961 883 adduxit,
2993 832 3156 889 atque
3188 819 3252 873 de
3286 834 3439 873 man-

1856 911 1982 965 dato
2013 913 2224 982 tyranni
2271 912 2321 965 in
2372 911 2661 966 obscurum
2714 925 3070 980 compingens
3125 926 3427 973 carcerem,

1856 1002 2043 1058 multis
2073 1003 2259 1058 amisit
2292 1004 2499 1059 diebus.
2529 1001 2649 1069 Qua
2690 1002 2741 1056 id
2784 1002 3023 1056 ﬁducia?
3049 1001 3256 1073 Nempe
3290 1004 3433 1071 quod

1855 1103 2099 1163 speraret
2132 1095 2428 1151 emollitam
2479 1094 2645 1150 animi
2693 1094 2867 1152 sancti
2920 1093 3294 1151 fortitudinem
3353 1093 3438 1149 fa-

1856 1188 2015 1245 cilem
2064 1189 2181 1245 fore
2230 1190 2294 1244 ad
2348 1203 2671 1245 consensum
2721 1187 2981 1259 impietati
3046 1190 3439 1257 praestandum.

1856 1283 2039 1341 Pridie
2089 1283 2253 1354 igitur
2303 1297 2464 1352 quam
2535 1283 2711 1352 ipsum
2762 1290 3063 1353 accerseret
3121 1281 3439 1349 imperator.

1856 1377 2050 1430 adduci
2105 1376 2267 1444 iussit
2324 1376 2437 1445 (Ἡ)
2495 1375 2813 1444 praedictum
2868 1371 3210 1429 Theodorum
3258 1373 3437 1427 Studii

1856 1468 2239 1537 hegumenum,
2276 1481 2435 1536 quem
2476 1467 2566 1521 diu
2618 1468 2954 1535 multumque
2995 1467 3286 1536 propositis
3336 1474 3445 1519 ter-

1857 1560 2070 1615 roribus
2121 1559 2514 1627 tormentisque
2571 1566 2864 1623 tentatum,
2915 1558 2981 1611 iis
3040 1557 3442 1625 percellendunt

1856 1651 2196 1717 existimans,
2230 1666 2351 1704 cum
2394 1650 2509 1718 ipse
2540 1652 2606 1703 ab
2636 1650 2823 1701 eodem
2857 1663 2887 1702 e
2920 1659 3109 1701 contra
3156 1650 3323 1703 libere
3357 1649 3443 1701 in-

195 1742 368 1795 ραννος
420 1729 521 1800 τὴν
557 1731 678 1785 κατ’
706 1731 877 1788 αὐτοῦ
924 1734 1021 1802 τῆς
1066 1735 1281 1808 ἐξαρίας
1319 1738 1498 1809 ψῆφον
1541 1740 1756 1811 ἀπεφή·

1870 1751 2195 1812 creparetur,
2229 1741 2376 1795 velut
2404 1740 2496 1811 qui
2546 1740 2842 1793 intuentem
2896 1740 3055 1793 corda
3107 1738 3274 1795 Deum
3333 1756 3441 1795 non

195 1834 323 1873 νατο.

258 1995 343 2048 iﬂ.
382 1996 464 2066 Τῇ
500 1998 554 2050 δὲ
585 2003 853 2071 ἐπαύριον
882 2006 1219 2074 προσέταξεν
1249 2011 1276 2061 ὁ
1304 2009 1556 2078 βασιλεὺς
1586 2012 1757 2082 ἀχθῆ-

192 2102 269 2136 ναι
301 2086 450 2155 αὐτῴ
486 2089 582 2143 καὶ
628 2092 722 2144 τὸν
765 2094 1036 2166 μακάριον
1083 2097 1388 2168 Θεοφάνην.
1430 2100 1665 2169 κληθεὶς
1702 2103 1759 2157 δὲ

194 2177 329 2247 παρὰ
356 2179 471 2232 τῶν
504 2186 844 2251 συμμυστῶν
881 2190 1105 2244 τοιῶσδε
1138 2195 1451 2261 φησάντων,
1481 2195 1556 2255 ὡς
1584 2196 1657 2249 Οὐ
1683 2196 1762 2249 δεῖ

192 2270 247 2322 τὸ
280 2272 364 2324 σὺν
395 2272 599 2343 κράτος
625 2277 730 2329 ὐπὸ
759 2296 901 2343 τινος
936 2279 1042 2333 τῶν
1076 2283 1506 2353 ἁμνημονεύτων
1550 2286 1761 2339 ἀντιλέ-

195 2363 373 2429 γεσθαι
404 2368 505 2420 καὶ
552 2367 897 2439 ἐλέγχεσθαι,
942 2375 1035 2426 καὶ
1071 2372 1310 2443 μάλιστα
1361 2374 1761 2446 αὖθαδεστέρου

195 2459 549 2527 τυγχάνοντος
601 2463 757 2532 παρὰ
801 2465 1012 2528 πάντας
1086 2467 1214 2535 τοὺς
1272 2466 1465 2538 πρώην
1522 2466 1617 2522 τοῦ
1667 2467 1762 2521 νῦν

199 2549 589 2620 ἀχθησομένου,
620 2557 816 2626 μήπως
843 2557 1073 2630 ὑϐρισθῇ
1112 2559 1172 2612 τὺ
1203 2559 1296 2613 τὸν
1320 2561 1593 2632 ἀήττητον
1628 2562 1766 2633 κρά-

194 2655 277 2703 τος
306 2643 422 2705 ταῖς
472 2644 893 2715 ἀντιρῤητικαῖς
943 2648 1108 2703 αὐτοῦ
1155 2650 1488 2718 αὐθαδείαις,
1526 2653 1618 2707 καὶ
1665 2654 1764 2708 αὑ-

198 2732 520 2803 στηρότησι·
566 2736 713 2791 τοῦθ’
755 2739 941 2793 ἕνεκεν
977 2741 1112 2812 πρὸς
1144 2742 1243 2814 τὴν
1281 2745 1457 2815 ὁρμὴν
1503 2746 1764 2815 ἐπισχὼν.

196 2821 511 2878 ἀποστέλλει
542 2826 638 2880 Eva
671 2828 779 2882 τῶν
814 2830 870 2883 ἐν
898 2831 1040 2885 τέλει
1090 2834 1227 2901 πρὸς
1259 2832 1350 2885 τὸν
1377 2835 1553 2899 ἆγιον,
1592 2850 1766 2905 προσ-

194 2915 349 2981 ταξας
384 2917 701 2989 βουνεύροες
746 2926 1074 2991 τριακοσίοις
1118 2926 1187 2977 τά
1233 2943 1293 2979 τε
1320 2927 1518 2998 στέρνα
1555 2927 1767 2981 καὶτὸν

198 3002 356 3056 νῶτον
391 3008 782 3073 καταξάναντα
820 3012 978 3063 ἐᾶσαι
1035 3013 1198 3067 πάλιν
1229 3015 1285 3066 ὲν
1332 3019 1398 3086 τῇ
1440 3018 1658 3086 εἱρκτῇ.
1688 3018 1766 3087 Τῇ

1860 1846 2229 1906 cognosceret,
2259 1834 2453 1889 exsilio
2476 1831 2737 1889 confusus
2767 1832 2996 1897 addixit,
3015 1830 3226 1901 prolata
3254 1832 3449 1889 adver-

1862 1943 1956 1981 sus
1989 1938 2233 1981 sanctum
2264 1928 2563 1982 sententia.

1930 2017 2112 2072 XVIII.
2139 2017 2363 2072 Postera
2396 2032 2523 2070 vero
2557 2019 2643 2071 die
2667 2018 2884 2071 beatum
2918 2031 3132 2085 quoque
3160 2013 3448 2083 Tlteortba-

1862 2126 1984 2166 nem
2035 2126 2219 2166 coram
2264 2126 2325 2165 se
2368 2109 2488 2165 sisti
2534 2109 2818 2178 jusserat-:
2854 2104 3206 2176 compellatus
3261 2118 3443 2160 autem

1866 2204 2158 2271 imperator
2179 2216 2208 2253 a
2235 2199 2533 2272 symmistis
2560 2196 2993 2267 suggerentibus,
3020 2195 3163 2263 quod
3188 2196 3447 2250 indecens

1866 2293 2089 2348 omnino
2119 2302 2263 2347 esset
2314 2291 2652 2361 maiestatem
2706 2289 3119 2359 imperatoriam
3149 2288 3217 2341 ab
3256 2286 3447 2356 aliquo

1867 2384 2051 2437 vilium
2112 2384 2341 2438 istorum
2395 2383 2673 2438 hominum
2730 2380 2978 2449 redargui
3033 2392 3099 2434 ac
3164 2377 3448 2446 vilipendi,

1865 2476 2101 2527 maxime
2132 2473 2202 2528 ab
2234 2476 2335 2528 hoc
2371 2474 2476 2527 iam
2526 2474 2782 2532 accersiri
2809 2474 2981 2539 jusso,
3015 2472 3107 2542 qui
3142 2485 3250 2540 pra!
3278 2477 3444 2524 caete-

1867 2565 1942 2619 ris
1969 2563 2220 2619 omnibus
2255 2564 2306 2617 iu
2354 2563 2469 2631 ejus
2515 2574 2861 2631 conSpectum
2910 2564 3176 2625 adductis,
3212 2562 3451 2615 insolens

1870 2658 1966 2721 sit,
2006 2669 2061 2713 et
2088 2670 2309 2729 propter
2338 2657 2672 2726 pervicacem
2718 2654 3047 2725 prnterviam
3082 2667 3235 2707 suam
3265 2664 3450 2707 auste-

1870 2752 2196 2819 ritatemqne
2267 2751 2465 2817 insigni
2522 2749 2703 2819 aliqua
2773 2746 3099 2802 contumelia
3158 2743 3450 2801 aliecturus

1868 2851 2191 2913 potesmtem
2226 2844 2436 2912 ipsius:
2481 2844 2736 2909 impetum
2782 2855 2939 2894 suum
2990 2838 3273 2905 repressit,
3324 2841 3451 2891 tuit-

1873 2944 1991 2990 tens
2028 2934 2315 3003 quemdam
2348 2948 2377 2986 e
2420 2929 2746 3003 primoribus
2778 2944 2902 2984 cum
2951 2930 3203 2995 imperio,
3246 2936 3303 2982 ut
3337 2939 3452 2983 tre-

1872 3028 2044 3082 centis
2097 3035 2405 3081 taurearnm
2446 3025 2617 3095 plagis
2649 3032 2867 3092 pectore
2906 3037 2971 3075 ac
3018 3023 3179 3076 dorso
3232 3019 3451 3073 lacera-

194 3097 544 3170 δὲνρπαύριον
593 3104 625 3171 ἡ
685 3103 824 3174 αὐτῇ
884 3106 1046 3160 πάλιν
1101 3108 1322 3171 κόλασις
1369 3109 1461 3177 τῷ·
1507 3110 1764 3179 μακαρίῳ

1873 3128 2007 3182 tum,
2041 3119 2217 3171 denuo
2250 3117 2448 3171 recludi
2483 3117 2699 3184 juberet
2749 3115 2801 3167 in
2853 3128 3152 3167 carcerem.
3186 3110 3458 3168 Postridie

194 3195 465 3258 γεγονυῖα,
503 3196 565 3249 τὸ
591 3195 805 3250 εὔτονον
830 3200 996 3253 αὑτοῦ
1029 3201 1129 3269 τῆς
1160 3206 1297 3273 πρὸς
1326 3202 1457 3255 Θεὸν
1479 3204 1582 3256 οὐκ
1608 3202 1769 3271 ἐχαὺ-

196 3298 360 3338 νωσεν
410 3288 653 3351 ἐλπίδος.
711 3289 986 3344 Ἀπειπὼν
1028 3293 1084 3344 δὲ
1121 3294 1219 3363 ήδη
1276 3297 1408 3367 πρὸς
1457 3294 1556 3362 τὴν
1584 3293 1770 3346 τοιαύ-

194 3393 287 3445 την
314 3380 494 3453 ὁρμὴν
528 3382 557 3436 ὁ
582 3382 854 3452 πανώλης,
882 3383 1145 3454 1Ψήφισμα
1175 3385 1315 3439 κατὰ
1353 3385 1446 3439 τοῦ
1496 3386 1768 3459 μακαρίου

196 3468 488 3540 ἰκπέμπει,
520 3474 708 3544 ὲξορίᾳ
733 3475 891 3528 αὑτὸν
919 3479 977 3529 ὲν
1004 3476 1339 3550 Σαμοθρᾴκῃ
1366 3481 1429 3548 τῇ
1455 3480 1601 3550 νήσῳ
1633 3481 1772 3532 ἁπο-

196 3565 418 3627 στεῖλαι,
444 3566 573 3633 ἥτις
608 3566 665 3617 ὲν
693 3570 804 3631 τοῖς
842 3569 1032 3638 μέρεσι
1060 3569 1153 3622 τοῦ
1185 3571 1281 3639 τῆς
1314 3572 1645 3640 Μαρωνείας
1675 3588 1774 3623 πε-

194 3652 386 3724 λάγους
421 3656 666 3726 ἵδρυται,
690 3657 839 3729 δεινὴ
871 3660 966 3712 καὶ
990 3658 1285 3730 αὐχμώδης
1311 3662 1443 3713 πᾶσι
1472 3664 1585 3725 τοῖς
1611 3662 1776 3716 πελά-

196 3748 302 3811 ζειν
335 3747 695 3820 βουλομένοις
720 3750 1066 3823 δεικνυμένη.
1118 3752 1206 3807 Ἐν
1242 3754 1380 3826 αὐτῇ
1416 3754 1475 3808 δὲ
1501 3753 1643 3826 λιμῷ
1679 3757 1775 3809 καὶ

192 3837 327 3906 δὲψει
357 3840 458 3893 καὶ
511 3840 794 3911 καθείρξει
833 3842 1078 3906 πιεσθεὶς
1125 3845 1154 3895 ὀ
1204 3844 1495 3916 μακάριος,
1544 3848 1639 3903 καὶ
1685 3845 1777 3899 ὲπί

191 3945 340 3993 τινας
381 3931 619 3986 διαῦιῶν
669 3935 921 4001 χρόνους,
956 3933 1065 3987 τῶν
1115 3937 1243 4005 τῇδε
1296 3937 1777 4009 μετακεχωρηκὼς

194 4022 325 4093 πρὸς
354 4025 631 4095 ἀμείνονα
661 4026 757 4078 καὶ
794 4023 1073 4095 θειοτέραν
1113 4024 1369 4081 εὔκλειαν
1408 4030 1774 4099 μεταϐέϐηκε,

193 4115 247 4167 τὸ
277 4119 511 4185 πήλινον
550 4115 717 4187 σῶμα
751 4116 849 4170 σὺν
898 4119 962 4186 τῇ
1000 4115 1145 4189 ψυχῇ
1186 4117 1469 4187 ἀλὼσητον
1512 4121 1779 4189 διαφυλά-

193 4207 304 4272 ξας.
341 4200 421 4263 Οὗ
472 4209 602 4274 ταῖς
638 4209 941 4281 μακαρίαις
990 4209 1178 4280 εὐχαῖς
1237 4211 1685 4285 στηριχθείημεν,
1732 4206 1779 4266 ὧ

192 4302 669 4374 φιλακροάμονες,
696 4301 918 4374 Χριστῷ
943 4303 1021 4372 τῷ
1057 4303 1427 4376 φιλανθρῴπῳ
1449 4306 1568 4376 Θεῷ
1597 4306 1777 4376 ἡμῶν,

192 4393 305 4462 ἅμα
340 4395 422 4465 τῷ
467 4382 810 4467 προανάρχῳ
839 4396 1036 4466 Πατρὶ,
1084 4397 1180 4450 καὶ
1219 4397 1297 4466 τῷ
1329 4396 1578 4468 ζωοποιῷ
1614 4400 1782 4452 ΙΙνεὺ-

1873 3225 1999 3262 vero
2056 3224 2175 3261 cum
2230 3208 2367 3261 idem
2425 3212 2602 3261 denuo
2655 3216 2983 3259 tormentum
3044 3214 3186 3257 esset
3244 3204 3452 3257 illatum

1872 3310 2082 3365 sancto,
2117 3314 2216 3355 nec
2248 3298 2538 3367 quidquam
2574 3313 2695 3351 eum
2747 3298 3027 3351 remisisse
3068 3307 3353 3363 appareret
3386 3297 3453 3349 de

1876 3394 2029 3447 iirma
2082 3391 2136 3445 in
2180 3391 2348 3447 Deum
2378 3388 2596 3452 ﬁducia,
2631 3388 2930 3458 desperans
2993 3384 3186 3441 infelix
3234 3393 3457 3452 propter

1878 3496 2079 3540 tantam
2134 3485 2307 3541 sancti
2357 3481 2456 3536 viri
2504 3481 2878 3543 alacritatem,
2933 3478 3201 3532 sententia
3260 3486 3451 3531 contra

1877 3581 2049 3649 ipsum
2084 3578 2217 3641 lata,
2248 3575 2393 3629 misit
2437 3588 2559 3629 eum
2596 3572 2837 3629 exsulem
2884 3571 2936 3623 in
2982 3569 3210 3622 insulam
3262 3568 3458 3623 Samo-

1878 3673 2144 3735 thracem,
2178 3683 2298 3739 quas
2329 3669 2384 3724 in
2424 3665 2562 3736 ejus,
2598 3663 2745 3742 quod
2768 3666 2833 3717 ad
2869 3661 3166 3721 Maroniani
3202 3659 3316 3727 (24)
3351 3669 3458 3724 est,

1879 3765 2044 3821 maris
2100 3764 2339 3835 partibus
2406 3761 2510 3817 sita
2572 3769 2676 3822 est,
2738 3757 2981 3829 squalida
3053 3757 3341 3810 admodum
3405 3763 3462 3811 et

1882 3857 2067 3924 gravis
2141 3854 2394 3908 omnibus
2471 3851 2732 3905 accedere
2812 3848 3114 3904 volentibus
3176 3864 3190 3900 :
3244 3846 3298 3900 in
3356 3860 3461 3914 qua

1878 3946 2042 4008 fame,
2077 3942 2189 4004 siti,
2219 3951 2273 3994 et
2315 3939 2579 4010 angustiis
2633 3952 2855 4006 pressus
2907 3937 3105 3995 beatus
3150 3951 3247 4005 per
3290 3950 3465 3989 annos

1879 4034 2103 4105 aliquot,
2138 4049 2202 4088 ex
2241 4032 2344 4087 hac
2391 4032 2499 4086 vita
2530 4030 2838 4100 demigrans
2870 4028 2937 4083 ad
2968 4027 3244 4084 meliorem
3278 4034 3461 4081 trans-

1882 4130 1962 4192 iit.
2019 4142 2244 4195 corpore
2277 4135 2331 4181 et
2354 4124 2533 4179 anima
2566 4124 2772 4190 absque
2815 4136 2953 4175 noxa
2994 4120 3246 4175 servatis.
3298 4118 3469 4185 Cujus

1881 4220 2083 4274 sanctis
2137 4218 2411 4288 precibus,
2458 4214 2736 4269 auditores
2785 4211 2988 4276 dilecti,
3024 4208 3467 4275 corroborentur,

1881 4314 2095 4368 Christo
2153 4308 2542 4379 benignissimo
2600 4306 2710 4363 Deo
2777 4312 2989 4367 nostro,
3045 4316 3259 4372 unaque
3319 4300 3467 4355 Patri

1888 4404 2133 4471 principii
2166 4401 2397 4469 experti,
2441 4409 2603 4467 atque
2651 4392 2866 4448 vivitico
2899 4393 3120 4461 Spiritui
3152 4393 3377 4459 gloriam
3409 4401 3466 4445 et

194 4507 341 4556 ματι,
375 4464 547 4555 δέξαν
568 4491 669 4542 καὶ
695 4464 1055 4560 ⁷εὐχαριστίαν
1083 4464 1525 4560 ἀναπέμποντες,
1549 4464 1653 4546 ⁷νῦν
1685 4495 1779 4547 καὶ

1888 4496 2184 4568 gratiarum
2234 4493 2502 4549 actionem
2550 4487 2869 4549 referentes,
2928 4499 3072 4538 nunc
3124 4492 3181 4537 et
3228 4496 3468 4550 semper,

190 4584 307 4646 ἀεὶ,
378 4582 481 4637 καὶ
536 4582 625 4644 εις
675 4582 803 4646 τοὺς
860 4581 1186 4653 σύμπαντας
1243 4582 1338 4635 καὶ
1389 4580 1779 4654 ἁτελευτήτους

191 4674 386 4739 αἰῶνας
412 4676 533 4728 τῶν
571 4673 809 4730 αἰώνων.
849 4675 1046 4747 ’Δμήν.

190 4870 240 4921 ει
266 4861 476 4930 scripto
517 4868 780 4922 conatus,
826 4857 1063 4930 breviter
1112 4855 1478 4928 subiungitur,
1514 4855 1781 4912 nﬂensum

192 4930 255 4985 iis
291 4926 596 4999 tyrannum
647 4942 713 4983 ac
752 4946 770 4980 t
817 4926 1089 4999 nesciumg
1116 4942 1237 4999 quo
1266 4926 1334 4982 se“
1374 4936 1633 4999 verteret,
1660 4942 1782 4980 cum

195 4996 431 5055 hominis
483 4999 803 5053 libertatem
835 5013 899 5053 ac
933 4996 1184 5051 liduciam
1214 4998 1363 5053 ferre
1411 4997 1642 5064 amplius
1674 5012 1781 5049 non

194 5080 387 5135 posset,
439 5070 775 5138 Byzantium
831 5067 1421 5138 expelliwcarcerique
1477 5067 1613 5120 tradi
1668 5068 1784 5134 jus-

193 5138 401 5193 sisseh
438 5135 630 5191 Vitam
667 5138 913 5192 dabimus
945 5140 1009 5191 ad
1038 5137 1093 5191 ll
1148 5135 1283 5192 Nov.
1318 5135 1461 5191 diem
1492 5152 1601 5205 quo
1635 5152 1784 5190 mor-

195 5217 311 5265 tuus
342 5220 430 5264 est
459 5221 615 5264 anno
643 5206 770 5262 826.

260 5281 375 5347 (24)
409 5279 487 5335 Ea
520 5288 613 5334 est
661 5276 909 5334 Thraciae
940 5276 1153 5342 civitas,
1182 5278 1345 5331 etiam
1389 5277 1490 5332 lmc
1537 5285 1779 5343 tempore

195 5358 344 5406 vetus
396 5362 605 5406 nomen
659 5349 918 5414 retinens,
948 5363 977 5401 a
1029 5361 1135 5417 qua
1177 5358 1464 5419 propterea
1520 5355 1777 5414 tauquam

1888 4596 2051 4655 atque
2080 4599 2177 4655 per
2213 4583 2393 4639 nuntia
2425 4590 2480 4635 et
2515 4578 2862 4635 interminata
2885 4574 3083 4631 saecula
3114 4573 3462 4630 saeculorum.

1887 4680 2078 4735 Amen.

1882 4836 2166 4895 celebriori
2225 4836 2419 4891 merito
2469 4850 2621 4889 mare
2681 4833 2812 4887 illud
2873 4830 3181 4885 nominetur
3235 4846 3249 4884 :
3301 4826 3468 4881 distat

1885 4910 2087 4975 alioqui
2117 4924 2145 4959 a
2180 4907 2542 4961 Samothrace
2583 4905 2759 4975 insula
2802 4902 2874 4967 20
2924 4900 3094 4975 ferme
3153 4897 3477 4975 milliaribus

1885 4969 2118 5048 ampiius
2150 4993 2325 5048 quam,
2365 4976 2478 5048 ipsa
2521 4973 2702 5048 _insul_a
2760 4988 2788 5026 a
2845 4971 3097 5048 proxima
3143 4969 3469 5048 continenti,

1877 5037 2029 5119 juxia
2058 5037 2330 5119 Ptol-emitti
2359 5037 2621 5119 calculos.
2654 5037 2909 5119 δορί-ηιιὶ
2937 5040 3258 5119 existiment
3306 5037 3478 5119 Isma-

1888 5109 2004 5175 rum
2061 5135 2181 5172 esse
2239 5116 2459 5169 Homeri
2518 5132 2533 5169 :
2587 5114 2681 5169 sed
2737 5109 2946 5166 Plinius
3002 5111 3275 5161 diversam
3323 5109 3471 5162 facit.

1891 5190 2271 5313 'Ht'plgarcltiam
2317 5186 2652 5241 nominatam
2703 5181 2998 5253 aliquando
3045 5181 3206 5235 docet
3236 5177 3478 5234 Ortelius

1891 5274 1942 5313 tu
2033 5272 2262 5313 trsauro.

1891 5262 1942 5315 in
1972 5262 2262 5314 Thesauro.
