4208 6300
201 373 259 433 33
1461 361 1501 421 V
1519 358 1642 419 ιτΑ
1684 360 1741 418 S.

1880 352 2137 416 ‘NGINI.
3378 344 3450 410 36

203 483 508 547 καθίστατο,
553 480 967 552 συκοφαντῆσαι
1011 475 1245 549 Χριστὸν
1289 474 1361 537 ὼς
1385 472 1664 526 κλαπέντα
1695 470 1768 541 μὴ

1880 468 2104 524 tinuerit
2184 465 2505 523 calumniari
2584 465 2895 531 Christum,
2972 474 3229 536 tanquam
3307 463 3449 517 furto

202 580 590 648 ἀνασχόμενος·
630 575 927 645 ἐλευθερίῳ
958 574 1016 626 δὲ
1047 572 1249 640 μᾶλλον
1285 568 1378 621 καλ⁵
1424 567 1639 636 γλώττῃ
1672 566 1767 617 καὶ

203 673 379 743 γνώμῃ
436 672 606 724 αὑτὸν
647 666 995 738 ἀνακηρύξας
1028 661 1282 733 ἀληθινὸν
1328 660 1420 713 καὶ
1454 662 1516 711 ὲκ
1560 656 1767 727 νεκρῶν

203 766 489 837 ἑγηγέρθαι
549 762 1032 835 βεϐαιωσάμενοςο
1085 757 1207 811 ὅθεν
1235 754 1397 816 αὑτός
1426 770 1484 805 τε
1538 751 1769 811 Πιλάτος

204 861 283 913 καὶ
337 860 388 911 oi.
448 858 551 925 τῆς
610 853 939 922 συναγωγῆς
997 849 1268 904 Ἰουδαίων
1322 847 1646 914 ἐξάρχοντες
1677 842 1770 895 τὸν

206 951 403 1019 φθόνον,
459 947 519 1001 ὃν
569 948 838 1016 πρότερον
902 942 1047 1013 εἶχον
1096 942 1235 995 κατά
1285 936 1522 1010 Χριστοῦ
1571 937 1665 989 καὶ
1704 937 1769 1003 ἣν

204 1042 379 1097 ὥδινον
412 1041 531 1093 κατ’
562 1037 729 1091 αὑτοῦ
765 1036 982 1106 μανίαν,
1021 1033 1227 1101 ταύτην
1249 1034 1328 1094 εἰς
1358 1031 1623 1098 Λογγῖνον
1673 1024 1771 1079 νῦν

208 1132 623 1203 μεταφέρουσιν,
660 1128 835 1190 οὕτως
876 1126 1084 1195 ἀγρίως
1132 1124 1283 1193 αὑτῷ
1326 1120 1766 1193 χαλεπαίνοντες,

206 1229 269 1288 ὡς
298 1224 423 1296 μηδ’
452 1225 516 1277 ἂν
537 1224 572 1293 ἠ
595 1240 645 1276 τι
671 1224 766 1275 καὶ
792 1220 954 1274 πάθοι
983 1220 1244 1286 Λογγῖνος
1280 1214 1436 1278 ἀξίαν
1470 1210 1632 1265 αὑτὸν
1656 1210 1769 1261 εἱσ-

206 1316 507 1389 πράεασθαι
537 1314 813 1387 τιμωρίαν
837 1310 1174 1381 ποιούμενοι.
1195 1304 1477 1360 Ἐντεῦθεν
1502 1306 1579 1366 είς
1599 1302 1768 1366 ἀκοὰς

205 1411 316 1478 ἥκει
351 1405 608 1475 Λογγίνῳ
659 1406 721 1457 τὸ
756 1404 1015 1471 πρᾶγμα,
1064 1400 1159 1452 καί
1191 1395 1329 1466 δῆλα
1357 1395 1429 1448 τὰ
1461 1392 1560 1463 τῆς
1600 1394 1771 1463 ὀργῆς

208 1503 459 1570 ἐγίνοντο,
513 1499 609 1552 καὶ
639 1495 725 1549 διὰ
775 1495 935 1547 τοῦτο
1003 1487 1512 1563 παραρριπτεῖσθαι
1569 1484 1772 1555 μᾶλλον

207 1593 421 1664 Χριστῷ
452 1592 486 1661 ἧ
520 1594 634 1653 τοῖς
663 1588 770 1642 τῶν
803 1585 1074 1640 Ἰουδαίων
1095 1584 1264 1636 οίκεῖν
1290 1578 1612 1649 σκηνώμασι
1636 1592 1771 1643 προ-

208 1684 562 1753 θυμούμενος,
581 1684 648 1750 τῇ
665 1680 760 1732 τοῦ
782 1678 1093 1745 ἀξιώματος
1122 1672 1356 1743 χλαμύδι
1394 1673 1485 1723 καὶ
1512 1669 1658 1739 ζώνῃ
1681 1669 1772 1720 καὶ

205 1777 293 1847 τὴν
340 1773 637 1844 στρατείαν
670 1772 862 1835 αὑτὴν,
896 1766 1057 1829 εὐθὺς
1084 1766 1161 1829 ὡς
1208 1761 1320 1833 εἶχε
1351 1761 1770 1822 συναποδύεται,

1876 570 2183 628 surreptum
2220 576 2232 611 :
2268 560 2360 613 sed
2407 559 2584 628 lingua
2610 569 2665 614 et
2697 567 2873 614 mente
2904 557 3069 613 libera
3100 573 3224 612 eutn
3264 568 3451 611 verum

1876 666 1994 707 esse
2047 649 2214 703 Deum
2264 651 2590 720 praedicarit,
2623 661 2673 704 et
2705 667 2734 705 e
2765 652 2991 706 mortuis
3017 666 3137 705 esse
3161 651 3454 705 excitatum

1878 742 2243 796 aﬂirmaverit.
2285 741 2402 807 Quo
2446 743 2644 795 factum
2675 751 2778 808 est,
2827 749 2883 795 ut
2916 749 2969 796 et
3000 741 3113 810 ipse
3141 739 3366 807 Pilatus,
3401 746 3457 794 et

1876 834 2183 889 Judtcorum
2231 848 2515 903 synagoga
2547 832 2844 903 principes,
2879 827 3139 887 invidiam
3175 847 3278 901 qua
3306 831 3457 901 prius

1878 926 2235 981 movebantur
2281 926 2333 979 in
2388 925 2687 990 Christum,
2713 934 2769 979 et
2814 940 2975 993 quem
3017 926 3069 979 in
3109 939 3230 978 eum
3276 923 3457 977 animo

1877 1016 2260 1086 concipiebant
2318 1016 2594 1082 furorem,
2654 1031 2779 1071 eum
2830 1031 2980 1070 nunc
3043 1016 3095 1068 in
3158 1015 3453 1082 Longinum

1881 1104 2258 1170 transferrent,
2284 1104 2333 1159 ei
2372 1105 2508 1159 adeo
2549 1105 2869 1169 irascentes,
2905 1112 2963 1157 ut
3007 1103 3262 1172 quidquid
3292 1110 3457 1170 pate-

1879 1205 2029 1251 retur
2073 1195 2375 1263 Longinus,
2408 1195 2793 1250 existimarent
2836 1207 2960 1250 eum
2997 1208 3104 1246 non
3132 1193 3267 1246 satis
3300 1192 3457 1244 datu-

1879 1300 1998 1339 rum
2043 1300 2163 1340 esse
2212 1300 2521 1356 pmnarum.
2568 1283 2707 1339 Hinc
2750 1299 2811 1339 ea
2864 1298 2954 1339 res
2992 1283 3137 1337 venit
3190 1284 3256 1338 ad
3298 1297 3459 1337 aures

1880 1375 2129 1448 Longini.
2154 1384 2206 1432 et
2233 1390 2423 1431 eorum
2459 1377 2538 1430 ira
2570 1374 2738 1430 fuitei
2770 1375 3096 1443 significata.
3122 1374 3462 1441 Quapropter

1881 1469 2052 1538 magis
2081 1467 2268 1522 volens
2297 1467 2455 1535 abjici
2491 1482 2616 1522 cum
2644 1465 2885 1527 Christo,
2923 1479 3081 1535 quam
3115 1465 3363 1518 habitare
3402 1463 3458 1516 in

1883 1565 2247 1619 tabernaculis
2273 1563 2606 1631 Judteorum,
2634 1578 2756 1617 cum
2787 1570 2938 1618 veste
2968 1572 3023 1617 et
3048 1561 3263 1630 cingulo
3286 1560 3465 1630 digni-

1886 1657 2035 1719 tatis,
2068 1655 2238 1722 ipsam
2266 1668 2480 1722 quoque
2509 1653 2669 1708 simul
2702 1653 3103 1722 quamprimum
3134 1651 3283 1707 exuit
3317 1652 3458 1704 mili-

1883 1749 2033 1803 tiam.
2078 1747 2145 1802 Et
2189 1750 2428 1817 acceptis
2476 1747 2687 1802 duobus
2733 1746 3019 1805 militibus.
3068 1746 3159 1816 qui
3189 1741 3462 1800 habebant

203 1833 288 1923 κείὶ
317 1833 424 1921 δύο.
443 1868 595 1927 τινάς
619 1865 710 1918 τὸν
736 1833 923 1933 ὅμοιον
971 1858 1122 1928 αὑτῷ
1147 1857 1309 1927 ζῆλον
1345 1854 1485 1925 ὑπὲρ
1534 1851 1774 1923 Χριστοῦ

1880 1843 2131 1897 eumdem
2178 1839 2352 1895 zelum
2396 1855 2495 1910 pro
2548 1838 2770 1894 Christo
2820 1849 2874 1893 et
2920 1839 3171 1902 veritate,
3229 1838 3462 1893 declinat

206 1965 288 2015 καὶ
315 1961 418 2028 τῆς
443 1959 708 2029 ἀληθείας
761 1955 984 2024 ἔχοντας
1053 1949 1388 2021 παραλαϐὼν
1415 1946 1774 2017 στρατιώτας,

202 2054 289 2113 τάς
321 2051 471 2104 κατὰ
504 2048 707 2116 πλῆθος
734 2044 971 2098 ἐκκλίνει
995 2041 1302 2111 διατριϐὰς,
1338 2044 1429 2092 καὶ
1452 2039 1586 2092 Θεοῦ
1612 2039 1773 2108 μόνου

206 2142 291 2193 καὶ
329 2138 529 2193 ἑαυτοῦ
562 2138 795 2206 γίνεται.

271 2253 337 2305 Γ’.
359 2252 437 2305 Οὑ
460 2252 597 2303 πολὺ
615 2251 672 2303 δὲ
691 2249 750 2301 τὸ
770 2250 827 2300 ὲν
850 2248 915 2315 μέ
927 2264 1024 2315 σῳ,
1043 2246 1137 2298 καὶ
1156 2244 1254 2315 τὴν
1269 2243 1624 2313 Ἰερουσαλὴμ
1641 2242 1779 2296 ἀπο-

205 2344 386 2407 λιπὼν,
420 2346 507 2406 είς
537 2345 639 2412 τὴν
668 2339 1056 2394 Καππαδοκῶν
1079 2338 1410 2405 ἀφικνεῖται,
1444 2336 1619 2403 κῆρυξ
1641 2333 1776 2404 ὁμοῦ

203 2440 290 2491 καὶ
315 2434 617 2496 ἀπόστολος
647 2433 756 2486 τῶν
780 2431 877 2484 τοῦ
911 2430 1148 2501 Χριστοῦ
1184 2428 1506 2498 παραδόξων
1531 2427 1624 2478 καὶ
1647 2426 1779 2478 θαυ-

206 2531 416 2599 μαστῶν
450 2529 631 2600 ἔργων
664 2528 880 2597 συνάμα
910 2528 1024 2588 τοῖς
1060 2526 1182 2577 δυσὶ
1226 2521 1594 2593 στρατιώταις
1626 2519 1777 2588 γινό-

207 2644 376 2697 μενος.
419 2626 516 2688 Ὦς
545 2621 640 2676 οὖν
667 2623 874 2676 τούτων
903 2622 1056 2675 οὐδὲν
1111 2616 1236 2683 τοὺς
1295 2618 1583 2680 Ἰουδαίους
1623 2617 1779 2671 ὲλάν-

206 2720 373 2786 θανεν,
427 2719 529 2773 ἆτε
565 2718 664 2788 τῆς
720 2717 910 2786 φήμης
968 2716 1050 2777 εἰς
1090 2715 1300 2774 πάντας
1362 2712 1453 2765 τὸν
1513 2712 1779 2777 Λογγῖνον

204 2806 685 2878 παραπεμπούσης
744 2805 835 2857 καὶ
871 2797 963 2857 οἷά
1018 2819 1163 2861 τινος
1228 2801 1539 2869 ὑποπτέρου
1599 2801 1779 2851 πᾶσαν

207 2900 381 2969 σχεδὸν
413 2897 815 2967 διατρεχούσης
842 2896 940 2965 τὴν
973 2894 1325 2963 οἰκουμένην,
1344 2893 1424 2955 είς
1452 2890 1615 2943 ταὺτὸ
1650 2906 1779 2941 συν-

203 2992 469 3055 ελθόντες,
504 2990 755 3042 πείθουσι
798 2989 1029 3042 Πιλᾶτον
1062 2989 1347 3042 κατειπεῖν
1381 2985 1648 3053 Λογγίνου
1686 2982 1782 3037 καὶ

203 3084 438 3151 σημᾶναι
504 3081 584 3150 τῷ
634 3080 900 3149 Καίσαρι,
934 3080 1014 3133 ὅτι
1044 3094 1102 3130 τε
1146 3078 1404 3147 ἀλλότρια
1444 3076 1658 3146 φρονῶν
1692 3074 1778 3144 εἴη

199 3174 294 3244 τῆς
332 3174 628 3245 Ῥωμαίων
663 3171 959 3243 βασιλείας,
989 3170 1084 3224 καὶ
1120 3171 1203 3223 ὃτι
1229 3170 1337 3222 τῶν
1366 3169 1547 3221 ὃπλων
1574 3168 1781 3238 ἀμελη-
1807 3176 1852 3235 ο

204 3284 315 3332 σας,
344 3266 588 3336 Χριστόν
634 3280 757 3317 τινα
812 3261 1083 3333 κηρύσσει
1140 3259 1367 3331 βασιλέα
1412 3260 1525 3321 τοῖς
1574 3257 1776 3319 ἔθνεσι,

203 3356 494 3411 κάντεῦθεν
519 3357 734 3417 πάντας
759 3353 1193 3424 ὑποποιούμενος
1228 3352 1365 3423 πρὸς
1394 3352 1494 3422 τὴν
1536 3352 1614 3413 είς
1639 3339 1786 3402 ὲκεί-⁴

199 3468 284 3504 νον
310 3452 496 3505 πίστιν
520 3451 817 3518 ἐφέλκεται
840 3464 854 3478 ·
879 3451 1202 3518 τεκμήριον,
1237 3448 1393 3518 φασὶ,
1425 3446 1534 3497 τῶν
1553 3443 1781 3512 λεγομέ-

202 3560 322 3608 νων,
347 3542 431 3595 ὅτι
486 3540 591 3594 καὶ
620 3540 722 3609 τὴν
761 3540 1150 3593 Καππαδοκῶν
1183 3541 1366 3592 πᾶσαν
1393 3538 1494 3607 τῆς
1523 3538 1780 3604 τοιαύτης

198 3631 548 3693 διδασκαλίας
585 3629 943 3697 πεπλήρωκε.
978 3628 1203 3691 Τούτοις
1228 3631 1338 3691 τοῖς
1358 3629 1653 3696 γράμμασι
1687 3627 1782 3678 καὶ

201 3726 456 3796 χρήματα
491 3724 968 3792 συνεκπέμπουσι,
1023 3722 1222 3793 κλέψαι
1275 3724 1372 3785 τὰς
1401 3722 1568 3783 ἀκοὰς
1597 3719 1783 3791 βουλό-

201 3833 346 3885 μενοι
408 3817 721 3886 Καίσαρος,
778 3815 918 3869 ὥστε
970 3817 1066 3871 καὶ
1106 3817 1198 3869 τὸν
1231 3815 1497 3886 Λογγί-ιου
1551 3816 1780 3869 θάνατον

200 3908 436 3970 εὐκόλως
460 3908 812 3975 ὠνήσασθαι.
842 3911 907 3960 Ὃ
937 3907 1001 3979 δὴ
1032 3911 1125 3961 κα)⁸
1178 3910 1321 3961 κατὰ
1347 3912 1406 3959 τὸ
1444 3905 1634 3958 δοκοῦν
1671 3906 1782 3965 τοῖς

209 3998 486 4062 Ἰουδαίοις
521 3996 801 4067 ἐχώρησε,
826 3999 920 4050 καὶ
947 4000 1052 4050 ἀπὸ
1084 3999 1305 4070 Ῥώμης
1335 3999 1497 4062 εὐθὺς
1533 3998 1631 4069 τῆς
1652 3999 1784 4050 Ἰου-

194 4090 345 4155 δαίας
376 4092 519 4162 πρὸς
576 4090 810 4143 Πιλάτον
846 4088 1152 4143 στέλλονται
1176 4094 1481 4159 γράμματα
1517 4091 1781 4159 Λογγίνου

197 4184 420 4239 θάνατον
457 4183 982 4254 καταψηφιζόμενα.
1016 4183 1331 4253 Δεξάμενος
1366 4182 1459 4235 οὖν
1492 4186 1518 4233 ὁ
1553 4185 1782 4245 Πιλάτος

196 4279 259 4330 τὰ
283 4279 628 4356 γράμματα,
648 4276 722 4340 ὡς
743 4271 913 4347 εἶχεν,
936 4278 1139 4340 εὐθέως
1159 4274 1644 4347 ἐγχειρίζειταῦτα
1672 4278 1783 4339 τοῖς

208 4369 482 4430 Ἰουδαίοις
501 4370 604 4420 καὶ
631 4368 769 4436 πρὸς
793 4369 885 4420 τὸν
907 4369 1001 4421 τοῦ
1031 4371 1304 4441 μακαρίου
1326 4369 1487 4438 φόνον
1505 4371 1785 4441 πρόθυμος

198 4462 518 4532 προθύμους
572 4460 853 4529 ἐκπέμπει
875 4477 889 4491 ⁸
925 4462 974 4513 οί
1013 4462 1068 4513 δὲ
1101 4464 1202 4532 τὴν
1228 4461 1434 4530 μεταξὺ
1464 4464 1645 4516 πᾶσαν
1679 4464 1784 4533 γῆν

197 4555 417 4624 ἀπτέρῳ
458 4552 625 4622 τάχει
678 4551 1069 4623 διαδραμόντες
1126 4554 1191 4622 τῇ
1246 4552 1629 4605 Καππαδοκῶν
1688 4555 1787 4621 ιφ.-

199 4646 446 4701 ίστανται
509 4647 611 4700 καὶ
645 4647 911 4715 Λογγῖνον
938 4646 995 4699 ἑν
1028 4662 1137 4700 τινι
1162 4647 1271 4699 τῶν
1299 4643 1571 4716 πατρῴων
1596 4643 1786 4714 ἀγρῶν

194 4738 281 4790 τὸν
300 4740 656 4811 ἀπράγμονα
692 4736 805 4807 βίον
833 4740 1026 4791 ἀσκεῖν
1059 4738 1382 4809 πυθόμενοι,
1430 4737 1590 4800 εὐθὺς
1628 4754 1685 4791 εν
1709 4735 1788 4809 τῷ

195 4832 347 4902 ἀγρῷ
398 4834 680 4901 γίνονται,
738 4832 813 4901 μὴ
870 4831 1071 4894 εἰδότες
1126 4833 1334 4885 ἐκεῖνον
1373 4829 1536 4898 εἶναι,
1575 4835 1701 4903 περὶ
1727 4826 1787 4885 οὗ

195 4924 315 4987 τοὺς
356 4924 621 4994 μακροὺς
678 4922 992 4994 ὑπέστησαν
1055 4923 1252 4989 πόνους
1286 4924 1382 4977 καὶ
1411 4923 1510 4993 τὴν
1563 4925 1789 4994 πορείαν

196 5015 431 5087 διήνυον,
494 5017 628 5071 ὅθεν
678 5015 773 5069 καὶ
812 5015 976 5072 αὑτὸν
1012 5019 1220 5070 ἐκεῖνον
1278 5014 1540 5089 ἠρώτων,
1572 5016 1657 5079 τίς
1684 5017 1790 5087 ἄρα

197 5107 459 5176 Λογγῖνος
493 5110 587 5179 εῐη
627 5110 723 5161 καὶ
749 5111 900 5170 ποῖος
927 5110 956 5160 ό
982 5108 1243 5176 Λογγῖνον
1268 5108 1407 5178 ἔχων
1446 5108 1614 5179 ἀγρός
1634 5123 1647 5137 ·
1676 5110 1788 5171 τοῖς

203 5198 298 5265 μὲν
322 5202 433 5273 γὰρ
470 5196 547 5271 ἦν
600 5203 633 5269 ὴ
668 5200 891 5272 σπουδὴ,
948 5202 1199 5273 Λογγίνῳ
1225 5201 1449 5271 ἀφανῶς
1476 5202 1785 5266 ἐπιθέσθαι,

199 5292 412 5358 δεδιόσι,
454 5294 536 5363 μὴ
604 5293 707 5361 τὴν
765 5294 1044 5365 σωτηρίαν
1079 5298 1223 5365 φυγῇ
1261 5294 1782 5366 πραγματεύσηται.

208 5378 468 5449 Ἦτνόουν
519 5386 581 5438 δὲ
621 5385 705 5437 ὅτι
739 5385 939 5453 μᾶλλον
972 5383 1120 5456 αὑτῷ
1143 5386 1176 5454 ἡ
1218 5387 1421 5456 σπουδὴ
1450 5386 1721 5456 ληφθῆναι
1753 5386 1785 5456 ἢ

201 5476 427 5539 ἐκείνοις
487 5476 721 5530 λαϐεῖν·
782 5475 979 5546 ἐζήλου
1023 5479 1132 5547 γὰρ
1171 5478 1385 5531 ἐκείνου
1419 5480 1510 5531 τὸν
1540 5478 1786 5541 ἑκούσιον

202 5566 451 5634 θάνατον,
486 5570 552 5623 δν
620 5568 750 5622 ἰδὼν
777 5572 835 5622 ἐν
873 5571 1089 5641 σταυρῷ
1122 5571 1254 5625 Θεὸν
1282 5570 1660 5642 ὡμολόγησεν,
1691 5574 1787 5625 καὶ

201 5661 379 5734 ὥσπερ
404 5664 657 5731 Χριστὸς
687 5663 753 5715 δι’
784 5665 953 5733 ἡμᾶς,
978 5664 1121 5718 οὕτω
1152 5664 1238 5718 διὰ
1268 5666 1503 5734 Χριστὸν
1526 5668 1786 5735 Λογγῖνος

197 5752 289 5816 τὴν
318 5759 543 5829 σφαγὴν
571 5755 756 5822 ἑδίψα.

1880 1947 2000 1987 cum
2049 1932 2247 2002 popqu
2291 1931 2755 2002 congressionem,
2810 1940 2862 1985 et
2917 1945 3037 1985 cum
3096 1930 3204 1985 Deo
3254 1929 3368 1983 solo
3405 1936 3461 1982 et

1880 2038 2061 2078 secum
2093 2038 2250 2079 vcrsa
2260 2032 2367 2079 tur.

1951 2222 2038 2278 lll.
2067 2221 2178 2277 Nec
2208 2221 2437 2277 multmn
2473 2219 2777 2275 intercessit
2826 2218 3106 2288 temporis,
3154 2227 3209 2271 et
3255 2218 3462 2272 relictis

1884 2313 2297 2383 Hierosolymis,
2339 2312 2487 2367 venit
2536 2312 2590 2366 in
2636 2310 3056 2380 Cappadociam,
3100 2324 3275 2377 praeco
3305 2310 3463 2362 simul

1881 2420 1933 2463 et
1964 2406 2238 2475 apostolus
2272 2404 2476 2461 Christi
2533 2402 2931 2461 admirabilium
2967 2416 3211 2469 operum,
3254 2412 3308 2454 et
3343 2416 3465 2469 qua

1881 2505 2008 2549 sunt
2048 2504 2244 2563 praeter
2284 2494 2593 2563 opiniOnem
2636 2506 2760 2545 cum
2805 2490 2911 2545 illis
2948 2490 3156 2545 duobus
3200 2490 3463 2543 militibus

1881 2584 2128 2643 effectus.
2176 2584 2313 2638 Cum
2359 2594 2539 2637 autem
2589 2598 2779 2652 eorum
2829 2581 2960 2636 nihil
2996 2585 3185 2636 lateret
3226 2581 3461 2646 Judacus,

1884 2681 2067 2745 utpote
2087 2676 2228 2741 quod
2259 2674 2400 2729 fama
2425 2675 2491 2729 ad
2514 2688 2703 2727 omnes
2721 2673 3023 2743 Longinum
3050 2672 3461 2734 transmitteret,

1882 2772 1937 2818 et
1982 2766 2202 2834 perinde
2239 2780 2302 2819 ac
2353 2766 2492 2818 alata
2547 2763 2839 2834 perniciter
2883 2778 3097 2818 omnem
3129 2772 3469 2833 percurreret

1888 2856 2189 2922 regionem,
2225 2856 2260 2908 ii
2293 2854 2452 2910 simul
2491 2854 2878 2909 convenientes
2911 2853 3235 2922 persuadeant
3266 2851 3463 2914 Pilato,

1886 2953 1941 2997 ut
1992 2944 2060 2999 de
2115 2942 2365 3017 Longino
2408 2946 2548 3000 male
2602 2946 2767 3008 dicat,
2813 2954 2869 2999 et
2921 2945 3193 3015 signiticet
3240 2942 3463 3007 Caesari,

1886 3037 2029 3108 quod
2074 3036 2248 3092 aliena
2292 3037 2521 3093 sentiret
2572 3037 2640 3091 ab
2694 3036 2923 3104 imperio
2973 3034 3364 3099 Romanorum,
3411 3045 3467 3088 ct

1886 3128 2031 3198 quod
2062 3128 2323 3196 neglectis
2351 3128 2538 3193 armis,
2579 3126 2857 3183 Christum
2885 3126 3142 3196 praedicet
3175 3126 3461 3195 quemdam

1887 3232 2067 3287 regem
2107 3219 2394 3287 gentibus,
2454 3228 2509 3272 et
2554 3218 2633 3273 sic
2673 3232 2863 3272 omnes
2921 3217 2972 3270 in
3019 3230 3171 3271 suam
3220 3218 3468 3286 redigens

1888 3316 2236 3376 potestatem,
2269 3310 2511 3363 attrahat
2545 3310 2609 3361 ad
2642 3308 2784 3361 illius
2816 3306 2995 3360 ﬁdem.
3033 3306 3232 3362 Eorum
3262 3317 3464 3369 autem,

1884 3398 2123 3465 aiebant,
2155 3414 2275 3469 quae
2308 3400 2583 3463 dicuntur,
2607 3399 2823 3468 signum
2849 3406 2952 3466 est,
2984 3398 3128 3468 quod
3157 3398 3466 3452 universam

1883 3486 2278 3557 Cappadociam
2313 3505 2374 3543 ea
2412 3489 2653 3558 implevit
2682 3488 2949 3544 doctrina.
2983 3486 3118 3543 Cum
3154 3487 3236 3542 his
3272 3487 3469 3541 litteris

1884 3578 2044 3633 siuml
2090 3578 2253 3633 etiam
2304 3578 2559 3632 emittunt
2603 3578 2883 3647 pecunias,
2932 3579 2985 3631 in
3031 3593 3192 3633 aures
3235 3577 3469 3633 Caesaris

1886 3671 2128 3727 volentes
2163 3670 2426 3741 irrepere,
2464 3678 2523 3725 ut
2553 3667 2784 3747 Longini
2828 3678 3058 3724 mortem
3107 3666 3270 3722 facile
3314 3684 3461 3723 erne-

1885 3772 2027 3814 rent.
2067 3760 2220 3826 Quod
2273 3764 2486 3830 quidem
2536 3762 2805 3831 processit
2844 3761 3030 3825 etiam,
3068 3770 3126 3815 ut
3158 3748 3461 3823 videbatur,

1890 3850 2109 3906 Judmis.
2166 3849 2233 3905 Et
2287 3850 2454 3907 Roma
2504 3852 2682 3904 statim
2732 3851 2787 3903 in
2840 3850 3082 3905 Judaeatn
3133 3850 3467 3907 ad-Pilaunn

1896 3944 2183 3998 mittuntur
2213 3942 2426 4009 litterae,
2447 3956 2566 4013 qum
2596 3940 2896 4012 Longinum
2921 3953 3097 4022 morte
3116 3945 3464 3998 damnabunt.

1886 4031 2090 4087 Pilatus
2135 4048 2264 4103 ergo
2303 4033 2538 4102 acceptis
2573 4031 2793 4097 litteris,
2826 4047 2921 4089 eas
2958 4033 3139 4087 statim
3174 4034 3339 4087 tradit
3371 4032 3469 4087 Ju-

1888 4125 2038 4192 daeis,
2068 4132 2123 4179 et
2146 4125 2213 4178 ad
2244 4123 2384 4178 beati
2420 4124 2520 4177 viri
2554 4124 2753 4178 caedem
2784 4124 2982 4178 alacris
3013 4126 3222 4178 alacres
3251 4128 3468 4180 emittit.

1889 4214 1971 4269 Illi
2001 4224 2180 4268 autem
2220 4228 2342 4268 cum
2379 4223 2545 4268 totam
2602 4230 2723 4283 qua:
2761 4215 3153 4281 intercedebat,
3189 4218 3465 4287 regiOuem

1888 4304 2123 4359 maxima
2159 4304 2524 4375 pervasissent
2560 4304 2863 4372 celeritate,
2906 4308 3129 4362 veniunt
3170 4310 3222 4361 in
3255 4309 3468 4378 Cappa-

1888 4397 2085 4451 docum
2123 4396 2396 4467 regionem
2436 4416 2449 4451 :
2483 4408 2536 4451 et
2569 4413 2691 4452 cum
2726 4399 3028 4454 audiissent
3078 4400 3375 4472 Longinum
3416 4405 3466 4457 in

1811 4508 1865 4568 Β
1891 4487 2127 4556 quodam
2156 4503 2285 4558 agro
2320 4499 2546 4558 paterno
2576 4502 2735 4556 agere
2768 4490 2931 4542 vitam
2969 4490 3038 4543 ab
3078 4493 3225 4543 omni
3252 4497 3467 4561 negotio

1893 4587 2176 4641 remotam,
2214 4580 2393 4632 statim
2439 4582 2660 4634 veniunt
2698 4580 2754 4634 in
2805 4594 3017 4652 agrum,
3068 4591 3119 4637 et
3166 4599 3286 4639 cum
3324 4586 3465 4641 Lon-

1887 4667 2012 4737 gino
2083 4682 2363 4724 sermones
2420 4668 2727 4737 conferunt,
2788 4674 3094 4729 nescientes
3149 4691 3271 4730 eum
3324 4690 3467 4745 esse,

1886 4769 2107 4830 propter
2140 4775 2299 4829 quem
2334 4772 2442 4815 tam
2480 4776 2703 4830 magnos
2745 4763 2958 4817 labores
2990 4766 3380 4832 suscepissent,
3412 4780 3467 4822 et

1889 4854 1993 4907 iter
2031 4851 2411 4909 cdnfecissenl.
2438 4852 2591 4908 Unde
2616 4854 2781 4909 etiam
2811 4855 2960 4910 illum
2986 4856 3159 4926 ipsum
3181 4861 3465 4929 rogabant,

1887 4943 2139 5011 quisnam
2189 4955 2332 4999 esset
2373 4945 2669 5017 Longinus,
2700 4956 2755 5003 et
2790 4948 2842 5003 in
2875 4964 3108 5017 quonam
3137 4951 3343 5017 praedio
3373 4952 3466 5005 ha-

1888 5035 2104 5091 bitaret.
2151 5035 2454 5107 Longinum
2498 5039 2644 5094 enim
2697 5038 2987 5093 studebant
3032 5040 3171 5094 clam
3222 5044 3463 5113 aggredi,

1889 5127 2143 5186 timentes
2169 5145 2238 5187 ne
2262 5130 2491 5189 salutem
2520 5134 2622 5189 sibi
2656 5131 2778 5202 fuga
2816 5147 3105 5202 quaereret.
3142 5133 3467 5206 lgnorahant

1889 5232 2067 5278 autem
2109 5238 2231 5278 eum
2273 5225 2704 5294 magisrstudcre
2732 5234 2790 5280 ut
2824 5235 3132 5296 caperetur,
3167 5243 3328 5297 quant
3368 5230 3465 5292 illi,

1892 5325 1950 5371 ut
1981 5324 2260 5388 caperent.
2296 5316 2616 5373 lmitabatur
2648 5317 2792 5372 enim
2833 5327 3063 5373 mortem
3099 5318 3238 5373 illius
3270 5319 3465 5374 volun-

1888 5407 2106 5471 tariam,
2158 5422 2318 5477 quem
2367 5424 2488 5463 cum
2540 5409 2763 5465 vidisset
2810 5409 2861 5463 in
2914 5410 3113 5477 cruce,‘
3147 5410 3315 5466 Deum
3364 5409 3466 5466 fuit

1888 5498 2169 5557 confessus
2215 5519 2229 5558 :
2284 5511 2341 5557 et
2389 5504 2660 5573 quomodo
2702 5500 2952 5559 Christus
2979 5514 3197 5575 propter
3230 5520 3349 5571 nos,
3388 5505 3462 5561 ita

1888 5590 2163 5661 Longinus
2198 5603 2418 5664 propter
2444 5591 2718 5650 Christum
2752 5596 2952 5652 caedem
2987 5597 3229 5653 sitiebat.
