4208 6300
164 329 217 393 37
1402 326 1581 386 VlTA
1623 326 1681 382 δ.
1731 324 2080 387 LONGlNI.
3346 337 3419 399 38

166 432 389 502 πονηρὰν
419 431 663 504 ἀμοιϐὴν
697 436 870 490 ποιεῖν
901 435 1220 504 μέλλοντες;
1268 435 1335 490 Ὢ
1368 433 1586 487 δείπνου
1611 433 1738 487 δυσ-

1844 444 2025 489 essent
2077 436 2242 490 malas
2288 436 2548 491 reddituri
2591 436 2902 507 gratiale
2933 438 3232 508 infelicem,
3270 443 3419 502 diee-

164 524 372 595 τυχοῦςι
404 525 685 608 λέγοντες,
720 523 765 579 ὣ
793 525 1037 596 χαλεπῆς
1066 525 1278 590 ξενίαςι
1305 529 1356 578 τί
1392 543 1497 590 σοι,
1535 520 1580 578 ὧ
1615 526 1737 595 φέλε

165 619 398 685 Λογγῖνε,
428 616 594 671 τοῦτο
621 617 838 682 ὲδόξατο
878 619 1214 687 ἐγχείρημα,
1249 618 1337 671 ἵνα
1370 619 1496 680 τοὺς
1528 619 1619 671 ἐπὶ
1647 616 1738 670 σὺν

166 711 305 778 φόνον
335 692 596 771 ἐλθόντας
622 710 650 761 ὁ
684 708 775 771 ab;
805 714 924 761 οἰκο
979 709 1228 778 ὲδέχετος
1261 707 1306 760 ῶ
1336 708 1527 769 ἀθλίας
1568 725 1738 760 κατα-

166 802 363 871 γωγῆςι
407 800 453 853 ὣ
487 802 692 869 πικρᾶς
727 801 1026 861 ἑστιάσεως
1056 801 1069 853 l
1121 801 1352 863 θάνατος
1404 803 1436 867 ἠ
1475 801 1623 864 ξενία
1657 816 1737 852 σοι

166 894 361 960 γίνεται
403 892 498 943 καὶ
532 892 760 943 σεαυτὸν
791 892 1074 953 ἐπιθύσεις
1121 895 1187 962 τῇ
1214 890 1468 962 τραπέζῃ
1493 931 1506 951 ,
1536 889 1738 959 λῃστὰς

168 985 474 1052 πιραδνὶξως
509 985 635 1045 τοὺς
670 983 776 1035 ὑπὸ
806 982 901 1035 σοῦ
936 983 1287 1047 ξενισθέντας
1337 982 1537 1051 εὑρών.
1580 982 1641 1031 Ἰί
1675 983 1739 1034 ἂν

168 1073 319 1122 ποιῶν
350 1072 527 1133 οὕτως
557 1072 777 1134 ὲλύπεις
820 1074 948 1135 τοὺς
982 1072 1242 1142 ἐπιθῆναί
1274 1088 1359 1123 σοι
1391 1073 1490 1141 τὴν
1524 1071 1738 1139 σφαγὴν

171 1161 488 1231 {sinovum
547 1162 743 1215 Ἀπιθι
796 1164 1112 1232 τοιγαροῦν,
1181 1165 1376 1231 μισθὸν
1423 1165 1520 1231 τῆς
1560 1163 1739 1227 ξενίας

169 1250 331 1303 λαϐὼν
360 1253 457 1303 τοῦ
494 1254 731 1307 θανάτου
765 1253 863 1321 τὴν
901 1255 1097 1322 ἄφεσιν
1123 1269 1141 1287 ο
1166 1255 1228 1305 οὐ
1264 1254 1568 1323 στέργομεν
1617 1257 1742 1305 ἐπι-

170 1342 322 1396 θεῖναί
353 1361 438 1395 σοι
472 1346 532 1397 τὸ
591 1346 763 1413 ξίφος,
794 1349 951 1416 χεῖρα
1004 1346 1295 1415 μιαιφόνον
1329 1348 1647 1412 ἐπενεγκεῖν
1672 1350 1739 1416 τῇ

170 1439 225 1505 σῇ
249 1435 401 1506 δεξιᾷ
430 1436 750 1508 δεδοίκαμεν
772 1454 785 1468 ·
836 1438 1132 1507 αἰδούμεθα
1179 1440 1307 1499 τοὺς
1341 1439 1554 1499 κοινοὺς
1580 1437 1736 1499 ἅλαςο

166 1528 499 1599 ὲρνθριώμεν
548 1531 647 1599 τὴν
683 1530 988 1599 τράπεζαν,
1041 1529 1133 1581 τὸν
1166 1528 1265 1597 τῆς
1304 1527 1487 1591 ξενίας
1540 1517 1739 1597 ἔφορον

170 1620 556 1690 αἰσχυνόμεθα·
594 1623 772 1692 ναρκᾷ
816 1622 949 1691 πρὸς
982 1620 1073 1685 τὸν
1106 1621 1323 1691 φόνονή
1360 1620 1511 1690 χείρ·
1544 1621 1572 1671 ὁ
1617 1619 1740 1681 νοῦς

167 1711 301 1762 ὀκνεῖ
330 1712 429 1763 τοῦ
457 1712 750 1781 εὐεργέτου
781 1712 870 1763 τὸν
906 1711 1139 1764 θάνατον
1163 1729 1175 1741 ο
1216 1712 1362 1782 ρᾁν
1390 1714 1417 1763 ὁ
1447 1711 1597 1780 παρὰ
1645 1711 1743 1762 Πι-

168 1802 573 1872 λάτῳ,κξνδυνος
607 1805 739 1874 ἡμῖν
769 1804 879 1855 τῶν
904 1805 967 1855 ὲκ
992 1803 1087 1855 τοῦ
1125 1804 1427 1866 συνειδότος
1472 1803 1699 1872 πληγῶν
1720 1819 1734 1833 ο

168 1894 330 1945 πάντα
391 1892 587 1946 παθεῖν
654 1897 822 1962 ἐσμεν
879 1894 1091 1963 ἕτοιμοι
1125 1894 1157 1962 ἧ
1190 1894 1442 1962 Λογγίνῳ
1478 1893 1735 1956 τοιαύτας

168 1985 465 2036 ἀντιδοῦναι
501 1986 601 2048 τὰς
633 1987 887 2054 χάριτας.

228 2074 315 2142 ς’.
346 2076 511 2129 Οῦτω
535 2076 717 2130 τοίνυν
752 2078 800 2129 οί
832 2074 1169 2146 στρατιῶται
1198 2074 1337 2146 πρὸς
1371 2074 1463 2128 τὸν
1482 2072 1576 2127 τοῦ
1604 2074 1738 2145 Χρι-

166 2169 279 2222 στοῦ
307 2171 569 2241 μάρτυρα
597 2170 694 2223 καὶ⁵
722 2170 843 2222 λίαν
866 2168 1187 2239 περιπαθῶς
1215 2168 1422 2237 ελεγον.
1458 2167 1597 2221 Ἀλλ’
1615 2167 1740 2239 οὐχὶ

165 2260 251 2312 καὶ
273 2262 543 2327 Λογγῖνον
598 2259 863 2329 ἠδύναντο
923 2259 1156 2323 πείθειν,
1202 2259 1338 2313 ἀλλὰ
1376 2259 1511 2328 πρὸς
1543 2259 1737 2323 αὐτοὺς

164 2350 417 2416 γενναίως
472 2352 501 2402 ὁ
548 2351 798 2419 γενναῖος
849 2349 1069 2418 ἀληθῶς
1122 2348 1516 2417 ἀποκρίνεται·
1557 2350 1622 2401 Τί
1648 2367 1738 2419 μοι

164 2441 395 2510 φθονεῖτε
444 2443 702 2512 μεγάλων
762 2441 1007 2509 ἀγαθῶν,
1081 2435 1157 2493 ὦν
1191 2441 1285 2493 καὶ
1320 2441 1545 2503 ἄκοντες
1604 2442 1739 2509 ἡμῖν

166 2530 466 2585 ἀντιδοῦναι
498 2532 759 2601 pensas;
787 2530 839 2582 τί
870 2546 971 2599 μου
998 2530 1090 2582 τὸν
1142 2531 1376 2583 Οάνατον
1410 2526 1553 2582 οὕτω
1579 2530 1740 2582 πολυ-

166 2624 339 2684 nam;
368 2621 774 2676 ἀνακλαὶεσθεε
810 2622 895 2673 ἵνα
924 2620 975 2673 τί
1007 2624 1313 2691 κατηφιᾶτε
1350 2621 1425 2690 τῷ
1451 2620 1647 2684 πάθεις
1678 2621 1739 2673 οὐ

168 2714 385 2775 Θάνατος
424 2712 557 2780 ἐμοὶ
579 2713 640 2763 τὸ
670 2712 869 2781 παρὸν,
895 2713 1032 2765 ἀλλὰ
1056 2713 1200 2781 ζωῆς
1229 2715 1450 2781 ἀπαρχὴ
1477 2730 1487 2741 ·
1518 2714 1639 2781 ἐμοὶ
1664 2711 1741 2782 τῷ

160 2806 264 2858 δντι
293 2806 528 2868 θάνατοι
585 2805 787 2876 μᾶλλον
874 2805 1107 2857 ἐνταῦθα
1154 2805 1419 2873 διαγωγὴ,
1453 2806 1532 2857 ὅτι
1564 2806 1639 2874 μη
1664 2803 1740 2872 τῷ

162 2899 269 2968 ἐμῷ
291 2895 558 2969 Δεσπὸτῃ
575 2898 944 2967 παρίσταμαι,
987 2898 1081 2949 καὶ
1103 2899 1201 2966 τῆς
1245 2896 1454 2949 ἐκεῖθεν
1483 2896 1741 2949 ἀπολαύω

161 2992 565 3060 μακαριότητος
601 3004 614 3019 ο
649 2990 710 3039 τὸ
743 2989 899 3051 τέλος
939 2989 1045 3039 τῶν
1091 2988 1278 3040 κακῶν
1326 2989 1446 3057 οὐχὶ
1478 2988 1569 3041 καὶ
1591 2988 1741 3052 τέλος

157 3085 247 3153 τῆς
270 3083 417 3149 ζωῆς
450 3078 788 3150 προξενήσει
844 3095 959 3149 μοι,
1006 3076 1141 3131 ἀλλὰ
1184 3078 1321 3147 πρὸς
1350 3078 1449 3146 τὴν
1478 3078 1738 3149 ἀληθινὴν

1849 3094 1977 3147 mihi
2012 3093 2324 3148 conciliabit
2363 3111 2377 3147 :

158 3179 464 3233 διαϐιϐάσει
523 3175 810 3244 ἀῑδιόιητα
865 3170 962 3225 καὶ
1009 3171 1303 3240 μετασχεῖν
1378 3172 1477 3241 τῆς
1528 3169 1739 3222 ἐκεῖθεν

156 3273 576 3343 παρασκευάσει
598 3266 990 3336 λαμπρότητος
1012 3279 1025 3291 ⁸
1059 3260 1214 3331 ἔχετε
1236 3262 1337 3331 τὴν
1365 3262 1739 3330 παραμυθίαν,

153 3359 194 3417 ὦ
216 3365 381 3433 φίλοι,
416 3361 560 3433 παρ’
591 3361 805 3418 ἑαυτοῖς
843 3356 997 3427 ἔχετε
1020 3371 1032 3382 ο
1066 3354 1236 3419 ἐγγὺς
1267 3353 1338 3406 τὰ
1372 3354 1470 3421 τῆς
1499 3370 1745 3424 παρηγο-

155 3460 267 3527 ρίας
304 3458 459 3525 ὑμῖν,
491 3455 553 3507 ὃν
586 3451 675 3503 διὰ
700 3449 762 3501 τὸ
790 3448 941 3510 τέλος
974 3445 1248 3517 θρηνεῖτε,
1285 3443 1479 3497 τοῦτον
1516 3446 1655 3515 μετά
1684 3446 1743 3498 τὸ

155 3552 294 3610 τέλος
329 3549 536 3617 ἣδιστα
578 3539 916 3613 μακαρίσετε
940 3556 953 3569 ·
1011 3537 1216 3609 ἀρκοῦν
1245 3538 1300 3591 δὲ
1332 3537 1491 3590 τοῦτο
1527 3538 1743 3600 πάντως

154 3642 279 3708 πρὸς
310 3637 592 3706 εὐθυμίαν
629 3633 959 3703 μεταϐαλεῖν
983 3632 1042 3683 τὸ
1069 3631 1161 3683 τὸν
1185 3631 1340 3698 φίλον
1368 3630 1572 3683 εἰδέναι
1611 3629 1741 3681 πολ-

153 3734 249 3786 λῶν
281 3730 511 3800 ἀγαθῶν
546 3726 817 3800 μέλλοντα
842 3725 1145 3788 κοινωνεῖν,
1177 3721 1368 3789 ὥσπερ
1404 3722 1743 3789 φθονούντων

155 3827 344 3893 piiim
380 3824 415 3889 ἢ
470 3823 576 3874 καὶ
629 3818 934 3890 μισούντων
993 3815 1053 3868 τὸ
1118 3813 1374 3867 σπεύδειν
1416 3814 1743 3883 ἀποστερεῖν

152 3917 306 3971 αὐτὸν
358 3917 463 3985 τῆς
507 3912 924 3981 λαμπρότητος.
990 3907 1083 3976 Μὴ
1114 3903 1207 3961 οὖν
1247 3904 1507 3976 ὀδύρεσθε
1541 3905 1630 3957 τὸν
1650 3907 1743 3958 ἐκ-

150 4012 420 4069 λείποντα,
496 4004 619 4059 ἀλλ’
654 4002 1033 4073 εὐχαριστεῖτε
1081 4000 1159 4068 τῷ
1210 3999 1488 4070 δεχομένῳ
1544 3998 1645 4051 οὐκ
1677 3996 1742 4055 ἂν

150 4101 471 4172 ζημιώσητέ
503 4114 579 4168 με
604 4095 704 4164 τὴν
726 4094 884 4159 δόξαν
916 4091 1151 4159 ἐκείνην,
1188 4090 1255 4158 ἢν
1294 4088 1435 4142 εἶδον
1466 4088 1579 4157 ἐγὼ
1604 4106 1746 4142 στοι-

149 4197 260 4262 χεῖα
284 4192 640 4247 σαλεύουσαν
664 4201 679 4217 ’
733 4184 836 4239 οὐκ
864 4183 930 4242 ἂν
966 4180 1264 4253 ἀρνηθείην
1302 4179 1361 4232 ὃν
1422 4180 1574 4242 ἅπαξ
1605 4179 1740 4231 Θεοῦ

153 4286 270 4338 Υίδν
314 4282 703 4355 ιῖυμολόγσιισα⁹
755 4276 972 4330 δέδοικα
1005 4273 1081 4344 μὴ
1124 4271 1437 4343 κατήγορον
1467 4268 1614 4341 εὕρω
1643 4270 1741 4341 τὴν

151 4380 354 4449 κτῆσιν,
401 4376 649 4431 ἄπιστος
689 4368 820 4438 περὶ
857 4365 1052 4419 τοῦτον
1090 4364 1279 4433 φανείς
1305 4380 1318 4393 ·
1357 4360 1419 4418 οῦ
1477 4364 1554 4433 τῷ
1580 4365 1740 4418 πάθει

1841 528 1991 592 haut,
2019 524 2265 586 umnam!
2292 545 2325 581 ο
2346 544 2508 597 grave
2546 528 2871 599 hospitium!
2894 530 3158 601 Curnam,
3189 548 3223 589 0
3257 536 3423 593 citare

1843 616 2107 688 Longine,
2140 621 2240 674 hoc
2274 621 2365 675 tibi
2397 630 2635 689 corpiunt
2670 622 2816 675 venit
2845 623 2896 675 in
2932 635 3190 689 mentem,
3223 636 3281 680 υι
3304 642 3421 694 eos,

1841 711 1931 778 qui
1970 724 2226 766 venerant
2259 715 2324 767 ad
2365 717 2439 768 lui
2479 719 2707 779 caedem,
2753 718 2944 774 domus
2978 728 3066 771 tua
3110 718 3423 788 acciperet?

1841 801 1885 856 0
1924 805 2176 858 miserum
2236 809 2623 871 habitaculum,
2690 822 2722 861 ο
2771 813 3024 863 acerbum
3068 812 3414 865 convivium!

1840 896 1985 950 Mors
2028 899 2120 950 tibi
2174 902 2353 952 evadit
2394 900 2707 968 lmSpititnn,
2739 911 2793 955 et
2829 905 3062 968 teipsnm
3101 919 3299 958 mensa:
3326 918 3421 972 ap-

1842 1003 2029 1055 pones,
2077 1006 2171 1043 eos
2220 1002 2420 1058 praeter
2466 994 2777 1059 opinionem
2831 994 3113 1050 inveniens
3158 996 3418 1059 latrones,

1842 1080 1929 1145 qui
1960 1082 2193 1149 hospitio
2232 1100 2259 1135 a
2309 1096 2357 1138 te
2392 1083 2613 1138 fuerunt
2654 1086 2883 1155 accepti.
2917 1086 3055 1153 Quid
3108 1089 3311 1143 faciens
3344 1090 3425 1143 sic

1844 1174 2084 1226 molestia
2113 1172 2338 1228 atTecisti
2366 1191 2480 1237 eos,
2511 1177 2600 1244 qui
2628 1186 2677 1228 te
2704 1185 2829 1230 sunt.
2850 1180 3121 1234 occisuri?
3145 1179 3242 1234 Abi
3268 1195 3419 1250 ergo,

1841 1272 2062 1331 accepta
2097 1268 2340 1320 mercede
2367 1269 2610 1335 hospitii,
2642 1283 2835 1335 nempe
2867 1270 3055 1320 mortis
3087 1270 3422 1325 remissione.

1844 1356 1958 1411 Non
1994 1362 2328 1414 sustinemus
2350 1377 2533 1416 ensem
2566 1364 2656 1415 tibi
2688 1364 2889 1418 inferre.
2921 1381 2935 1415 :
2967 1364 3167 1418 caedem
3195 1365 3421 1417 molien-

1844 1457 1949 1500 tem
1976 1464 2190 1502 manum
2224 1461 2313 1504 tuo
2354 1454 2515 1520 capiti
2552 1451 2743 1507 aﬂ‘erre
2767 1453 3148 1520 formidamus,
3175 1468 3425 1507 commu-

1842 1553 1964 1591 nem
2011 1541 2175 1592 salem
2220 1556 2536 1595 reveremur
2570 1562 2584 1597 :
2620 1560 2716 1598 nos
2757 1543 2961 1611 pudore
2992 1544 3155 1599 aﬂieit
3190 1562 3372 1600 mensa
3405 1563 3419 1599 :

1839 1635 1907 1685 ad
1939 1635 2137 1687 caedem
2192 1643 2366 1701 torpet
2412 1653 2647 1691 manus:
2695 1637 2952 1690 abhorret
2998 1636 3213 1690 animus
3248 1647 3424 1690 morte

1844 1726 2057 1780 allicere
2094 1728 2519 1780 bene-factorem.
2554 1728 2791 1783 Facilius
2817 1735 2899 1781 est
2931 1726 3251 1795 periculum,
3279 1730 3421 1794 quod

1847 1818 2004 1870 nobis
2037 1827 2113 1871 est
2142 1833 2169 1869 a
2195 1816 2370 1872 Pilato
2401 1829 2669 1888 paratum,
2692 1836 2857 1888 qttam
2893 1818 3114 1872 vulnera
3145 1820 3425 1873 conscien-

1843 1909 1948 1960 tia2.
1974 1907 2158 1967 Parati
2196 1928 2381 1963 sunms
2410 1913 2590 1965 omnia
2623 1913 2731 1980 pati
2758 1913 2954 1980 potius,
2987 1928 3145 1980 quant
3178 1913 3423 1982 Longino

1840 1998 1971 2051 tales
2005 2000 2209 2054 referre
2237 2003 2463 2069 gratias.

1913 2089 1997 2143 Vl.
2024 2089 2115 2143 Sic
2141 2090 2359 2159 quidem
2400 2091 2601 2147 milites
2634 2093 2889 2147 dicebant
2937 2091 3138 2147 Christi
3191 2094 3419 2164 martyri

1840 2179 1997 2233 valde
2032 2181 2432 2237 miserabiliter.
2468 2181 2737 2237 Caeterum
2771 2198 2874 2236 non
2901 2193 3150 2251 poterant
3183 2185 3424 2252 Longino

1840 2275 2164 2342 persuadere
2215 2292 2230 2329 :
2292 2274 2387 2329 sed
2435 2276 2517 2329 eis
2565 2275 2779 2329 fortiter
2831 2278 3121 2345 respondet
3165 2278 3247 2330 vir
3297 2292 3425 2331 vere

1840 2378 2139 2432 generosus
2170 2379 2184 2418 :
2217 2363 2327 2418 Cur
2363 2379 2555 2433 magna
2591 2364 2720 2417 mihi
2752 2364 2891 2416 bona
2924 2365 3197 2427 invidetis,
3222 2367 3422 2433 quibus

1841 2467 1936 2507 vos
1970 2454 2116 2507 inviti
2162 2468 2247 2506 me
2276 2455 2407 2508 estis
2458 2454 2897 2509 remuneratnri?
2926 2454 3034 2509 Cur
3067 2471 3240 2510 meam
3275 2472 3421 2511 mor-

1843 2556 1948 2601 tem
1995 2543 2203 2599 delictis
2255 2555 2361 2598 tam
2405 2546 2834 2600 miserabiliter?
2887 2547 2999 2601 Cur
3054 2550 3238 2601 tristes
3288 2550 3423 2603 estis

1843 2641 2061 2704 propter
2108 2649 2282 2689 meam
2324 2636 2774 2710 perpessionem?
2818 2636 2934 2690 Non
2976 2649 3058 2691 est
3118 2639 3222 2693 hoc
3284 2641 3421 2694 mihi

1845 2742 2012 2792 mors,
2048 2728 2140 2781 sed
2184 2727 2310 2783 vitae
2360 2728 2633 2796 primitiae.
2693 2728 2822 2783 Mihi
2877 2744 3062 2784 revera
3110 2730 3292 2799 potiris
3338 2742 3423 2786 est

1844 2832 2006 2882 mors,
2038 2834 2158 2887 quae
2184 2819 2273 2873 hic
2298 2816 2386 2873 est
2411 2818 2777 2884 conversatio,
2807 2824 3062 2888 quoniam
3089 2814 3421 2878 noriassisto

1843 2921 1967 2962 meo
2003 2908 2250 2971 Domino,
2300 2924 2398 2963 nec
2443 2909 2594 2961 fruor
2637 2926 2721 2973 ea,
2752 2927 2874 2979 quae
2905 2923 2985 2965 est
3015 2914 3143 2979 illic,
3188 2916 3422 2969 beatitu-

1844 3000 1988 3055 dine.
2040 3000 2188 3056 Finis
2228 2999 2387 3054 linem
2436 3000 2722 3067 malorum,
2760 3016 2865 3057 non
2899 3004 3062 3057 etiam
3101 3003 3259 3059 tinem
3297 3006 3423 3061 vita:

2428 3094 2521 3148 sed
2562 3092 2626 3146 ad
2666 3107 2848 3147 veram
2883 3096 3212 3150 transmittet
3242 3097 3421 3152 beati-

1849 3185 2108 3248 tudinem,
2144 3193 2198 3239 et
2225 3184 2438 3248 eliiciet,
2482 3196 2539 3238 ut
2578 3187 2680 3239 sim
2725 3186 2993 3255 particeps
3030 3187 3176 3244 illius
3222 3189 3418 3246 aeterni

1844 3276 2167 3345 Splendoris.
2203 3273 2446 3342 Habetis,
2489 3292 2522 3330 ο
2552 3278 2734 3343 amici,
2789 3279 2998 3334 habetis
3044 3283 3182 3350 apud
3213 3298 3303 3336 vos
3332 3299 3424 3338 so-

1846 3368 2066 3434 latium,
2118 3383 2279 3438 prope
2329 3377 2413 3422 cst
2465 3368 2619 3421 vobis
2674 3370 2995 3425 consolatio.
3046 3370 3218 3437 Quem
3273 3375 3421 3427 enim

1846 3471 2063 3528 propter
2106 3459 2265 3513 linem
2315 3459 2528 3525 lugetis,
2581 3473 2703 3513 eum
2736 3475 2830 3513 vos
2863 3471 2983 3530 post
3008 3461 3166 3516 linem
3200 3462 3419 3517 beatum

1847 3549 2181 3617 reputabitis.
2220 3548 2428 3603 Suﬂicit
2462 3558 2644 3603 autem
2673 3551 2776 3606 hoc
2799 3555 2867 3605 ad
2897 3552 3227 3608 all’erendain
3254 3555 3419 3608 animi

1848 3636 2312 3710 tranquillitatem,
2348 3643 2489 3697 scire
2518 3642 2753 3697 amicum
2780 3644 2897 3700 fore
2933 3646 3222 3701 multorum
3254 3650 3423 3703 honu—

1847 3751 1961 3787 l‘lltll
2001 3734 2314 3804 participem
2348 3754 2360 3787 :
2398 3736 2674 3803 quomodo
2702 3746 2787 3792 est
2822 3737 3149 3805 invidorum,
3184 3740 3264 3795 vel
3295 3743 3423 3797 odio

1847 3827 2023 3895 potius
2064 3827 2378 3881 habentium
2424 3828 2729 3892 hominum,
2788 3830 3005 3885 studere
3039 3846 3159 3884 cum
3210 3834 3422 3901 privare

1844 3917 2154 3980 splendore.
2212 3915 2387 3969 Nolite
2446 3916 2645 3969 deﬂere
2719 3932 2842 3970 eum
2913 3923 3004 3987 qui
3057 3918 3240 3973 deﬁcit
3276 3937 3290 3973 :
3326 3924 3422 3975 sed

1844 4008 2046 4078 gratias
2073 4006 2216 4078 agite
2245 4008 2294 4063 ei
2338 4008 2429 4079 qui
2490 4009 2721 4087 accipit.
2751 4006 2867 4063 Non
2905 4010 3034 4063 mibi
3062 4011 3205 4066 illius
3236 4012 3423 4080 gloria:

1846 4099 2227 4155 detrimentum
2279 4099 2549 4165 all’eratis,
2605 4115 2766 4169 quam
2820 4114 2920 4168 ego
2981 4101 3090 4155 vidi
3153 4103 3433 4156 elementa.

1844 4201 2174 4245 moventem.
2229 4190 2345 4244 Non
2398 4191 2707 4259 negaverim
2751 4203 2897 4254 eum,
2942 4204 3102 4259 quem
3134 4192 3226 4245 Dei
3256 4194 3423 4246 semel

1848 4282 2040 4337 Filium
2070 4296 2188 4337 sum
2236 4280 2543 4339 confessus.
2579 4279 2769 4339 Timeo
2809 4297 2880 4337 ne
2910 4292 3144 4337 creatam
3172 4296 3422 4337 naturam

1847 4375 2117 4429 inveniam
2149 4376 2564 4438 accusntricein,
2599 4374 2644 4429 si
2673 4375 2727 4427 in
2761 4387 2884 4430 eum
2912 4388 3194 4443 appaream
3229 4376 3425 4429 inlide-

150 4440 244 4525 καί
288 4472 317 4525 δ
340 4440 590 4540 οὐρανὸς
655 4456 1059 4527 ἔπεστύγνασε,
1109 4458 1203 4508 καὶ
1232 4454 1330 4517 τὰς
1357 4456 1581 4539 ἀκτῖνας
1618 4472 1741 4509 συν-

1849 4467 1937 4533 lis,
1981 4474 2201 4537 propter
2236 4464 2395 4536 cujus
2431 4467 2738 4537 passionem
2766 4440 3205 4536 ctelum'quoquo
3244 4466 3420 4536 ipsum

150 4563 381 4617 έστειλεν
435 4562 625 4631 ηλιος,
671 4552 768 4607 καὶ
823 4551 885 4605 τὸ
921 4550 1047 4619 ’τῆς
1091 4547 1299 4619 ἡμέρας
1338 4547 1743 4618 ἑκαινοτομεῖτο

152 4658 369 4725 φέγγος,
412 4653 516 4706 καὶ
546 4651 633 4710 είς
663 4646 833 4699 νύκτα
869 4640 1191 4713 περιπαθῶς
1227 4639 1459 4693 εἵλκετο.

214 4747 286 4803 Ζ’.
324 4747 452 4801 Ἔτι
494 4740 597 4795 τοῦ
652 4736 918 4804 Λογγίνου
964 4732 1146 4786 ταῦτα
1166 4730 1457 4794 διεξιόντος
1490 4731 1583 4784 καὶ
1615 4732 1741 4796 τοὺς

152 4841 293 4911 παρὰ
316 4839 570 4894 Πιλάτου
600 4829 957 4902 πεμφθέντας
992 4828 1168 4879 ποιεῖν
1206 4827 1267 4879 τδ
1299 4824 1592 4878 κελευσθὲν
1620 4824 1740 4877 πεί-

150 4936 358 4997 θοντος,
425 4932 478 4983 οῖ
546 4920 1094 4993 συγκατακριθέντες
1166 4917 1315 4987 αὐτῷ
1364 4917 1456 4970 τὸν
1508 4918 1740 4971 Θάνατον

150 5023 478 5097 στρατιῶται
527 5012 1079 5084 καταλαμϐάνουσιν.
1099 5010 1157 5063 '0
1179 5011 1258 5075 δὲ,
1302 5009 1630 5079 γαννυμένῳ
1662 5009 1741 5080 τῷ

150 5116 421 5196 «postia-mp
468 5112 575 5166 καὶ
631 5107 842 5177 φαιδρῷ
869 5106 995 5165 τοὺς
1022 5102 1225 5173 ἄνδρας
1272 5101 1417 5164 ἰδὼν,
1475 5102 1655 5168 δεξιάν
1683 5121 1740 5157 τε

151 5212 325 5279 αὐτοῖς
374 5203 688 5280 ἐμϐάλλει,
716 5199 811 5252 καὶ
842 5196 1162 5269 περιϐάλλει
1196 5197 1286 5250 τὸν
1316 5196 1610 5267 τράχηλον,
1648 5197 1741 5250 καὶ

151 5305 462 5373 genuina;
487 5337 505 5363 ,
540 5294 724 5367 ἡδέως
757 5292 922 5360 φιλεῖ,
957 5290 1051 5344 καί
1105 5308 1117 5321 ο
1148 5289 1405 5358 Χαίρετε,
1432 5282 1477 5341 ὦ
1510 5305 1744 5358 συστρα-

150 5397 329 5451 τιῶται
366 5388 626 5461 Χριστοῦ
660 5390 754 5439 καὶ
782 5381 1111 5453 κληρονόμοι
1139 5381 1239 5451 τῆς
1261 5380 1562 5450 βασιλείας,
1585 5382 1739 5451 φησὶ,

150 5490 358 5560 χαίρετε
376 5504 390 5517 ·
430 5485 542 5556 ἢδη
580 5479 701 5549 γὰρ
726 5479 758 5546 ἡ
782 5478 840 5529 ἐν
864 5475 1117 5547 οὐρανοῖς
1141 5474 1285 5541 πύλη
1317 5472 1615 5541 ἀνέῳκται,
1648 5473 1741 5527 καὶ

151 5577 365 5648 ἄγγελοι
453 5576 561 5635 τὰς
635 5567 917 5638 ἡμετέρας
974 5565 1230 5635 μέλλουσι
1289 5564 1741 5635 παραλαμϐάνειν

150 5670 317 5745 ψυχὰς
369 5671 469 5723 καὶ
531 5663 618 5731 τῷ
670 5661 953 5730 μονογενεῖ
1000 5656 1300 5726 προσάγειν
1332 5656 1483 5725 Υἱῷ⁶
1513 5656 1622 5709 ίδοὺ
1648 5660 1740 5708 καί

154 5763 239 5829 τὰς
274 5759 575 5833 λαμπάδας
604 5752 748 5825 ὁρῶ,
776 5753 869 5805 καὶ
888 5752 954 5804 τὰ
978 5751 1211 5821 βραϐίῖά
1232 5768 1320 5820 μοι
1357 5752 1737 5820 ὑποφαίνεται,

1850 4566 1935 4613 est
1959 4557 2208 4612 allectum
2242 4557 2483 4621 tristitia,
2517 4564 2572 4611 et
2594 4556 2674 4610 sol
2704 4555 2977 4613 contraxit
3009 4555 3208 4621 radios,
3238 4566 3293 4611 et
3332 4557 3422 4610 lux

1850 4650 1956 4705 diei
1986 4645 2368 4703 miserabiliter
2392 4644 2620 4701 deducta
2653 4644 2756 4699 fuit
2785 4646 2851 4701 ad
2882 4652 3119 4701 noctem.

1920 4739 2034 4796 Vll.
2071 4738 2198 4795 Haec
2222 4740 2399 4795 adhuc
2425 4740 2635 4794 dicente
2656 4736 2924 4808 Longino,
2956 4747 3012 4793 et
3030 4739 3131 4802 eis,
3158 4739 3248 4806 qui
3273 4739 3425 4793 missi

1850 4831 2069 4886 luerunt
2110 4845 2141 4885 a
2184 4829 2353 4885 Pilato
2404 4830 2761 4898 persuadente
2800 4837 2857 4883 ut
2894 4826 3138 4884 lacerent
3169 4829 3313 4897 quod
3341 4830 3424 4892 eis

1850 4924 2028 4976 fuerat
2044 4923 2389 4991 imperatum,
2413 4920 2641 4976 veniunt
2662 4921 2879 4986 milites,
2903 4923 2994 4989 qui
3020 4935 3143 4975 cum
3165 4935 3230 4975 eo
3250 4932 3426 4976 morte

1852 5012 2088 5069 damnati
2120 5013 2352 5067 luerant.
2380 5011 2472 5066 Ille
2503 5020 2708 5073 autem,
2730 5011 2848 5064 lano
2875 5020 2931 5066 et
2958 5012 3119 5065 alacri
3148 5010 3294 5065 vultu
3330 5026 3426 5066 eos

1850 5108 2085 5169 intuens,
2117 5114 2169 5161 et
2194 5106 2476 5161 dexteram
2499 5103 2579 5158 eis
2611 5102 2810 5174 injicit,
2841 5111 2896 5157 et
2923 5102 3115 5158 collum
3141 5104 3424 5172 amplecti-

1852 5210 1957 5263 tur,
2004 5207 2059 5253 et
2108 5198 2293 5253 oculos
2350 5194 2592 5250 suaviter
2652 5192 3015 5257 deosculatur,
3058 5203 3132 5259 et,
3184 5191 3418 5258 Salvete,

1849 5288 2043 5358 inquit,
2093 5303 2127 5343 ο
2168 5286 2368 5342 Christi
2414 5286 2838 5352 commilitones,
2887 5294 2942 5341 et
2975 5285 3215 5340 heredes
3253 5290 3422 5355 regni,

1850 5382 2076 5439 salvete.
2096 5379 2217 5435 lam
2242 5380 2384 5435 enim
2415 5388 2600 5449 aperta
2621 5388 2702 5433 est
2728 5387 2903 5447 porta,
2927 5392 3045 5446 qum
3070 5376 3225 5432 estin
3248 5378 3425 5443 cmlis,

1849 5486 1901 5530 et
1928 5472 2102 5540 angeli
2129 5481 2255 5527 sunt
2286 5479 2503 5527 nostras
2533 5470 2810 5540 accepturi
2845 5467 3077 5530 animas,
3107 5475 3162 5522 et
3190 5467 3425 5522 oblaturi

1852 5565 1985 5620 Filio
2031 5566 2331 5637 unigenito.
2367 5565 2527 5628 Ecce,
2555 5573 2610 5618 et
2654 5561 2928 5632 lampades
2967 5562 3143 5627 video,
3171 5570 3228 5616 et
3257 5575 3422 5631 appa-

1851 5671 1968 5713 rent
2017 5660 2146 5714 mihi
2194 5659 2398 5723 bravia,
2432 5673 2554 5712 cum
2602 5654 2800 5727 quibus
2848 5654 3071 5709 sistendi
3122 5668 3312 5708 sumus
3357 5651 3429 5707 ad

1847 5751 2054 5806 Judicis
2102 5750 2357 5805 tribunal.
2400 5750 2505 5805 Sed
2547 5749 2689 5805 enim
2731 5749 2774 5802 si
2809 5747 2936 5819 quid
2965 5745 3115 5804 vobis
3144 5753 3228 5803 est
3258 5746 3428 5817 impe-
