4208 6300
697 337 769 399 39
1964 326 2250 387 MENSIS
2289 324 2667 387 MARTIUS.

3917 328 3985 395 40

698 466 906 514 ratum.
945 450 1156 506 dicebat
1198 448 1278 503 eis
1310 447 1401 517 qui
1450 446 1598 500 missi
1662 445 1895 508 fuerant,
1940 443 1993 499 id
2051 444 2285 512 implete.

2398 442 2517 512 μεθ’
2544 435 2619 495 ὧν
2646 440 2723 513 τῷ
2748 440 2842 494 τοῦ
2867 442 3204 511 ἀγωνοθέτου
3234 444 3704 515 παραστησόμεθα
3737 445 3975 518 βήματι·

696 546 902 603 Deinde
950 543 1111 599 etiam
1161 554 1458 595 conversus
1487 537 1551 590 ad
1580 537 1770 591 donius
1798 545 2104 591 curatorem
2136 537 2290 605 jubet

2396 536 2530 588 ἀλλά
2565 535 2674 604 γὰρ
2721 535 2775 587 εἴ
2819 553 2869 587 τι
2900 536 2997 589 καὶ
3042 536 3480 605 προσετάχθητε,
3515 538 3651 607 πρὸς
3679 543 3806 603 τοὺς
3841 558 3981 611 πεμ-

698 650 901 695 vestem
958 635 1216 691 mundam
1266 634 1330 686 ad
1382 647 1439 686 sc
1484 630 1700 695 deferri,
1758 640 1814 684 ut
1865 632 1952 698 qui
1992 631 2104 701 jam
2144 637 2289 684 esset

698 743 923 786 vocatus
957 729 1023 783 ad
1077 726 1295 794 nuptias
1328 734 1382 778 et
1416 724 1735 785 thalamum,
1770 732 1819 776 et
1862 737 1926 776 eo
1976 721 2282 777 festinaret.

700 823 872 879 Porro
899 831 1079 875 autem
1111 833 1232 872 cum
1266 816 1523 870 induisset
1556 825 1782 875 vestem,
1818 822 1874 866 et
1907 829 2066 865 manu
2098 825 2284 867 osten—

696 915 865 969 disset
920 910 1210 976 tumulum,
1258 909 1310 961 in
1363 922 1469 976 quo
1522 907 1735 960 volebat
1790 906 1916 975 poni
1967 919 2187 972 corpus,
2230 904 2285 957 in

702 1021 876 1076 genua
909 1018 1029 1057 cum
1066 1003 1129 1055 iis
1159 1000 1388 1063 duobus,
1420 999 1511 1066 qui
1542 1006 1698 1051 erant
1726 1013 1847 1050 cum
1884 998 2020 1064 ipso,
2054 995 2284 1048 inclina-

701 1107 787 1150 tus
816 1098 869 1166 (ο
899 1096 1109 1149 beatum
1140 1095 1297 1145 tinem
1321 1093 1391 1158 ί),
1416 1091 1623 1160 peregit
1660 1099 1937 1143 certamen
1968 1104 1982 1142 :
2013 1100 2067 1141 et
2097 1102 2287 1155 ampu-

704 1189 831 1242 tatis
883 1202 1068 1242 eorum
1126 1185 1415 1253 capitibus,
1467 1182 1540 1235 illi
1591 1184 1937 1235 ascribuntur
1991 1180 2043 1232 in
2085 1181 2284 1233 choros

708 1292 1006 1351 martyrum
1040 1289 1095 1332 et
1124 1277 1514 1346 apostolorum,
1564 1276 1777 1329 illorum
1822 1274 2038 1342 quidem
2069 1270 2284 1325 fortitu-

704 1375 906 1439 dinem,
939 1374 1131 1426 liorum
1170 1385 1295 1424 vero
1326 1369 1501 1422 zelum
1536 1383 1631 1437 pro
1656 1367 1876 1421 Christo
1907 1364 2285 1421 ostendentes.

783 1643 913 1699 Vlll.
952 1644 1091 1710 Quid
1139 1658 1265 1697 vero
1305 1650 1427 1711 post
1461 1642 1574 1696 haec
1605 1650 1685 1695 est
1725 1638 2117 1693 consecutum?
2145 1636 2284 1691 Mar-

711 1738 938 1808 tyrieum
973 1736 1114 1788 illius
1139 1734 1362 1801 Longini
1392 1742 1551 1800 caput
1579 1749 1698 1786 cum
1729 1733 1910 1785 statim
1944 1731 2283 1799 accepissent

710 1832 769 1891 ii,
806 1827 896 1894 qui
944 1840 1060 1878 eum
1113 1826 1517 1885 interfecerant.
1550 1824 1614 1875 ad
1672 1823 1828 1876 fidem
1880 1823 2034 1891 plene
2081 1822 2286 1876 facien-

711 1922 834 1972 dam
889 1918 1033 1986 quod
1070 1916 1338 1983 Longinus
1378 1922 1525 1967 esset
1568 1923 1832 1975 mortuus,
1867 1913 1915 1965 id
1962 1920 2178 1997 portant
2225 1914 2290 1965 ad

715 2009 971 2070 Pilatum,
1008 2018 1063 2060 ut
1103 2008 1192 2075 qui
1227 2007 1431 2060 scirent
1463 2020 1518 2059 se
1554 2004 1698 2057 nullo
1724 2003 1829 2058 alio
1856 2005 2018 2083 dono,
2044 2018 2201 2071 quam
2227 2017 2292 2056 eo

714 2101 887 2169 magis
926 2099 995 2153 illi
1045 2098 1467 2168 gratificaturos.
1506 2095 1626 2164 Ipse
1667 2104 1843 2148 autem
1876 2094 2059 2147 statim
2093 2108 2292 2146 convo-

713 2194 856 2247 cavit
886 2190 1120 2252 Judzeos,
1172 2205 1364 2256 magna
1397 2204 1581 2241 secum
1636 2189 1909 2254 voluptate
1959 2184 2289 2253 afﬁciendos,

715 2295 775 2338 nt
806 2287 894 2351 qui
933 2281 1161 2349 Longini
1190 2280 1343 2332 valde
1367 2289 1597 2333 mortem
1636 2278 1871 2342 sitirent,
1904 2288 1958 2331 et
1993 2292 2109 2330 eam
2133 2280 2294 2332 emis-

715 2380 837 2428 sent
884 2370 1149 2440 pecuniis.
1203 2367 1357 2435 Quod
1406 2369 1619 2437 quidem
1674 2383 1793 2421 cum
1848 2368 2043 2422 factum
2080 2367 2291 2436 fuisset,

718 2475 776 2516 ut
814 2464 895 2517 eis
946 2463 1209 2530 placebat,
1256 2460 1407 2528 jubet
1459 2473 1645 2513 rursus
1694 2459 1912 2526 indigna
1954 2459 2197 2515 Pilatus:
2237 2472 2292 2515 et

716 2561 841 2606 ante
885 2559 1094 2620 portam
1148 2548 1383 2603 civitatis
1427 2562 1522 2617 per
1568 2548 1916 2616 ignominiam
1973 2547 2075 2601 fuit
2113 2548 2295 2616 proje-

714 2657 861 2699 ctum
918 2641 1212 2711 pretiosum
1274 2640 1393 2707 ejus
1444 2646 1625 2708 caput.
1690 2637 1796 2690 Sed
1860 2638 1925 2699 is,
1978 2640 2062 2690 cui
2115 2637 2289 2692 visum

718 2735 897 2788 fuerat
928 2733 1037 2801 pati
1069 2746 1165 2798 pro
1197 2730 1372 2790 nobis,
1412 2732 1549 2795 ejus,
1582 2729 1671 2794 qni
1705 2736 1925 2796 propter
1955 2727 2135 2797 ipsum
2176 2727 2292 2781 fue-

720 2835 807 2879 rat
834 2837 1046 2893 passus,
1079 2838 1145 2874 ne
1181 2836 1321 2873 nunc
1358 2816 1572 2888 quidem
1605 2829 1688 2872 est
1723 2818 1923 2873 oblitus
1951 2836 1965 2871 :
1999 2821 2093 2874 sed
2128 2820 2290 2875 veluti

719 2928 977 2985 perpetuo
1015 2922 1367 2984 apparentem
1401 2912 1688 2982 quamdam
1714 2910 1886 2966 facem
1916 2912 2001 2974 iis,
2033 2912 2127 2981 qui
2169 2913 2294 2967 adc-

721 3019 866 3071 rant,
915 3006 1242 3060 cernendum
1295 3007 1566 3072 praebebat
1609 3013 1735 3057 ante
1778 3004 2075 3069 civitatem,
2130 3010 2185 3057 et
2236 3004 2289 3057 in

723 3097 1062 3165 sterquilinio
1123 3095 1415 3164 jacentein,
1471 3096 1722 3162 tanquam
1784 3094 1835 3145 iu
1907 3095 2067 3148 domo
2147 3096 2369 3190 regiac

724 3198 1127 3250 cunservatam,
1158 3179 1275 3238 tuto
1318 3185 1653 3255 protegebat,
1691 3201 1793 3239 non
1831 3187 2005 3241 solum
2036 3201 2143 3241 non
2171 3200 2294 3255 per-

726 3283 965 3344 mittens,
1017 3293 1075 3332 ut
1130 3277 1333 3349 aliquid
1379 3286 1655 3346 pateretur
1707 3294 1736 3331 a
1788 3280 1935 3346 fimo,
1974 3280 2070 3335 sed
2128 3271 2291 3334 etiam

726 3376 962 3429 liberans
992 3372 1148 3435 alios,
1203 3386 1270 3426 ne
1325 3370 1526 3439 aliquid
1580 3380 1802 3440 propter
1857 3374 1908 3425 id
1958 3382 2293 3439 paterentur.

723 3466 976 3533 Quaedam
1012 3467 1157 3517 enim
1193 3463 1382 3514 mulier
1433 3460 1615 3525 vidua,
1662 3475 1781 3529 qua:
1824 3473 1996 3515 morte
2044 3463 2293 3517 maritum

726 3561 1008 3623 amiserat,
1040 3572 1162 3610 cum
1192 3554 1301 3608 filio
1348 3562 1524 3607 autem
1566 3554 1727 3608 unico
1774 3549 2205 3621 conﬂictabatui',
2243 3564 2298 3609 et

726 3654 924 3723 prater
956 3650 1268 3703 viduitatem
1316 3648 1652 3701 sustinuerat
1695 3649 1857 3700 etiam
1890 3649 2166 3702 oculorum
2203 3666 2297 3704 or-

727 3746 973 3806 bitatem,
1006 3742 1146 3793 male
1186 3740 1286 3792 fide
1320 3747 1598 3805 superato,
1635 3752 1756 3789 cum
1807 3737 1915 3792 (ilio
1963 3743 2106 3793 vadit
2142 3739 2299 3793 Jeru-

730 3835 923 3893 salem,
944 3838 1278 3890 sanctorum,
1309 3843 1425 3896 quae
1455 3828 1524 3880 ibi
1550 3842 1728 3893 erant,
1755 3827 1994 3881 locorum
2049 3840 2298 3884 contactu

728 3935 785 3980 et
815 3923 1155 3987 adoratioue,
1188 3935 1324 3989 quos
1369 3921 1626 3974 amiserat
1679 3923 1927 3991 corporis
1962 3924 2143 3988 duces,
2176 3938 2300 3992 spe-

730 4033 861 4071 rans
892 4030 951 4069 se
976 4017 1443 4081 recoperaturam.
1473 4013 1606 4066 Cum
1650 4023 1827 4066 autem
1859 4031 1889 4066 a
1932 4013 2040 4069 lilio
2076 4016 2300 4069 deducta

732 4112 932 4166 terram
970 4117 1194 4179 caperet
1229 4116 1289 4159 et
1337 4106 1632 4175 pulverem.
1681 4116 1737 4161 ct
1783 4106 2085 4177 imponeret
2110 4109 2299 4171 oculis,

730 4206 982 4274 adjicitur
1016 4201 1258 4255 viduitati
1286 4211 1339 4255 et
1372 4201 1647 4256 oculorum
1676 4202 1894 4256 orbitati
1940 4202 2137 4273 (qualia
2175 4216 2304 4259 sunt

733 4297 827 4351 Dei
858 4297 1076 4366 judicia)
1130 4296 1235 4349 alia
1269 4310 1480 4362 quoque
1513 4294 1692 4362 gravis
1737 4294 2037 4351 calamitas.
2086 4296 2303 4350 Morbus

732 4391 880 4445 enim
930 4388 1147 4457 quidam
1200 4386 1461 4441 invadens
1514 4400 1765 4455 puerum,
1806 4388 1900 4456 qui
1945 4401 2042 4455 pro
2088 4388 2304 4440 amissis

2394 626 2870 694 φθένταςέλεγεν,
2897 624 3264 695 ὲκπληροῦτε.
3296 620 3428 677 Εἶτα
3469 626 3564 678 καὶ
3594 628 3730 694 πρὸς
3759 629 3849 680 τὸν
3885 630 3981 699 τῆς

2390 715 2569 779 οἰκίας
2593 719 2953 789 ἐπιστραφεὶς
2978 715 3301 783 ἐπίτροπον,
3331 714 3525 782 στολὴν
3558 714 3708 783 αὑτῷ
3734 715 3980 785 καθαρὰν

2393 809 2723 878 κομισθῆναι
2754 806 2993 871 κελεύει,
3034 806 3108 868 ὡς
3134 806 3227 858 ἐπὶ
3260 807 3437 874 γάμον
3466 805 3567 876 ήδη
3602 809 3693 857 καὶ
3716 809 3979 875 νυμφῶνα

2392 900 2647 969 κληθέντι
2682 900 2779 953 καὶ
2828 900 2966 970 πρὸς
3022 898 3189 952 αὑτὸν
3219 900 3527 952 σπεύδοντι.
3591 900 3701 954 Καὶ
3726 899 3789 969 δὴ
3823 916 3982 968 κομι-

2392 993 2613 1046 σθεῖσαν
2638 984 2801 1056 ’ἐνδὺς
2833 994 2929 1045 καὶ
2987 995 3053 1061 τῇ
3085 994 3231 1062 χειρὶ
3266 993 3444 1057 δείξας
3495 995 3584 1046 τὸν
3634 993 3819 1062 λόφον,
3851 994 3979 1048 ἔνθα

2388 1085 2614 1153 τεθῆναι
2648 1086 2707 1138 τὸ
2735 1086 2895 1155 σῶμα
2926 1085 3215 1154 ἠϐούλετο,
3251 1087 3330 1148 εἰς
3364 1087 3495 1152 γόνυ
3538 1088 3675 1155 μετά
3731 1089 3840 1140 τῶν
3886 1091 3982 1141 σὺν

2390 1177 2539 1247 αύτῷ
2600 1175 2925 1245 κλιθεὶς(ῶ
2985 1178 3262 1246 μακαρίου
3322 1177 3584 1246 τέλονςί)
3645 1179 3735 1233 τὸν
3794 1180 3981 1248 ἀγῶνα

2388 1266 2640 1336 διήνυσε·
2695 1266 2789 1318 καὶ
2836 1267 2936 1328 τὰς
2992 1267 3234 1335 κεφαλὰς
3294 1269 3732 1336 ἀποτμηθέντες,
3796 1272 3980 1339 χοροῖς

2392 1359 2697 1431 μαρτύρων
2754 1360 2848 1411 καὶ
2894 1360 3221 1413 ἀποστόλων
3271 1362 3677 1432 ἐγγράφονται,
3734 1363 3845 1414 τῶν
3876 1362 3975 1432 μὲν

2387 1451 2486 1521 τὴν
2536 1450 2814 1521 ἀνδρείαν,
2854 1451 2963 1503 τῶν
2994 1450 3049 1503 δέ
3079 1452 3170 1504 τὸν
3210 1453 3351 1523 ὑπὲρ
3379 1456 3619 1521 Χριστοῦ
3656 1454 3820 1521 ζῆλον
3856 1457 3980 1507 ἐπι-

2393 1543 2731 1614 δειξάμενοι.

2461 1640 2541 1692 H'.
2579 1638 2651 1691 re.
2679 1639 2736 1690 δὲ
2764 1639 2904 1707 μετὰ
2936 1635 3134 1697 ταῦτα,
3166 1635 3220 1687 τί
3248 1652 3261 1701 ;
3295 1635 3407 1705 Τὴν
3456 1640 3799 1708 μαρτυρικὴν
3837 1642 3981 1693 ἐκεί-

2393 1748 2488 1800 νην
2516 1731 2784 1797 Λογγίνου
2817 1730 3061 1797 κεφαλὴν
3094 1732 3173 1791 είς
3194 1729 3463 1781 πίστωσιν
3486 1730 3691 1800 ἀκριϐῆ
3724 1731 3983 1794 λαϐόντες

2394 1824 2596 1876 αὐτίκα
2654 1825 2701 1874 οἱ
2749 1822 3033 1883 ἀνελόντες
3090 1823 3171 1874 ὅτι
3206 1824 3472 1889 Λογγῖνος
3521 1824 3774 1895 τέθνηκε.
3826 1826 3984 1893 κομί-

2397 1915 2550 1977 ζουσι
2575 1913 2652 1983 τῷ
2685 1913 2925 1982 Πιλάτῳ,
2953 1911 3161 1975 εἰδότες
3190 1913 3269 1965 ὅτι
3304 1913 3499 1983 μηδενὶ
3527 1914 3671 1984 ἄλλῳ
3698 1915 3982 1985 δωρήματι

2394 2000 2667 2067 τοσοῦτον,
2695 2001 2769 2063 ῶς
2808 2002 3026 2071 ἐκείνῳ,
3070 2002 3147 2071 τῷ
3211 2002 3360 2072 αὐτῷ
3417 2002 3764 2072 χαριοῦνται*
3802 2004 3896 2057 καὶ
3924 2005 3982 2065 δς

2396 2095 2681 2146 συνεκάλει
2708 2094 3057 2163 παραχρῆμα
3077 2098 3170 2145 καὶ
3206 2094 3483 2157 Ἰουδαίοις
3502 2095 3570 2147 τὰ
3596 2096 3807 2166 μεγάλα
3829 2096 3981 2165 αύτῷ

2396 2184 2925 2254 συνησθησομένοις,
2960 2186 3055 2238 ἀτε
3085 2184 3180 2236 καὶ
3210 2185 3398 2248 αὐτοῖς
3431 2185 3552 2238 λίαν
3595 2188 3687 2238 τὸν
3716 2189 3981 2255 Λογγῖνον

2397 2275 2630 2329 θάνατον
2669 2274 2865 2343 διψῶσι
2906 2275 3003 2328 xa‘t
3030 2276 3331 2345 χρημάτων
3359 2274 3520 2329 ῶνιον
3574 2274 3764 2330 τοῦτον
3826 2295 3957 2348 ποιη

2398 2367 2691 2437 σαμένοιςο
2742 2360 2803 2419 οὗ
2861 2367 2924 2437 δὴ
2976 2368 3069 2419 καὶ
3104 2367 3179 2430 ὡς
3220 2367 3407 2430 αὐτοῖς
3467 2367 3622 2435 φίλον
3683 2369 3983 2439 γενομένου

2397 2465 2729 2534 προστάττει
2777 2465 2872 2517 καὶ
2929 2463 3084 2525 αὖθις
3112 2464 3370 2526 Πιλάτος,
3404 2463 3499 2515 καὶ
3536 2464 3642 2537 πρὸ
3675 2464 3773 2531 τῆς
3809 2464 3983 2533 πύλης

2395 2551 2607 2619 ἀτίμως
2636 2554 2668 2619 ἡ
2709 2551 2869 2619 τιμία
2894 2553 3108 2620 κεφαλὴ
3133 2554 3231 2619 τῆς
3261 2553 3473 2615 πόλεως
3514 2551 3744 2623 ἔρριπτο
3765 2570 3778 2584 ·
3812 2553 3929 2607 ἀλλ’
3956 2558 3985 2607 ὀ

2395 2643 2534 2713 ὑπὲρ
2565 2643 2721 2712 ἡμῶν
2740 2644 2939 2697 παθεῖν
2965 2644 3268 2713 εὐδοκήσας
3300 2646 3389 2698 τοῦ
3414 2647 3480 2698 δι’
3502 2647 3664 2699 αὑτὸν
3721 2648 3985 2710 παθόντος

2395 2735 2515 2789 οὐδὲ
2562 2734 2656 2788 νῦν
2708 2735 3027 2799 ἐπελάθετο,
3060 2738 3175 2790 ἀλλ’
3207 2732 3319 2790 οἷον
3337 2738 3581 2805 ἀειφανῆ
3615 2755 3736 2789 τινα
3775 2739 3983 2807 πυρσὸν

2394 2830 2507 2890 τοῖς
2565 2827 2825 2898 παριοῦσι
2877 2830 3139 2897 παρεῖχεν
3180 2830 3311 2898 όρᾷν
3375 2828 3481 2898 πρὸ
3520 2828 3619 2896 τῆς
3648 2829 3855 2891 πόλεως
3887 2829 3983 2882 καὶ

2394 2916 2459 2983 τῇ
2492 2913 2697 2985 κοπρίᾳ.
2727 2912 3016 2981 κειμένην,
3056 2913 3131 2975 ὡς
3155 2914 3219 2964 ἐν
3256 2912 3523 2983 βασιλικῷ
3553 2916 3687 2983 οἴκῳ
3709 2914 3982 2981 φυλαττο-

2399 3004 2568 3075 μένην
2631 3006 2855 3074 ἀφανῶς
2918 3005 3190 3071 ἔσκεπεν,
3243 3007 3303 3059 ού
3338 3007 3503 3077 μόνον
3554 3007 3707 3061 οὐδὲν
3739 3007 3849 3060 ἀπὸ
3882 3010 3982 3077 τῆς

2398 3099 2631 3169 κοπρίας
2654 3100 2823 3163 ἐάσας
2851 3099 3061 3163 παθεῖν,
3094 3099 3230 3151 ἀλλά
3252 3100 3460 3152 καὶτοῦ
3504 3102 3735 3168 πάσχειν
3760 3101 3983 3165 ἑτέρους

2396 3189 2486 3242 διὰ
2532 3188 2736 3258 ταύτης
2792 3188 3192 3258 ἐλευθερώσας.
3257 3191 3416 3259 Χήρα
3448 3190 3555 3257 γάρ
3589 3207 3672 3253 τις
3725 3190 3859 3261 γυνὴ
3891 3172 3985 3243 καί

2398 3280 2611 3350 θανάτῳ
2646 3282 2743 3350 μὲν
2773 3281 2862 3333 τὸν
2888 3280 3053 3350 ἄνδρα
3081 3282 3439 3350 ζημιωθεῖσα,
3476 3282 3575 3351 υἱῷ
3596 3283 3653 3334 δέ
3682 3301 3784 3336 τινι
3823 3300 3981 3350 μονο-

2398 3374 2544 3439 γενεῖ
2574 3376 2665 3424 καὶ
2699 3372 2845 3442 μόνῳ
2892 3371 3193 3425 σαλεύουσα
3227 3374 3320 3425 καὶ
3358 3374 3493 3441 πρὸς
3526 3375 3588 3443 τῇ
3638 3375 3841 3444 χηρείᾳ
3888 3379 3986 3428 καὶ

2397 3470 2504 3521 τῶν
2542 3468 2837 3538 ὀφθαλμῶν
2869 3471 3116 3538 πήρωσιν
3174 3469 3473 3529 ὑποστὶσα,
3501 3470 3681 3521 πίστει
3719 3470 3777 3522 τὸ
3808 3470 3984 3534 πάθος

2397 3566 2672 3631 νικήσασα
2729 3559 2866 3628 μετά
2922 3558 3016 3610 τοῦ
3068 3559 3258 3611 τέκνου
3318 3560 3454 3629 πρὸς
3485 3561 3583 3631 τὴν
3621 3561 3982 3631 Ἰερουσαλὴμ

2399 3654 2606 3717 ἄπεισι,
2662 3655 2726 3721 τῇ
2758 3650 2866 3704 τῶν
2894 3650 3062 3718 ἁγίων
3116 3654 3172 3704 ἐν
3206 3652 3343 3724 αὐτῇ
3372 3655 3553 3706 τόπων
3582 3657 3765 3726 ἐπαφῇ
3801 3673 3858 3707 τε
3884 3660 3981 3708 καὶ

2401 3747 2796 3818 προσκυνήσει,
2827 3742 2920 3807 οὒς
2946 3745 3288 3812 ἀποϐέϐληκε
3311 3746 3404 3797 τοῦ
3433 3747 3682 3815 σώματος
3711 3766 3984 3817 φωταγω-

2400 3838 2552 3901 γοὺς,
2592 3834 2886 3886 ἀπολαϐεῖν
2902 3833 3191 3886 ἐλπίσασα.
3260 3834 3348 3897 Ὠς
3406 3833 3499 3887 οὖν
3528 3837 3631 3889 ὑπὸ
3660 3838 3757 3893 τοῦ
3793 3841 3983 3902 παιδός

2401 3925 2891 3998 χειραγωγουμένη
2926 3923 3020 3977 τοῦ
3049 3925 3168 3994 χοὸς
3196 3925 3467 3995 ἐλάμϐανε
3500 3928 3594 3980 καὶ
3623 3928 3719 3998 τῆς
3757 3929 3984 3992 κόνεως,

2403 4019 2633 4079 καὶτοῖς
2657 4015 2958 4087 ὀφθαλμοῖς
2993 4017 3254 4083 ἐπετίθει,
3301 4019 3652 4090 προστίθεται
3690 4024 3756 4091 τῇ
3785 4023 3985 4092 χηρείᾳ

2404 4109 2501 4163 καὶ
2551 4110 2616 4179 τῇ
2660 4108 2906 4180 πηρώσει
2949 4109 3058 4162 τῶν
3110 4110 3429 4180 ὀρθαλμῶν,
3489 4106 3578 4164 οία
3612 4112 3679 4164 τὰ
3717 4113 3813 4165 τοῦ
3844 4114 3985 4166 Θεοῦ

2404 4204 2670 4275 κρίματα,
2695 4205 2789 4255 καὶ
2816 4203 2951 4273 ἄλλη
2988 4203 3201 4273 χαλεπὴ
3227 4208 3481 4274 συμφορά
3505 4220 3518 4234 ·
3545 4207 3698 4264 νόσος
3741 4209 3849 4277 γάρ
3902 4226 3988 4271 τις

2405 4293 2794 4348 καταλαϐοῦσα
2832 4294 2924 4345 τὸν
2979 4295 3168 4358 παῖδα,
3222 4295 3314 4347 τὸν
3352 4297 3473 4347 ἀντὶ
3520 4296 3617 4365 τῆς
3649 4290 3851 4367 ζημίας
3877 4302 3990 4353 τῶν

2408 4384 2700 4455 ὀφθαλμῶν
2725 4383 3005 4455 ὀφθαλμὸν
3039 4385 3196 4439 ἄλλον
3239 4388 3375 4458 αὐτῇ
3412 4389 3723 4458 γενόμενον,
3762 4368 3987 4463 ἅθ’ρόον,

732 4486 907 4540 oculis
938 4484 1114 4538 fuerat
1154 4484 1201 4537 ei
1244 4482 1380 4536 alius
1416 4482 1629 4541 oculus,
1656 4491 1876 4551 repente
1902 4480 2059 4551 (proh
2084 4480 2233 4537 dolor
2262 4481 2293 4552 ί]

2407 4477 2573 4548 οἶμοι,
2615 4479 2721 4532 τῶν
2743 4478 3000 4547 ἀγκαλῶν
3025 4479 3124 4549 τῆς
3162 4457 3372 4550 μητρὸς
3392 4482 3629 4551 ἁρπάζει

734 4580 933 4647 abripit
961 4592 990 4631 a
1026 4580 1143 4631 sinu
1180 4576 1391 4628 matris.

805 4667 899 4721 ιχ.
928 4666 1119 4719 Statim
1153 4678 1281 4733 ergo
1313 4662 1557 4730 duplices
1591 4662 1656 4713 ad
1691 4676 1813 4714 eum
1851 4664 2114 4715 accedunt
2146 4671 2299 4716 tene-

734 4761 867 4823 brae,
898 4768 953 4811 et
978 4760 1099 4809 vita:
1122 4756 1207 4808 lux
1238 4753 1395 4808 simul
1434 4752 1794 4823 exstinguitur
1823 4769 1943 4807 cum
1975 4752 2090 4807 luee
2120 4752 2304 4807 oculo-

735 4868 898 4907 rum:
934 4859 1153 4917 eratque
1183 4848 1405 4900 omnino
1445 4845 1628 4899 infelix
1678 4846 1767 4901 illa
1823 4846 2136 4911 immobilis,
2184 4855 2304 4900 tan-

737 4956 898 5013 quam
942 4940 1123 5009 aliquo
1179 4938 1425 5005 fulmine,
1479 4939 1725 5007 perculsa
1779 4939 2108 4995 calamitate.
2164 4940 2303 4995 Cum

738 5043 916 5091 autem
948 5032 1106 5103 paulo
1146 5041 1267 5103 post
1310 5048 1339 5086 a
1393 5032 1532 5087 man
1564 5031 1631 5085 ad
1675 5046 1733 5085 se
1770 5032 2043 5094 rediisset,
2078 5029 2308 5085 deﬂebat

740 5126 1145 5189 miserabiliter,
1196 5134 1251 5178 et
1296 5124 1631 5179 miserandas
1686 5136 1845 5177 voces
1901 5124 2185 5177 emittebat
2239 5123 2306 5179 ad

744 5217 1029 5275 Dominum
1057 5234 1071 5268 :
1099 5213 1144 5269 0
1174 5212 1421 5281 Domine,
1457 5214 1663 5275 dicens,
1712 5227 1809 5265 cur
1851 5215 1928 5267 sic
1972 5223 2194 5282 gravata
2224 5224 2307 5269 est

744 5324 937 5367 manus
986 5316 1076 5361 tua
1118 5321 1279 5377 super
1329 5322 1435 5372 me,
1468 5312 1522 5359 et
1556 5318 1718 5373 supra
1752 5304 1990 5357 dolorem
2028 5303 2305 5359 vulnerum

742 5415 990 5457 meorum
1058 5396 1399 5452 addidisti“?
1458 5394 1523 5449 Et
1579 5409 1727 5449 nunc
1784 5392 1969 5449 lumen
2028 5396 2305 5451 oculorum

744 5505 991 5546 meorum
1038 5497 1092 5543 et
1141 5487 1315 5556 ipsum
1374 5501 1477 5538 non
1530 5494 1612 5539 est
1664 5483 1936 5538 mecum“.
1977 5483 2114 5541 Nunt
2168 5486 2311 5541 vires

747 5574 985 5641 lapidum
1034 5574 1175 5625 vires
1233 5572 1399 5627 mea?
1460 5570 1577 5639 Ipsa
1631 5586 1849 5640 quoque
1896 5572 2104 5637 dicam,
2165 5577 2312 5644 quod

754 5657 889 5712 Job'
922 5678 936 5712 :
969 5676 989 5709 ι
1018 5657 1246 5712 Ροειιίειί
1272 5673 1355 5711 me
1387 5659 1717 5725 parabolam,
1749 5660 1991 5727 Domine,
2026 5672 2077 5717 et
2111 5674 2312 5719 motum

831 5770 853 5804 ⁸
885 5767 1025 5822 Psal.
1053 5783 1240 5828 uvm.
1269 5769 1358 5821 ‘27.
1434 5771 1453 5800 '
1480 5768 1621 5824 Psal.
1643 5786 1848 5836 xxxvii,
1878 5773 1967 5844 tl.

2476 4655 2554 4708 8'.
2588 4655 2761 4715 Εὐθὺς
2792 4654 2886 4707 οὖν
2931 4654 3151 4709 διπλοῦν
3192 4659 3329 4731 αὐτῇ
3379 4660 3439 4714 τὸ
3482 4662 3674 4727 σκότος
3700 4665 3986 4739 ἐπιφοιτᾷ,

2410 4745 2503 4797 καὶ
2537 4745 2596 4797 τὸ
2619 4745 2709 4797 τοῦ
2737 4744 2853 4816 βίου
2888 4747 3003 4816 φῶς
3036 4748 3111 4819 τῷ
3155 4750 3263 4803 τῶν
3313 4752 3581 4822 ὀμμάτων
3614 4760 3977 4812 συναποσϐέν·

2410 4856 2583 4906 νυται,
2617 4839 2710 4891 καὶ
2736 4835 2801 4909 ἦν
2822 4841 2957 4903 ὅλως
2991 4842 3243 4913 ἀκίνητος
3271 4846 3303 4913 ἡ
3333 4844 3511 4910 ἀθλία,
3535 4846 3723 4919 ὥσπερ
3756 4852 3989 4920 σκηπτῷ

2411 4947 2515 4984 τινι
2541 4930 2800 4999 βληθεῖσα
2849 4933 2915 5000 τῇ
2958 4936 3235 5006 συμφορᾷ.
3279 4936 3432 4989 Μετά
3478 4937 3649 5007 βραχὺ
3679 4939 3733 4991 δὲ
3765 4942 3988 5010 νήψασα

2418 5023 2613 5090 μικρὸν
2633 5022 2725 5073 τοῦ
2758 5021 2952 5087 κακοῦ,
2994 5022 3226 5077 ἐλεεινὸν
3275 5027 3605 5095 ἀποδύρεται
3637 5031 3728 5081 καὶ
3756 5028 3988 5101 οἰκτρὰς

2410 5114 2561 5182 ἠφίει
2591 5112 2723 5185 πρὸς
2741 5114 2832 5166 τὸν
2852 5116 3129 5186 Δεσπότην
3154 5118 3337 5185 φωνάς
3361 5136 3372 5148 '
3402 5115 3475 5171 Ὠ
3501 5120 3691 5189 Κύριε,
3723 5122 3986 5189 λέγουσα,

2416 5204 2555 5257 ῑνατί
2588 5204 2759 5267 οὕτως
2786 5204 3057 5277 ἐϐαρύνθη
3081 5206 3169 5263 ἐπ’
3200 5210 3297 5276 ἐμὲ
3331 5210 3362 5278 ὴ
3389 5210 3509 5281 χείρ
3542 5228 3657 5272 σου,
3691 5213 3783 5264 καὶ
3806 5215 3900 5266 ἐπὶ
3926 5216 3990 5266 τὸ

2416 5298 2579 5366 ἄλγος
2610 5297 2715 5350 τῶν
2750 5298 3079 5367 τραυμάτων
3130 5318 3230 5370 μου
3272 5302 3638 5371 προσέθηκας,
3672 5306 3765 5357 καὶ
3800 5305 3894 5361 νῦν
3925 5306 3991 5359 τὸ

2419 5392 2534 5460 φῶς
2558 5389 2662 5442 τῶν
2692 5389 2986 5460 ὀφθαλμῶν
3012 5410 3114 5461 μου
3140 5393 3232 5444 καὶ
3261 5393 3509 5448 αὐτδ.οὑκ
3534 5396 3650 5448 ἔστι
3677 5396 3793 5466 μετ’
3823 5398 3987 5467 ἐμοῦ;

2419 5483 2513 5553 Μὴ
2551 5483 2940 5553 ίσχὺςλίθωνή
2981 5484 3131 5554 ίσχύς
3169 5502 3306 5554 μους
3336 5486 3408 5539 Τὸ
3431 5488 3523 5539 τοῦ
3576 5489 3694 5540 Ἰὼϐ
3726 5493 3815 5543 καὶ
3849 5492 3993 5557 αὑτὴ

2421 5576 2563 5644 ἐρᾶν
2591 5576 2833 5645 Ἐθηκάς
2869 5593 2933 5644 με
2988 5576 3321 5649 παραϐολὴν,
3352 5578 3613 5647 Δέσποτα,
3652 5583 3747 5638 καὶ
3774 5584 3995 5651 κίνησιν

2424 5667 2665 5736 κεφαλῆς
2699 5671 2754 5719 ἐν
2780 5671 2931 5732 πᾶσι,
2965 5672 3055 5721 καὶ
3087 5670 3414 5744 ίσχύνθησαν
3443 5674 3526 5725 ἐπ’
3555 5675 3651 5743 ἐμὲ
3703 5678 3749 5725 οῖ
3786 5676 3993 5740 ὑπομέ-

2053 5776 2071 5805 ν
2102 5774 2223 5829 Job.
2258 5794 2332 5843 ι-ι,
2370 5781 2459 5832 ea.
