4208 6300
809 336 879 399 43

2085 335 2371 395 MENSIS
2405 336 2774 397 MARTIUS.

3971 346 4038 406 Η

803 453 986 510 oculos
1016 453 1218 517 carnis,
1250 467 1347 522 ego
1376 461 1551 506 autem
1585 453 1764 521 accepi
1790 453 1950 506 etiam
1976 451 2165 508 oculos
2207 453 2364 522 spiri-
2394 460 2436 516 Α

2394 460 2436 516 Α
2473 451 2609 522 πρὸς
2662 453 2859 522 ἑαυτὴν
2916 452 3220 522 ἐπεφώνει·
3286 454 3400 508 Νῦν
3439 455 3573 521 οἶδα,
3634 459 3886 526 λέγουσα,
3929 465 4035 525 τοῖς

802 557 909 602 tus.
949 545 1031 600 Me
1061 543 1321 599 alliciebat
1346 544 1560 598 tristitia
1585 542 1802 611 jactura
1837 544 1952 610 lilii,
1977 545 2068 600 sed
2095 560 2222 600 ecce
2247 561 2368 600 eum

2469 543 2724 611 ἀγαπῶσι
2757 543 2850 595 τὸν
2876 543 3006 597 Θεὸν
3039 545 3218 598 πάντα
3244 548 3378 617 πρὸς
3402 547 3461 599 τὸ
3493 549 3694 616 ἀγαθὸν
3726 553 4036 622 συλλαμϐά-

801 641 977 694 habeo
1022 637 1309 701 heredem,
1349 637 1452 691 Dec
1510 652 1631 692 cum
1686 637 1853 706 gloria
1922 639 2063 708 regia
2112 640 2368 694 assisten-

2468 649 2652 687 νεται·
2685 633 2996 703 ὀφθαλμοὺς
3038 636 3265 705 ἐζήτουν
3302 638 3526 708 σαρκὸς,
3557 638 3668 707 ἐγὼ
3709 640 3764 694 δὲ
3789 643 3884 694 καὶ
3913 646 4036 708 τοὺς

801 738 930 790 tem,
967 737 1018 782 et
1058 741 1203 780 nunc
1238 736 1398 780 noctu
1433 735 1488 780 et
1542 726 1772 782 interdiu
1800 726 1927 780 milii
1962 729 2119 783 matri
2173 729 2366 783 blande

2463 723 2557 776 τοῦ
2616 725 2929 794 πνεύματος
2980 725 3209 780 ελαϐον·
3271 728 3460 781 ἐλύπει
3516 748 3583 799 με
3622 731 3792 801 ζημία
3821 735 4034 799 τέκνου,

800 819 1045 885 arridet,
1157 818 1596 888 congloriiicatus
1684 821 1981 876 honoribus
2075 823 2362 890 propheta-

796 926 914 965 rum
955 921 1007 966 et
1043 922 1361 982 martyrum,
1422 920 1475 965 et
1509 924 1627 964 cum
1683 911 1762 964 eis
1795 912 2090 976 exsultans,
2139 920 2193 966 et
2235 928 2358 965 cum

794 1000 1033 1071 Longino
1067 1015 1280 1056 crucem
1315 1002 1507 1065 ferens,
1547 1009 1602 1055 et
1633 1001 1782 1070 regni
1825 1001 2084 1056 caelorum
2137 1003 2358 1070 praecla-

792 1109 912 1146 rum
944 1093 1124 1147 lerens
1169 1101 1423 1162 tropaeum
1454 1093 1595 1147 inter
1629 1094 1852 1163 angelos
1888 1111 1901 1147 :
1937 1094 2072 1148 adeo
2123 1103 2182 1148 ut
2211 1094 2356 1148 Lnn-

793 1183 899 1252 gini
939 1182 1109 1236 lactus
1140 1184 1460 1253 discipulus,
1493 1185 1606 1252 ipse
1637 1199 1850 1254 quoque
1894 1201 2102 1238 sacram
2143 1187 2356 1240 emittat

791 1287 998 1336 vocem,
1039 1273 1457 1343 hymnicamque
1489 1284 1541 1326 ct
1583 1275 1890 1344 mysticam,
1930 1285 1983 1330 et
2014 1276 2232 1344 epinicii
2267 1278 2349 1330 in-

2463 816 2577 869 ἀλλ’
2615 817 2720 887 ἔχω
2749 819 2838 870 τὸν
2864 819 3220 889 κληρονόμον,
3273 814 3400 886 ἰδοὺ,
3439 823 3576 891 μετά
3624 823 3907 895 βασιλικῆς
3937 827 4036 894 τῆς

2459 909 2619 976 δόξης
2654 909 2730 978 τῷ
2757 910 2874 978 Θεῷ
2905 913 3310 981 παριστάμενον
3340 914 3432 964 καὶ
3463 914 3556 965 νῦν
3581 917 3791 985 ἥμερόν
3823 936 3937 986 μοι,
3971 923 4032 987 τῇ

2465 1002 2655 1070 μητρὶ,
2709 1003 2986 1081 προσγελᾷ
3022 1003 3238 1071 νύκτωρ
3280 1005 3375 1058 καὶ
3403 1005 3521 1074 μεθ’
3553 1007 3786 1077 ἡμέραν,
3821 1027 4035 1081 προφη-

2459 1091 2567 1141 τῶν
2617 1093 2805 1158 τιμαῖς
2863 1094 2956 1144 καὶ
3006 1094 3300 1163 μαρτύρων
3356 1097 3855 1166 συνδοξαζόμενοςο
3896 1104 4036 1172 μετὰ

2458 1186 2722 1253 Δογγίνου
2751 1205 2810 1240 τε
2856 1191 3244 1260 σταυροφορῶν
3276 1191 3368 1244 καὶ
3423 1193 3482 1246 τὸ
3514 1195 3765 1264 λαμπρὸν
3797 1199 3894 1268 τῆς
3924 1201 4035 1253 τῶν

2456 1278 2702 1347 οὐρανῶν
2737 1278 3014 1347 βασιλείας
3069 1284 3468 1354 ἐπιφερόμενος
3517 1289 3777 1356 τρόπαιον
3828 1292 4034 1358 μεταξὺ

788 1372 904 1418 star
936 1365 1222 1419 habentem
1263 1382 1277 1418 :
1316 1365 1451 1418 Vere
1470 1363 1560 1419 Dei
1584 1364 1754 1420 Filius
1785 1376 1902 1419 erat
1931 1366 2053 1431 iste,
2087 1378 2140 1420 et
2169 1375 2269 1428 cst,
2308 1377 2361 1421 et

2453 1368 2561 1420 τῶν
2612 1371 2880 1436 ἀγγέλων,
2939 1373 3014 1435 ὡς
3079 1376 3345 1442 Λογγινου
3411 1377 3706 1447 φθέγγεται
3761 1383 4031 1452 μαθητὴς,

785 1455 912 1509 erit.
949 1454 1191 1527 Regnum
1224 1454 1362 1526 ejus,
1402 1472 1622 1526 regnum
1668 1461 1910 1512 omnium
1953 1457 2279 1521 seculorum,
2309 1467 2362 1511 ct

2455 1459 2650 1528 ἀφίησι
2683 1463 2776 1511 καὶ
2813 1463 2976 1523 αὐτὸς
2997 1464 3180 1533 φωνὴν
3211 1466 3362 1534 ἱερὰν
3392 1469 3707 1536 ὑμνολὸγον,
3738 1473 4031 1543 μυστικὴν,

786 1547 905 1615 ejus
936 1547 1231 1601 dominatio
1256 1548 1594 1616 permanebit
1627 1549 1681 1603 in
1711 1558 1981 1604 mternum'
2002 1550 2044 1602 ³.
2077 1548 2143 1604 Et
2188 1549 2357 1618 gloria

2455 1551 2757 1602 ἐπινίκιον·
2800 1551 3014 1621 ἀληθῶς
3073 1554 3208 1606 Θεοῦ
3279 1557 3404 1620 Υἱὸς
3453 1553 3520 1629 ἦν
3559 1554 3735 1623 οὗτος,
3768 1565 3856 1614 καὶ
3890 1562 4027 1626 ἐστι,

788 1645 842 1690 et
865 1640 1104 1705 potentia
1135 1639 1188 1693 in
1213 1639 1409 1695 saecula
1443 1641 1766 1697 saeculorum
1801 1641 1865 1694 ¹⁶.
1901 1642 2094 1696 Amen.

857 1934 880 1969 ’
902 1934 1046 1988 Psal.
1077 1949 1253 1999 cxuv,
1289 1936 1376 1991 l5.
1458 1937 1500 1968 ¹⁶
1534 1936 1670 1991 Dan.
1696 1952 1798 2002 νιι,
1826 1935 1916 1990 27.

2459 1643 2551 1693 xci.
2601 1642 2785 1695 ἔσται’
2825 1647 2854 1712 ἡ
2887 1644 3132 1713 βασιλεία
3185 1648 3351 1700 αὑτοῦ
3386 1649 3636 1718 βασιλεία
3667 1653 3904 1716 αἰώνιος,
3940 1657 4031 1706 καὶ

2459 1738 2492 1804 ἡ
2515 1734 2800 1787 δεσποτεια
2851 1738 3014 1789 αὑτοῦ
3043 1741 3123 1802 εἰς
3162 1741 3252 1793 τὸν
3303 1742 3475 1795 αἰῶνα
3507 1746 3814 1814 παραμένει
3840 1761 3852 1773 ·
3881 1745 4032 1813 αὐτῷ

2462 1824 2494 1890 ἡ
2529 1823 2650 1886 δόξα
2687 1827 2776 1876 καὶ
2810 1827 2870 1878 τὸ
2900 1829 3096 1899 κράτος
3133 1831 3212 1892 εις
3241 1833 3366 1894 τοὺς
3401 1833 3624 1897 αἰῶνας.
3670 1835 3860 1905 ’Λμήν.

794 2090 3995 2124 mm

1634 2265 1993 2380 ΒΙΟΣ
2069 2268 2346 2378 ΚΑΙ
2439 2263 3188 2383 ΠΟΛΙΤΕΙΑ

1939 2480 2078 2534 ΤΟΥ
2116 2480 2321 2534 ΟΣῙΟΥ
2362 2480 2634 2534 ΠΑΤΡΟΣ
2674 2482 2872 2536 ΗΜΩΝ

1825 2649 2980 2822 ΑΒΡΑΜΙΟΥ

1703 3085 1988 3175 Vl'l‘A
2066 3089 2211 3173 ET
2285 3087 3122 3182 CONVERSATIO

2254 3283 2315 3340 S.
2371 3286 2435 3341 P.
2491 3281 2559 3338 Ν.

1315 3466 1678 3620 ABR
1708 3468 2112 3618 AMll
2204 3463 3494 3620 CONFESSORIS

1920 3741 2023 3800 ET
2071 3741 2345 3802 MARUE
2387 3740 2669 3801 NEPTIS
2720 3737 2905 3797 EJUS

1149 3881 1348 3956 Quam
1376 3884 1640 3962 Symeon
1671 3883 2131 3960 Metaphrasles
2165 3901 2244 3943 ex
2274 3883 2337 3942 δ’.
2370 3882 2656 3960 Ephrem
2691 3881 2940 3941 videtur
2967 3882 3176 3957 fusius
3207 3879 3637 3956 descripsisse.

939 4035 1132 4095 (Latine
1152 4035 1280 4091 apud
1300 4035 1497 4086 Surlum
1523 4036 1581 4086 ad
1603 4036 1737 4086 diem
1771 4037 1830 4086 16
1857 4034 2034 4096 Martii,
2063 4036 2228 4086 Graece
2255 4049 2316 4085 ex
2357 4036 2494 4084 codd.
2528 4037 2597 4084 Re

2180 4049 2228 4084 ne
2255 4049 2316 4085 ex
2357 4036 2494 4084 codd.
2528 4037 2652 4099 Reg.
2677 4033 2785 4095 ΤΗ,
2815 4045 2929 4083 stne.
2954 4044 3050 4094 ιη,
3080 4032 3220 4094 μοι,
3244 4045 3356 4084 sec.
3391 4044 3474 4081 ιιι.
3502 4031 3638 4085 Eon.
3667 4031 3842 4094 Pan.)

850 4359 890 4414 Ι.
925 4358 1176 4414 Virorum
1203 4358 1418 4412 virtutis
1474 4355 1840 4410 studiosorum
1875 4357 2004 4422 vita,
2049 4367 2102 4411 et
2153 4371 2340 4411 eorum
2381 4367 2421 4421 Β

2381 4367 2421 4421 Β
2520 4356 2599 4410 A'.
2646 4356 2878 4426 Ἀνδρῶν
2900 4357 3207 4426 φιλαρέτων
3242 4355 3357 4424 βίος
3383 4357 3479 4409 καὶ
3521 4359 3552 4426 ἡ
3583 4357 3682 4425 τῆς
3715 4357 3894 4410 αὐτῶν
3927 4377 4030 4413 πο-

780 4463 902 4520 quae
924 4450 990 4503 ab
1020 4450 1100 4503 eis
1125 4457 1274 4518 gesta
1299 4446 1539 4511 fuerunt,
1562 4448 1825 4510 narratio,
1847 4447 2098 4501 omnibus
2135 4446 2352 4515 quidem

2459 4447 2660 4509 λιτειας
2689 4447 2942 4531 διήγησις
2994 4447 3088 4499 καὶ
3137 4447 3270 4499 πᾶσι
3333 4447 3430 4517 μὲν
3468 4451 3581 4512 τοῖς
3633 4449 3871 4513 εὐσεϐῶς
3929 4451 4039 4521 ζῇν

786 4542 873 4612 qui
898 4541 987 4612 pie
1009 4541 1189 4596 vivere
1207 4540 1553 4605 studuerunt,
1578 4551 1833 4609 tanquam
1854 4538 1998 4593 utilis
2023 4538 2351 4607 etjuconda,

783 4645 998 4685 summo
1027 4630 1204 4683 studio
1233 4640 1317 4683 est
1345 4630 1642 4697 expetenda
1681 4647 1693 4681 :
1731 4627 1964 4682 maxime
2023 4638 2204 4683 autem
2266 4628 2350 4692 iis,

785 4722 876 4792 qui
907 4721 1159 4776 virtutem
1193 4732 1471 4787 exercent,
1524 4729 1576 4773 et
1627 4721 1716 4788 qui
1777 4721 1989 4772 beatam
2049 4721 2196 4773 illam
2262 4722 2351 4774 Dei

785 4817 1159 4870 mandatorum
1201 4813 1448 4868 semitam
1504 4813 1707 4881 ingredi
1762 4806 2138 4867 decrelrerunt.
2193 4810 2353 4864 Fiunt

783 4909 926 4962 enim
958 4905 1036 4960 eis
1068 4903 1230 4957 veluti
1275 4905 1490 4971 quidam
1522 4905 1682 4957 duces
1710 4903 1941 4964 itineris,
1973 4912 2031 4956 ut
2065 4904 2210 4972 quod
2245 4903 2350 4972 ipsi

785 4997 935 5065 prius
973 4994 1326 5059 confecerint,
1360 5000 1415 5046 et
1449 4993 1620 5062 reipsa
1675 4993 2009 5061 experientia
2068 4993 2352 5047 ostendere

785 5087 992 5160 possint
1010 5086 1174 5154 iisqui
1194 5094 1492 5152 sequuntur
1514 5101 1528 5138 :
1546 5085 1635 5137 ubi
1651 5085 1865 5152 quidem
1886 5095 2132 5153 oporteat
2151 5084 2351 5152 aliquid

784 5179 1059 5235 remittere
1088 5179 1155 5231 de
1187 5177 1459 5244 ingressus
1486 5177 1846 5240 vehementia,
1877 5177 1965 5230 ubi
2003 5188 2180 5230 autent
2236 5193 2348 5230 rur-

785 5285 880 5324 sus
915 5268 1140 5339 gradum
1171 5266 1477 5321 accelerare
1504 5276 1557 5319 et
1589 5266 1886 5321 intendere.
1926 5268 2124 5337 Sicque
2149 5278 2350 5322 certam

784 5359 998 5414 virtutis
1027 5357 1169 5414 viam
1199 5366 1254 5411 et
1283 5357 1494 5412 facilem
1527 5356 1632 5412 illis
1651 5357 1876 5421 faciunt,
1903 5361 1992 5428 qni
2019 5375 2137 5414 eam
2161 5375 2352 5428 aggre-

784 5451 1026 5505 diuntur.
1066 5450 1331 5515 Quoniam
1359 5460 1540 5504 autem
1598 5465 1664 5506 ex
1719 5451 1788 5506 iis
1833 5455 2064 5504 msxlme
2122 5452 2349 5520 insignis

785 5541 1096 5606 Abramius,
1131 5555 1236 5596 non
1270 5542 1443 5596 solum
1467 5555 1591 5594 cum
1618 5552 1759 5596 esset
1818 5540 1999 5596 adhuc
2053 5554 2349 5610 superstes,

785 5634 882 5689 sed
910 5647 1052 5688 nunc
1079 5647 1291 5703 quoque
1319 5634 1563 5688 oratione
1612 5630 1774 5686 veluti
1803 5635 2034 5698 quadam
2062 5648 2351 5701 expressus

791 5724 1051 5794 imagine,
1089 5724 1140 5778 id
1174 5723 1328 5794 plene
1363 5733 1619 5794 prmstsre
1652 5733 1825 5794 potest
1858 5742 1870 5779 :
1902 5738 1988 5780 res
2045 5726 2160 5795 ejus
2209 5721 2352 5780 nunc

2458 4539 2860 4608 προῃρημένοις
2907 4537 3153 4592 ποθειναί
3188 4532 3246 4590 τε
3277 4539 3370 4590 καὶ
3399 4539 3884 4606 περισπούδαστοι,
3922 4541 4024 4608 μάο

2455 4627 2610 4683 λιστα
2657 4630 2714 4681 δὲ
2761 4636 2872 4692 τοῖς
2899 4630 3100 4698 ἀρετῆς
3135 4630 3621 4698 μεταποιουμένοις
3650 4629 3744 4681 καὶ
3775 4629 3885 4682 ὅσοι
3929 4630 4033 4698 τὴν

2459 4719 2736 4789 μακαρίαν
2766 4719 2979 4786 ἐκείνην
3002 4718 3187 4786 τρίϐον
3213 4718 3324 4770 τῶν
3343 4719 3434 4770 τοῦ
3468 4717 3604 4771 Θεοῦ
3627 4719 3856 4772 ἐντολῶν
3881 4720 4034 4773 ἐδεῦο

2457 4826 2543 4860 σαι
2584 4809 2930 4878 προείλοντο·
2989 4809 3265 4874 γίγνονται
3323 4812 3431 4880 γὰρ
3468 4811 3651 4872 αὐτοῖς
3698 4813 4031 4872 οἰονιέτινες

2454 4898 2638 4969 ὁδηγοὶ
2669 4901 2766 4968 τῆς
2825 4916 3081 4968 τοιαυτης
3153 4904 3399 4970 πορείας,
3438 4898 3524 4952 οἷα
3573 4902 4032 4971 προδιανῦσαντες

2453 4992 2658 5063 ταύτην
2695 4995 2790 5045 καὶ
2825 4993 2961 5060 αὐτῇ
3005 4992 3170 5059 πείρᾳ
3214 4995 3306 5043 καὶ
3341 4993 3629 5062 πράγμασι
3659 4999 3767 5057 τοῖς
3824 4998 4033 5066 Enopi-

2453 5102 2563 5145 νοις
2619 5083 2995 5136 ὑποδεικνύειν
3045 5084 3300 5154 ἔχοντες,
3353 5087 3485 5138 ὅπου
3549 5088 3646 5156 μὲν
3700 5090 4033 5156 γενομένους

2455 5176 2649 5246 μικρὸν
2678 5190 2730 5226 τι
2756 5175 3118 5229 διαναπαῦσαι
3147 5178 3254 5248 χρὴ
3290 5178 3389 5244 τῆς
3421 5178 3761 5246 ὁδοιπορείας
3805 5179 3865 5231 τὸ
3907 5181 4036 5232 σῦν-

2453 5284 2623 5330 τονον,
2689 5270 2823 5322 ὀποῦ
2881 5269 2936 5322 δὲ
2969 5270 3130 5322 πάλιν
3163 5270 3517 5333 ἐπισπεῦσαι,
3569 5273 3664 5323 κει)⁵
3695 5275 4036 5334 κατατεῖναι,

2453 5359 2550 5410 καὶ
2603 5359 3008 5428 συντονωτέραν
3063 5361 3418 5430 ποιήσασθαι,
3451 5363 3545 5413 καὶ
3593 5360 3767 5422 οὕτως
3813 5361 4035 5431 ἁπλανῆ

2453 5453 2550 5524 τὴν
2578 5452 2695 5505 ὁδὸν
2721 5456 2833 5515 τοῖς
2867 5451 3114 5522 μετιοῦσι
3149 5457 3244 5507 καὶ
3279 5453 3466 5522 ῥᾳδίαν
3499 5451 3846 5531 ἐργάζονται.
3875 5453 4038 5508 Ἐπεὶ

2452 5540 2545 5597 οῦν
2575 5546 2978 5614 ἐπισημότατος
3010 5544 3214 5597 τούτων
3281 5544 3604 5615 ’Λόρὰμιος,
3654 5548 3714 5596 οὐ
3754 5545 3914 5614 μόνον
3953 5546 4040 5600 [tt

2454 5635 2681 5705 περιὼν,
2711 5637 2847 5689 ἀλλᾶ
2874 5638 2964 5689 καὶ
2997 5637 3091 5691 νῦν
3122 5637 3313 5706 ὥσπερ
3344 5639 3400 5688 ὲν
3433 5636 3602 5687 εικόνι
3631 5635 3707 5704 τῷ
3739 5635 3878 5706 λόγῳ
3913 5637 4037 5689 δια-

2465 5729 2820 5799 τυπούμενος,
2856 5729 3140 5800 διηγητέον
3179 5729 3252 5794 ὡς
3277 5723 3387 5782 οἶόν
3410 5745 3465 5780 τε
3505 5726 3569 5781 τὰ
3600 5728 3692 5782 τοῦ
3720 5729 3910 5799 ἀνδρὸς
3941 5732 4040 5782 καὶ
