4208 6300
165 382 221 448 ιδ
1416 378 1600 440 VITA
1643 375 1701 437 S.
1743 374 2094 436 ABRAMII.
3314 384 3383 447 45

149 499 254 565 ἡμῖν
282 499 374 549 καὶ
399 496 522 549 κατ’
556 499 698 566 ἴχνος
739 494 885 565 αὐτῷ
919 495 1015 562 τῆς
1049 489 1251 562 ἀρετῆς
1288 491 1579 561 πορευτέον
1613 489 1694 542 καῖ

1809 502 1838 540 a
1865 488 2019 542 nobis
2048 487 2334 543 narranda:
2374 498 2615 558 suntpro
2676 490 2914 558 viribus,
2958 503 3017 549 ut
3070 506 3379 564 sequamur,

151 588 394 659 μιμητέον
426 590 508 652 είς
530 589 781 658 δύναμιν.

202 762 269 817 Β¹.
299 756 473 825 Οὗτος
491 767 670 818 τοίνυν
688 765 713 815 δ
733 764 984 835 δεύτερος
1020 764 1270 833 Ἀϐραὰμ
1289 762 1381 813 καὶ
1406 760 1477 829 τῷ
1507 759 1707 830 πρώτῳ

148 855 494 924 παράμιλλος,
559 856 619 919 ἐξ
674 856 934 923 εὐγενοῦς
986 857 1084 923 μὲν
1143 853 1243 922 τῆς
1289 852 1443 920 ῥίζης
1478 851 1706 917 εὐγενὴς

146 947 427 1015 ἐϐλάστησε
455 948 682 1010 κλάδος·
722 949 957 1019 πατέρες
998 949 1104 1018 γὰρ
1138 945 1287 1015 αὐτῷ
1332 944 1574 1012 λαμπροὶ⁹
1608 942 1706 1011 μὲν

146 1040 192 1091 τὸ
214 1038 389 1105 γένος,
419 1040 668 1111 λαμπροὶ
699 1040 755 1093 δὲ
796 1041 887 1093 τὸν
911 1040 1024 1109 βίον
1055 1039 1148 1092 καὶ
1192 1035 1407 1105 πλούτῳ
1461 1036 1552 1087 καὶ
1578 1034 1704 1103 δόξῃ

143 1131 194 1195 τῇ
224 1128 363 1179 κατὰ
388 1130 598 1198 κόσμον
622 1131 882 1191 επιεικῶς
913 1128 1321 1198 σεμνυνόμενοι.
1357 1125 1623 1195 Ὀρῶντες
1647 1124 1703 1176 δὲ

143 1220 216 1269 τὸν
258 1221 430 1274 παῖδα
491 1224 672 1276 πᾶσαν
720 1226 782 1275 ὲκ
836 1225 936 1291 τῆς
981 1221 1203 1292 πρώτης
1239 1221 1452 1289 ἡλικίας
1501 1218 1701 1287 ἀρετὴν

145 1313 401 1378 μετιόντα,
436 1314 652 1384 σφοδρῷ
689 1316 827 1368 πάνυ
862 1315 1000 1383 πυρὶ
1030 1315 1124 1366 τοῦ
1153 1313 1290 1382 πρὸς
1324 1312 1486 1364 αὑτὸν
1517 1309 1701 1362 κατεί-

144 1418 279 1469 χοντο
328 1403 539 1455 πόθου·
574 1405 797 1457 τοιαῦτα
854 1406 961 1473 γὰρ
1016 1406 1081 1459 τὰ
1126 1404 1233 1456 τῶν
1293 1401 1701 1472 γεγεννηκότων

142 1494 410 1563 σπλάγχνα
441 1497 536 1550 καὶ
577 1498 819 1567 πέφυκεν
854 1499 1025 1558 οὕτως
1066 1496 1234 1567 ἀρετὴ
1300 1496 1526 1557 παίδων,
1582 1492 1699 1562 μεί-

142 1583 248 1645 ζονα
274 1586 371 1652 τῆς
404 1588 639 1654 φυσικῆς
683 1590 914 1656 στοργῆς
949 1604 1004 1638 τε
1046 1588 1137 1638 καὶ
1179 1585 1475 1646 διαθέσεως
1515 1586 1698 1643 αὐτοῖς

140 1678 223 1744 τὴν
246 1679 432 1746 πυράν
480 1680 844 1745 ύπανάπτειν,
895 1677 974 1729 διὸ
1004 1677 1067 1745 δὴ
1100 1678 1193 1727 καὶ
1233 1676 1356 1728 λίαν
1384 1676 1699 1744 άκορέστως

141 1769 283 1820 αὑτοῦ
321 1773 415 1822 καὶ
438 1772 711 1840 περικαῶς
731 1773 964 1841 ἔχοντες,
992 1772 1224 1822 ἐπόθουν
1254 1767 1421 1822 καλοῦ
1454 1766 1695 1821 τοιούτου

142 1859 355 1927 βλαστοῦ
390 1866 486 1913 καὶ
535 1863 785 1931 καρποὺς
839 1863 987 1925 ἰδεῖν,
1021 1862 1187 1923 ὅπως,
1221 1860 1316 1911 καὶ
1372 1859 1446 1921 ὡς
1486 1858 1701 1919 εἰκόνας

141 1949 219 2002 τοῦ
244 1950 357 2003 υἱοῦ
380 1952 451 2003 τὰ
478 1954 678 2021 ἔγγονα
706 1954 1021 2023 βλέποντες,
1050 1953 1109 2004 τὸ
1138 1951 1271 2004 πολὺ
1301 1950 1394 2001 τοῦ
1436 1948 1570 2019 πρὸς
1606 1948 1702 1999 αὐ-

137 2042 214 2092 τελν
232 2044 455 2112 φίλτρου
486 2046 878 2105 διαναπνέωσι,
908 2044 1003 2096 καὶ
1026 2043 1138 2109 ἅμα
1160 2042 1415 2109 τοιαύτην
1443 2040 1701 2107 βουλόμε-

137 2139 283 2204 νοιτῇ
316 2136 543 2206 διαδοχῇ
575 2136 670 2187 τοῦ
716 2136 907 2203 γένους
942 2135 1219 2187 ὑποθεῖναι
1248 2132 1489 2201 κρηπῖδα
1522 2130 1699 2182 τοιοῦ-

134 2241 214 2276 τον
250 2225 524 2295 θεμέλιον,
557 2226 750 2294 ἀμέλει
790 2227 882 2279 καὶ
907 2225 1209 2293 ἀγαγέσθαι
1246 2224 1466 2293 νύμφην
1502 2220 1701 2273 ἐσπού-

135 2314 278 2376 δαζον
326 2316 409 2385 τῷ
460 2320 561 2387 υἱῲ
593 2320 682 2371 καὶ
727 2317 916 2387 γάμου,
960 2317 1118 2386 δῆσαι
1165 2316 1384 2385 δεσμοῖς
1448 2316 1540 2366 καὶ
1591 2314 1699 2365 τῶν

136 2410 399 2476 κοσμικῶν
451 2410 778 2482 ἀξιωμάτων
826 2412 919 2463 ἐπὶ
976 2412 1044 2461 τὰ
1100 2409 1270 2479 μείζω
1325 2409 1699 2476 προσαγαγεῖν

134 2500 275 2551 αὐτὸν
298 2502 395 2553 καὶ
426 2506 892 2573 περιφανέστερα.
947 2499 1229 2570 Ἀϐραμίῳ
1267 2499 1322 2550 δὲ
1377 2498 1484 2565 ἄρα
1524 2496 1698 2550 ταῦτα

136 2594 337 2659 φροντὶς
406 2594 668 2662 οὐδεμία,
712 2593 971 2644 τάναντία
1015 2591 1071 2642 δὲ
1131 2589 1389 2651 καθάπαξ
1442 2588 1539 2655 τῆς
1587 2587 1697 2640 τῶν

132 2688 315 2749 γονέων
401 2690 682 2757 προῄρητο
765 2687 991 2757 γνώμης
1057 2688 1152 2740 καὶ
1234 2686 1331 2755 τὴν
1408 2685 1504 2754 μὲν
1571 2683 1695 2735 Ἐκ-

133 2778 363 2848 κλησὶαν,
392 2777 483 2833 οἷά
512 2798 633 2833 τινα
655 2780 897 2852 νύμφην,
922 2782 1101 2850 ἑαυτῷ
1119 2778 1504 2847 ἐμνηστεύετο,
1527 2793 1699 2848 προπ-

132 2871 350 2940 εδρεύων
380 2874 522 2942 αὐτῇ
549 2874 691 2925 κατὰ
710 2874 833 2935 τοὺς
859 2874 1098 2944 θερμοὺς
1120 2870 1225 2922 τῶν
1249 2870 1498 2937 νυμφίων
1527 2868 1713 2941 νύκτα.

131 2968 212 3017 καὶ
243 2968 360 3035 μεθ’
393 2969 631 3036 ἡμέραν,
667 2970 759 3020 καὶ
782 2966 962 3036 ψυχὴν
998 2968 1113 3035 ἅμα
1159 2968 1255 3019 καὶ
1288 2966 1457 3034 ἀκοὴν
1488 2966 1598 3025 τοῖς
1639 2964 1693 3013 ἐν

130 3059 249 3125 αὐτῇ
276 3061 411 3127 πρὸς
442 3062 535 3110 τον
570 3059 703 3112 Θεὸν
734 3059 927 3127 ὕμνοις
951 3061 1045 3110 καὶ
1079 3063 1200 3121 ταῖς
1246 3059 1543 3127 μελῳδίαις
1575 3058 1692 3109 θελο

129 3150 338 3220 γὸμενος
361 3169 375 3181 ·
410 3152 544 3219 μίαν
574 3151 629 3203 δὲ
662 3156 824 3220 τιμὴν
857 3151 1030 3221 ἀληθῆ
1064 3150 1161 3221 τὴν
1217 3154 1359 3204 κατά
1396 3151 1527 3202 Θεὸν
1576 3150 1694 3201 ἑνό-

130 3244 239 3308 μιζε
270 3245 563 3313 προκοπήν
580 3261 593 3275 °
616 3244 788 3314 ἀρχὰς
810 3246 888 3305 δὲ,
918 3244 1011 3296 καὶ
1036 3243 1375 3305 δυναστείας,
1399 3242 1495 3295 καὶ
1517 3243 1691 3308 τιμῶν

130 3334 245 3403 ῦψηι
274 3338 364 3388 καὶ
401 3337 616 3405 μεγέθη
653 3338 1005 3404 ἀξιωμάτων,
1041 3335 1134 3389 καὶ
1170 3336 1222 3388 εἴ
1248 3353 1299 3388 τι
1334 3335 1460 3388 ἄλλο
1499 3352 1693 3404 κοσμι-

126 3427 209 3476 κδν
236 3430 327 3479 καὶ
356 3430 667 3498 περίγειον,
719 3430 967 3497 παίγνιον
999 3432 1186 3497 ἠγεῖτο
1224 3430 1404 3481 πάντα
1442 3430 1534 3481 καὶ
1563 3445 1695 3497 σκη-

128 3515 212 3584 νὴν
247 3518 337 3569 καὶ
406 3520 727 3586 ὑπόκρισιν,
777 3519 1054 3586 ὀνείρατος
1112 3520 1263 3571 οὐδὲν
1318 3520 1547 3572 ἄμεινον
1599 3521 1695 3571 καὶ

129 3612 275 3670 σκιᾶς
310 3611 666 3677 διακείμενα.

187 3701 255 3753 Γ.
318 3703 458 3751 Επεὶ
494 3700 551 3751 δὲ
582 3701 630 3751 οί
663 3700 914 3763 τεκόντες
942 3701 1215 3753 ἐνέκειντο
1251 3702 1343 3753 καὶ
1398 3704 1535 3771 μετὰ
1564 3704 1689 3755 πολη

124 3792 209 3859 λῆς
237 3793 396 3844 αυτὸν
426 3793 531 3861 τῆς
565 3793 926 3864 σφοδρότητος
948 3792 1206 3863 ὁμιλῆσαι
1228 3795 1426 3864 γάμοις
1448 3796 1695 3864 ἠνάγκα-

122 3886 224 3947 ζον,
256 3888 285 3955 ὴ
319 3886 377 3939 δὲ
437 3889 626 3955 μήτηρ
661 3886 1096 3957 ἀναϐαλλόμενον
1151 3888 1337 3957 δρῶσα
1368 3889 1460 3938 καὶ
1489 3888 1698 3957 δάκρυα

121 3979 367 4040 ’πολλάκις
406 3980 563 4045 ἠφίει
596 3979 703 4029 τῶν
736 3980 1054 4047 ὀφθαλμῶν,
1083 3979 1148 4029 τὰ
1202 3981 1297 4048 τῆς
1346 3979 1452 4029 ἔσω
1500 3980 1693 4046 φλογὸς

118 4069 311 4140 ἀψευδῆ
346 4069 625 4139 σύμϐολα,
660 4076 751 4121 καὶ
783 4070 855 4129 ὡς
886 4072 1040 4123 οὐδὲν
1073 4071 1201 4124 ἄλλο
1240 4070 1416 4141 ψυχὴν
1456 4070 1572 4123 υἱοῦ
1599 4088 1696 4124 κα·-

116 4162 373 4215 τακλάσαι
403 4164 711 4230 δυνάμενα,
740 4162 837 4212 οὒκ
860 4161 996 4230 ἔχων
1019 4162 1044 4210 ὁ
1078 4164 1240 4225 καλὸς
1282 4164 1576 4233 ῩΑϐράμιος
1599 4166 1626 4217 ὂ
1643 4181 1697 4216 τι

117 4256 199 4303 καὶ
223 4253 411 4316 πάθοι,
456 4255 664 4323 μητρός
696 4269 753 4304 τε
782 4252 953 4316 λιταῖς
976 4254 1068 4305 καὶ
1100 4254 1304 4322 πατρὸς
1338 4257 1477 4306 εἴκει
1502 4255 1693 4307 κελεύε-

117 4358 293 4411 σμασι,
322 4346 421 4396 καὶ
454 4346 550 4397 τὸν
578 4345 673 4397 τού
715 4346 892 4413 γάμου
924 4347 1084 4412 ζυγὸν
1125 4345 1518 4417 καταδέχεται,
1559 4348 1687 4417 μίαν

116 4435 215 4487 τῶν
253 4437 495 4488 ἐντολῶν
529 4440 629 4488 καὶ
662 4438 820 4488 τοῦτο
856 4436 1012 4501 εἰδὼς
1043 4439 1103 4489 τὸ
1144 4438 1235 4491 καὶ
1269 4441 1438 4511 πατρὶ
1470 4442 1564 4491 καὶ
1588 4460 1693 4509 μη-

1813 592 1867 633 et
1900 581 2075 650 quoad
2112 579 2229 651 ejus
2266 581 2381 636 fieri
2418 582 2635 652 poterit,
2682 584 2958 640 imitemur
3013 587 3240 659 vestigia
3271 588 3383 658 ejus

1811 675 2043 729 virtutis.

1886 767 1952 819 ll.
1988 767 2085 821 Hic
2109 784 2237 839 ergo
2274 772 2545 826 secundus
2598 771 2894 839 Abraham,
2923 782 2976 827 et
3027 788 3149 829 cum
3208 775 3383 843 primo

1809 861 2191 925 conferendas,
2225 878 2287 915 ex
2328 864 2492 917 nobili
2556 866 2770 932 quidem
2822 866 3003 922 radice
3059 868 3385 937 germinavit

1812 967 1995 1004 ramus
2052 952 2264 1006 nobilis.
2310 952 2447 1007 Nam
2517 953 2735 1010 fuerunt
2778 956 2994 1025 quidem
3050 958 3098 1012 ei
3130 964 3383 1026 parentes

1806 1042 1939 1096 clari
1971 1059 2192 1113 genere,
2226 1045 2333 1098 vita
2362 1054 2541 1097 autem
2568 1046 2826 1111 illustres,
2855 1056 2910 1101 et
2957 1048 3048 1116 qui
3100 1050 3303 1104 divitiis
3331 1061 3385 1105 et

1806 1134 1973 1202 gloria
2001 1137 2266 1189 mundana
2301 1136 2401 1191 sibi
2432 1150 2769 1205 summopere
2793 1141 3095 1207 placebant.
3127 1144 3261 1197 Cum
3285 1160 3383 1200 au-

1794 1234 1911 1278 tem
1964 1227 2205 1281 viderent
2240 1243 2461 1295 puerum
2488 1232 2555 1288 ab
2588 1233 2801 1284 ineunte
2831 1243 2987 1286 aetate
3016 1249 3232 1290 omnem
3274 1239 3385 1290 vir.

1806 1325 1971 1373 tutem
2000 1327 2365 1383 exercentem,
2421 1322 2746 1375 tenebantur
2798 1324 3011 1392 quidem
3075 1328 3381 1383 vehementi

1804 1413 1929 1481 igne
1955 1414 2005 1465 in
2039 1427 2160 1468 eum
2188 1415 2386 1468 amoris
2418 1415 2762 1470 etdesiderii.
2792 1416 2929 1469 Sunt
2957 1419 3100 1472 enim
3133 1421 3259 1474 talia
3294 1436 3386 1475 eo-

1806 1504 2055 1571 rum,qui
2088 1516 2407 1572 genuerunt,
2440 1508 2680 1570 viscera,
2714 1516 2766 1560 et
2789 1520 2981 1561 natura
3023 1520 3106 1563 est
3152 1512 3231 1565 eis
3255 1512 3382 1565 insi-

1804 1605 1999 1655 tum,ut
2016 1598 2182 1649 virtus
2199 1597 2429 1649 ﬁliorum
2453 1599 2708 1664 majorem
2731 1602 2780 1653 in
2798 1601 2877 1654 eis
2896 1602 3379 1658 excitetﬂammam

1802 1685 2066 1739 naturalis
2097 1686 2377 1740 cbaritatis
2414 1694 2468 1741 et
2503 1687 2822 1742 allectionis.
2850 1684 3217 1754 Quamobrem
3250 1709 3371 1745 cum

1803 1788 1946 1829 esset
1974 1793 2162 1832 eorum
2192 1779 2247 1833 in
2274 1795 2392 1833 eum
2429 1796 2580 1834 amor
2618 1785 2675 1834 et
2716 1783 3063 1849 insatiabilis,
3124 1794 3179 1839 et
3220 1785 3377 1854 longe

1808 1870 2244 1935 ardentissimus,
2292 1874 2675 1927 desiderabant
2708 1875 2891 1927 videre
2924 1875 3132 1929 fruetus
3166 1878 3376 1945 pulchri

1808 1960 1968 2028 hujus
1999 1964 2259 2029 genuinis
2292 1985 2303 2018 :
2342 1973 2399 2017 nt
2457 1977 2744 2019 cernentes
2804 1979 3057 2034 tanquam
3118 1969 3378 2038 imagines

1807 2051 1901 2103 ﬁlii
1939 2064 2183 2120 nepotes,
2216 2057 2298 2108 sui
2333 2056 2385 2109 in
2415 2072 2537 2109 eum
2575 2060 2777 2111 amoris
2809 2061 3373 2115 sedarentvehemen-

1807 2144 1957 2203 tiam,
1992 2156 2046 2197 et
2072 2146 2231 2197 simul
2261 2148 2587 2201 successiOni
2618 2150 2833 2217 generis
2860 2152 2960 2203 hoc
2977 2151 3224 2219 jacerent
3252 2154 3376 2208 fun-

1805 2234 2138 2289 damentum.
2166 2236 2354 2307 itaque
2389 2239 2702 2306 studebant,
2755 2251 2818 2295 ut
2844 2252 2899 2295 et
2959 2243 3100 2299 ﬁlius
3155 2247 3378 2303 duceret

1805 2339 2051 2390 uxorem,
2085 2335 2143 2379 et
2193 2328 2506 2395 alligaretur
2554 2330 2779 2385 vinculis
2833 2336 3159 2390 matrimonii
3203 2348 3258 2390 et
3307 2340 3376 2392 ad

1802 2416 2102 2485 praecipuas
2129 2426 2181 2470 et
2207 2420 2437 2473 maxime
2485 2421 2723 2476 illustres
2771 2427 2954 2479 mundi
2987 2429 3376 2493 provelteretur

1801 2508 2114 2577 dignitates.
2143 2509 2400 2564 Abramio
2430 2521 2610 2565 autem
2654 2512 2786 2566 nihil
2822 2516 3013 2569 horum
3039 2529 3156 2570 erat
3181 2534 3327 2573 cura:
3356 2538 3369 2573 :

1803 2615 1926 2650 nam
1971 2614 2034 2652 ea
2101 2600 2395 2670 delegerat,
2453 2618 2572 2672 quae
2635 2616 2918 2675 parentum
2980 2610 3164 2662 animo
3219 2612 3375 2680 plane

1798 2690 2221 2745 adversabantur
2274 2713 2285 2748 :
2343 2704 2397 2748 et
2447 2694 2743 2749 Ecclesiam
2814 2700 3051 2766 quidem,
3112 2712 3372 2772 tanquam

1800 2797 2054 2850 sponsam
2090 2786 2400 2851 quamdam,
2448 2787 2551 2841 sibi
2587 2788 2972 2857 desponderat,
3006 2793 3077 2854 ei,
3107 2805 3165 2846 ut
3198 2797 3376 2849 solent

1798 2877 1982 2940 sponsi
2012 2876 2286 2943 ardentes,
2328 2889 2489 2932 noctu
2521 2891 2571 2933 et
2610 2881 2843 2935 interdiu
2877 2885 3145 2948 assidens,
3177 2897 3226 2939 et
3253 2890 3374 2941 ani-

1800 2980 1944 3017 mum
1976 2966 2211 3020 simulet
2247 2983 2406 3020 aures
2433 2971 2745 3023 demulcens
2778 2971 2865 3035 iis,
2895 2974 2985 3041 qui
3022 2975 3073 3025 in
3097 2976 3212 3042 ipsa
3240 2977 3374 3028 fiunt

1797 3056 1863 3108 ad
1895 3054 2083 3121 Deum,
2114 3056 2329 3125 hymnis
2351 3065 2399 3110 et
2433 3058 2719 3124 melodiis;
2780 3076 2945 3113 unum
3001 3078 3127 3115 vero
3186 3081 3371 3120 verum

1800 3145 2081 3214 honorem,
2107 3149 2171 3201 ad
2194 3149 2359 3203 Deum
2385 3150 2730 3203 existimabat
2753 3150 3073 3219 profectum.
3097 3154 3376 3224 Magistra-

1802 3247 1888 3292 tus
1919 3248 2098 3293 autem
2142 3250 2195 3293 et
2225 3251 2522 3308 potestates
2576 3253 2631 3296 et
2687 3242 2949 3297 honorum
3006 3246 3370 3312 altitudinem,

1798 3329 2194 3397 ctdignitatum
2229 3333 2676 3399 magnitudinem,
2708 3336 2825 3386 etsi
2852 3337 2977 3400 quid
3026 3337 3170 3390 aliud
3216 3356 3372 3391 mun-

1796 3418 1993 3472 danum
2025 3430 2079 3475 et
2112 3424 2800 3486 terrenum,.existimabat
2850 3430 3029 3480 omnia
3076 3428 3371 3485 ludibrium

1797 3514 2137 3567 etscenicam
2160 3516 2448 3580 actionem,
2470 3532 2588 3584 qua:
2614 3518 2779 3571 nihilo
2796 3520 2988 3575 melius
3011 3532 3136 3575 sunt
3154 3523 3372 3595 aﬂ'ecta,

1799 3620 1961 3672 quam
1991 3607 2257 3657 somnium
2282 3608 2343 3658 'et
2372 3612 2580 3661 umbra.

1873 3695 1960 3747 Ill.
1988 3696 2120 3749 Cum
2154 3706 2329 3750 autem
2361 3710 2613 3765 pareiims
2642 3700 2906 3757 instarent
2927 3713 2980 3757 et
3007 3706 3375 3762 vehementis-

1798 3788 1933 3843 sime
1960 3798 2234 3857 urgerent,
2270 3801 2327 3843 ut
2357 3807 2578 3848 uxorem
2616 3794 2853 3855 duceret,
2898 3798 3192 3864 quinetiam
3249 3814 3370 3852 ma-

1802 3889 1882 3933 ter
1920 3882 2105 3934 videns
2135 3895 2256 3932 eum
2290 3882 2647 3947 diﬂ'erentem,
2686 3901 2828 3953 saape
2859 3887 3131 3958 lacrymas
3154 3890 3371 3945 emitte-

1802 3980 1883 4022 ret
1914 3986 1976 4021 εκ
2009 3969 2201 4033 oculis,
2238 3984 2357 4037 quae
2382 3982 2504 4024 sunt
2527 3983 2673 4026 certa
2701 3976 2849 4042 signa
2872 3976 3101 4031 ﬂammae
3125 3983 3370 4047 internae,

1801 4072 1860 4114 et
1890 4077 2028 4129 qua},
2062 4062 2105 4117 si
2134 4064 2265 4132 quid
2296 4065 2462 4130 aliud,
2492 4065 2588 4120 ﬁlii
2640 4070 2795 4121 valde
2850 4077 3075 4137 possunt
3127 4072 3370 4125 animum

1802 4153 2099 4227 infringere
2139 4172 2155 4222 ;
2191 4157 2425 4211 nesciret
2450 4172 2578 4212 vero
2612 4161 2861 4229 egregius
2894 4160 3187 4217 Abramius
3243 4166 3372 4233 quid

1798 4246 2030 4311 faceret,
2059 4249 2203 4300 cedit
2242 4251 2433 4302 matris
2469 4251 2718 4315 precibus
2736 4259 2790 4302 et
2836 4253 3004 4317 jussis
3066 4254 3258 4320 patris,
3318 4268 3375 4308 et

1793 4338 1979 4408 jugum
2012 4341 2205 4414 accipit
2246 4343 2601 4403 matrimonii.
2638 4352 2696 4396 ut
2729 4343 2821 4411 qui
2878 4356 3043 4399 sciret
3090 4349 3193 4402 hoc
3249 4362 3372 4403 esse

1802 4449 1962 4486 unum
1993 4450 2054 4487 ex
2108 4432 2322 4491 Domini
2351 4439 2652 4507 praeceptis.
2686 4438 2823 4507 patri
2860 4448 2912 4494 et
2941 4441 3096 4493 matri
3156 4457 3369 4510 parere.

117 4528 196 4598 τρὶ
224 4528 517 4581 πείθεσθαι
542 4546 556 4559 σ
585 4529 708 4579 ἐπεὶ
732 4529 826 4579 καὶ
858 4532 991 4597 πρὸς
1022 4530 1228 4579 ἐκεῖνον
1256 4530 1370 4599 ᾔδει
1407 4532 1504 4600 τὴν
1527 4534 1693 4603 τιμὴν

1801 4520 1933 4574 Nam
1956 4526 2023 4575 ad
2075 4524 2226 4577 illum
2281 4540 2496 4594 quoque
2555 4530 2785 4581 transire
2830 4530 3088 4583 honorem
3146 4533 3371 4598 pulchre

115 4618 427 4685 διαϐαίνειν,
459 4619 596 4691 παρ’
626 4613 688 4674 οὗ
719 4621 870 4692 καὶὴ
900 4620 1111 4691 ἐντολὴ,
1141 4622 1232 4673 καὶ
1261 4621 1334 4684 ὡς
1363 4621 1476 4674 ἐστι
1512 4627 1690 4686 κοινὸς

113 4712 379 4778 ἁπάντων,
415 4716 517 4766 καὶ
553 4713 769 4782 πρῶτος
820 4713 1022 4783 πατὴρ,
1071 4717 1164 4765 καὶ
1210 4711 1565 4781 δημιουργὸς,
1598 4716 1692 4766 καὶ

113 4803 196 4858 τοῦ
229 4800 373 4859 εἶναι
402 4809 508 4859 καὶ
535 4803 633 4857 τοῦ
665 4804 763 4873 ζῇν
795 4803 1138 4865 αἰτιώτατος.
1192 4803 1352 4855 Ἀλλά
1384 4820 1475 4873 μοι
1510 4805 1692 4857 διανα-

114 4897 283 4964 στήτω
334 4896 485 4967 ἀκοὴ
545 4897 695 4948 πᾶσα
737 4892 875 4962 πρὸς
922 4896 1022 4959 τὴν
1080 4895 1380 4965 ἀκρόασιν·
1431 4896 1531 4965 ἤδη
1582 4896 1690 4966 γὰρ

112 4988 342 5057 ἀνίσχειν
404 4988 508 5039 ἐπὶ
567 4985 667 5053 τὴν
706 4985 1008 5056 Ἀϐραμίου
1042 4985 1218 5057 ψυχὴν
1249 4986 1304 5038 αἱ
1338 4986 1435 5054 τῆς
1468 4988 1693 5057 χάριτος

112 5082 317 5143 ἀκτῖνες
351 5078 705 5147 ὲπάρχονται
727 5095 740 5109 ·
771 5080 1009 5130 ἐτελεῖτο
1044 5078 1142 5146 μὲν
1194 5077 1360 5147 ἕκτην
1392 5078 1605 5148 ἡμέραν
1655 5078 1689 5146 ἡ

111 5171 323 5241 εὐωχία,
385 5177 485 5225 καὶ
547 5173 616 5224 τὰ
650 5172 895 5239 γαμήλια
946 5172 1246 5241 ἐκροτεῖτο,
1296 5171 1389 5222 καὶ
1438 5171 1690 5241 ὑμέναιοι

112 5264 284 5334 ᾔδοντο
304 5282 316 5294 ·
344 5264 501 5317 κατὰ
533 5262 591 5316 δὲ
616 5264 713 5331 τὴν
746 5262 1002 5331 ἑϐδόμην,
1029 5263 1087 5341 ὲν
1119 5256 1151 5334 ἦ
1186 5263 1280 5313 καὶ
1307 5261 1562 5314 λελῦσθαι
1588 5262 1688 5332 ἤδη

112 5359 283 5422 αὐτοῖς
333 5355 544 5429 ἔμελλε
594 5356 662 5407 τὰ
701 5354 809 5406 τῶν
856 5354 1073 5425 γάμων,
1106 5354 1604 5425 θαυματουργεῑταί
1636 5371 1690 5405 τι

112 5453 356 5522 πρᾶγμα,
396 5449 547 5521 μηδὲ
602 5450 900 5519 ὀφθαλμοῖς
952 5450 1366 5518 πιστευόμενον.
1409 5446 1691 5515 ’Ἑκάθητο

115 5543 203 5611 μιν
230 5544 339 5617 γὰρ
367 5544 522 5615 μετὰ
555 5542 654 5610 τῆς
690 5543 909 5613 νύμφης
938 5541 1083 5613 μάλα
1130 5542 1380 5611 λαμπρὸς
1414 5542 1441 5592 ὁ
1486 5540 1687 5609 Ἀϐρά-

117 5651 246 5703 pios,
303 5638 381 5696 ὡς
419 5634 667 5706 νυμξςίος
719 5632 933 5703 ἀληθῶς
972 5633 1062 5686 ἐπὶ
1104 5633 1199 5686 τοῦ
1250 5630 1454 5685 παστοῦ
1479 5629 1643 5683 αὑτοῦ
1673 5646 1684 5658 ·

114 5727 328 5798 θορύϐου
357 5729 417 5784 δὲ
450 5729 555 5781 καὶ
584 5726 777 5797 κρότου
802 5727 891 5781 τὸν
920 5722 1088 5791 οἷκον,
1123 5727 1198 5788 ὡς
1232 5729 1397 5793 εἰκὸς,
1427 5725 1685 5793 κατεχόν-

112 5835 228 5891 των,
254 5828 349 5878 καὶ
386 5823 520 5891 περὶ
548 5823 647 5891 τὴν
674 5821 954 5892 τράπεζαν
978 5820 1197 5875 πάντων
1229 5822 1321 5873 καὶ
1344 5823 1466 5883 τοὺς
1499 5820 1685 5873 δαιτυ-

1798 4612 2025 4678 sciebat,
2057 4628 2085 4667 a
2112 4631 2221 4686 quo
2248 4615 2547 4686 profectum
2579 4625 2663 4674 est
2697 4633 3053 4690 praeceptum,
3090 4631 3143 4676 et
3165 4624 3255 4691 qui
3287 4635 3372 4676 εει

1796 4708 2102 4762 communis
2159 4712 2401 4766 omnium
2433 4722 2483 4765 et
2506 4709 2711 4779 primus
2771 4722 2944 4781 pater,
2991 4720 3046 4766 et
3080 4715 3281 4781 opifex,
3315 4728 3373 4771 et

1796 4800 2059 4866 pracipua
2086 4814 2295 4865 -causa,
2329 4810 2384 4854 ut
2428 4802 2600 4855 simus
2632 4812 2687 4856 et
2754 4805 3019 4857 vivamus.
3081 4804 3185 4858 Sed
3239 4806 3368 4858 mihi

1796 4891 2103 4957 arrigantur
2129 4904 2321 4947 omnes
2350 4906 2513 4947 aures
2558 4895 2622 4947 ad
2662 4894 2989 4950 audiendum
3024 4912 3038 4950 :
3077 4896 3186 4965 jam
3221 4896 3365 4951 enim

1795 4980 1848 5033 in
1882 4980 2061 5035 animo
2086 4984 2327 5038 Abramii
2362 4986 2621 5054 incipiunt
2650 4988 2778 5041 oriri
2836 4990 2967 5043 railii
2997 4993 3203 5059 gratiae.
3258 4992 3365 5046 Sex

1793 5075 2007 5144 quidem
2064 5078 2438 5145 praeterieram
2514 5081 2664 5144 dies,
2722 5096 2785 5136 ex
2853 5096 2961 5149 quo
3012 5084 3368 5151 peragebatur

1796 5168 2097 5219 convivium
2120 5177 2174 5221 et
2204 5168 2623 5225 celebrabantur
2686 5174 2907 5241 nuptiae,
2972 5183 3026 5229 et
3072 5179 3367 5230 cauebatur

1795 5257 2146 5325 hymenaeus;
2190 5262 2419 5329 septimo
2444 5272 2646 5326 autem,
2700 5262 2750 5317 in
2780 5278 2888 5330 quo
2939 5276 3061 5319 erat
3115 5267 3195 5320 eis
3254 5268 3365 5320 sol-

1794 5351 2026 5403 vendum
2060 5352 2488 5416 matrimonium,
2517 5352 2573 5405 lit
2606 5369 2692 5407 res
2722 5355 2969 5421 quaedam
3004 5356 3360 5421 admirabilis,

1792 5452 1987 5509 etquae
2015 5441 2099 5495 vix
2133 5443 2275 5497 credi
2330 5448 2517 5512 possit.
2552 5444 2684 5499 Nam
2738 5445 2962 5502 sedebat
3024 5448 3241 5516 quidem
3297 5451 3366 5504 ad

1795 5549 2035 5589 mensam
2053 5550 2173 5590 cum
2196 5551 2388 5605 sponsa
2408 5536 2722 5605 splendidus
2740 5538 3027 5593 admodum
3046 5541 3364 5605 Abramius,

1791 5634 2045 5698 tanquam
2089 5643 2319 5699 sponsus
2345 5644 2533 5684 revera
2562 5629 2616 5684 in
2661 5631 2902 5687 thalamo
2939 5645 3061 5696 suo,
3124 5637 3361 5688 tumultu

1792 5736 1973 5779 autem
2006 5735 2063 5778 et
2094 5725 2280 5794 plausu
2313 5732 2423 5780 tota
2454 5725 2645 5780 domus
2690 5727 3083 5795 perstrepebat,
3132 5743 3363 5786 mensae.

1791 5836 1896 5894 que
1938 5829 1989 5873 et
2026 5817 2267 5873 convivis
2302 5828 2454 5875 erant
2486 5833 2671 5875 omnes
2715 5820 2906 5875 intenti
2950 5837 2964 5887 ;
2994 5819 3239 5878 occultus
3272 5838 3367 5876 au-
