4208 6300
161 361 214 422 l9
1411 356 1589 420 VITA
1628 359 1688 420 5.
1727 356 2084 418 ABRAMII.
3316 357 3390 417 50

164 488 216 542 μι
236 465 316 520 καὶ
347 466 426 538 μὴ
461 469 523 520 τὸ
554 469 775 539 φορτίον
815 469 977 524 αὑτοῦ
1007 472 1067 524 τὸ
1107 470 1342 538 ὲλαρρὶιν
1378 468 1708 540 ἀπορρίψω,

1817 470 1994 524 ciam:
2031 469 2124 524 sed
2158 482 2372 538 semper
2413 481 2610 537 sequar
2636 466 2828 536 legem,
2871 473 2925 520 et
2957 465 3097 520 illius
3126 477 3401 536 praecepta

161 560 248 616 ἀλλ’
275 559 358 613 ἀεὶ
391 559 470 628 τῷ
495 560 647 628 νόμῳ
679 561 774 614 καὶ
799 564 921 625 ταῖς
953 563 1194 625 ἐντολαῖς
1234 564 1443 616 ἐκείνου
1478 562 1574 615 καὶ
1600 563 1711 626 τοῖς

162 652 430 722 Θιλήμασιν
449 651 706 704 ἕπεσθαι.
740 648 872 709 Εἶτα
900 654 995 706 καὶ
1018 653 1170 724 ἠξίου
1199 654 1343 724 μάλα
1369 655 1588 723 Οερμῶς
1617 654 1711 707 τοῦ

164 743 220 812 μὶ)
269 740 508 808 συνεχῶς
543 743 722 793 ἐκεῖσε
761 743 1192 812 ἀφικνουμένους
1219 741 1318 810 τὴν
1370 741 1712 811 ποθουμένην

162 833 358 904 ἡσυχίαν
391 833 784 901 ἐπιταράττειν
819 836 913 886 καὶ
933 834 1124 904 ῶσπερ
1156 833 1405 904 ὲμποδων
1429 831 1577 900 αὐτῷ
1615 834 1713 911 τῆς

159 927 234 980 ἰπὶ
262 925 324 977 τὰ
365 924 606 992 κρείττω
631 925 882 992 γίνεσθαι
932 926 1242 995 προκοπῆς.
1298 923 1485 978 Ταῦτα
1516 926 1710 978 ἐκεῖνοι

164 1019 242 1088 μὶν
264 1015 600 1078 ἀκούσαντες
635 1017 730 1068 καὶ
779 1016 999 1080 ίδόντες,
1041 1018 1375 1086 ἀνέστρεφον
1399 1033 1411 1046 °
1468 1019 1496 1069 6
1527 1015 1582 1068 δὲ
1614 1015 1712 1085 τὴν

157 1107 231 1163 τοῦ
275 1108 524 1161 οίκίσκου
583 1110 788 1162 εἴσοδον
840 1111 1168 1179 ἀποφράξας
1218 1111 1312 1163 καί
1344 1128 1462 1162 τινα
1517 1110 1712 1181 θυρίδα

160 1199 392 1268 βραχεῖαν
440 1200 780 1263 καταλιπὼν,
831 1201 900 1253 δι’
957 1197 1026 1272 ἧς
1083 1200 1148 1254 ἂν
1178 1201 1342 1270 ἀρτος
1373 1203 1522 1273 αὐτῷ
1553 1203 1714 1270 μόνον

158 1291 234 1342 καὶ
267 1289 408 1358 ὕδωρ
445 1293 764 1360 παρέχοιτο,
801 1293 932 1361 εὐχῇ
968 1293 1061 1344 τοῦ
1104 1293 1294 1344 λοιποῦ
1346 1293 1441 1345 καὶ
1488 1295 1713 1364 νηστείᾳ

159 1383 475 1451 προσέκειτο.
555 1384 644 1436 Ἐν
688 1386 899 1448 τούτοις
958 1385 1014 1437 δὲ
1069 1385 1219 1447 ὄντος
1261 1383 1582 1452 Ἀϐραμίου,
1615 1384 1710 1435 καὶ

157 1476 350 1542 ἀγωγὴν
403 1475 663 1544 τοιαύτην
694 1477 983 1545 φιλόσοφον
1016 1477 1316 1545 μετιόντος,
1367 1477 1534 1533 πολὺς
1567 1493 1708 1526 παν-

157 1567 296 1636 ταχοῦ
321 1567 486 1633 λόγος
520 1569 712 1634 ἐφοίτα
745 1571 870 1637 περὶ
895 1568 1061 1621 αὑτοῦ
1096 1570 1191 1621 καὶ
1226 1567 1362 1620 πολύ
1402 1585 1455 1619 τι
1509 1566 1708 1636 πλῆθος

155 1659 430 1727 ἀνθρώπων
475 1661 569 1711 ἐπὶ
632 1661 729 1730 τὴν
787 1660 997 1713 ἐκείνου
1030 1661 1158 1714 Θέαν
1213 1662 1483 1730 συνέρρει,
1528 1663 1710 1728 τυχεῖν

155 1768 274 1812 τινος
297 1751 429 1820 παρ’
457 1753 670 1804 ἐκείνου
702 1753 797 1821 τῆς
828 1753 1083 1820 εὐλογίας
1138 1752 1453 1813 ποθοῦντες.
1489 1754 1710 1822 Δεκάτῳ

1820 575 1874 618 et
1903 565 2261 616 voluntatem.
2293 561 2497 616 Deinde
2567 559 2728 615 etiam
2763 558 3112 613 vehementer
3165 561 3395 628 rogavit,

1821 671 1887 710 ne
1918 656 2043 709 illuc
2071 655 2282 709 assidue
2305 654 2606 713 venientes.
2630 666 2786 705 suum
2807 650 3170 705 desideratum
3202 651 3395 704 obtur—

1821 748 2011 801 barent
2043 748 2345 811 silentium,
2377 756 2426 798 et
2456 745 2781 816 impedirem
2813 742 3112 813 profectum
3171 742 3289 811 ejus
3327 743 3393 795 ad

1820 839 2067 892 meliora.
2091 837 2166 891 Illi
2193 837 2409 908 quidem
2426 852 2546 891 cum
2567 837 2679 890 haec
2701 835 2998 890 audiisseut
3019 841 3074 887 et
3104 833 3389 896 vidissem,

1821 939 1945 984 sunt
1982 930 2206 984 reversi.
2233 929 2324 982 Ille
2356 942 2484 982 vero
2543 928 2823 980 obstructo
2857 925 3001 978 aditu
3037 921 3394 983 domuncula,

1819 1029 1873 1073 et
1911 1019 2092 1073 relicta
2127 1034 2291 1088 parva
2327 1018 2558 1086 quadam
2593 1017 2852 1078 fenestra,
2893 1029 2990 1083 per
3024 1027 3183 1081 quam
3240 1010 3395 1079 panis

1819 1109 1989 1161 solum
2017 1115 2070 1163 et
2099 1124 2234 1174 aqua
2273 1108 2317 1160 ei
2348 1104 2827 1176 praebe-retunso“
2857 1103 2921 1156 de
2950 1112 3146 1159 caetero
3164 1100 3396 1156 orationi

1820 1202 2050 1258 vacabat
2079 1199 2374 1268 etjejunio.
2425 1198 2558 1252 Cum
2594 1200 2644 1251 in
2681 1197 2764 1251 his
2791 1207 2968 1251 autem
3026 1205 3171 1248 esset
3224 1193 3401 1248 Abra-

1821 1294 1982 1357 mius,
2017 1301 2070 1345 et
2105 1291 2242 1344 hanc
2276 1290 2704 1360 philosophicatn
2739 1299 3020 1343 exerceret
3058 1286 3270 1343 vivendi
3315 1301 3401 1338 ra-

1822 1383 2044 1446 tionem,
2074 1382 2139 1435 de
2165 1397 2229 1435 eo
2262 1384 2617 1452 Spargebatur
2642 1379 2782 1434 fama
2815 1380 2869 1434 in
2895 1394 3086 1434 omnes
3121 1389 3318 1446 partes,
3347 1387 3405 1429 et

1819 1490 2006 1542 magna
2033 1476 2312 1528 hominum
2339 1475 2627 1526 multitudo
2660 1473 2970 1526 conﬂuebat
3012 1473 3078 1524 ad
3111 1471 3256 1524 illum
3275 1483 3398 1534 spe-

1817 1566 2095 1628 ctandum,
2136 1566 2450 1618 desiderans
2487 1564 2668 1617 abillo
2702 1564 2938 1632 aliquam
2993 1561 3251 1630 consequi
3303 1563 3396 1612 bc-

1820 1655 2202 1711 uedictiouem.
2243 1657 2457 1711 Decimo
2485 1665 2664 1708 autem
2710 1669 2851 1707 anno
2887 1657 3173 1724 postquam
3222 1666 3399 1706 seces-

1820 1751 1998 1813 sisset,
2035 1747 2300 1801 decedunt
2348 1749 2562 1815 quidem
2617 1747 2733 1816 ejus
2795 1755 3090 1814 parentes:
3145 1742 3213 1796 ad
3276 1757 3399 1796 eum

153 1841 199 1893 δι
243 1844 370 1909 μετὰ
411 1844 509 1911 τὴν
538 1842 888 1911 ἀναχώρησιν
914 1843 1028 1895 ἔτει
1055 1843 1351 1894 τελευτῶσι
1383 1843 1482 1910 μὲν
1509 1845 1558 1895 οἱ
1585 1843 1712 1896 τού-

1817 1849 1999 1893 autem
2028 1840 2344 1898 deferuntur
2371 1839 2581 1894 illorum
2609 1837 2832 1902 divitiae,
2860 1843 2916 1888 et
2941 1834 3182 1887 omnium
3216 1842 3401 1903 pater—

153 1947 232 1983 του
256 1933 426 1997 γονεῖς
454 1947 467 1960 ο
501 1931 679 1982 ὁδεύει
709 1931 764 1982 δὲ
795 1933 930 2000 πρὸς
963 1933 1127 1984 αὐτὸν
1162 1935 1188 1984 6
1212 1932 1438 1984 ἐκείνων
1480 1932 1714 1992 πλοῦτος

153 2021 230 2072 καὶ
258 2020 593 2090 κληρονόμος
628 2022 847 2092 ἀπάσης
877 2023 976 2090 τῆς
1011 2024 1286 2093 πατρικῆς
1336 2024 1525 2086 οὐσίας
1580 2023 1716 2075 καθ-

155 2111 346 2163 ίσταται
400 2112 429 2162 6
475 2111 799 2180 Ἀϐράμιος.
847 2113 906 2167 '0
959 2113 1014 2168 δὲ
1061 2115 1229 2168 πάλαι
1259 2117 1379 2177 ταῖς
1429 2114 1714 2178 τοιαύταις

155 2199 374 2269 φροντίσι
437 2202 656 2271 χαίρειν
689 2203 882 2265 εἰπὼν,
915 2206 1021 2256 τινὶ
1056 2205 1163 2257 τῶν
1213 2205 1378 2258 αὑτοῦ
1413 2205 1582 2274 φίλων
1618 2207 1716 2277 τὴν

151 2287 228 2340 τοῦ
255 2289 493 2342 τοιούτου
526 2292 732 2361 κλήρου
765 2291 1013 2344 πιστεύει
1041 2293 1326 2361 πρόνοιαν,
1363 2295 1714 2361 ἀναλωθῆναι

151 2380 202 2431 τὸ
226 2379 393 2432 πλεῖον
435 2381 608 2434 αὑτοῦ
642 2383 808 2450 μέρος
843 2384 921 2442 εἰς
951 2381 1150 2444 ἐνδεεῖς
1183 2383 1495 2452 ἐπισκήψας
1519 2401 1530 2413 ·
1561 2380 1620 2438 οὗ
1651 2386 1713 2454 δὴ

151 2472 272 2523 κατά
298 2472 388 2532 τὰς
423 2472 640 2523 ἐκείνου
675 2472 896 2534 ἐντολὰς
920 2475 1216 2543 γενομένου
1244 2477 1337 2526 καὶ
1368 2475 1463 2528 τοῦ
1486 2475 1716 2532 πλούτου

151 2561 309 2624 καλῶς
338 2562 494 2632 αὐτῷ
527 2562 860 2625 κενωθέντος
898 2565 993 2617 καὶ
1043 2564 1152 2616 τῶν
1190 2568 1444 2634 πενήτων
1504 2569 1719 2632 πολλοῖς

148 2655 561 2724 ἐπαρκέσαντος,
600 2657 882 2723 φροντίδος
918 2658 1219 2711 ἀπολέλυτο
1251 2660 1432 2728 πάσης
1468 2663 1494 2714 6
1518 2662 1716 2730 Ἀϐράο

151 2760 284 2810 μιος’
322 2747 443 2798 ἐπεὶ
486 2747 764 2798 καὶτοῦτο
792 2749 1016 2819 φροιτὶς
1073 2749 1272 2818 ἐκείνῳ
1309 2751 1510 2820 μᾶλλον
1538 2752 1719 2818 διηνε-

147 2835 254 2900 κὴς,
280 2836 426 2898 ὅπως
462 2836 529 2888 ἂν
559 2837 750 2906 μηδενὶ
773 2840 873 2905 τὴν
903 2838 1080 2906 ψυχὴν
1103 2839 1211 2891 τῶν
1240 2841 1512 2908 βιωτικῶν
1543 2858 1600 2894 τε
1626 2843 1723 2896 καὶ

1808 1947 2002 1985 narum
2038 1931 2352 1984 facultatum
2385 1931 2438 1984 ﬁt
2483 1931 2659 1986 ltmres
2725 1929 3037 1983 Abramius.
3093 1926 3187 1983 Ille
3243 1940 3396 1990 vero,

1808 2039 1930 2076 cum
1957 2025 2065 2090 jam
2097 2022 2225 2075 olim
2255 2023 2388 2076 tales
2413 2037 2571 2075 curas
2622 2021 2870 2090 jussisset
2923 2019 3122 2074 valere.
3182 2019 3396 2072 cuidam

1811 2132 1876 2169 ex
1912 2116 2025 2170 suis
2070 2116 2262 2170 amicis
2292 2115 2610 2178 committit,
2643 2124 2904 2168 utcuram
2926 2122 3080 2184 gerat
3111 2110 3402 2165 bmredita-

1815 2209 1907 2270 tis,
1937 2211 2219 2270 inundans,
2257 2218 2311 2260 ut
2340 2224 2466 2277 pars
2516 2207 2633 2275 ejus
2664 2207 2897 2260 maxima
2965 2213 3318 2259 consumatur
3348 2202 3401 2256 in

1811 2316 2032 2367 egenos.
2068 2301 2220 2366 Quod
2255 2302 2472 2370 quidem
2497 2316 2618 2353 cum
2655 2299 2863 2352 factum
2902 2298 3110 2360 fuisset,
3147 2299 3402 2363 utjusse-

1814 2401 1920 2453 rat,
1952 2401 2009 2443 et
2052 2393 2272 2456 pulchre
2333 2391 2568 2458 profusa:
2633 2388 3006 2457 fuissentejus
3068 2387 3288 2452 divitia,
3347 2395 3404 2438 et

1814 2494 1969 2543 opem
2006 2481 2220 2536 tulisset
2245 2482 2426 2533 multis
2459 2483 2802 2551 pauperibus,
2843 2481 3050 2534 solutus
3086 2479 3235 2533 omni
3269 2495 3400 2531 cura

1814 2572 1921 2631 fuit
1936 2573 2246 2628 Abramius.
2269 2570 2471 2625 Namin
2495 2573 2594 2624 hoc
2623 2572 2710 2625 ille
2750 2581 3010 2640 perpetuo
3034 2572 3400 2631 incumbebat,

1819 2674 1878 2718 ut
1897 2665 2016 2734 ejus
2045 2665 2257 2719 animus
2304 2675 2662 2732 occuparetur
2700 2665 2750 2717 iu
2781 2664 2926 2716 nulla
2959 2678 3019 2717 re
3046 2663 3314 2716 mundana
3344 2671 3404 2716 et

1821 2766 2062 2820 terrena.
2089 2759 2180 2811 sed
2205 2772 2326 2811 eum
2355 2766 2527 2810 totum
2551 2759 2770 2810 haberet
2794 2756 2860 2810 ad
2880 2757 3072 2810 ctelutn
3093 2766 3397 2822 extensum,

1820 2860 2144 2913 semperque
2167 2846 2335 2898 levem
2363 2855 2417 2898 et
2465 2845 2749 2898 sublimem
2784 2846 2848 2898 ad
2903 2845 3188 2914 spiritalia.

148 2926 329 2992 γηίνων
386 2928 777 2995 ἀπολειφθείη,
837 2929 975 2980 ἀλλα
1008 2931 1190 2982 πᾶσαν
1221 2933 1391 3002 αὐτὴν
1419 2933 1528 3002 ἔχοι
1568 2935 1702 3002 πρὸς
1749 2936 1838 2989 τὸν
1861 2938 2087 3014 οὐρανὸν
2123 2938 2431 3012 τεταμένην
2483 2938 2577 2991 καὶ
2613 2939 2819 3008 κουφὴν
2848 2937 2936 2996 ἀεὶ
2976 2940 3110 3006 πρὸς
3142 2940 3209 2989 τὰ
3241 2955 3402 2989 πνευ-

147 3016 336 3080 ματικά
368 3017 465 3071 καὶ
505 3018 806 3088 μετέωρον.

208 3109 576 3180 (ἶόΠοθὴσας
628 3110 807 3165 τοίνυν
873 3112 948 3177 ὼς
995 3114 1322 3185 τιμιώτατον
1376 3118 1562 3186 κτῆμα
1613 3120 1710 3186 τὴν
1742 3132 1781 3187 c

143 3202 414 3270 ἀκτησίαν,
447 3202 606 3256 οὐδὲν
636 3204 825 3275 ἕτερον
875 3205 1020 3275 ἔχειν
1050 3209 1312 3278 ἠνέσχετο
1338 3250 1350 3273 ,
1385 3210 1526 3279 πλὴν
1558 3212 1715 3281 μόνον

143 3291 234 3341 τῶν
267 3292 591 3358 ἀναγκαίως
622 3295 854 3363 ἐχόντων
883 3297 960 3364 τῷ
988 3296 1229 3366 σώματι,
1272 3299 1339 3350 τα
1388 3300 1443 3351 δὲ
1476 3297 1543 3367 ἦν
1577 3302 1717 3354 παλ-

142 3382 239 3434 )ιον
272 3383 361 3435 καὶ
393 3383 569 3451 ῥάκος
598 3400 649 3434 τι
678 3383 940 3451 τρίχινον,
973 3383 1008 3436 δ.
1041 3385 1374 3455 περιέκειτο,
1403 3387 1620 3454 ψιάϐιὸν
1656 3406 1715 3440 τε

142 3473 261 3542 πρὸς
288 3475 630 3543 κατάκλησιν
654 3473 921 3550 βραχεῖαν
974 3475 1070 3529 τοῦ
1110 3477 1363 3547 σώματος
1395 3481 1490 3532 καὶ
1545 3483 1722 3551 ποτή-

140 3582 260 3630 ριον,
403 3565 503 3616 τοῦ
559 3566 983 3637 μεμετρημένου
1030 3568 1243 3622 ἐκείνου
1304 3571 1718 3640 μετελάμϐανεν

141 3655 344 3718 ἰδατος’
410 3655 534 3712 ἀλλ’
593 3658 704 3726 ὅσῳ
759 3658 867 3710 τῶν
917 3659 1046 3728 περὶ
1099 3661 1160 3712 τὸ
1205 3662 1366 3732 σῶμα
1395 3663 1716 3733 ἐπιτηδείων

138 3744 336 3812 ἠπόρει,
390 3745 644 3815 τοσούτῳ
695 3750 809 3810 τοῖς
835 3748 933 3818 τῆς
966 3749 1146 3820 ψυχῆς
1179 3753 1363 3815 καλοῖς
1399 3753 1589 3805 ἔϐαλλε
1621 3755 1716 3805 καὶ

137 3840 295 3912 ἐκόμα
330 3843 736 3912 ἑκλὰμπουσαν
767 3845 854 3896 ἀεὶ
884 3844 978 3896 τοῦ
1011 3845 1137 3914 περὶ
1182 3846 1345 3897 αὐτὸν
1380 3846 1582 3897 κύκλου
1609 3845 1715 3896 τῶν

136 3932 352 4004 ἀρετῶν,
411 3937 518 4006 τὴν
549 3935 883 3990 ταπείνωσιν
918 3934 1058 4006 ἔχων
1091 3937 1185 3990 καὶ
1231 3937 1332 4008 τὴν
1364 3939 1610 4007 ἀγάπην,
1649 3937 1716 3999 ἃς

134 4023 190 4092 δὴ
218 4028 306 4078 καὶ
332 4029 589 4096 μητέρας
617 4027 828 4095 ἀγαθοῦ
864 4028 1068 4090 παντὸς
1088 4024 1364 4098 ὁρίζονται
1385 4025 1545 4084 εἶναι.
1616 4029 1715 4080 Εν-

132 4115 306 4171 τεῦθον
334 4119 617 4190 ὁμότιμον
647 4119 746 4187 μὲν
776 4118 875 4187 τὴν
907 4118 1130 4188 ἀγάπην
1163 4122 1318 4186 κοινῇ
1350 4121 1485 4190 πρὸς
1535 4120 1714 4172 ᾶπαν-

133 4223 219 4270 τας
251 4209 637 4272 ἐπεδείκνυτο,
692 4209 792 4279 τὴν
835 4209 893 4263 δὲ
930 4207 1024 4261 τοῦ
1055 4208 1283 4278 πλησίον
1314 4210 1401 4264 ἀεὶ
1438 4211 1716 4281 σωτηρίαν

131 4300 219 4368 τῆς
261 4302 459 4356 ἑαυτοῦ
523 4302 829 4372 προετίθει.
879 4302 961 4354 Τὰ
1001 4302 1058 4354 δὲ
1108 4303 1215 4354 τῶν
1275 4303 1439 4355 αὐτοῦ
1493 4303 1716 4371 γαλεῶν

133 4396 566 4472 ἐκπορευόμενα,
628 4395 788 4457 ποίας
822 4395 918 4462 οὐχ
960 4394 1123 4445 ίκανά
1175 4394 1355 4463 ψυχὰς
1384 4395 1714 4460 καταθέλξαι

1894 3124 1980 3177 \‘l.
2016 3125 2148 3180 Cum
2177 3139 2305 3193 ergo
2345 3133 2600 3192 tanquam
2637 3124 3032 3189 possessionem
3067 3120 3403 3191 pretiosissi-

1820 3230 1959 3269 mam
2011 3216 2372 3270 desiderasset
2405 3218 2477 3268 nil
2512 3216 2808 3284 possidere,
2840 3215 2970 3266 nihil
3004 3214 3151 3268 aliud
3207 3213 3403 3268 habere

1820 3308 2100 3370 sustinuit,
2138 3319 2330 3379 prieter
2359 3321 2420 3362 ea
2446 3307 2582 3372 sola,
2608 3320 2727 3373 quae
2751 3315 2882 3362 sunt
2910 3306 3126 3374 corpori
3151 3320 3405 3364 necessa-

1819 3401 1920 3458 ria.
1941 3399 2013 3453 Ea
2040 3411 2219 3455 autem
2252 3411 2428 3465 erant,
2449 3400 2665 3468 pallium
2685 3407 2740 3452 et
2766 3399 3032 3464 cilicium,
3057 3398 3253 3470 quibus
3281 3407 3402 3456 erat

1820 3492 2064 3555 indutus,
2092 3501 2145 3544 et
2176 3501 2357 3546 storea
2383 3491 2451 3547 ad
2491 3492 2708 3544 brevem
2768 3490 3013 3559 corporis
3064 3490 3400 3554 accubitum,

1820 3591 1876 3636 et
1899 3581 2172 3649 poculum,
2201 3597 2310 3651 quo
2334 3581 2598 3636 modicam
2631 3583 2880 3637 sumebat
2913 3595 3128 3651 aquam.
3159 3571 3268 3640 sed
3295 3597 3403 3652 quo

1824 3674 1995 3742 magis
2014 3674 2447 3748 egebatiis,'qute
2479 3675 2825 3742 pertinebant
2857 3673 2921 3726 ad
2946 3689 3101 3727 usum
3135 3675 3401 3744 corporis.

1823 3776 1885 3818 eo
1915 3765 2085 3834 magis
2111 3765 2420 3818 abundabat
2449 3764 2604 3818 bonis
2636 3762 2849 3826 animat,
2876 3762 2925 3814 in
2960 3763 3090 3816 orbe
3116 3763 3402 3825 virtutum,

1821 3848 1913 3917 qui
1935 3863 2056 3902 eum
2089 3851 2482 3913 circumdabat,
2513 3865 2726 3917 semper
2761 3850 3188 3919 resplendentem
3221 3852 3402 3906 humi-

1821 3938 2024 3993 litatem
2115 3939 2340 4003 habens,
2413 3949 2468 3994 et
2528 3941 2877 4007 charitatem,
2930 3958 3066 4012 quas
3113 3945 3404 4014 cujuslibet

1821 4027 1944 4082 boni
1981 4039 2182 4084 matres
2202 4044 2324 4085 esse
2348 4031 2702 4086 deﬁniuntur.
2727 4031 2862 4085 Hinc
2881 4034 3146 4102 aequalem
3183 4035 3401 4102 quidem

1821 4120 2184 4170 communiter
2214 4119 2266 4169 in
2301 4133 2490 4171 omnes
2525 4119 2845 4172 ostendebat
2879 4121 3222 4175 charitatem.
3254 4124 3402 4178 Pro-

1821 4208 1948 4261 ximi
1976 4218 2159 4263 autem
2185 4208 2417 4264 salutem
2449 4224 2663 4280 semper
2700 4226 2811 4266 suae
2870 4213 3236 4282 praeponebat.
3270 4215 3402 4284 Qua:

1822 4314 1948 4355 vero
1978 4318 2042 4357 ex
2076 4301 2379 4367 ejuslabris
2409 4306 2796 4374 procedebant,
2823 4320 2986 4376 quam
3015 4321 3119 4361 non
3150 4317 3402 4375 poterant

1821 4391 2056 4444 animam
2088 4377 2414 4454 demulcere,
2441 4403 2495 4447 et
2525 4395 2801 4450 attrahere
2837 4395 2902 4446 ad
2933 4397 3227 4450 virtutem?
3259 4395 3394 4450 Nam

132 4488 212 4540 καὶ
263 4485 586 4557 ὑφελκύσαι
661 4487 758 4540 καλ⁸
810 4487 949 4557 πρὸς
1008 4486 1213 4557 ἀρετὴν
1263 4485 1711 4552 ὲπισπάσασϐαις

1823 4484 1975 4536 valde
2010 4485 2229 4554 quidem
2261 4487 2418 4540 docte
2469 4485 2862 4539 adhortabatur
2892 4503 2908 4542 :
2966 4488 3401 4557 reprehendebat

140 4578 432 4648 Ἐπήνειμα
489 4580 606 4648 γὰρ
649 4579 744 4632 καὶ
788 4579 911 4631 λίαν
963 4577 1353 4640 παιδευτικῶς,
1389 4580 1626 4649 ἐπετίμα
1655 4579 1712 4630 δὲ

130 4671 396 4739 πατρικῶς
428 4686 489 4723 τε
514 4673 617 4723 καὶ
651 4670 1025 4739 φιλοστόργως
1048 4685 1059 4697 ·
1091 4669 1126 4737 ἦ
1175 4685 1235 4720 τε
1266 4668 1514 4740 πραότης
1561 4668 1713 4740 αὐτῷ

129 4762 390 4832 πανταχοῦ
424 4766 528 4815 καὶ
559 4764 594 4830 ὴ
621 4762 782 4830 χάρις
810 4759 1058 4828 ἐπήνθει,
1093 4759 1194 4827 τὴν
1229 4758 1377 4814 ἔνδον
1413 4761 1510 4829 τῆς
1533 4760 1711 4830 ψυχῆς

129 4853 451 4907 κατάστασιν
481 4850 742 4921 ἀκριϐῶς
791 4850 1198 4918 διαφαίνονται.
1231 4849 1547 4919 Θαυμάσειε
1576 4851 1621 4902 δ’
1645 4849 1711 4903 ἄν

125 4960 198 5005 τις
258 4945 489 5009 εἰκότως
539 4944 641 4998 καὶ
675 4943 734 4996 τὺ
792 4945 930 5011 πρὸς
975 4945 1104 5004 τοὺς
1134 4942 1352 5010 ἀγῶνας
1392 4942 1488 4996 τοῦ
1520 4943 1712 5013 ἀνδρὸς

127 5038 446 5106 καρτερικόν
479 5053 543 5089 τε
581 5037 678 5091 καὶ
705 5035 954 5086 σύντονον
982 5051 995 5063 °
1029 5037 1403 5102 πεντηκοστὸν
1454 5035 1561 5105 γὰρ
1591 5035 1710 5096 ἔτος

126 5126 176 5176 ἰν
208 5129 436 5198 ἀσκήσει
464 5127 817 5190 διατελέσας,
867 5127 1126 5180 οὐδέποτε
1179 5127 1427 5196 μαλακὸν
1460 5129 1538 5189 εἰς
1587 5128 1712 5196 τοὺς

127 5218 308 5283 πόνους
339 5221 463 5274 οὐδὲ
502 5219 758 5292 ῥᾴθυμον
784 5218 1007 5287 ἔϐλεψεν
1041 5217 1162 5270 οὐδὲ
1197 5217 1483 5288 καθυφῆκέ
1521 5235 1573 5273 τι
1617 5216 1712 5270 τοῦ

126 5312 568 5383 παραδεδομένου
638 5312 738 5379 τὴν
790 5312 965 5382 ἀρχὴν
1011 5311 1164 5380 αὑτῴ
1230 5310 1328 5380 τῆς
1388 5309 1710 5380 ἐγκρατείας

126 5401 363 5466 κανόνος·
422 5402 548 5458 ἀλλ’
623 5399 816 5472 ῶσπερ
873 5402 998 5470 ἄρτι
1054 5400 1441 5470 πνευματικῶν
1474 5399 1711 5468 ἱδρώτων

127 5494 438 5562 ἁπτόμενος,
467 5495 652 5553 οὕτως
674 5488 743 5562 ἦν
772 5494 892 5545 καθ’
922 5493 1164 5560 ἑκάστην
1186 5495 1320 5560 πρὸς
1348 5491 1561 5556 ιᾇιγῶνας
1593 5493 1711 5544 ὲπι-

125 5584 283 5654 διδοὺς
314 5588 410 5640 καὶ
442 5588 622 5650 αὐτὸς
672 5584 867 5640 ἑαυτὸν
902 5585 1259 5654 ὑπερϐάλλων
1292 5587 1356 5654 τῇ
1413 5585 1707 5655 καρτερίαο

127 5679 213 5733 οὐκ
267 5677 334 5749 ἦν
389 5681 445 5734 δὲ
487 5681 636 5751 πρὸς
696 5679 852 5740 Θεοῦ,
890 5679 1106 5740 παντως
1157 5676 1401 5730 τοιοῦτον
1451 5677 1578 5730 ὄντα
1618 5681 1710 5731 καί

129 5767 282 5837 οὕτως
343 5768 432 5827 οἷα
505 5772 670 5824 πόλιν
704 5771 983 5841 περιφανῆ
1039 5774 1128 5822 καὶ
1159 5770 1424 5848 λαμπρὰν
1458 5770 1706 5840 καθάπερ

1814 4584 1991 4628 autem
2020 4586 2240 4645 paterno
2258 4586 2314 4628 et
2336 4586 2581 4630 amanter
2608 4595 2621 4630 :
2655 4579 3120 4646 mansuetudoque
3145 4589 3198 4632 et
3225 4581 3400 4648 gratia

1816 4669 2051 4736 undique
2081 4661 2132 4719 iri
2158 4681 2221 4720 eo
2255 4665 2500 4729 ﬂorebat,
2555 4668 2824 4723 internam
2858 4669 3020 4720 auitni
3050 4654 3400 4724 constituun-

1817 4773 1940 4812 nem
1971 4757 2210 4826 perfecte
2251 4759 2517 4827 aperiens.
2557 4755 2752 4813 Merito
2808 4769 2986 4813 autem
3039 4758 3401 4814 admirabitur

1815 4851 2082 4921 quispiam
2118 4851 2236 4917 ejus
2258 4849 2313 4903 in
2343 4851 2733 4906 certaminibus
2765 4849 3156 4914 fortitudinem,
3185 4862 3236 4904 et
3263 4867 3395 4907 con-

1815 4943 2094 4997 stantiam.
2121 4940 2255 4995 Nam
2287 4957 2410 4996 cum
2449 4951 2572 4998 ante
2623 4951 2850 4994 mortem
2899 4943 3189 4997 continuos
3240 4945 3399 5012 quin-

1815 5037 2069 5108 quaginta
2100 5048 2273 5089 annos
2305 5036 2631 5105 transegerit
2691 5036 2742 5088 in
2789 5036 3208 5115 exercitatione,
3260 5051 3398 5091 nun-

1815 5144 1977 5199 quam
2009 5128 2243 5182 molliter
2280 5137 2371 5182 aut
2405 5127 2642 5197 segniter
2695 5143 2984 5198 aggressus
3018 5139 3099 5184 est
3159 5129 3395 5196 labores,

1814 5236 1994 5290 neque
2029 5220 2322 5291 quidquam
2353 5216 2561 5274 remisit
2596 5219 2662 5277 de
2690 5219 2738 5275 ei
2791 5219 2859 5274 ab
2891 5219 3048 5276 initio
3083 5220 3276 5277 tradita
3305 5236 3397 5277 te-

1815 5315 1935 5382 gula
1963 5313 2304 5365 abstinentim
2335 5329 2347 5365 :
2378 5313 2471 5366 setl
2499 5313 2720 5380 periutle
2755 5326 2818 5368 ac
2851 5314 2896 5369 si
2935 5313 3212 5380 spiritales
3246 5313 3388 5371 labo-

1819 5418 1906 5455 res
1936 5417 2128 5457 recens
2161 5403 2479 5470 attingeret,
2506 5403 2576 5456 ita
2612 5405 2676 5456 ad
2734 5405 3035 5466 certamina
3102 5409 3396 5463 accedebat

1817 5493 2074 5563 quotidie,
2101 5494 2337 5562 seipsum
2375 5496 2427 5548 in
2467 5496 2580 5550 dies
2609 5511 2894 5564 superans.
2924 5495 3038 5552 Non
3072 5507 3190 5553 erat
3211 5507 3391 5555 autem

1817 5586 2152 5649 Deiomnino
2186 5587 2521 5657 permittere,
2557 5597 2615 5642 ut
2655 5589 2775 5643 talis
2804 5589 2890 5643 lux
2931 5591 3031 5644 sub
3057 5590 3236 5645 modio
3267 5593 3398 5646 late-

1818 5691 1935 5747 ret;
1989 5693 2162 5748 neque
2195 5679 2308 5734 ﬁeri
2344 5691 2575 5751 p0terat,
2607 5691 2666 5735 ut
2701 5683 2790 5754 qui
2825 5695 2946 5738 erat
2981 5685 3287 5749 huiusmodi
3346 5695 3401 5736 et

1817 5770 2042 5838 perinde
2070 5786 2134 5824 ac
2169 5771 2311 5828 clara
2343 5773 2588 5841 quaedam
2615 5782 2666 5829 et
2699 5775 2924 5831 illustris
2981 5776 3196 5841 civitas,
3250 5777 3397 5834 velut
