4208 6300
798 345 867 406 51
2069 347 2356 404 MENSIS

2398 344 2764 408 manus.
3981 347 4045 414 52

793 457 845 513 in
870 464 1103 529 quodam
1129 470 1308 515 monte
1339 476 1518 515 rerum
1549 460 1905 513 maximarum
1934 468 1987 513 ct
2011 460 2373 529 pulcherrime

2398 458 2446 515 Α
2476 459 2567 510 ἐπί
2596 463 2737 524 τινος
2768 462 2926 533 ὅρους
2960 464 3065 514 τῶν
3086 464 3357 531 μεγίστων
3383 462 3826 535 κατορθωμάτων
3855 466 4038 533 κείμε-

794 558 1084 622 gestarum,
1115 554 1321 621 positus
1343 562 1481 617 erat,
1507 553 1949 607 absconderetur.
1982 550 2093 607 Nec
2118 565 2249 620 ergo
2278 552 2375 604 fuit

794 643 1113 699 ahsconsus.
1153 646 1261 700 Sed
1300 644 1567 713 quomodo
1589 660 1754 712 nuper
1777 646 1892 714 ipse
1922 644 2177 699 Dominus
2207 643 2371 697 disci-

792 735 956 801 pulis,
984 738 1053 790 ita
1084 739 1247 792 etiam
1282 751 1426 791 nunc
1457 736 1669 791 illorum
1701 736 1956 790 imitatori
1984 735 2215 803 desuper
2243 748 2373 802 apo-

791 826 1040 881 stolicum
1062 828 1351 883 committit
1373 829 1753 891 ministerium,
1788 838 1840 881 et
1870 828 1984 895 ejus
2013 826 2371 881 honoratvir-

792 926 960 973 tutem
985 920 1278 975 chrismate
1309 921 1622 983 sacerdotii,
1658 929 1710 974 et
1735 918 2023 975 sudoribus
2057 918 2368 976 monasticae

792 1010 1198 1065 exercitationis
1245 1012 1501 1066 athletica
1541 1012 1701 1066 etiam
1726 1011 2018 1064 certamina
2045 1011 2284 1080 adjungit
2313 1018 2369 1063 et

792 1100 1071 1157 laboribus
1105 1102 1448 1157 abstinentia
1471 1114 1668 1172 praeter
1697 1103 2003 1171 opinionem
2028 1113 2083 1156 et
2132 1102 2368 1154 admira-

788 1188 971 1245 biliter
1022 1195 1264 1249 adnectit
1311 1208 1538 1249 coronas
1589 1194 1853 1267 martyrii.
1924 1194 2165 1260 Quonam
2207 1193 2365 1247 modo

792 1290 996 1348 autem,
1027 1285 1282 1357 deinceps
1307 1300 1592 1355 exponam.

870 1369 981 1426 VII.
1013 1373 1316 1443 Lampsaci,
1346 1377 1487 1445 quod
1519 1387 1605 1430 est
1654 1375 1909 1445 oppidum
1942 1376 2006 1428 ad
2042 1374 2360 1445 Hellespon-

794 1472 929 1527 tum,
993 1474 1111 1518 erat
1146 1466 1361 1533 quidam
1397 1482 1621 1536 magnus
1655 1468 1828 1530 vicus,
1860 1476 1916 1520 et
1948 1466 2206 1534 frequens
2266 1482 2361 1535 po-

790 1553 939 1621 pulo,
973 1555 1063 1621 qui
1096 1568 1319 1611 vocatur
1344 1555 1547 1612 Titania.
1587 1557 1851 1622 Quoniam
1886 1569 2063 1612 autem
2095 1558 2183 1628 qui
2217 1560 2267 1611 in
2294 1572 2358 1612 eo

789 1644 913 1699 vico
933 1646 1270 1713 habitabant,
1295 1649 1614 1703 tenebantur
1636 1665 1663 1701 a
1684 1653 1830 1718 gravi
1853 1665 2037 1703 errore
2054 1648 2355 1718 gentilium,

790 1752 985 1806 magna
1011 1739 1224 1808 quidem
1264 1740 1547 1795 multitudo
1598 1742 1942 1797 sacerdotum
1998 1750 2049 1794 et
2105 1741 2359 1794 diacono-

2482 568 2569 603 νον
2597 551 2697 604 ὑπὸ
2736 553 2900 623 μοδίῳ
2926 554 3018 607 καί
3047 552 3198 624 κλίνῃ
3242 552 3635 611 καλύπτεσθαι.
3670 554 3878 607 Οὔκουν
3923 555 4043 607 οὐδὲ

2481 643 2847 695 κεκάλυπταιο
2920 644 3032 696 ἀλλ’
3080 644 3272 716 ὥσπερ
3325 645 3514 716 πρώην
3571 648 3683 709 τοῖς
3748 646 4040 716 μαθηταῖς,

2480 729 2651 795 οὕτως
2686 734 2780 786 καὶ
2810 732 2905 787 νῦν
2954 734 3033 804 τῷ
3066 736 3287 788 ἐκείνων
3331 738 3542 805 μιμητῇ
3573 737 3806 806 Χριστὸς
3839 735 4045 789 ἀνωθεν

2478 821 2840 895 ἀποστολικὴν
2865 826 3160 894 ἐγχειρίζει
3198 826 3478 879 διακονίαν
3510 826 3609 897 τήν
3640 844 3698 879 τε
3729 826 3821 879 τοῦ
3850 825 4044 897 ἀνδρὸς

2476 912 2676 983 ἀρετὴν
2711 916 3008 985 ἱερωσύνης
3039 918 3173 987 τιμᾷ
3223 918 3487 987 χρίσματι
3523 920 3617 969 καὶ
3646 919 3837 979 κόποις
3864 919 4040 987 ἀσκη-

2473 1006 2645 1065 τικοῖς
2682 1006 3006 1074 ἀθλητικοὺς
3040 1008 3266 1069 είκότως
3299 1009 3493 1069 πόνους
3528 1008 3885 1059 ὲπισυνάπτει
3946 1007 4040 1060 καὶ

2476 1094 2761 1160 στεφάνοις
2814 1098 3137 1166 ἐγκρατείας
3176 1100 3476 1167 στεφάνους
3506 1099 3825 1168 παραδόξως
3870 1098 4043 1152 ἐπιτί-

2472 1183 2596 1253 θησι
2636 1189 2975 1256 μαρτυρίας·
3013 1190 3161 1251 ὅπως
3195 1190 3250 1241 δὲ
3304 1191 3410 1261 ἀρα
3448 1191 3539 1243 καὶ
3577 1192 3697 1243 τίνα
3722 1190 3810 1243 τὸν
3833 1192 4041 1262 τρόπον

2470 1278 2537 1329 τὰ
2561 1278 2653 1330 τοῦ
2685 1279 2842 1346 λόγου
2871 1279 3100 1351 δηλώσει
3134 1300 3243 1353 μοι.

2538 1366 2610 1422 Ζ’.
2661 1371 2748 1423 Ἐν
2778 1375 2843 1441 τῇ
2868 1374 3175 1443 Λαμψάκῳ,
3206 1377 3270 1444 τῇ
3299 1375 3431 1446 πρὸς
3456 1374 3844 1445 Ἑλλήσποντον
3874 1375 4036 1446 κώμη

2465 1476 2547 1521 τις
2570 1454 2637 1532 ἦν
2660 1461 2872 1531 μεγάλη
2903 1463 2996 1516 γαὶ
3024 1465 3447 1534 πολυάνθρωπος
3475 1466 3788 1535 καλουμένη
3820 1466 4034 1519 Ταινία·

2464 1550 2587 1602 ἐπεὶ
2616 1551 2672 1603 δὲ
2708 1554 2756 1604 oi
2790 1553 2888 1623 τὴν
2912 1556 3169 1625 τοιαύτην
3198 1556 3393 1627 κώμην
3424 1558 3702 1620 οἰκοῦντες
3734 1560 3799 1628 τῇ
3825 1559 4034 1629 χαλεπῇ

2462 1642 2570 1695 τῶν
2611 1644 2880 1713 Ἑλλήνων
2910 1645 3048 1717 ἦσαν
3079 1650 3261 1719 ἀπάτη
3288 1651 3736 1720 κατειλημμένοι,
3768 1650 3902 1703 πολὺ
3934 1650 4035 1720 μὲν

2466 1732 2725 1787 ἑκάστοτε
2758 1736 2960 1801 πλῆθος
2981 1741 3161 1802 αὐτοῖς
3188 1742 3375 1810 ἱερέων
3403 1742 3495 1793 καὶ
3521 1742 3784 1794 διακόνων
3810 1742 3914 1793 ὑπ’)
3936 1741 4031 1794 τοῦ

793 1843 915 1882 rum
946 1830 1012 1883 ab
1057 1831 1309 1900 episcOpo
1338 1832 1403 1884 ad
1464 1846 1558 1889 eos
1594 1832 1910 1887 mittebatur
1946 1848 1960 1885 :
1992 1831 2203 1901 plurimi
2225 1847 2345 1901 quo

2390 1814 2560 1893 Βτῆς
2594 1828 2901 1899 ἐπισκοπῆς
2955 1834 3296 1899 προεστῶτος
3359 1837 3673 1903 ἐπέμπετο·
3740 1836 3927 1888 πολλοὶ
3975 1836 4033 1889 δὲ

790 1935 897 1989 que
928 1922 1085 1976 exiis
1110 1925 1203 1993 qui
1238 1924 1405 1978 vitam
1444 1934 1800 1993 susceperant
1856 1925 2229 1988 monasticam,
2290 1923 2357 1977 ab

791 2025 857 2064 eo
887 2012 1165 2066 constituti
1194 2020 1352 2068 erant
1381 2014 1482 2068 vici
1516 2014 1783 2081 magistri.
1820 2012 1927 2065 Sed
1960 2026 2119 2067 nemo
2147 2028 2239 2065 eos
2265 2028 2359 2079 po-

791 2111 931 2156 terat
960 2113 1275 2159 convertere
1291 2107 1358 2159 ab
1388 2119 1574 2159 errore
1605 2122 1619 2157 :
1650 2106 1758 2157 imo
1786 2104 1889 2172 piis
1914 2104 2090 2171 potius
2116 2103 2188 2156 illi
2224 2103 2358 2158 infc-

792 2194 1276 2249 rebanttormenla
1327 2203 1381 2249 et
1436 2195 1724 2264 supplicia,
1784 2209 1955 2263 neque
2019 2204 2137 2249 crat
2190 2195 2357 2249 ullum

790 2298 966 2353 preme
990 2299 1177 2355 genus,
1200 2287 1342 2357 quod
1383 2303 1488 2341 non
1520 2286 1832 2341 terribiliter
1862 2288 1940 2341 eis
1967 2286 2354 2343 intentaretur.

791 2374 929 2431 Cum
958 2393 1087 2447 ergo
1111 2378 1386 2432 dubitaret
1440 2377 1724 2448 episcopus
1774 2378 2029 2448 quidnam
2084 2387 2356 2448 oporteret

791 2471 994 2533 facere,
1027 2478 1084 2525 ut
1115 2470 1207 2538 qui
1239 2470 1517 2535 errabant,
1564 2486 1805 2526 errorem
1867 2483 2244 2539 agnoscerent,
2303 2480 2358 2525 et

792 2575 907 2613 rem
940 2560 1224 2630 allquando
1254 2578 1374 2617 cum
1406 2563 1519 2617 suis
1567 2563 2015 2627 communicaret,
2076 2563 2222 2615 venit
2279 2563 2356 2615 eis

792 2652 1009 2704 interim
1046 2653 1096 2706 in
1127 2664 1359 2709 mentem
1383 2654 1673 2709 Abramius
1701 2653 2056 2708 admirabilis.
2078 2654 2211 2706 Tum
2247 2670 2353 2709 non

792 2753 1114 2811 exspectans
1139 2744 1249 2815 ipse
1278 2744 1510 2799 aliorum
1541 2745 1607 2799 de
1629 2760 1694 2800 eo
1724 2745 2047 2810 testimonia,
2072 2746 2150 2799 eis
2170 2746 2354 2799 statim

790 2834 1046 2898 ostendit,
1083 2836 1212 2906 quid
1242 2834 1309 2889 de
1330 2836 1419 2889 illo
1444 2837 1708 2891 essetsibi
1744 2852 2085 2910 persuasum,
2120 2837 2303 2892 dicens
2336 2856 2350 2892 :

792 2923 1011 2980 Credite
1041 2927 1193 2993 mihi,
1218 2928 1334 2994 filii,
1371 2930 1582 2984 dicturo
1616 2940 1753 2985 teste
1802 2933 2052 2994 veritate,
2099 2933 2242 3000 quod
2300 2931 2353 2982 in

792 3020 902 3067 tota
938 3013 1043 3069 [ide
1073 3030 1345 3083 nunquam
1382 3017 1510 3070 mihi
1534 3018 1765 3088 contigit
1786 3019 1964 3073 videre
1998 3020 2155 3072 talem
2179 3019 2353 3071 virum

793 3113 853 3159 et
876 3105 966 3174 qui
996 3105 1046 3159 in
1078 3114 1224 3160 tanta
1251 3106 1448 3161 virtute
1502 3110 1707 3162 viveret
1735 3120 1790 3162 et
1841 3111 2086 3176 pietate.-
2117 3109 2251 3164 Cum
2318 3110 2352 3164 ii

792 3206 997 3261 autem,
1036 3212 1153 3266 quae
1172 3200 1240 3253 ab
1268 3200 1385 3269 ipso
1411 3200 1550 3255 dicta
1587 3202 1822 3269 fuerant,
1851 3218 1955 3257 una
1984 3218 2112 3258 voce
2157 3202 2356 3257 contir-

794 3296 1061 3354 massent,
1094 3290 1208 3363 ipse
1241 3306 1427 3345 rursus
1456 3312 1468 3345 :
1504 3291 1686 3356 Venit,
1722 3295 1919 3362 inquit,
1949 3296 2081 3347 mihi
2117 3296 2167 3347 in
2202 3311 2356 3347 men-

794 3387 901 3430 tem
942 3381 1185 3446 quaedam
1211 3380 1510 3460 cogitatio:
1545 3398 1607 3437 ea
1646 3394 1729 3439 est
1758 3394 1962 3451 autem,
1988 3392 2047 3438 ut
2097 3387 2355 3449 arbitror,

791 3466 1072 3523 divinioris
1101 3470 1377 3539 cujusdam
1402 3474 1771 3541 providentiae,
1796 3489 1917 3528 eum
1948 3475 2158 3528 initiare
2188 3476 2359 3528 chris-

793 3564 938 3611 mate
969 3561 1282 3621 sacerdotii,
1316 3562 1443 3613 etei
1488 3563 1699 3614 tradere
1746 3565 1946 3623 vicum,
2002 3562 2095 3630 qui
2152 3570 2235 3614 est
2291 3560 2354 3612 ad

794 3645 1221 3717 Hellespontum.
1252 3649 1415 3704 Forte
1464 3652 1683 3719 poterit,
1717 3666 1870 3720 opem
1904 3666 2134 3721 superna
2168 3650 2216 3704 ei
2279 3650 2357 3702 l'e-

794 3750 951 3795 rente
983 3741 1192 3812 gratia,
1252 3741 1449 3798 multos
1500 3742 1761 3797 deducere
1786 3742 1852 3796 ad
1886 3743 2214 3813 agnitionem
2265 3754 2357 3795 ve-

790 3838 993 3893 ritatis.
1022 3837 1146 3892 llaec
1188 3838 1343 3904 dixit,
1377 3848 1434 3893 et
1487 3854 1519 3895 e
1586 3829 1844 3894 cathedra
1906 3840 2085 3893 statim
2132 3850 2357 3906 surgens

791 3928 1101 3999 episcopus,
1130 3930 1273 3982 vadit
1300 3930 1369 3981 ad
1396 3928 1708 3982 Abramium
1730 3944 1853 3981 cum
1895 3930 2149 3981 universo
2186 3927 2353 3981 clero.

791 4018 861 4075 Et
885 4018 996 4087 jam
1019 4018 1194 4076 solitis
1220 4018 1381 4073 dictis
1404 4018 1655 4089 precibus
1684 4027 1964 4088 postquam
1985 4032 2106 4072 eum
2132 4016 2183 4071 in
2201 4016 2359 4071 Chri-

791 4117 878 4163 sto
909 4111 1212 4173 salutasset,
1246 4119 1299 4164 et
1314 4110 1554 4165 osculum
1580 4111 1833 4175 dedisset,
1866 4112 1931 4165 de
1980 4110 2097 4165 vico
2162 4110 2212 4163 ei
2262 4124 2357 4163 ex-

792 4199 1164 4267 ponitomnia.
1209 4199 1473 4255 Praeterea
1506 4209 1685 4254 autem
1736 4215 1862 4254 eum
1934 4215 2148 4269 quoque
2202 4200 2358 4253 valde

790 4288 1025 4359 rogavit,
1056 4299 1111 4343 ut
1138 4290 1351 4345 illorum
1365 4288 1661 4359 susciperet
1685 4288 2082 4359 prafecturam.
2116 4287 2207 4345 ille
2229 4304 2355 4344 vero

792 4396 915 4437 cum
950 4384 1180 4450 primum
1234 4383 1448 4452 quidem
1503 4383 1819 4457 episcopum
1882 4381 2165 4438 advenisse
2215 4398 2356 4453 atgre

2458 1916 2564 1969 τῶν
2596 1918 2686 1971 τὸν
2718 1923 2926 1992 μονήρη
2985 1923 3099 1991 βίον
3144 1927 3509 1996 ἀνῃρημένων
3554 1926 3865 1980 διδάσκαλοι
3895 1931 4028 1998 παρ’

2459 2009 2623 2062 αὑτοῦ
2651 2014 2713 2080 τῇ
2743 2011 2904 2084 κώμῃ
2934 2016 3261 2068 καθίσταντο
3282 2033 3293 2045 ’
3329 2018 3534 2068 τούτων
3563 2018 3619 2069 δὲ
3657 2019 3809 2087 ὅμως
3855 2018 4032 2077 οὐδεὶς

2463 2098 2789 2166 μεταϐαλεῖν
2824 2104 3021 2165 αὐτοὺς
3053 2104 3149 2173 τῆς
3178 2106 3392 2175 ἀπάτης
3441 2106 3678 2173 ἠδύνατο
3699 2116 3713 2133 ⁸
3772 2105 3908 2158 ἀλλὰ
3941 2106 4032 2157 καὶ

2460 2189 2683 2259 βάσανοι
2738 2196 2937 2264 μᾶλλον
2996 2198 3139 2251 κατά
3194 2201 3300 2251 τῶν
3340 2200 3579 2253 εὐσεϐῶν
3630 2200 3724 2253 καὶ
3767 2199 4030 2270 τιμωρίαι

2459 2283 2588 2350 παρ’
2621 2283 2842 2337 ἐκείνων
2872 2287 3168 2356 ὴπείληντο
3229 2288 3324 2341 καὶ
3372 2290 3646 2351 κολάσεως
3685 2285 3823 2350 εἶδος
3878 2289 4029 2341 οὐδὲν

2457 2371 2592 2437 ὅλως
2615 2369 2703 2443 ἦν,
2738 2376 2763 2427 ὃ
2797 2378 2871 2445 μὴ
2902 2378 3108 2439 τούτοις
3134 2381 3377 2449 φοϐερῶς
3418 2380 3721 2433 ἐπεσείετο.
3762 2380 4028 2447 Ἀπορου-

2462 2465 2621 2533 μένου
2658 2468 2835 2519 τοίνυν
2861 2468 2953 2521 τοῦ
2992 2473 3086 2539 τῆς
3120 2471 3424 2539 ἐπισκοπῆς
3467 2472 3828 2541 προεστῶτος,
3861 2472 3915 2523 τί
3963 2471 4032 2524 ἂν

2456 2558 2563 2609 δέοι
2596 2562 2766 2610 ποιεῖν
2800 2562 2934 2631 πρὸς
2963 2562 3059 2632 τὴν
3089 2563 3198 2614 τῶν
3241 2564 3675 2633 πεπλανημένων
3706 2567 4028 2631 ἐπίγνωσιν,

2458 2649 2552 2699 καὶ
2590 2648 2782 2719 δήποτε
2812 2651 2869 2701 τὸ
2895 2654 3123 2721 πρᾶγμα
3162 2656 3273 2715 τοῖς
3304 2655 3429 2723 περὶ
3463 2656 3620 2706 αὐτὸν
3651 2656 4029 2722 κοινουμένου,

2460 2742 2647 2811 μνήμη
2709 2760 2790 2804 τις
2846 2743 3227 2811 παρεμπίπτει
3276 2745 3477 2812 μεταξὺ
3543 2746 3635 2795 τοῦ
3710 2745 4030 2813 θαυμαστοῦ

2470 2831 2767 2902 Ἀϐραμίου
2796 2854 2807 2864 ·
2842 2834 3052 2897 καὶτὰς
3084 2836 3235 2906 παρὰ
3264 2836 3371 2889 τῶν
3404 2837 3578 2889 ἄλλων
3625 2836 3785 2899 αὐτὸς
3818 2853 4030 2905 μαρτυ-

2462 2923 2582 2993 ρίας
2616 2924 2715 2976 οὐκ
2745 2925 3063 2993 ἀναμείνας,
3092 2924 3306 2996 πρῶτος
3338 2926 3501 2988 εὐθὺς
3526 2925 3622 2988 τὰς
3654 2925 3862 2987 οίκείας
3900 2926 4030 2995 περὶ

2458 3017 2623 3071 αὑτοῦ
2678 3018 2890 3080 πίστεις
2948 3019 3288 3088 παρέσχετο”
3325 3018 3659 3069 Πιστεύσατὲ
3694 3034 3806 3085 μοι,
3839 3016 4029 3082 τέκνα,

2382 3146 2425 3202 C
2458 3111 2648 3175 εἰπὼν,
2678 3109 2782 3160 ὑπὸ
2816 3110 3053 3177 μάρτυρι
3081 3108 3326 3177 μέλλοντι
3353 3108 3531 3175 λέγειν
3564 3110 3629 3175 τῇ
3672 3107 3921 3176 ἀληθείᾳ,
3955 3107 4029 3169 ώς

2458 3201 2711 3251 οὐδέποτέ
2747 3216 2834 3268 μοι
2866 3199 2951 3251 διὰ
2988 3200 3169 3269 πάσης
3198 3198 3414 3266 ἐγένετο
3466 3198 3561 3265 τῆς
3598 3198 3740 3267 ζωῆς
3787 3199 4031 3251 τοιοῦτον

2458 3290 2626 3359 ἄνδρα
2660 3290 2784 3341 ἰδεῖν
2819 3288 2911 3341 καὶ
2950 3288 3121 3351 οὕτως
3158 3293 3214 3341 ὲν
3244 3292 3414 3359 αρετῇ
3452 3288 3691 3357 τοσαύτῃ
3730 3288 3907 3351 ζῶντα
3938 3292 4030 3341 καὶ

2458 3381 2734 3451 εὑλαῦεία.
2759 3382 2880 3433 Τῶν
2905 3382 2962 3434 δὲ
2985 3383 3052 3434 τά
3074 3384 3206 3450 παρ’
3241 3380 3405 3432 αὐτοῦ
3437 3383 3703 3451 εἰρημένα
3746 3384 3895 3447 φωνῇ
3929 3381 4029 3452 μία

2458 3474 2987 3543 ὲπισφραγισάντων,
3015 3473 3178 3523 πάλιν
3208 3474 3368 3534 αὐτός
3386 3491 3398 3503 ·
3434 3474 3648 3525 Ἔννοιά
3672 3472 3740 3541 μέ
3767 3489 3850 3533 τις
3870 3467 4027 3541 ἦλθε,

2458 3563 2625 3632 φησί⁹
2675 3563 2953 3635 θειοτέρας
2998 3562 3054 3614 δὲ
3079 3556 3231 3632 οἶμαι
3276 3562 3371 3613 καὶ
3424 3562 3680 3628 προνοίας
3747 3560 3884 3631 αὕτη
3932 3563 4028 3616 καὶ

2458 3653 2788 3719 οἰκονομίας,
2827 3651 2904 3719 τῷ
2955 3653 3052 3721 τῆς
3079 3652 3377 3721 ἱερωσύνης
3434 3652 3597 3703 αὑτὸν
3646 3652 3910 3718 χρίσματι
3940 3668 4029 3705 τε·

2458 3741 2679 3794 λειῶσαι
2706 3743 2797 3794 καί
2819 3742 2916 3810 τὴν
2946 3740 3139 3811 κώμην
3164 3741 3310 3809 αὐτῷ
3337 3740 3434 3808 τὴν
3460 3740 3596 3806 πρὸς
3634 3740 4031 3812 Ἑλλήσποντον

2456 3836 2763 3906 ἐγχειρίσαι
2784 3852 2796 3866 ·
2829 3837 2955 3897 ίσως
2982 3834 3291 3903 δυνήσεται,
3326 3832 3727 3904 συναιρομένης
3758 3834 3908 3907 αὐτῷ
3937 3836 4033 3887 καὶ

2455 3930 2552 3995 τῆς
2574 3928 2776 3979 ἀνωθεν
2796 3928 3035 3995 χάριτος,
3072 3928 3151 3988 είς
3190 3927 3485 3993 ἐπίγνωσιν
3506 3926 3603 3994 τῆς
3626 3924 3879 3993 ἀληθείας
3903 3928 4027 3987 τοὺς

2458 4019 2685 4079 πολλοὺς
2708 4016 2995 4085 όδηγῆσαι.
3026 4017 3213 4069 Ταῦτα
3248 4017 3377 4086 ἔφη,
3409 4018 3505 4069 καὶ
3536 4018 3609 4080 ώς
3644 4012 3789 4087 εἶχεν
3814 4016 3973 4079 εὐθὺς
3993 4019 4022 4071 ό

2455 4110 2747 4170 ἐπίσκοπος
2774 4110 2870 4177 τῆς
2901 4108 3171 4178 καθέδρας
3201 4109 3525 4173 ἐξαναστὰς,
3552 4110 3668 4175 ἃμα
3696 4109 3769 4175 τῷ
3822 4110 4017 4179 κλήρῳ

2458 4201 2771 4268 παντὶπρὺς
2802 4200 2891 4250 τον
2926 4200 3198 4267 μακάριον
3235 4198 3423 4250 ἄπεισι
3492 4198 3586 4249 καὶ
3627 4199 3725 4267 τῆς
3756 4199 4025 4269 συνήθους

2456 4291 2620 4360 εὐχῆς
2651 4290 2749 4358 ήδη
2776 4288 3150 4361 γεγενημένης
3183 4289 3321 4357 μετά
3355 4288 3444 4340 τὸν
3479 4290 3537 4342 ὲν
3577 4290 3799 4361 Χριστῷ
3849 4295 4032 4345 iam,

2460 4382 2616 4450 σμὸν,
2634 4381 2853 4449 τάσπερὶ
2874 4379 2972 4448 τῆς
3001 4379 3193 4449 κώμης
3218 4378 3435 4433 ἅπαντα
3461 4379 3595 4450 πρὸς
3615 4380 3777 4435 αὐτὸν
3803 4381 4028 4453 διεξῄειο

794 4474 1029 4535 tulisset,
1054 4483 1110 4527 ut
1133 4475 1224 4545 qui
1254 4484 1471 4542 putaret
1494 4490 1555 4528 se
1583 4490 1704 4530 esse
1748 4476 2046 4545 indignum,
2084 4476 2149 4530 ad
2194 4490 2351 4543 quem

2388 4474 2429 4527 ἰ)
2460 4473 2594 4545 πρὸς
2621 4473 2675 4526 δὲ
2704 4473 2799 4525 καὶ
2824 4471 2974 4541 ἠξίου
3002 4472 3147 4539 μάλα
3172 4471 3389 4537 θερμῶς
3413 4471 3505 4522 τοῦ
3528 4471 3625 4540 τὴν
3650 4472 3872 4523 ἐκείνων
3894 4476 4031 4527 ἀνα-

793 4574 978 4620 tantus
1014 4567 1096 4619 vir
1126 4566 1409 4621 accederet
1440 4583 1455 4621 :
1493 4566 1685 4622 deinde
1742 4570 1904 4619 etiam
1952 4581 2070 4635 quae
2123 4567 2353 4631 dixerat,

794 4658 1032 4727 graviter
1056 4659 1373 4725 accepisset,
1413 4668 1629 4727 propter
1680 4671 1929 4726 magnam
1986 4658 2131 4711 illam
2178 4660 2356 4714 cordis

792 4751 1175 4805 contritionem
1209 4758 1263 4803 et
1293 4751 1739 4817 moderationem,
1772 4760 1829 4804 et
1884 4749 2027 4819 quod
2079 4765 2139 4804 se
2209 4752 2355 4807 nullo

792 4850 1074 4911 reputaret
1099 4855 1221 4895 esse
1244 4843 1483 4911 dignum,
1538 4858 1599 4895 ea
1654 4844 1946 4911 respondit,
1974 4858 2095 4912 quae
2145 4853 2198 4895 et
2264 4846 2353 4900 tali

792 4934 915 4987 vita:
943 4934 1431 4997 conveniebant,et
1478 4944 1640 4990 tanta:
1687 4934 2014 4988 humilitati:
2067 4936 2198 5000 Quis
2258 4951 2357 5003 ego

794 5038 935 5087 sum,
968 5025 1183 5079 domine
1229 5024 1325 5089 mi,
1364 5024 1570 5087 dicens,
1602 5034 1657 5081 ut
1688 5025 1973 5078 sacerdotii
2001 5034 2206 5078 tantam
2229 5029 2355 5079 sub-

796 5130 913 5175 eam
940 5115 1385 5183 magnitudinem,
1405 5124 1460 5171 et
1490 5116 1670 5183 gravis
1694 5117 1919 5185 populus
1952 5117 2082 5171 mihi
2105 5119 2353 5171 commit-

796 5213 937 5257 tatur
957 5205 1269 5260 docendus?
1301 5206 1427 5259 Sine
1458 5222 1551 5275 per
1585 5205 1879 5273 Christum,
1910 5208 2024 5263 sine
2050 5224 2135 5263 me
2162 5210 2357 5265 acerbe

797 5312 917 5350 mea
942 5296 1137 5350 deﬂere
1170 5306 1417 5367 peccata.

2454 4562 2711 4625 δέξασθαι
2729 4559 3151 4631 προστασίαν’.ό
3175 4558 3230 4611 δὲ
3254 4559 3444 4629 πρῶτα
3474 4559 3572 4626 μὲν
3598 4559 3695 4631 τὴν
3727 4561 4031 4617 ἐπισκόπου

2458 4653 2789 4720 δυσχεράνας
2848 4650 3163 4721 ἐπιδημίαν,
3196 4651 3447 4718 καθάπερ
3479 4650 3578 4719 οὐχ
3612 4652 3796 4704 ίκανὺν
3837 4654 4034 4706 ἑαυτὸν

2457 4746 2647 4815 ἀνδρὸς
2686 4744 3006 4813 τηλικούτου
3045 4743 3349 4812 παρουσίας
3400 4744 3681 4810 οἰόμενος,
3726 4743 3919 4797 ἔπειτα
3972 4745 4030 4797 δὲ

2458 4836 2551 4891 καὶ
2578 4837 2785 4907 βαρέως
2818 4838 2940 4897 τοὺς
2965 4836 3094 4904 παρ’
3152 4833 3316 4886 αὑτοῦ
3368 4833 3661 4901 δεξάμενος
3715 4835 3905 4902 λόγους
3938 4837 4030 4889 διὰ

2456 4932 2555 5001 τὴν
2581 4930 2778 4997 πολλὴν
2814 4930 3028 4997 ἐκείνην
3057 4926 3349 4997 συντριόὴν
3388 4928 3487 4995 τῆς
3516 4929 3764 4995 καρδίας,
3798 4930 3890 4980 καὶ
3929 4946 4031 4997 μι-

2454 5025 2733 5092 τριότητα,
2766 5022 2859 5073 καὶ
2883 5021 2941 5072 τὸ
2976 5019 3070 5072 τοῦ
3099 5020 3327 5088 μηδενὸς
3358 5018 3507 5083 ἄξιον
3530 5021 3722 5073 ἑαυτὸν
3747 5022 4027 5089 ἡγεῖσθαι,

2456 5115 2523 5170 τὰ
2564 5114 2656 5165 καὶ
2690 5113 2788 5183 βίῳ
2813 5110 3040 5181 τοιούτω
3074 5112 3167 5162 καὶ
3198 5112 3527 5164 ταπεινώσει
3581 5112 3817 5180 τοσαύτη
3848 5128 4027 5176 προσ-

2455 5208 2676 5275 ήκοντα,
2710 5206 2843 5272 πρὸς
2882 5204 3043 5256 αὑτὸν
3080 5204 3445 5272 ἁπεκρίνατο·
3473 5204 3568 5267 Τίς
3601 5205 3718 5272 είμὶ
3750 5205 3875 5270 ἐγὼ,
3914 5206 4029 5259 Κύ-

2460 5301 2540 5371 ριὲ
2570 5316 2692 5368 μου,
2737 5297 2929 5364 Κύριε,
2984 5295 3175 5361 λέγων,
3203 5294 3339 5347 ῶστε
3368 5296 3687 5365 τηλικοῦτον
3725 5297 4025 5368 ἱερωσύνης

798 5393 1027 5465 μέγεθος
1063 5393 1315 5450 ὑπελθεῖν
1381 5392 1474 5445 καὶ
1526 5391 1654 5445 λαοῦ
1720 5393 1929 5467 βαρέως
1992 5384 2341 5449 διδασκαλίαν
2394 5394 2839 5468 ἐγχειρισθῆναις
2901 5393 3100 5446 "Ea;ch
3158 5393 3244 5449 διὰ
3293 5394 3547 5463 Χριστὸν,
3610 5395 3769 5446 ἔασον
3814 5398 4027 5466 πικρῶς

792 5486 1238 5540 ἅποκλαὺσασθαι
1264 5487 1360 5551 τὰς
1388 5487 1626 5556 ἐμαυτοῦ
1655 5488 2050 5559 πλημμελείας.

866 5577 998 5631 Vlll.
1026 5579 1124 5633 Cui
1193 5596 1381 5635 rursus
1436 5582 1719 5649 episcopus
1768 5586 2094 5653 respondens
2132 5606 2141 5640 :
2180 5587 2345 5644 Recte

797 5665 933 5727 scio,
977 5666 1165 5734 inquit,
1202 5681 1234 5721 ο
1264 5669 1425 5720 cbare
1462 5669 1531 5721 ﬁli
1558 5669 1800 5733 Abrami,
1832 5674 1971 5739 quod
2006 5676 2196 5742 gratia,
2230 5691 2347 5743 qua:

800 5750 894 5809 libi
923 5754 1041 5807 data
1078 5763 1156 5808 est
1187 5770 1213 5808 a
1234 5756 1451 5821 Spiritu,
1478 5765 1667 5829 potens
1728 5775 1783 5814 es
1815 5772 1868 5816 ct
1889 5764 2065 5819 verbis
2096 5775 2146 5818 et
2172 5766 2345 5821 factis.

2527 5586 2603 5637 ii'.
2640 5581 2781 5651 Πρὸς
2814 5581 2871 5633 ὃν
2924 5581 2950 5631 ὁ
2978 5580 3274 5643 ἐπίσκοπος
3334 5578 3488 5645 αὖθις
3518 5582 3605 5634 τὸν
3638 5582 3793 5649 λόγον
3824 5581 4027 5635 ἀναλα-

2458 5678 2563 5728 ϐών
2588 5696 2599 5705 ·
2638 5672 2768 5729 Οἶδα
2809 5675 3016 5743 σαφῶς,
3052 5671 3400 5737 οἷδα,τέκνον
3434 5675 3705 5735 ποθεινὸν.
3733 5676 4022 5744 ’Δὸράμιε,

2458 5762 2631 5833 εῐπιν,
2670 5768 2746 5829 ὡς
2762 5770 2831 5841 τῇ
2862 5766 3118 5837 δεδομένη
3158 5783 3237 5820 σοι
3266 5768 3414 5834 παρὰ
3456 5767 3544 5818 τοῦ
3579 5768 3894 5840 Πνεύματος
3926 5768 4023 5839 χάς
