4208 6300
159 327 217 384 53

1403 322 1578 383 VITA
1621 323 1678 383 S.
1721 324 2070 388 ABRAMII.

3301 323 3370 386 54

165 453 247 504 pm
303 431 530 495 δυνατὸς
562 428 613 484 εἶ
644 432 737 486 καὶ
764 433 941 499 λόγοις
993 432 1086 486 καὶ
1141 434 1465 504 πράγμασι·
1507 435 1582 503 μὴ
1615 427 1708 486 οὖν

1823 436 1888 491 Ne
1911 453 2039 506 ergo
2071 436 2402 492 dubitavcris
2459 439 2522 492 ad
2557 451 2755 493 munus
2795 437 3072 504 accedere,
3097 437 3237 506 quod
3269 439 3377 491 erit

161 524 450 594 ἀποκνήσῃς
509 523 658 594 ἔργῳ
705 523 952 578 καθεῖναι
1005 526 1224 586 σαυτὸν,
1273 525 1541 594 τοσαύτης
1607 526 1705 596 μιν

160 616 320 687 ψυχῶν
361 613 636 684 ὠφελείας
667 615 847 685 αίτίῳ,
894 616 1140 685 μεγάλας
1188 618 1246 671 δι
1281 617 1376 671 καί
1429 635 1513 671 σοι
1557 619 1708 686 mp;

159 710 272 765 Θεοῦ
302 707 660 780 προξενοῦντι
708 710 808 771 τὰς
842 710 1159 770 ἀντιδόσεις.
1200 708 1260 765 Ὀ
1290 710 1346 763 δὲ
1373 713 1484 773 τοῖς
1513 710 1708 780 προτέο

163 821 275 873 ροις,
293 801 570 870 ἐπιμένων
592 801 687 853 καὶ
709 800 788 854 ἐτι
809 817 822 832 ’
846 802 1064 863 Ἔασον,
1088 795 1242 864 αὖθις
1261 801 1587 871 παρακαλῶ,
1617 804 1710 854 ἔα-

159 913 251 959 σον,
275 894 448 961 ἔλεγε,
467 891 535 946 τὰ
553 893 732 945 οἰκεῖα
752 891 1016 962 θρηνῆσαι
1035 893 1199 947 κακά.
1222 894 1331 945 Καὶ
1348 893 1403 955 ὃς
1418 892 1709 946 ὑπολαϐὼν

158 987 488 1056 δριμυτέροις
507 985 670 1036 αὑτὸν
695 984 955 1052 ἠμείϐετο
985 984 1167 1052 λόγοις
1191 1000 1203 1014 ·
1241 983 1370 1036 ’ῐδοὺ
1401 984 1464 1054 δὴ
1486 985 1709 1053 κόσμον,

158 1081 332 1146 λέγων,
390 1077 488 1130 καὶ
541 1078 609 1130 τὰ
644 1075 738 1128 τοῦ
766 1076 975 1144 κόσμου
1034 1075 1372 1137 καταλιπὼν,
1406 1075 1499 1127 καὶ
1526 1077 1574 1127 τί
1613 1077 1710 1144 μὲν

157 1172 242 1224 οὑκ
272 1170 526 1239 ἀσκήσας
557 1168 871 1232 ἐπαινετὸν,
907 1169 1068 1230 ποίας
1102 1166 1157 1219 δὲ
1193 1165 1300 1219 τῶν
1338 1165 1432 1219 τοῦ
1465 1166 1599 1218 Θεοῦ
1630 1169 1712 1219 ὲν-

157 1261 306 1315 τολῶν
336 1261 412 1331 μὴ
444 1259 622 1329 φύλαξ
663 1258 962 1328 ἀναφανεὶς
989 1258 1406 1327 ἀκριϐέστατος,
1443 1259 1504 1311 τὸ
1542 1258 1713 1326 κεφά-

158 1356 287 1408 λαιον
312 1355 413 1407 οὑκ
437 1349 535 1406 οἶδ’
560 1355 710 1417 ὃπως
746 1350 936 1416 ἔλαθες
951 1350 1278 1420 παραλιπὼν
1306 1351 1405 1421 τὴν
1441 1351 1711 1420 ὑπακοήν.

157 1446 356 1500 Τούτων
373 1445 615 1509 ἀκούσας
636 1447 663 1497 6
686 1443 1116 1515 μακάριος-,τοῦς
1139 1443 1451 1513 ὀφθαλμοὺς
1468 1443 1716 1513 δακρύων

157 1541 511 1611 ὑποπλησθεὶς
542 1540 637 1592 καὶ
670 1537 730 1607 δή
780 1555 832 1590 τι
859 1537 1122 1599 στενάξας
1157 1535 1294 1604 βαθὺ
1355 1534 1448 1587 καὶ
1483 1535 1715 1605 ὑπόθερ-

156 1649 243 1700 μον
263 1648 277 1664 ·
304 1632 414 1682 Καὶ
448 1629 531 1691 τίς
563 1630 681 1696 είμι
704 1626 835 1695 ἐγὼ,
873 1625 1032 1696 κύριι
1061 1643 1184 1696 μου,
1212 1625 1389 1695 κύριε.
1422 1625 1577 1694 φησὶ,
1630 1626 1718 1680 ῐνα

154 1725 239 1776 καὶ
265 1718 421 1783 αὖθις
440 1719 700 1775 ἀναλάϐω
723 1719 792 1772 τά
818 1718 1113 1788 εἰρημένα,
1144 1718 1228 1770 ὅτι
1261 1718 1528 1780 τοιούτοις
1559 1716 1719 1787 ἔσχες

156 1818 270 1885 περὶ
299 1814 437 1884 ἐμοῦ
472 1812 772 1883 λογισμοὺς
797 1813 891 1864 καὶ
940 1810 1115 1874 οὑτως
1147 1811 1299 1874 ὅλαις
1341 1810 1528 1881 χερσὶν
1557 1811 1717 1864 ἀνελ-

154 1909 306 1960 κύσαι
364 1923 433 1974 με
465 1904 792 1974 φιλονεικεῖς
834 1903 972 1972 πρὸς
1013 1902 1331 1970 τηλικοῦτον
1360 1901 1490 1971 ὕψος
1517 1902 1718 1972 ἀρχῆς.

156 2000 238 2050 τὸν
255 1997 448 2065 εύτελῆ
478 1995 575 2048 καὶ
599 1993 1014 2064 ἀπεῤῥιμένονς
1041 1992 1151 2044 Καὶ
1183 1992 1210 2043 ό
1240 1991 1542 2054 ἐπίσκοπος
1567 2007 1581 2022 °
1639 1992 1720 2044 At'

153 2092 246 2153 δτι,
282 2089 471 2160 φησὶν,
504 2088 531 2140 6
563 2088 664 2156 μὲν
695 2084 872 2153 ἑαυτῷ
908 2085 1057 2155 μόνῳ
1093 2083 1200 2148 ζῶν
1233 2084 1325 2136 καὶ
1378 2084 1515 2151 μόνα
1541 2083 1723 2147 καλῶς

153 2187 289 2246 ὅπως
322 2184 436 2252 ἔχοι
480 2182 547 2235 τὰ
592 2180 714 2234 καθ’
753 2181 948 2233 ἑαυτὸν
987 2179 1296 2250 μεριμνῶν,
1359 2179 1536 2249 ἑαυτῷ
1576 2180 1724 2250 μόνῳ

154 2277 421 2347 περιποιεί
455 2273 554 2345 τὴν
614 2273 921 2340 ὠφέλειανς
983 2272 1081 2323 Τὸ·
1109 2271 1167 2323 δὲ
1200 2272 1293 2323 καὶ
1322 2271 1389 2323 τὰ
1419 2272 1526 2325 τῶν
1550 2271 1724 2326 ἀλλων

153 2365 480 2437 ἐπανορθοῦν
509 2366 603 2418 καὶ
621 2363 808 2433 ψυχῶν
824 2362 1146 2430 ἐπιμέλειαν
1165 2360 1579 2424 πεπιστεῦσθαι,
1601 2363 1727 2415 ὅσον

147 2449 256 2527 ἐχει
294 2460 352 2510 τὸ
383 2457 574 2527 κέρδος
620 2457 713 2508 καὶ
757 2456 942 2507 όποῖον
968 2453 1192 2523 ἀγάπης
1233 2453 1432 2523 δεῖγμα
1456 2453 1554 2523 τῆς
1589 2453 1725 2526 πρὸς

153 2552 300 2617 Θεὸν,
337 2550 432 2604 καὶ
453 2553 602 2608 ὅπως
642 2550 862 2618 ἀπάσης
896 2550 1015 2602 ἐστὶ
1057 2549 1239 2616 μεῖζον
1268 2547 1370 2616 τῆς
1401 2547 1536 2615 πρὸς
1565 2549 1726 2601 αὑτὸν

153 2643 468 2715 θεραπείας,
494 2642 658 2694 αὑτὸν
685 2642 892 2694 ἐκεῖνόν
917 2659 1001 2694 σοι
1027 2641 1218 2692 τούτου
1243 2641 1556 2709 παρέξομαι
1585 2641 1727 2711 μάρ-

153 2752 314 2806 τυρα’
353 2755 372 2787 r
417 2734 478 2786 ΕΞ
513 2733 622 2804 γὰρ
653 2733 826 2802 φιλεῖς
885 2749 975 2802 με,
1040 2731 1237 2804 Πέτρε,
1275 2730 1431 2798 φησὶ,
1472 2731 1728 2799 ποίμαινε

155 2829 218 2878 τὰ
265 2827 516 2896 πρόϐατά
549 2844 674 2896 μου.
711 2845 727 2877 ι
782 2827 947 2877 Ὥστε
980 2824 1242 2878 τοσοῦτον
1277 2823 1435 2894 μέλει
1477 2823 1598 2893 Θεῷ
1630 2826 1730 2894 τῆς

153 2918 257 2968 τῶν
307 2917 582 2983 ποιμνίων
609 2915 949 2981 ἐπιμελείας,
987 2914 1061 2975 ὡς
1098 2915 1191 2965 καὶ
1235 2915 1491 2983 μέγιστον
1523 2916 1620 2986 τῆς
1653 2917 1729 2979 είς

1809 529 2020 597 quidem
2051 543 2210 585 causa
2260 539 2424 584 tanta
2476 530 2776 583 animarum
2831 529 3097 593 utilitatis,
3157 545 3379 598 magnas

1811 630 1988 673 autem
2020 623 2158 688 apud
2188 619 2351 675 Deum
2408 621 2500 676 tibi
2554 620 2859 676 conciliabit
2892 622 3376 676 remunerationes.

1811 711 1903 764 llle
1938 726 2063 766 vero
2093 727 2442 780 perseverans
2475 715 2526 767 in
2555 714 2824 784 prioribus
2857 731 2870 767 :
2911 712 3038 767 Sine
3063 729 3212 781 rogo,
3250 730 3375 767 rur-

1813 819 1903 858 sus
1931 803 2161 869 dicebat,
2186 805 2303 858 sine
2336 820 2419 858 me
2438 804 2572 858 mala
2605 807 2820 875 propria
2853 805 3069 859 deﬂere.
3104 804 3196 858 llle
3228 819 3375 870 vero,

1814 895 2164 962 respondens,
2198 895 2499 950 acrioribus
2556 910 2676 950 eum
2714 895 2893 951 verbis
2943 896 3181 965 excepit,
3213 896 3356 950 Ecce

1813 986 2018 1051 dicens,
2055 996 2243 1040 cumet
2273 987 2551 1052 mundum,
2587 996 2637 1041 et
2662 1002 2781 1056 quas
2813 987 2997 1040 mundi
3039 994 3166 1040 sunt
3195 984 3378 1040 omnia

1814 1076 2120 1146 reliqueris,
2154 1087 2207 1131 et
2245 1079 2375 1148 quid
2409 1094 2514 1133 non
2554 1079 2822 1134 laudabile
2863 1079 3083 1148 quidem
3120 1093 3381 1133 exercue-

1817 1169 1911 1234 ris,
1936 1170 2206 1239 quodnam
2256 1180 2434 1225 autem
2488 1171 2581 1226 Dei
2631 1180 2956 1241 praccptum
2996 1185 3099 1224 non
3134 1179 3384 1224 accurato

1817 1263 2137 1327 servaveris,
2171 1265 2222 1319 id
2247 1265 2388 1334 quod
2415 1274 2496 1319 est
2518 1266 2865 1335 praecipuum,
2899 1265 3082 1319 nescio
3115 1263 3386 1333 quomodo

1817 1357 2130 1428 impmdens
2159 1358 2574 1427 prmtermisisti,
2610 1372 2804 1428 nempe
2844 1357 3226 1411 obedientiam.
3259 1347 3386 1408 Hac

1818 1463 1941 1503 cum
1977 1449 2063 1504 ille
2092 1449 2350 1505 audiisset
2382 1450 2441 1506 Β.
2470 1450 2791 1514 Abramius,
2824 1451 3010 1504 oculos
3045 1446 3282 1503 sull‘usus
3311 1445 3390 1500 Ia-

1817 1540 2039 1610 crymis,
2094 1549 2148 1593 et
2192 1555 2259 1595 ex
2304 1542 2415 1595 iino
2463 1543 2698 1612 graviter
2754 1540 3071 1607 suspirans:
3109 1537 3240 1604 Quis
3289 1550 3389 1605 ego

1819 1643 1959 1692 sum,
2004 1628 2242 1694 domine.
2285 1631 2500 1687 domine
2539 1631 2631 1697 mi,
2664 1633 2836 1702 inquit
2889 1632 2973 1701 (ut
3012 1645 3201 1684 rursus
3230 1643 3390 1697 repe-

1826 1728 1932 1772 tam
1993 1734 2081 1785 ea,
2118 1735 2238 1790 qua
2291 1721 2432 1777 dicta
2497 1722 2663 1792 sunt),
2711 1730 2772 1777 ut
2803 1722 2869 1776 de
2906 1737 2990 1775 me
3019 1719 3178 1775 talem
3208 1732 3392 1774 susce-

1823 1809 1966 1879 peris
1985 1811 2387 1882 cogitationem,
2426 1821 2481 1868 et
2500 1828 2604 1875 me.
2640 1813 2731 1882 qui
2764 1828 2882 1866 sum
2907 1812 3028 1867 vilis
3055 1821 3108 1867 et
3123 1810 3390 1878 abiectus.

1821 1900 1901 1954 sic
1933 1911 2042 1955 tota
2075 1917 2240 1957 manu
2267 1904 2565 1959 contendas
2588 1904 2862 1958 attrahere
2887 1905 2953 1957 ad
2987 1911 3189 1957 tantam
3224 1902 3395 1956 virtu-

1826 1995 1893 2049 tis
1945 1995 2652 2068 altitudinem?Episcopus
2706 2009 2887 2052 autem
2922 1997 3251 2064 :Qnoniam.
3311 1995 3396 2048 in-

1823 2087 1960 2156 quit,
1993 2087 2084 2155 qui
2115 2087 2218 2143 sibi
2259 2088 2480 2158 quidem
2507 2090 2609 2145 soli
2649 2089 2800 2153 vivit,
2839 2099 2898 2144 et
2924 2091 3093 2143 solum
3127 2096 3304 2151 curat,
3338 2090 3408 2140 ut'

1826 2195 1913 2232 res
1943 2195 2054 2235 suat
2091 2191 2238 2236 recte
2269 2197 2330 2237 se
2357 2183 2619 2248 habeant,
2651 2183 2752 2238 sibi
2784 2182 2880 2238 soli
2903 2188 3057 2251 parat
3083 2181 3392 2235 utilitatem.

1825 2270 1973 2323 Alios
2025 2279 2204 2325 autem
2260 2273 2534 2340 corrigere
2583 2282 2638 2326 et
2667 2273 2970 2325 animarum
3016 2271 3119 2324 sibi
3159 2268 3397 2324 credita-

1829 2379 1943 2417 rum
1980 2377 2166 2419 curam
2198 2379 2407 2435 gerere,
2441 2373 2702 2435 quantum
2744 2365 2904 2419 habet
2947 2363 3395 2426 emolumentum,

1826 2465 1880 2510 et
1913 2467 2176 2524 quantum
2227 2457 2511 2510 cbaritatis
2559 2458 2610 2509 in
2658 2456 2820 2510 Deum
2855 2457 3134 2519 indicium,
3167 2462 3220 2509 et
3257 2455 3399 2523 quod

1830 2547 1880 2602 id
1909 2548 1979 2601 sit
2010 2547 2182 2617 majus
2215 2549 2408 2618 quovis
2458 2548 2562 2603 alio
2601 2547 2744 2604 cultu
2779 2547 3057 2602 Creatoris
3085 2557 3136 2601 et
3160 2545 3396 2608 Domini,

1829 2640 2092 2693 adducam
2127 2641 2222 2694 tibi
2259 2641 2401 2696 illius
2447 2640 2613 2710 ipsius
2661 2639 3026 2694 testimonium
3063 2656 3075 2692 :
3118 2655 3138 2690 ι
3170 2635 3226 2691 Si
3254 2636 3398 2691 enim

1830 2733 2008 2801 diligis
2063 2749 2170 2799 me,
2229 2735 2406 2800 Petre,
2445 2735 2641 2803 inquit,
2701 2750 2861 2803 pasce
2919 2748 3050 2788 oves
3083 2745 3230 2785 meas
3268 2730 3329 2782 η.
3375 2748 3392 2779 ι

1830 2825 2194 2892 Quamobrem
2219 2825 2326 2881 Deo
2349 2835 2513 2881 tanta
2543 2836 2670 2880 sunt
2718 2842 2862 2882 cura:
2908 2840 3117 2896 greges,
3153 2821 3405 2877 utmaxi-

1834 2934 1979 2973 mum
2017 2919 2230 2990 signum
2298 2919 2352 2974 in
2409 2921 2584 2989 ipsum
2626 2919 2952 2984 dilectionis,
2999 2933 3184 2972 eorum
3215 2929 3402 2970 curam

154 3008 310 3060 αὑτὸν
341 3007 566 3077 ἀγάπης
597 3008 824 3075 σημεῖον
847 3007 944 3074 τὴν
972 3005 1100 3075 περὶ
1131 3005 1305 3058 ταῦτα
1331 3006 1540 3060 τιθέναι
1570 3008 1733 3074 κηδε-

1833 3025 1959 3064 esse
1985 3021 2206 3066 statuat.
2235 3011 2456 3067 Talibus
2473 3011 2738 3079 consiliis,
2777 3011 2997 3066 monitis
3027 3022 3081 3066 et
3144 3005 3408 3064 sermoni-

162 3101 362 3170 μονίαν.
424 3099 718 3162 Τοιαύταις
774 3097 1107 3169 συμϐουλαῖς
1173 3114 1231 3149 τε
1275 3099 1368 3150 καὶ
1403 3096 1728 3165 ὑποθήκαις,

1836 3103 1934 3156 bus
1968 3119 2262 3171 persuasus
2313 3105 2622 3169 Abramius,
2658 3105 2966 3173 episcopum
3013 3101 3077 3156 ad
3112 3101 3295 3154 urbem
3325 3106 3408 3151 est

154 3195 411 3256 τοιούτοις
444 3193 871 3262 ὑποφωνήμααι,
905 3190 1149 3254 πεισθεὶς
1179 3193 1206 3243 ό
1242 3189 1562 3259 Ἅϐραμος,
1606 3191 1737 3260 ἠκο-

1835 3203 2071 3246 secutus.
2091 3192 2359 3262 Cumque,
2387 3195 2473 3248 ille
2494 3195 2545 3247 in
2569 3195 2706 3262 ipso,
2751 3208 2869 3263 quae
2891 3208 2987 3263 par
3005 3201 3140 3254 erat,
3168 3189 3408 3259 peregis-

158 3286 328 3338 λούθει
359 3287 495 3354 πρὸς
524 3287 625 3353 τὴν
657 3283 811 3336 πόλιν
849 3283 926 3351 τῷ
951 3283 1262 3353 ἑπισκόπῳ,
1299 3283 1556 3336 κάκείνου
1585 3283 1737 3336 τελέ-

162 3393 346 3437 εαντος
383 3376 470 3426 ἐπ’
505 3375 657 3443 αὑτῷ
697 3377 764 3426 τὰ
812 3375 998 3426 είκότα
1031 3374 1125 3426 καὶ
1149 3373 1295 3426 οὑτω
1345 3374 1550 3426 τέλειον
1579 3375 1740 3426 αὑτὸν

161 3469 537 3532 ἀναδείξαντος
589 3466 763 3534 ἱερέα,
826 3461 944 3517 εἶτα
985 3465 1078 3516 καὶ
1131 3466 1228 3518 σὺν
1289 3467 1404 3533 ἅμα
1438 3466 1515 3534 τῷ
1552 3467 1740 3536 κλήρῳ

163 3562 322 3612 παντὶ
364 3561 458 3614 καὶ
491 3559 570 3629 τῷ
609 3557 724 3628 λαῷ
761 3557 950 3609 τοῦτον
998 3556 1449 3626 προπέμψαντος,
1487 3557 1586 3626 τὴν
1614 3573 1743 3626 προ-

1839 3296 1940 3351 set,
1967 3294 2020 3338 et
2055 3285 2133 3340 sic
2159 3301 2284 3340 eum
2316 3285 2615 3355 perfectum
2665 3294 2903 3346 creasset
2959 3283 3323 3345 sacerdotem,
3356 3290 3410 3336 et

1842 3375 2034 3432 deinde
2083 3394 2204 3434 cum
2257 3389 2368 3434 toto
2395 3380 2542 3434 clero
2568 3382 2624 3434 et
2652 3381 2849 3449 populo
2895 3392 3017 3433 eum
3072 3377 3409 3437 deduxisset.

1843 3470 2172 3535 pr0positam
2205 3471 2350 3523 illinc
2383 3471 2523 3522 viam
2559 3469 2698 3532 iniit,
2726 3470 2920 3526 multas
2945 3468 3157 3522 interim
3180 3466 3413 3522 fundens

1843 3559 2137 3631 lacrymas,
2174 3570 2229 3615 et
2259 3575 2553 3630 supernum
2577 3563 2837 3617 invocans
2868 3560 3148 3616 auxilium.

164 3658 420 3728 κειμένην
455 3656 667 3710 ἐκεῖθεν
695 3656 810 3710 όδδν
844 3657 1062 3728 ἧρχετο,
1095 3655 1265 3708 πολλά
1295 3656 1496 3725 μεταξὺ
1554 3656 1766 3728 δάκρυα
1809 3656 1948 3729 χέων
1984 3657 2079 3712 καὶ
2129 3657 2227 3726 τὴν
2253 3658 2456 3712 ἄνωθεν
2489 3658 2663 3728 ῥοπήν
2690 3673 2748 3708 τε
2781 3655 2874 3708 καὶ
2907 3649 3224 3723 συμμαχίαν
3290 3649 3410 3702 tm-

163 3755 524 3823 καλούμενος.

234 3847 308 3901 0'.
343 3848 644 3914 Γενόμενος
675 3845 732 3898 δὲ
757 3845 897 3898 κατά
930 3843 1029 3914 τὴν
1054 3843 1249 3916 κώμην
1285 3845 1382 3898 καὶ⁵
1412 3845 1617 3916 ταύτην
1638 3845 1742 3899 ὑπὸ

169 3943 316 4012 βαθεῖ
350 3938 536 4008 σκότῳ
568 3937 667 4006 τῆς
700 3937 956 4000 ἀσεϐείας
984 3938 1244 4009 κειμένην
1272 3937 1617 4001 καταλαϐὼν,
1647 3939 1743 3992 καὶ

167 4040 194 4088 ὃ
219 4051 348 4109 φησι
382 4035 411 4086 6
451 4031 594 4093 θεῖος
617 4028 850 4094 Παῦλος,
889 4045 908 4079 ι
943 4028 1056 4098 Τὴν
1083 4028 1177 4080 τοῦ
1208 4030 1548 4096 Μονογενοῦς
1583 4029 1741 4093 δόξαν

169 4117 565 4198 ὲνὲμοιώματι
615 4123 854 4194 γλυπτοῦ
890 4122 1289 4193 ἀλλαξαμένην,
1349 4140 1368 4173 ι
1411 4120 1744 4190 τοιαῦτατῷ

169 4221 286 4290 Θεῷ
347 4223 405 4274 ὲν
473 4219 730 4288 συντριϐῇ
784 4220 1012 4288 καρδίας
1058 4217 1439 4287 προσηύχετο·
1499 4216 1742 4268 Δέσποτα

1916 3842 2004 3900 ΙΧ.
2034 3844 2170 3900 Cum
2202 3853 2383 3900 autem
2418 3843 2653 3898 venisset
2687 3843 2740 3897 in
2775 3841 2980 3906 vicum,
3026 3849 3079 3897 et
3118 3856 3238 3896 eum
3263 3847 3416 3896 inve-

1850 3937 2312 4005 nissctjacentem
2351 3937 2403 3990 in
2464 3936 2746 4006 profundis
2809 3934 3049 3990 tenebris
3098 3933 3413 4003 impietatis,

1848 4040 1980 4084 etut
1996 4028 2126 4083 dicit
2146 4029 2356 4083 divinus
2378 4027 2572 4082 Paulus
2601 4028 2668 4090 “,
2698 4045 2714 4077 ι
2738 4025 2974 4081 Gloriam
3006 4023 3276 4094 Unigeniti
3303 4040 3418 4078 mu-

1849 4128 2013 4172 tatam
2039 4118 2092 4172 in
2123 4117 2530 4172 similitudinem
2570 4114 2899 4183 sculptilis,»
2930 4115 3010 4168 sic
3040 4115 3203 4169 Demn
3233 4130 3420 4184 preca-

1851 4212 2009 4267 batur
2061 4211 2115 4264 in
2169 4208 2496 4264 contritione
2545 4204 3032 4275 cordis:Benigne
3080 4215 3133 4260 et
3184 4205 3422 4261 clemens

173 4313 545 4383 φιλανθρωπε,
569 4310 775 4380 Χριστὲ
822 4312 848 4361 ό
889 4310 1043 4376 Θεὸς,
1084 4312 1113 4364 6
1155 4310 1312 4379 μόνος
1344 4309 1568 4376 ἀγαθὸς,
1597 4311 1624 4363 6
1651 4308 1737 4377 μόε

1855 4305 2074 4363 Domine
2103 4302 2322 4358 Christe
2355 4302 2514 4364 Deus,
2552 4301 2640 4371 qui
2686 4314 2746 4355 es
2801 4299 2950 4356 solus
2991 4301 3183 4361 bonus,
3226 4300 3316 4369 qui
3364 4315 3423 4354 es

173 4425 259 4465 νος
308 4404 638 4467 ἀνεξίκακος
676 4401 705 4452 6
761 4402 924 4472 μόνος
967 4402 1239 4470 ἐλεήμων,
1276 4403 1303 4453 6
1341 4401 1431 4452 τὸν
1462 4401 1749 4473 ἄνθρωπον

175 4499 366 4568 ἀφὰτῳ
411 4494 788 4566 εύσπλαγχνίᾳ
831 4495 1269 4567 δημιουργήσας,
1328 4493 1355 4544 ὁ
1407 4496 1607 4556 συνιεὶς
1670 4497 1748 4554 εἰς

178 4590 355 4643 πάντα
388 4588 457 4641 τὰ
494 4587 634 4657 ἔργα
669 4587 834 4639 αὑτοῦ
862 4590 956 4640 καὶ
989 4589 1216 4658 καρδίας
1244 4589 1335 4641 καὶ
1365 4589 1593 4656 νεφροὺς
1625 4587 1749 4641 stti-

179 4684 288 4746 ζων
319 4684 412 4737 καὶ
434 4680 720 4750 γινώσκων
747 4683 872 4745 τοὺς
894 4681 1276 4751 διαλογισμοὺς
1295 4683 1483 4743 αὑτοῦ.
1510 4683 1582 4753 μὴ
1615 4699 1755 4754 παρ-

183 4778 298 4846 ίόῃς
330 4777 389 4830 τὸ
422 4777 512 4829 σὸν
539 4777 787 4844 πλάσμα.
816 4775 876 4827 τὸ
903 4774 1000 4842 τῆς
1034 4777 1132 4844 σῆς
1154 4774 1332 4844 χειρὸς
1361 4775 1753 4845 δημιούργημα

184 4868 371 4932 κακῶς
423 4869 530 4922 ὑπὸ
583 4865 677 4919 τοῦ
711 4866 901 4938 νοητοῦ
941 4867 1108 4938 θηρὸς
1161 4865 1578 4935 ἀπολλύμενον·
1641 4866 1755 4920 ἀλλ’

185 4959 368 5026 ἐξελοῦ
399 4959 599 5023 αὑτοὺς
643 4957 741 5024 τῆς
773 4958 867 5011 τοῦ
911 4956 1110 5027 ἐχθροῦ
1162 4957 1481 5026 τυραννίδος
1526 4959 1620 5010 καὶ
1670 4957 1757 5020 δὸς

187 5052 366 5112 αὑτοῖς
405 5051 504 5118 τὴν
542 5050 643 5116 τῆς
681 5047 781 5115 σῆς
832 5047 1092 5117 ἀληθείας
1157 5047 1486 5114 ὶπίγνωσιψ
1544 5049 1608 5100 σὺ
1649 5048 1758 5119 γὰρ

187 5139 357 5209 οἶδας,
387 5143 468 5196 ὅτι
514 5142 577 5195 ού
607 5139 766 5209 δόξης
796 5139 983 5192 ἕνεκεν
1018 5138 1387 5210 ἀνθρωπίνης,
1413 5138 1550 5193 ἀλλὰ
1583 5157 1759 5211 σωτηη

194 5236 316 5300 ρίας
344 5235 553 5304 ψυχῶν.
592 5232 691 5300 τὴν
714 5230 967 5300 φροντίδα
996 5231 1202 5301 ταύτην
1231 5232 1325 5284 καὶ
1354 5231 1454 5300 τὴν
1481 5230 1759 5285 διακονίαν

192 5325 546 5396 ἀνεδεξάμην.
607 5321 793 5377 Ταῦτα
851 5321 1145 5394 τοιγαροῦν
1184 5323 1627 5394 προσευξάμενος
1667 5326 1760 5378 καί

193 5436 317 5474 τινα
344 5419 447 5472 τῶν
482 5415 921 5485 ὑπολειφθέντων
947 5416 1108 5473 αὑτοῦ
1138 5417 1437 5486 χρημάτων
1470 5417 1622 5486 πάρᾶ
1666 5419 1760 5472 τοῦ

197 5512 369 5587 mihi),
401 5509 443 5580 ᾧ
484 5514 572 5583 τὴν
600 5512 806 5564 τοὶτων
839 5510 1057 5563 ἀνέθετο
1092 5510 1348 5580 πρόνοιαν
1371 5511 1759 5580 κομισάμενος,

200 5601 342 5660 οἷκον
372 5606 434 5660 δι’
464 5605 646 5659 αὐτῶν
671 5604 962 5674 εὑκτήριον
991 5604 1264 5673 ἀνεγείρει
1297 5603 1760 5673 ἐπιτερπέστατόν

277 5771 312 5799 ¹¹
351 5769 476 5824 «Ιοειη
540 5787 654 5832 ιιι,
697 5769 780 5820 Π.
864 5770 903 5798 ’³
941 5769 1093 5824 Rom.
1127 5786 1163 5836 l,
1197 5769 1283 5823 9'5.

1855 4398 2002 4450 solus
2034 4398 2264 4463 patiens.
2295 4396 2385 4463 qui
2417 4409 2478 4448 es
2519 4394 2666 4447 solus
2699 4391 3028 4457 misericors,
3084 4393 3175 4461 qui
3222 4392 3422 4446 creasti

1858 4490 2134 4544 hominem
2163 4487 2502 4559 benignitate
2535 4483 2814 4549 ineffabili,
2840 4485 2933 4556 qui
2957 4483 3212 4555 intelligis
3242 4483 3425 4538 omnia

1856 4598 2018 4653 Opera
2050 4583 2186 4652 ejus,
2219 4592 2276 4636 et
2305 4583 2468 4637 corda
2497 4591 2552 4636 et
2583 4594 2740 4635 renes
2765 4580 3064 4644 examinas,
3091 4590 3149 4633 et
3171 4577 3426 4646 intelligis

1858 4678 1975 4744 ejus
2030 4675 2386 4747 cogitationes
2419 4688 2433 4726 :
2465 4689 2537 4728 ne
2582 4672 2850 4741 despicias
2899 4681 3048 4725 tuum
3092 4671 3425 4740 ﬁgmentum,

1859 4786 1992 4837 opus
2024 4780 2230 4826 uiarum
2257 4783 2542 4834 manuum,
2570 4766 2712 4836 quod
2739 4765 2875 4820 male
2907 4772 3130 4821 necatur
3165 4779 3194 4818 ε
3228 4763 3425 4826 bellua.

1860 4878 1980 4930 qua:
2011 4860 2306 4931 percipitur
2337 4861 2694 4930 intelligentia
2728 4877 2742 4914 :
2780 4859 2875 4913 sed
2907 4858 3074 4913 libera
3127 4872 3221 4911 eos
3267 4873 3296 4910 a
3347 4868 3428 4927 ty-

1863 4953 2086 5007 rannide
2109 4951 2335 5016 inimici,
2368 4960 2422 5005 et
2453 4951 2518 5004 da
2545 4951 2624 5004 eis
2650 4948 2892 5001 veritatis
2925 4957 3029 5000 tua:
3073 4945 3426 5016 agnitionem.

1861 5043 1940 5098 Tu
1967 5048 2110 5100 enim
2137 5046 2264 5106 scis,
2302 5045 2443 5112 quod
2474 5055 2577 5096 non
2618 5049 2835 5112 propter
2860 5039 3146 5093 humanam
3176 5037 3430 5107 gloriam,

1863 5128 1954 5193 sed
1980 5149 2199 5209 propter
2233 5138 2534 5190 animarum
2572 5135 2802 5191 salutem
2833 5131 3044 5200 suscepi
3078 5133 3218 5186 hanc
3242 5147 3427 5185 curam

1863 5241 1922 5284 et
1955 5233 2056 5284 hoc
2088 5228 2467 5284 ministerium.
2494 5228 2630 5283 Cum
2663 5227 2742 5280 sic
2803 5238 2931 5293 ergo
2957 5233 3105 5279 esset
3153 5232 3428 5292 precatus,

1864 5334 1921 5377 et
1945 5325 2152 5390 aliquas
2197 5322 2493 5393 accepisset
2553 5319 2833 5389 pecunias,
2886 5333 3004 5388 qua
3058 5325 3426 5386 remanserant

1866 5418 2004 5486 apud
2030 5417 2286 5474 amicum.
2326 5415 2413 5470 cui
2466 5429 2656 5468 curam
2689 5411 3044 5467 commiserat
3093 5395 3434 5476 fac‘ttltatutit,

1865 5529 1928 5568 ex
1961 5513 2089 5582 ipsis
2114 5512 2281 5566 aedem
2306 5510 2540 5564 exstruit
2577 5507 2872 5561 oratoriam
2897 5505 3054 5574 longe
3087 5502 3431 5573 elegantissi-

1870 5621 2027 5663 mam.
2069 5603 2352 5673 Postquam
2386 5612 2563 5656 autem
2593 5600 2798 5654 ﬁnitum
2852 5597 2952 5655 fuit
3009 5595 3314 5661 aedilicium,
3350 5595 3439 5650 ln-
