4208 6300
167 359 227 422 57
1425 359 1619 420 VITA'
1647 359 1706 417 S.
1746 357 1965 421 ΑΒΗΔ]

1831 360 2009 421 ιΒΑΜ
2021 364 2044 421 1
2057 363 2078 422 Ι
2089 410 2106 424 .
3335 358 3402 419 58

224 475 326 530 ιε’.
357 475 457 537 El;
496 473 552 528 δὲ
585 475 684 545 τὴν
713 473 972 528 ἐπιοῦσαν
1006 471 1101 526 καὶ
1147 472 1195 523 οί
1233 473 1592 542 χριστομάχοι
1625 471 1723 539 θῆ-
1752 471 1806 530 Α
1898 473 1965 527 XI

1898 473 1989 528 XI.
2027 475 2117 529 Die
2150 485 2326 529 autem
2369 477 2616 545 sequenti
2665 474 2856 530 bellua
2905 474 3007 527 ill-.e
3057 471 3257 527 Christi
3303 471 3405 525 ini-

165 586 250 640 ρες
302 569 504 620 ἐκεῖνοι
554 567 720 619 πάλιν
771 569 830 619 ὲν
860 564 1011 635 αὐτῷ
1054 564 1361 635 γενόμενοι,
1401 566 1498 618 καὶ
1544 561 1733 617 τοῦτον

164 659 320 730 εὐχῆς
350 659 602 729 εὑρόντες
636 660 753 710 ἐκεῖ
804 659 897 712 καὶ
926 657 1110 726 ὓμνων
1141 659 1458 728 εὐχόμενον,
1511 658 1612 710 οὐκ
1653 657 1733 710 ἐτι

165 753 348 822 πράως
382 753 632 818 ἐνεγκεῖν
687 752 1053 821 ἠδυνήθησαν,
1082 751 1220 806 ἀλλὰ
1251 752 1466 820 πληγάς
1493 769 1552 804 τε
1585 751 1734 822 αὐτῷ

162 844 255 906 τὰς
274 843 605 914 προτέραςῆ
652 842 832 910 πολλῷ
861 845 956 894 καὶ
1012 841 1264 912 μείζονας
1305 843 1606 906 ἐπιθέντες,
1647 843 1732 894 δε-

165 935 318 1000 σμοῖς
346 950 404 984 τε
427 935 542 993 τοῖς
571 934 780 1001 ὁμοίοις
810 933 1199 996 ὑποϐαλόντες,
1253 934 1442 1005 πόρρω
1475 951 1577 984 που
1634 934 1732 1002 τῆς

163 1024 350 1094 κώμης
372 1025 629 1094 φέροντες
678 1024 932 1094 ἔρριψαν.
966 1024 1190 1087 Τούτοις
1241 1020 1335 1077 οὖν
1365 1026 1547 1092 τρίτον
1603 1024 1732 1092 ἑξῆς

162 1117 506 1185 ἐνεκαρτέρει
532 1120 724 1186 χρόνον
759 1117 1073 1186 Ἀὄράμιος,
1097 1118 1196 1172 οὐκ
1222 1116 1480 1179 ὀκλάσας,
1510 1116 1569 1167 ού
1603 1116 1734 1168 καθ-

164 1209 333 1276 υφεὶς,
358 1210 417 1260 οὐ
445 1209 846 1278 καθευξαμενος
873 1209 1258 1271 οὐδενὸς,ἀλλὰ
1284 1208 1362 1279 τῷ
1389 1209 1536 1275 μίσει
1562 1224 1732 1277 προσ-

162 1297 328 1360 τιθεὶς
373 1297 468 1369 τὴν
518 1300 764 1367 ἀγάπην,
817 1300 896 1369 τῷ
928 1298 1085 1369 θυμῷ
1143 1299 1242 1369 τὴν
1281 1300 1584 1372 πραότητα,
1617 1300 1735 1361 ταῖς

162 1388 448 1458 λοιδορίαις
503 1390 602 1453 τὰς
662 1390 937 1458 εὐλογίας,
989 1388 1280 1453 νουθετῶν,
1329 1389 1732 1460 συμϐουλεύων,

163 1479 495 1549 παρακαλῶν
543 1480 672 1544 τοὺς
728 1481 1065 1552 πρεσὸύτας,
1120 1483 1249 1544 τοὺς
1302 1482 1490 1546 νέους,
1553 1483 1735 1535 πᾶσαν

161 1570 346 1632 ἁπλῶς
377 1571 614 1638 ἠλικίαν,
646 1572 721 1634 ὡς
747 1574 1013 1642 πατέρας,
1045 1572 1119 1634 ὡς
1141 1573 1327 1635 τέκνα,
1350 1573 1425 1633 ὡς
1449 1572 1731 1640 ἀδελφοὺς,

160 1658 312 1710 οὐδὲν
331 1660 468 1722 ὅλως
498 1662 723 1728 ἀγεννὲς
751 1663 872 1714 οὐδὲ
901 1662 1242 1732 μικρόψυχον
1294 1661 1730 1730 ἐνδεικνύμενος,

1838 572 2010 634 micae,
2044 586 2168 623 cum
2209 569 2316 623 illic
2380 585 2568 623 rursus
2606 569 2900 633 venissent,
2931 575 2984 620 et
3007 581 3128 620 eum
3158 573 3402 618 orantem

1839 667 2283 727 invenissent,ne
2342 672 2467 715 tunc
2523 661 2734 729 quidem
2792 666 3083 728 potuerunt
3146 657 3196 710 id
3265 654 3406 707 ferre

1838 758 2154 812 moderate:
2185 757 2277 809 sed
2332 769 2451 807 cum
2505 754 2551 807 ei
2606 753 2791 821 plagas
2850 751 3079 819 priores,
3116 757 3206 800 aut
3238 747 3401 798 etiam

1838 851 2006 904 multo
2031 849 2266 918 majores
2299 847 2707 915 imposuissent,
2739 854 2795 898 et
2824 859 2944 896 eum
2977 841 3240 895 similibus
3285 839 3402 890 vin-

1837 945 1972 999 culis
2003 943 2310 1010 alligassem
2341 950 2394 993 ct
2426 939 2740 998 traxissent,
2779 935 3016 1004 procula
3071 933 3187 985 vico
3224 930 3401 1000 proje-

1837 1044 2046 1091 cetum.
2080 1035 2136 1087 In
2166 1034 2247 1086 his
2277 1048 2405 1101 ergo
2448 1045 2506 1083 se
2551 1039 2659 1082 tres
2692 1042 2860 1081 annos
2909 1027 3166 1091 deinceps
3193 1022 3405 1076 fortiter

1837 1130 2002 1198 gessit
2034 1126 2343 1187 Abramius,
2379 1139 2480 1175 non
2507 1121 2731 1186 fractus,
2777 1133 2883 1171 non
2923 1117 3142 1178 cedens,
3180 1129 3279 1165 nec
3309 1112 3405 1164 ulli

1839 1220 1978 1274 male
2015 1219 2358 1286 imprecans:
2398 1213 2491 1268 sed
2525 1213 2652 1267 odio
2697 1211 3019 1264 cltaritatem
3082 1206 3401 1273 adiungens,

1839 1312 1932 1366 ira
1965 1306 2454 1367 mansuetudinem,
2484 1301 2784 1356 maledictis
2828 1296 3252 1357 benedictiones,
3307 1292 3402 1344 ad-

1839 1415 2082 1463 monens,
2107 1398 2412 1461 consulens,
2443 1396 2760 1455 adhortans,
2785 1404 2963 1452 senes,
3011 1386 3401 1444 adolescentes,

1838 1509 2083 1556 omnem,
2132 1505 2191 1545 ut
2235 1489 2399 1544 semel
2434 1488 2635 1550 dicam,
2668 1491 2905 1547 aetatem,
2941 1490 2996 1534 ut
3030 1491 3230 1547 patres,
3262 1485 3317 1530 ut
3347 1473 3407 1526 ii-

1837 1586 1957 1651 lios,
1981 1583 2292 1644 ut‘l‘ratres,
2321 1579 2562 1645 nihilque
2593 1577 2817 1629 omnino
2838 1573 3144 1630 ostendens,
3167 1568 3308 1635 quod
3334 1567 3406 1619 sit

1839 1681 2015 1750 pusilli
2065 1688 2120 1734 et
2173 1675 2366 1744 abiecti
2421 1674 2628 1725 animi:
2662 1670 2755 1724 sed
2799 1669 2972 1736 reipsa
3006 1665 3255 1734 iinplens,
3288 1675 3406 1736 qua:

161 1749 274 1854 ἀλλ’
297 1749 536 1855 [pyrgi-to
569 1753 664 1805 τοῦ
705 1753 851 1805 θείου
892 1751 1055 1806 Δαυτδ
1085 1752 1401 1822 ἐκπληρῶν,
1435 1752 1530 1805 καὶ
1561 1754 1734 1820 ἁναγ-
1769 1796 1811 1855 Β
1841 1749 1965 1828 sum

1841 1749 1967 1828 eum
2016 1770 2180 1824 divini
2237 1766 2474 1826 Davidis,
2518 1774 2574 1817 et
2629 1763 2768 1814 inter
2799 1757 3150 1813 necessitates
3182 1762 3236 1807 et
3266 1751 3404 1806 allii-

161 1842 273 1893 κῶν
305 1844 508 1911 μεταξὺ
549 1844 644 1898 καὶ
673 1844 904 1913 θλίψεων
932 1846 1031 1907 τὰς
1057 1845 1279 1907 ἐντολὰς
1329 1844 1536 1914 Κυρίου
1573 1843 1732 1914 μελέ-

159 1949 259 2000 την
312 1935 673 2004 ποιούμενοςο
733 1937 822 1989 διὰ
878 1936 1053 1990 ταῦτα
1086 1937 1150 2008 δὴ
1183 1939 1278 1990 καὶ
1313 1937 1612 2006 ἐξήνθησεν
1642 1938 1730 1990 ἐπ’

161 2026 401 2081 αὑτδντδ
435 2029 684 2098 ἁγίασμα
713 2029 882 2082 αὑτοῦ
917 2030 1013 2082 καὶ
1066 2029 1492 2100 συνεληλυθότες
1535 2030 1732 2098 ἁθρόον

161 2120 210 2171 οί
239 2120 430 2190 πρώην
455 2123 673 2186 ἁσεὸεἴς
700 2125 896 2178 ἐκεῖνοι
927 2124 1020 2177 καὶ
1051 2123 1296 2176 ἀπιστοιο
1321 2123 1457 2175 Θεοῦ
1486 2121 1543 2176 δὲ
1574 2124 1734 2176 τοῦτο

161 2214 377 2276 πάντως
432 2213 528 2267 τοῦ
562 2215 909 2279 παιδεύοντος
944 2216 1233 2286 ἄνθρωπον
1282 2217 1484 2284 γνῶσιν
1511 2219 1606 2269 καὶ
1635 2219 1733 2285 τῆς

161 2306 366 2357 ἐκείνου
405 2307 536 2376 περὶ
590 2309 682 2359 τὸν
747 2308 1044 2377 Ἀσράμιον
1085 2309 1343 2375 χάριτος·
1376 2308 1734 2377 συναχθέντες

161 2394 251 2450 οὖν
280 2398 485 2461 πάντες
508 2401 557 2450 οί
589 2399 684 2467 τὴν
706 2400 899 2468 κώμην
930 2400 1148 2468 ἐκείνην
1177 2398 1475 2468 οἰκοῦντες,
1520 2401 1615 2453 καὶ
1645 2397 1733 2454 οἷα

161 2489 302 2551 εἰκὸς
331 2492 388 2541 ἑν
421 2493 710 2559 συναγωγῇ
744 2490 984 2561 πλήθους
1033 2493 1252 2557 ὁμιλίας
1287 2511 1343 2544 τε
1381 2493 1580 2562 πολλῆς
1635 2494 1734 2546 καὶ

161 2581 331 2648 λόγων
361 2581 625 2634 πάντοθεν
655 2584 988 2652 κινουμένων
1012 2586 1078 2635 τὰ
1112 2583 1204 2635 τοῦ
1239 2584 1431 2652 ἀνδρὸς
1457 2586 1535 2644 είς
1571 2586 1733 2652 μέσον

163 2674 460 2743 παρήγετο,
493 2675 588 2726 καὶ
609 2673 793 2742 θαῦμα
841 2676 938 2736 τὰς
973 2677 1228 2727 ἁπάντων
1264 2675 1504 2743 ἐπλήρου
1533 2674 1728 2742 ψυχὰς,

161 2766 251 2817 καὶ
284 2766 475 2827 δεινῶς
498 2765 714 2834 ὑπὸτῆς
745 2766 1056 2834 ἐκπλήξεως
1081 2764 1448 2836 ἀπορούμενοι
1474 2779 1488 2793 °
1515 2763 1730 2834 Ὁρᾶτε,

163 2856 291 2926 πρὸς
325 2857 590 2925 ἀλλήλους
614 2853 938 2923 ﬂavom-aiat
971 2859 1112 2909 κατὰ
1143 2858 1234 2909 τοῦ
1274 2859 1572 2927 Ἀδραμίου
1602 2859 1732 2929 ἡμῖν

163 2950 445 3016 εἴργασται
474 2949 485 2999 ι
512 2950 537 2999 ό
566 2949 620 3000 δὲ
656 2949 792 3017 πρὸς
841 2950 991 3014 ἡμᾶς
1019 2949 1167 3010 ὅπως
1218 2950 1471 3017 χρηστῶς
1500 2949 1612 3020 ἔχει
1639 2949 1730 3001 καὶ

164 3040 578 3112 φιλανθρώπως,
605 3042 700 3092 καὶ
734 3041 851 3109 μεθ’
878 3043 1010 3111 ὅσης
1038 3041 1301 3110 εὐψυχίας
1339 3041 1434 3092 καὶ
1488 3043 1731 3106 γενναιό-

1839 1866 2050 1922 Ctiones
2082 1862 2347 1915 meditans
2377 1863 2642 1927 praecepta
2691 1851 2900 1910 Domini
2940 1849 3006 1901 “.
3040 1847 3264 1914 Propter
3293 1847 3405 1897 hac

1836 1956 1891 2009 in
1948 1956 2115 2022 ipsum
2173 1949 2353 2005 ﬂoruit
2417 1949 2533 2014 ejus
2581 1942 2958 2002 sanctiﬁcatio.
2994 1939 3126 1993 Nam
3163 1951 3283 1991 eum
3317 1949 3405 1988 re-

1835 2021 1997 2114 pente
2028 2042 2411 2096 convenissent
2441 2036 2535 2098 illi,
2570 2033 2658 2101 qui
2684 2044 2858 2097 nuper
2879 2035 3034 2084 erant
3064 2024 3208 2090 impii
3241 2032 3292 2074 et
3323 2021 3406 2072 in-

1835 2111 2023 2189 lldeles
2046 2135 2151 2200 (est
2179 2141 2356 2184 autem
2381 2131 2480 2181 hoc
2501 2123 2595 2176 Dei
2624 2120 2865 2181 omnino,
2893 2117 2984 2185 qui
3030 2117 3178 2170 docet
3225 2111 3404 2165 homi-

1834 2242 1962 2280 nem
2032 2223 2339 2280 scieotinm,
2379 2227 2434 2271 et
2493 2215 2638 2268 illius
2690 2211 2875 2280 gratize
2930 2209 2984 2261 in
3040 2199 3400 2269 Abramium),

1835 2329 2132 2382 omnesque
2162 2313 2251 2380 qui
2293 2311 2440 2365 illum
2475 2308 2649 2360 vicum
2709 2303 3048 2363 habitabant,
3093 2291 3402 2365 congregati

1834 2419 2040 2475 essent,
2071 2417 2146 2470 et,
2168 2415 2228 2460 ut
2245 2415 2336 2459 est
2353 2403 2775 2456 consentaneum
2796 2396 2847 2448 in
2862 2401 3000 2446 cmtu
3018 2388 3396 2450 multitudinis,

1834 2515 2113 2558 sermones
2155 2497 2301 2553 omni
2353 2509 2416 2547 ex
2452 2502 2603 2561 parte
2652 2491 2998 2548 haberentur,
3031 2499 3118 2538 res
3161 2477 3404 2534 Abramii

1836 2594 1890 2647 in
1940 2592 2170 2643 medium
2229 2585 2618 2643 adducebatur,
2658 2587 2713 2632 et
2743 2577 2985 2632 omnium
3018 2571 3181 2625 animi
3215 2568 3407 2637 imple-

1837 2685 2033 2738 bantur
2062 2679 2439 2732 admiratione.
2473 2673 2658 2742 Itaque
2684 2685 2808 2724 cum
2830 2682 2938 2735 prae
2961 2673 3180 2733 stupore
3208 2661 3259 2715 in
3291 2674 3406 2712 ma-

1836 2789 1994 2844 gnam
2024 2774 2242 2828 addueti
2281 2776 2467 2822 essent
2520 2763 2908 2818 dubitationem
2946 2775 2962 2811 :
3001 2755 3228 2817 \‘idetis,
3262 2753 3403 2807 dice-

1836 2866 1962 2920 bant
2013 2863 2150 2915 inter
2204 2876 2262 2914 se
2316 2859 2567 2920 invicem,
2629 2854 2806 2918 qualia
2843 2867 2872 2904 ιι
2918 2849 3074 2903 nobis
3112 2848 3250 2897 facta
3278 2849 3408 2897 sunt

1836 2959 2093 3011 adversus
2126 2951 2435 3006 Abramium
2464 2967 2476 3001 :
2508 2948 2596 3001 ille
2642 2954 2820 2998 autem
2874 2954 3035 3008 quam
3070 2937 3296 3005 benigne
3351 2941 3408 2986 et

1835 3052 2128 3105 clementer
2164 3050 2218 3101 in
2248 3063 2344 3102 nos
2371 3061 2428 3101 se
2467 3045 2626 3114 gerit,
2658 3053 2930 3111 quamque
2972 3034 3186 3088 fortiter
3217 3045 3278 3082 ac
3309 3042 3405 3095 ge-

163 3150 318 3200 τητος
358 3133 457 3202 τὴν
502 3132 772 3202 τοσαύτην
826 3134 1139 3201 ὑπήνεγκεν
1179 3133 1447 3202 ἐπιφορὰν
1491 3132 1596 3183 τῶν
1627 3131 1736 3182 au-
1763 3140 1803 3195 C
1837 3155 1965 3193 “cro

1837 3153 2030 3193 nerose
2057 3139 2176 3190 tulit
2213 3137 2373 3201 mala,
2406 3151 2526 3204 quze
2557 3142 2678 3187 sunt
2715 3131 2764 3185 ei
2798 3127 2986 3183 illata?
3017 3124 3246 3179 Omnino
3302 3117 3407 3172 nisi

163 3226 302 3291 νῶν;
337 3227 570 3289 Πάντως
619 3227 667 3278 εἰ
710 3229 783 3296 μή
817 3244 901 3289 τις
933 3223 1000 3296 ἦν
1031 3227 1162 3289 Θεὸς
1195 3227 1365 3288 ἀΐδιος
1391 3225 1610 3291 ἀληθῶς
1641 3226 1734 3278 καὶ

163 3321 426 3380 ἀθάνατος
454 3321 610 3382 ἀξίας
633 3321 742 3372 τῶν
796 3324 974 3373 πόνων
1009 3321 1105 3375 καὶ
1158 3320 1392 3390 ἀμοιϐὰς
1427 3319 1734 3373 ἀποδιδόναι

163 3413 476 3475 δυνάμενος,
518 3411 617 3462 οὐκ
664 3411 726 3478 iv
784 3409 1121 3480 τηλικαύτην
1167 3410 1233 3463 δι’
1266 3411 1430 3463 αὐτὸν
1457 3411 1733 3477 ὑπομονὴν

166 3504 500 3567 ἐπεδείξατο.
533 3502 643 3553 Καὶ
689 3501 757 3552 τὰ
781 3563 787 3570 ν
813 3502 951 3552 θεῶν
1015 3502 1072 3552 δὲ
1101 3500 1386 3568 ἡμετέρων
1437 3501 1732 3566 ἀγάλματα

164 3596 327 3648 εἴδετε
369 3595 441 3656 ώς
481 3593 710 3662 ἀπονητί
766 3593 940 3645 πάντα
991 3593 1086 3658 κα).
1134 3592 1336 3662 ῥᾳδίως
1393 3589 1730 3658 κατέστρεψε

167 3693 256 3744 κα)⁵
285 3691 462 3753 οὐδεὶς
496 3687 735 3759 ἠδυνήθη
771 3688 881 3741 τῶν
905 3687 1164 3742 τοιούτων
1189 3686 1324 3741 θεῶν
1354 3687 1476 3740 οὐδὲ
1501 3687 1602 3740 κᾶν
1631 3688 1728 3740 ati—

166 3781 250 3843 τδς
283 3780 466 3848 ἑαυτῷ
497 3779 778 3847 ἐπαμῦναι
805 3779 904 3849 τὴν
933 3778 1096 3841 ὓϐριν
1120 3797 1134 3843 ;

232 3873 334 3926 IB'.
378 3873 564 3924 Ταῦτα
615 3874 817 3924 ἐκεῖνοι
887 3874 985 3940 μὲν
1043 3871 1180 3941 πρὸς
1225 3869 1487 3937 ἀλλήλους
1525 3868 1730 3934 ἔλεγον.

168 3969 295 4032 Θεὸς
327 3968 382 4021 δὲ
412 3967 567 4028 τέλος
601 3968 712 4028 τοῖς
745 3965 988 4036 ῥήμασιν
1029 3966 1265 4033 ἐπέθηκε
1283 3965 1477 4030 δεξιὸν,
1517 3964 1610 4017 καὶ
1637 3962 1733 4022 τὰς

166 4061 340 4131 ψυχὰς
406 4059 568 4121 εὐθὺς
625 4056 1151 4128 διαθερμανθέντες·
1212 4056 1374 4108 Δεῦτε
1405 4052 1736 4123 πάντες,τῷ

169 4153 387 4224 χρηστῷ
410 4153 564 4223 ἀνδρὶ
587 4153 760 4220 τούτῳ
795 4150 1215 4222 προσπέσωμεν,
1267 4143 1440 4207 εἷπον,
1474 4145 1736 4215 συνθέμε-

169 4263 245 4297 νοι
275 4244 357 4314 τῷ
383 4246 477 4296 ὑπ’
506 4244 670 4296 αὑτοῦ
708 4243 1105 4313 κηρυσσομένῳ
1159 4241 1299 4311 Θεῷ.
1359 4241 1469 4293 Καὶ
1519 4239 1634 4308 ἅμα
1657 4236 1736 4307 τῷ

168 4337 306 4406 λόγῳ
336 4337 726 4405 συντρέχουσιν
757 4333 955 4386 αὐτίκα
1005 4334 1139 4402 πρὸς
1172 4334 1263 4386 τὸν
1294 4336 1444 4393 ναὸν,
1485 4330 1736 4399 καθάπερ

168 4431 270 4484 ὑπὸ
320 4431 424 4499 μιᾷ
463 4430 528 4498 τῇ
574 4426 790 4497 γλώττῃ
827 4426 921 4479 καὶ
953 4427 1016 4495 τῇ
1051 4425 1194 4496 ψυχῇ
1231 4424 1561 4493 κράζοντεςο
1599 4423 1737 4488 Δόξα

1836 3238 1977 3285 esset
2021 3243 2146 3282 vere
2193 3228 2336 3283 Deus
2384 3227 2576 3293 aliquis
2602 3233 2832 3276 aeternus
2859 3226 2913 3272 et
2949 3213 3287 3274 immortalis,
3315 3208 3407 3279 qui

1835 3337 2010 3400 potest
2043 3341 2140 3396 pro
2162 3323 2406 3377 laborum
2439 3317 2648 3372 meritis
2674 3313 2898 3368 reddere
2920 3306 3406 3364 remuneratioucs,

1835 3420 1940 3476 n'on
1964 3393 2288 3474 ostendisset
2316 3421 2516 3466 tantam
2564 3423 2661 3476 pro
2696 3407 2810 3473 ipso
2857 3400 3215 3456 tolerantiam.
3241 3393 3408 3447 Porro

1835 3522 2011 3569 autem
2047 3511 2268 3562 deorum
2301 3513 2604 3556 nostrorum
2630 3496 2893 3564 imagines
2919 3492 3109 3544 videtis
3130 3500 3290 3555 quam
3324 3483 3407 3537 [a-

1833 3605 1936 3673 cilc
1975 3614 2029 3658 et
2058 3602 2190 3656 citra
2223 3596 2386 3650 ullum
2417 3593 2654 3648 laborem
2707 3585 2922 3645 evertit,
2953 3597 3131 3657 neque
3173 3580 3311 3634 ullus
3340 3593 3406 3631 ex

1837 3699 1904 3754 iis
1929 3698 2031 3751 diis
2065 3691 2248 3765 potuit
2271 3706 2298 3743 a
2325 3704 2382 3744 se
2409 3683 2727 3758 propulsare
2757 3678 3008 3746 iniuriam
3035 3674 3057 3728 2

1908 3871 2023 3927 XII.
2054 3867 2177 3922 “me
2204 3864 2278 3919 illi
2305 3861 2520 3929 quidem
2553 3859 2693 3911 inter
2730 3869 2791 3908 se
2820 3851 3094 3905 dicebant.
3149 3847 3406 3928 Deusau-

1841 3976 1944 4021 tem
1998 3960 2177 4016 verbis
2219 3957 2376 4012 linem
2430 3949 2686 4019 imposuit
2736 3943 3170 4000 convenientem.
3203 3926 3245 3991 li
3264 3937 3405 3992 enim

1838 4055 2084 4126 protinus
2119 4048 2326 4105 incitati
2360 4043 2577 4106 animis,
2623 4040 2874 4094 dixerunt
2903 4050 2918 4088 :
2951 4034 3153 4086 Adeste
3197 4042 3411 4093 omnes,

1837 4122 1905 4202 ad
1926 4144 2084 4213 huius
2115 4140 2238 4194 boni
2274 4137 2373 4190 viri
2398 4148 2568 4203 genua
2600 4130 2966 4200 procidamus,
2995 4122 3403 4177 consentientes

1837 4236 1966 4299 Deo,
1999 4211 2090 4303 qui
2120 4230 2186 4284 ab
2213 4231 2326 4297 ipso
2351 4225 2696 4295 przedlcatur.
2735 4219 2866 4286 Qua:
2921 4214 3078 4271 simul
3115 4222 3278 4281 atque
3329 4211 3412 4265 di-

1839 4329 2062 4388 xissent,
2093 4328 2422 4378 concurrunt
2451 4315 2696 4386 protinus
2725 4313 2789 4364 ad
2819 4309 3102 4377 templum,
3153 4313 3407 4372 tanquam

1840 4433 1942 4473 una
1985 4417 2168 4482 lingua
2226 4422 2280 4465 et
2339 4411 2519 4462 anima
2573 4407 2871 4460 clamantes
2904 4416 2919 4454 :
2947 4398 3130 4451 Gloria
3169 4395 3262 4450 tibi
3302 4396 3411 4449 Deo

170 4541 267 4586 σοι,
294 4485 374 4592 τιῷ
398 4485 694 4590 ,πέμψαντι
859 4485 1045 4572 δοῦλον
1065 4485 1239 4574 adies
1271 4485 1580 4587 "A6péptov
1615 4485 1735 4583 86qu
1772 4485 1811 4538 υ
1841 4510 1960 4565 coeli

1841 4510 1985 4576 coeli,
2042 4509 2133 4578 qui
2186 4503 2380 4560 misisti
2407 4513 2623 4556 servum
2663 4506 2812 4550 tuum
2849 4490 3186 4554 Abramium,
3220 4497 3278 4540 ut
3311 4499 3410 4540 nos

167 4615 257 4668 τοῦ
286 4611 524 4684 ούρανοῦ
548 4628 563 4665 '.
604 4611 808 4676 ἐξελεῖν
838 4612 983 4677 ἡμᾶς
1003 4611 1101 4678 την
1125 4609 1231 4662 τῶν
1254 4607 1488 4661 εἰδώλων
1514 4604 1733 4675 ἀχλύος.

171 4707 345 4776 Ὅπερ
368 4708 398 4758 ὀ
431 4701 700 4774 μακάριος
747 4701 955 4761 ἐκεῖνος
987 4700 1122 4767 παρ’
1150 4699 1344 4751 ἐλπίδα
1374 4700 1554 4751 πᾶσαν
1588 4695 1732 4760 ἰδὼν,

165 4800 254 4852 καί
278 4815 423 4859 τινος
445 4797 657 4865 ἀφάτου
679 4795 775 4864 τὴν
797 4793 1022 4864 καρδίαν
1040 4789 1348 4862 πληρωθεὶς
1372 4790 1732 4860 εὐφροσύνης,

165 4891 406 4961 ἁρπάζει
483 4889 827 4957 παραχρῆμα
873 4886 969 4938 τὸν
1030 4883 1220 4955 καιρὸν
1260 4882 1356 4935 καί
1399 4898 1414 4913 ο
1449 4877 1521 4933 Ὦ
1570 4881 1732 4933 πατέ-

166 4994 253 5042 ρες
287 4980 346 5028 ἐν
382 4973 598 5044 Κυρίῳ,
638 4975 731 5027 καὶ
760 4973 945 5036 τέκνα,
975 4972 1070 5025 καὶ
1089 4971 1327 5040 ἀδελφοὶ,
1355 4970 1520 5040 φησὶ,
1551 4969 1732 5033 δεῦτε,

165 5071 316 5137 κοινῇ
363 5066 659 5134 ἀποδῶμεν
717 5064 876 5128 δόξαν
933 5062 1050 5132 Θεῷ
1095 5063 1175 5132 τῷ
1207 5061 1539 5133 θαυμαστῶς
1591 5061 1734 5114 οὕτω

163 5165 254 5217 καὶ
282 5163 624 5234 ἀπορῤήτως
664 5160 732 5215 τὰ
772 5161 870 5229 τῆς
911 5157 1089 5228 ψυχῆς
1117 5157 1274 5228 ὑμῶν
1305 5156 1598 5226 φωτίσαντι
1631 5155 1735 5225 δμ-

161 5272 328 5324 ματα,
389 5256 490 5305 καὶ
548 5253 740 5306 λάϐετε
781 5251 882 5322 τήν
930 5250 1201 5318 σφραγῖδα
1243 5249 1339 5302 τοῦ
1378 5247 1730 5316 Πνεύματος·

164 5343 499 5415 προσέλθετε
561 5343 698 5414 πρὸς
755 5343 938 5407 αὐτον,
981 5342 1073 5396 καὶ
1122 5339 1474 5408 φωτίσθητε,
1525 5340 1619 5391 καὶ
1668 5339 1738 5391 τὰ

164 5439 445 5511 πρόσωπα
490 5437 646 5508 ὑμῶν
700 5436 764 5488 οὐ
806 5435 883 5506 μὴ
930 5433 1324 5505 καταισχυνθῇ.
1361 5432 1584 5493 Τούτοις
1630 5433 1741 5495 τοῖς

163 5531 347 5601 λόγοις
380 5531 478 5584 καὶ
526 5532 629 5600 τὴν
663 5530 762 5600 τῆς
815 5528 1051 5592 πίστεως
1103 5526 1343 5598 συνείρει
1366 5525 1737 5587 διδασκαλίαν,

164 5626 258 5679 καὶ
291 5626 444 5688 ὅπως
472 5621 579 5695 χρὴ
607 5621 893 5676 πιστεύειν
925 5621 1235 5686 διεξελθὼν,
1265 5620 1363 5688 τῆς
1398 5619 1484 5674 διὰ
1511 5618 1606 5673 τοῦ
1640 5619 1736 5688 βα-

1841 4619 1867 4657 a
1897 4603 2311 4660 simulacrorum
2368 4595 2627 4648 liberaret
2688 4588 2940 4656 caligine.
2988 4581 3139 4649 Quod
3189 4578 3410 4648 quidem

1838 4710 1958 4750 cum
1987 4693 2074 4746 ille
2100 4692 2288 4746 beatus
2318 4687 2537 4740 vidisset
2557 4691 2750 4751 praeter
2778 4691 2993 4732 omnem
3020 4689 3192 4742 spem,
3221 4667 3410 4725 ineﬂa-

1841 4787 1932 4841 bili
1958 4785 2010 4839 in
2040 4783 2207 4837 corde
2254 4778 2492 4848 repletus
2524 4768 2730 4837 laetitia,
2775 4778 2996 4838 repente
3040 4776 3250 4832 tempus
3279 4774 3412 4829 quo-

1838 4893 1944 4948 que
1989 4877 2202 4944 arripit.
2250 4866 2420 4926 et:0
2471 4877 2654 4938 patres
2705 4865 2758 4918 in
2814 4860 3076 4920 Domino,
3117 4865 3171 4912 et
3210 4852 3326 4918 lilii,
3357 4859 3413 4907 et

1830 4945 2043 5032 fratres,
2076 4967 2265 5037 inquit,
2299 4965 2504 5027 adeste,
2530 4971 2585 5015 et
2616 4958 2729 5012 Deo
2758 4955 2922 5012 simul
2971 4951 3260 5008 reddamus
3291 4945 3408 5017 glo-

1832 5063 1991 5127 riam,
2051 5062 2142 5130 qui
2170 5069 2278 5112 tam
2309 5053 2701 5111 admirabiliter
2737 5062 2788 5106 et
2838 5061 3036 5103 arcane
3086 5038 3411 5098 illuminavit

1836 5165 2046 5211 vestros
2073 5155 2265 5207 animat
2295 5150 2482 5206 oculos
2515 5164 2529 5200 :
2564 5155 2625 5202 et-
2643 5145 2873 5214 accipite
2930 5136 3268 5208 signaculum
3299 5133 3410 5201 spi-

1836 5249 1991 5303 ritus.
2015 5245 2267 5299 Accedite
2296 5244 2365 5295 ad
2394 5241 2591 5310 ipsum,
2624 5247 2678 5292 et
2704 5229 3084 5290 illuminamini
3107 5246 3120 5282 :
3141 5237 3195 5280 et
3242 5221 3409 5276 vestri

1836 5340 2016 5394 vultus
2039 5338 2239 5406 pudore
2285 5347 2620 5402 nequaquam
2655 5327 2951 5382 aﬂlcientur
2985 5325 3050 5374 ι’.
3079 5319 3175 5373 His
3228 5315 3408 5372 verbis

1839 5431 2118 5500 coniungit
2148 5431 2310 5484 etiam
2346 5419 2648 5480 doctrinam
2684 5420 2946 5474 veritatis.
2981 5414 3046 5469 Et
3087 5427 3230 5475 cum,
3275 5421 3409 5478 quo-

1840 5526 1998 5580 modo
2030 5522 2251 5577 credere
2283 5526 2549 5592 Oporteat,
2575 5512 2758 5570 verbis
2780 5518 2923 5567 esset
2948 5513 3288 5580 persecutus,
3313 5514 3408 5556 eos

1837 5617 1890 5670 in
1920 5616 2150 5670 ﬁliorum
2181 5610 2517 5680 adoptionem
2539 5597 2755 5661 asciscit
2784 5618 2876 5673 per
2904 5598 3252 5671 baptismum,
3282 5607 3404 5646 cum

234 5788 276 5819 "
311 5785 455 5846 Psal.
494 5804 686 5857 cxvm,
725 5786 812 5854 77,
842 5796 894 5844 et
927 5785 1052 5842 alibi
1104 5785 1326 5854 passim.
1407 5784 1449 5817 "
1501 5781 1638 5839 Psal.
1690 5795 1877 5847 uxr",
1911 5778 1965 5834 6.
