  <div class='ocr_page' id='page_1' title='image "/cluster/home/n/w/nwhite01/storage/ocr_20150623/115/pst.000005714285/051.png"; bbox 0 0 4208 6300; ppageno 0'>
   <div class='ocr_carea' id='block_1_1' title="bbox 755 359 3988 435">
    <p class='ocr_par' dir='ltr' id='par_1_1' title="bbox 755 359 3988 435">
     <span class='ocr_line' id='line_1_1' title="bbox 755 359 3988 435; baseline -0.004 -2"><span class='ocrx_word' id='word_1_1' title='bbox 755 372 826 435; x_wconf 74' lang='lat'><strong>59</strong></span> <span class='ocrx_word' id='word_1_2' title='bbox 2019 369 2306 431; x_wconf 81' lang='lat' dir='ltr'><strong>MENSIS</strong></span> <span class='ocrx_word' id='word_1_3' title='bbox 2347 368 2717 428; x_wconf 73' lang='lat' dir='ltr'><strong>MAHTIUS.</strong></span> <span class='ocrx_word' id='word_1_4' title='bbox 3922 359 3988 421; x_wconf 83' lang='lat'><strong>60</strong></span> 
     </span>
    </p>
   </div>
   <div class='ocr_carea' id='block_1_2' title="bbox 753 473 2415 554">
    <p class='ocr_par' dir='ltr' id='par_1_2' title="bbox 753 483 2397 554">
     <span class='ocr_line' id='line_1_2' title="bbox 753 483 2397 554; baseline -0.002 -15"><span class='ocrx_word' id='word_1_5' title='bbox 753 492 931 539; x_wconf 83' lang='lat' dir='ltr'><strong>essent</strong></span> <span class='ocrx_word' id='word_1_6' title='bbox 962 497 1186 537; x_wconf 89' lang='lat' dir='ltr'><strong>numero</strong></span> <span class='ocrx_word' id='word_1_7' title='bbox 1215 483 1357 538; x_wconf 86' lang='lat' dir='ltr'><strong>circa</strong></span> <span class='ocrx_word' id='word_1_8' title='bbox 1405 484 1566 537; x_wconf 86' lang='lat' dir='ltr'><strong>mille.</strong></span> <span class='ocrx_word' id='word_1_9' title='bbox 1598 483 1663 537; x_wconf 89' lang='lat' dir='ltr'><strong>Et</strong></span> <span class='ocrx_word' id='word_1_10' title='bbox 1702 485 1953 554; x_wconf 78' lang='lat' dir='ltr'><strong>deinceps</strong></span> <span class='ocrx_word' id='word_1_11' title='bbox 1974 494 2090 541; x_wconf 80' lang='lat' dir='ltr'><strong>erat</strong></span> <span class='ocrx_word' id='word_1_12' title='bbox 2123 483 2321 539; x_wconf 88' lang='lat' dir='ltr'><strong>multus</strong></span> <span class='ocrx_word' id='word_1_13' title='bbox 2346 486 2397 544; x_wconf 76' lang='grc' dir='ltr'><strong>Δ</strong></span> 
     </span>
    </p>
   </div>
   <div class='ocr_carea' id='block_1_3' title="bbox 2329 473 3991 554">
    <p class='ocr_par' dir='ltr' id='par_1_3' title="bbox 2346 473 3991 551">
     <span class='ocr_line' id='line_1_3' title="bbox 2346 473 3991 551; baseline -0.002 -18"><span class='ocrx_word' id='word_1_14' title='bbox 2346 486 2397 544; x_wconf 75' lang='grc' dir='ltr'><strong>Δ</strong></span> <span class='ocrx_word' id='word_1_15' title='bbox 2428 481 2730 551; x_wconf 85' lang='grc' dir='ltr'>πτίσματος</span> <span class='ocrx_word' id='word_1_16' title='bbox 2775 478 2974 542; x_wconf 68' lang='grc' dir='ltr'>αὐτοὺς</span> <span class='ocrx_word' id='word_1_17' title='bbox 3003 477 3278 540; x_wconf 75' lang='grc' dir='ltr'><strong>υἱοθεσίας</strong></span> <span class='ocrx_word' id='word_1_18' title='bbox 3335 474 3585 544; x_wconf 76' lang='grc' dir='ltr'>καταξιοί</span> <span class='ocrx_word' id='word_1_19' title='bbox 3615 473 3741 545; x_wconf 81' lang='grc' dir='ltr'>περί</span> <span class='ocrx_word' id='word_1_20' title='bbox 3776 492 3879 528; x_wconf 84' lang='grc' dir='ltr'><strong>που</strong></span> <span class='ocrx_word' id='word_1_21' title='bbox 3910 496 3991 545; x_wconf 80' lang='grc' dir='ltr'><strong>χι·</strong></span> 
     </span>
    </p>
   </div>
   <div class='ocr_carea' id='block_1_4' title="bbox 754 575 2317 644">
    <p class='ocr_par' dir='ltr' id='par_1_4' title="bbox 754 575 2317 644">
     <span class='ocr_line' id='line_1_4' title="bbox 754 575 2317 644; baseline 0.002 -14"><span class='ocrx_word' id='word_1_22' title='bbox 754 580 805 630; x_wconf 92' lang='lat' dir='ltr'><strong>iu</strong></span> <span class='ocrx_word' id='word_1_23' title='bbox 832 576 914 631; x_wconf 87' lang='lat' dir='ltr'><strong>eis</strong></span> <span class='ocrx_word' id='word_1_24' title='bbox 940 575 1179 644; x_wconf 79' lang='lat' dir='ltr'><strong>quotidie</strong></span> <span class='ocrx_word' id='word_1_25' title='bbox 1205 576 1556 631; x_wconf 85' lang='lat' dir='ltr'><strong>admonendis</strong></span> <span class='ocrx_word' id='word_1_26' title='bbox 1594 585 1648 631; x_wconf 87' lang='lat' dir='ltr'><strong>et</strong></span> <span class='ocrx_word' id='word_1_27' title='bbox 1685 578 1966 633; x_wconf 82' lang='lat' dir='ltr'><strong>docendis.</strong></span> <span class='ocrx_word' id='word_1_28' title='bbox 2002 576 2081 632; x_wconf 92' lang='lat' dir='ltr'><strong>llli</strong></span> <span class='ocrx_word' id='word_1_29' title='bbox 2135 592 2317 635; x_wconf 88' lang='lat' dir='ltr'><strong>autem</strong></span> 
     </span>
    </p>
   </div>
   <div class='ocr_carea' id='block_1_5' title="bbox 757 666 2319 741">
    <p class='ocr_par' dir='ltr' id='par_1_5' title="bbox 757 666 2319 741">
     <span class='ocr_line' id='line_1_5' title="bbox 757 666 2319 741; baseline 0.003 -18"><span class='ocrx_word' id='word_1_30' title='bbox 757 677 1009 733; x_wconf 79' lang='lat' dir='ltr'><strong>tanquam</strong></span> <span class='ocrx_word' id='word_1_31' title='bbox 1064 666 1202 719; x_wconf 89' lang='lat' dir='ltr'><strong>bona</strong></span> <span class='ocrx_word' id='word_1_32' title='bbox 1240 674 1403 731; x_wconf 88' lang='lat' dir='ltr'><strong>terra,</strong></span> <span class='ocrx_word' id='word_1_33' title='bbox 1427 677 1488 727; x_wconf 91' lang='lat' dir='ltr'><strong>_et</strong></span> <span class='ocrx_word' id='word_1_34' title='bbox 1536 668 1771 737; x_wconf 80' lang='lat' dir='ltr'><strong>pinguis.</strong></span> <span class='ocrx_word' id='word_1_35' title='bbox 1805 678 1858 723; x_wconf 86' lang='lat' dir='ltr'><strong>et</strong></span> <span class='ocrx_word' id='word_1_36' title='bbox 1888 671 2043 738; x_wconf 80' lang='lat' dir='ltr'><strong>aquis</strong></span> <span class='ocrx_word' id='word_1_37' title='bbox 2093 672 2319 741; x_wconf 78' lang='lat' dir='ltr'><strong>irrigua,</strong></span> 
     </span>
    </p>
   </div>
   <div class='ocr_carea' id='block_1_6' title="bbox 753 758 2321 827">
    <p class='ocr_par' dir='ltr' id='par_1_6' title="bbox 753 758 2321 827">
     <span class='ocr_line' id='line_1_6' title="bbox 753 758 2321 827; baseline 0.002 -14"><span class='ocrx_word' id='word_1_38' title='bbox 753 761 1102 814; x_wconf 89' lang='lat' dir='ltr'><strong>reddiderunt</strong></span> <span class='ocrx_word' id='word_1_39' title='bbox 1154 758 1359 812; x_wconf 79' lang='lat' dir='ltr'><strong>fructus</strong></span> <span class='ocrx_word' id='word_1_40' title='bbox 1404 760 1788 827; x_wconf 74' lang='lat' dir='ltr'><strong>multiplicatos</strong></span> <span class='ocrx_word' id='word_1_41' title='bbox 1825 760 2125 815; x_wconf 89' lang='lat' dir='ltr'><strong>divinorum</strong></span> <span class='ocrx_word' id='word_1_42' title='bbox 2157 764 2321 817; x_wconf 89' lang='lat' dir='ltr'><strong>semi-</strong></span> 
     </span>
    </p>
   </div>
   <div class='ocr_carea' id='block_1_7' title="bbox 755 850 2323 924">
    <p class='ocr_par' dir='ltr' id='par_1_7' title="bbox 755 850 2323 924">
     <span class='ocr_line' id='line_1_7' title="bbox 755 850 2323 924; baseline 0.003 -21"><span class='ocrx_word' id='word_1_43' title='bbox 755 865 906 903; x_wconf 88' lang='lat' dir='ltr'><strong>num.</strong></span> <span class='ocrx_word' id='word_1_44' title='bbox 968 850 1143 918; x_wconf 84' lang='lat' dir='ltr'><strong>Atque</strong></span> <span class='ocrx_word' id='word_1_45' title='bbox 1193 865 1367 905; x_wconf 85' lang='lat' dir='ltr'><strong>annos</strong></span> <span class='ocrx_word' id='word_1_46' title='bbox 1421 850 1638 920; x_wconf 86' lang='lat' dir='ltr'><strong>quidem</strong></span> <span class='ocrx_word' id='word_1_47' title='bbox 1689 852 1851 907; x_wconf 88' lang='lat' dir='ltr'><strong>inhis</strong></span> <span class='ocrx_word' id='word_1_48' title='bbox 1877 866 2224 924; x_wconf 89' lang='lat' dir='ltr'><strong>consumptus</strong></span> <span class='ocrx_word' id='word_1_49' title='bbox 2255 854 2323 908; x_wconf 89' lang='lat' dir='ltr'><strong>ab</strong></span> 
     </span>
    </p>
   </div>
   <div class='ocr_carea' id='block_1_8' title="bbox 754 941 1029 997">
    <p class='ocr_par' dir='ltr' id='par_1_8' title="bbox 754 941 1029 997">
     <span class='ocr_line' id='line_1_8' title="bbox 754 941 1029 997; baseline 0 -3"><span class='ocrx_word' id='word_1_50' title='bbox 754 941 1029 997; x_wconf 76' lang='lat' dir='ltr'><strong>Abramio.</strong></span> 
     </span>
    </p>
   </div>
   <div class='ocr_carea' id='block_1_9' title="bbox 826 1120 2325 1187">
    <p class='ocr_par' dir='ltr' id='par_1_9' title="bbox 826 1120 2325 1187">
     <span class='ocr_line' id='line_1_9' title="bbox 826 1120 2325 1187; baseline 0.004 -12"><span class='ocrx_word' id='word_1_51' title='bbox 826 1120 969 1179; x_wconf 79' lang='lat' dir='ltr'>XIII.</span> <span class='ocrx_word' id='word_1_52' title='bbox 996 1123 1198 1177; x_wconf 84' lang='lat' dir='ltr'><strong>Deinde</strong></span> <span class='ocrx_word' id='word_1_53' title='bbox 1228 1125 1445 1187; x_wconf 87' lang='lat' dir='ltr'><strong>timens,</strong></span> <span class='ocrx_word' id='word_1_54' title='bbox 1480 1139 1566 1187; x_wconf 84' lang='lat' dir='ltr'><strong>ne,</strong></span> <span class='ocrx_word' id='word_1_55' title='bbox 1598 1125 1725 1178; x_wconf 89' lang='lat' dir='ltr'><strong>dum</strong></span> <span class='ocrx_word' id='word_1_56' title='bbox 1763 1125 1814 1178; x_wconf 92' lang='lat' dir='ltr'><strong>in</strong></span> <span class='ocrx_word' id='word_1_57' title='bbox 1836 1124 1937 1179; x_wconf 77' lang='lat' dir='ltr'><strong>vici</strong></span> <span class='ocrx_word' id='word_1_58' title='bbox 1973 1126 2121 1178; x_wconf 82' lang='lat' dir='ltr'><strong>curis</strong></span> <span class='ocrx_word' id='word_1_59' title='bbox 2147 1141 2325 1181; x_wconf 78' lang='lat' dir='ltr'><strong>versa-</strong></span> 
     </span>
    </p>
   </div>
   <div class='ocr_carea' id='block_1_10' title="bbox 758 1211 2325 1283">
    <p class='ocr_par' dir='ltr' id='par_1_10' title="bbox 758 1211 2325 1283">
     <span class='ocr_line' id='line_1_10' title="bbox 758 1211 2325 1283; baseline 0.004 -21"><span class='ocrx_word' id='word_1_60' title='bbox 758 1217 913 1264; x_wconf 87' lang='lat' dir='ltr'><strong>retur</strong></span> <span class='ocrx_word' id='word_1_61' title='bbox 934 1219 989 1264; x_wconf 92' lang='lat' dir='ltr'><strong>et</strong></span> <span class='ocrx_word' id='word_1_62' title='bbox 1019 1211 1356 1276; x_wconf 85' lang='lat' dir='ltr'><strong>tumultibus,</strong></span> <span class='ocrx_word' id='word_1_63' title='bbox 1382 1214 1490 1275; x_wconf 77' lang='lat' dir='ltr'><strong>sibi</strong></span> <span class='ocrx_word' id='word_1_64' title='bbox 1541 1214 1721 1283; x_wconf 82' lang='lat' dir='ltr'><strong>aliqua</strong></span> <span class='ocrx_word' id='word_1_65' title='bbox 1753 1228 1812 1268; x_wconf 90' lang='lat' dir='ltr'><strong>re</strong></span> <span class='ocrx_word' id='word_1_66' title='bbox 1839 1214 2141 1281; x_wconf 72' lang='lat' dir='ltr'><strong>indulgeret</strong></span> <span class='ocrx_word' id='word_1_67' title='bbox 2163 1230 2228 1269; x_wconf 76' lang='lat' dir='ltr'><strong>es</strong></span> <span class='ocrx_word' id='word_1_68' title='bbox 2260 1216 2325 1269; x_wconf 86' lang='lat' dir='ltr'><strong>iis</strong></span> 
     </span>
    </p>
   </div>
   <div class='ocr_carea' id='block_1_11' title="bbox 753 1301 2326 1375">
    <p class='ocr_par' dir='ltr' id='par_1_11' title="bbox 753 1301 2326 1375">
     <span class='ocr_line' id='line_1_11' title="bbox 753 1301 2326 1375; baseline 0.008 -26"><span class='ocrx_word' id='word_1_69' title='bbox 753 1313 873 1368; x_wconf 77' lang='lat' dir='ltr'><strong>qua:</strong></span> <span class='ocrx_word' id='word_1_70' title='bbox 900 1301 967 1354; x_wconf 90' lang='lat' dir='ltr'><strong>ad</strong></span> <span class='ocrx_word' id='word_1_71' title='bbox 1002 1301 1200 1356; x_wconf 86' lang='lat' dir='ltr'><strong>victum</strong></span> <span class='ocrx_word' id='word_1_72' title='bbox 1227 1302 1500 1372; x_wconf 71' lang='lat' dir='ltr'><strong>pertinent</strong></span> <span class='ocrx_word' id='word_1_73' title='bbox 1528 1319 1544 1357; x_wconf 92' lang='lat'><strong>:</strong></span> <span class='ocrx_word' id='word_1_74' title='bbox 1576 1318 1808 1372; x_wconf 89' lang='lat' dir='ltr'><strong>cumque</strong></span> <span class='ocrx_word' id='word_1_75' title='bbox 1837 1305 1947 1373; x_wconf 88' lang='lat' dir='ltr'><strong>jam</strong></span> <span class='ocrx_word' id='word_1_76' title='bbox 1978 1304 2183 1360; x_wconf 82' lang='lat' dir='ltr'><strong>videret</strong></span> <span class='ocrx_word' id='word_1_77' title='bbox 2205 1322 2326 1375; x_wconf 72' lang='lat' dir='ltr'><strong>gre-</strong></span> 
     </span>
    </p>
   </div>
   <div class='ocr_carea' id='block_1_12' title="bbox 761 1389 2323 1462">
    <p class='ocr_par' dir='ltr' id='par_1_12' title="bbox 761 1389 2323 1462">
     <span class='ocr_line' id='line_1_12' title="bbox 761 1389 2323 1462; baseline 0.006 -22"><span class='ocrx_word' id='word_1_78' title='bbox 761 1404 880 1456; x_wconf 75' lang='lat' dir='ltr'><strong>gem</strong></span> <span class='ocrx_word' id='word_1_79' title='bbox 914 1389 1214 1458; x_wconf 83' lang='lat' dir='ltr'><strong>perlectum</strong></span> <span class='ocrx_word' id='word_1_80' title='bbox 1248 1401 1301 1445; x_wconf 93' lang='lat' dir='ltr'><strong>et</strong></span> <span class='ocrx_word' id='word_1_81' title='bbox 1349 1395 1650 1449; x_wconf 81' lang='lat' dir='ltr'><strong>absolutum</strong></span> <span class='ocrx_word' id='word_1_82' title='bbox 1681 1393 1732 1446; x_wconf 88' lang='lat' dir='ltr'><strong>in</strong></span> <span class='ocrx_word' id='word_1_83' title='bbox 1787 1393 1985 1448; x_wconf 92' lang='lat' dir='ltr'><strong>divinis</strong></span> <span class='ocrx_word' id='word_1_84' title='bbox 2037 1396 2323 1462; x_wconf 78' lang='lat' dir='ltr'><strong>mandatis,</strong></span> 
     </span>
    </p>
   </div>
   <div class='ocr_carea' id='block_1_13' title="bbox 756 1478 2323 1547">
    <p class='ocr_par' dir='ltr' id='par_1_13' title="bbox 756 1478 2323 1547">
     <span class='ocr_line' id='line_1_13' title="bbox 756 1478 2323 1547; baseline 0.006 -17"><span class='ocrx_word' id='word_1_85' title='bbox 756 1478 944 1531; x_wconf 84' lang='lat' dir='ltr'><strong>statuit.</strong></span> <span class='ocrx_word' id='word_1_86' title='bbox 973 1480 1036 1531; x_wconf 93' lang='lat' dir='ltr'><strong>ad</strong></span> <span class='ocrx_word' id='word_1_87' title='bbox 1071 1479 1303 1547; x_wconf 86' lang='lat' dir='ltr'><strong>priorem</strong></span> <span class='ocrx_word' id='word_1_88' title='bbox 1335 1481 1534 1535; x_wconf 78' lang='lat' dir='ltr'><strong>reverti</strong></span> <span class='ocrx_word' id='word_1_89' title='bbox 1590 1481 1962 1537; x_wconf 75' lang='lat' dir='ltr'><strong>solitudinem.</strong></span> <span class='ocrx_word' id='word_1_90' title='bbox 1994 1483 2130 1538; x_wconf 84' lang='lat' dir='ltr'><strong>Cum</strong></span> <span class='ocrx_word' id='word_1_91' title='bbox 2161 1496 2323 1539; x_wconf 87' lang='lat' dir='ltr'><strong>noctu</strong></span> 
     </span>
    </p>
   </div>
   <div class='ocr_carea' id='block_1_14' title="bbox 758 1569 2327 1642">
    <p class='ocr_par' dir='ltr' id='par_1_14' title="bbox 758 1569 2327 1642">
     <span class='ocr_line' id='line_1_14' title="bbox 758 1569 2327 1642; baseline 0.008 -24"><span class='ocrx_word' id='word_1_92' title='bbox 758 1569 939 1637; x_wconf 79' lang='lat' dir='ltr'><strong>itaque</strong></span> <span class='ocrx_word' id='word_1_93' title='bbox 998 1571 1351 1633; x_wconf 76' lang='lat' dir='ltr'><strong>surrexisset,</strong></span> <span class='ocrx_word' id='word_1_94' title='bbox 1384 1572 1635 1630; x_wconf 86' lang='lat' dir='ltr'><strong>dicebat:</strong></span> <span class='ocrx_word' id='word_1_95' title='bbox 1672 1571 1918 1635; x_wconf 84' lang='lat' dir='ltr'><strong>Domine,</strong></span> <span class='ocrx_word' id='word_1_96' title='bbox 1947 1576 2039 1642; x_wconf 85' lang='lat' dir='ltr'><strong>qui</strong></span> <span class='ocrx_word' id='word_1_97' title='bbox 2087 1589 2147 1629; x_wconf 79' lang='lat' dir='ltr'><strong>es</strong></span> <span class='ocrx_word' id='word_1_98' title='bbox 2178 1578 2327 1632; x_wconf 88' lang='lat' dir='ltr'><strong>solus</strong></span> 
     </span>
    </p>
   </div>
   <div class='ocr_carea' id='block_1_15' title="bbox 759 1661 2325 1736">
    <p class='ocr_par' dir='ltr' id='par_1_15' title="bbox 759 1661 2325 1736">
     <span class='ocr_line' id='line_1_15' title="bbox 759 1661 2325 1736; baseline 0.006 -25"><span class='ocrx_word' id='word_1_99' title='bbox 759 1662 955 1722; x_wconf 85' lang='lat' dir='ltr'><strong>bonus,</strong></span> <span class='ocrx_word' id='word_1_100' title='bbox 983 1661 1077 1727; x_wconf 87' lang='lat' dir='ltr'><strong>qui</strong></span> <span class='ocrx_word' id='word_1_101' title='bbox 1114 1662 1264 1715; x_wconf 87' lang='lat' dir='ltr'><strong>solus</strong></span> <span class='ocrx_word' id='word_1_102' title='bbox 1291 1679 1350 1717; x_wconf 88' lang='lat' dir='ltr'><strong>es</strong></span> <span class='ocrx_word' id='word_1_103' title='bbox 1376 1664 1661 1717; x_wconf 88' lang='lat' dir='ltr'><strong>immemor</strong></span> <span class='ocrx_word' id='word_1_104' title='bbox 1691 1676 1924 1733; x_wconf 73' lang='lat' dir='ltr'><strong>acceptae</strong></span> <span class='ocrx_word' id='word_1_105' title='bbox 1974 1666 2200 1734; x_wconf 69' lang='lat' dir='ltr'><strong>injuriae,</strong></span> <span class='ocrx_word' id='word_1_106' title='bbox 2235 1670 2325 1736; x_wconf 92' lang='lat' dir='ltr'><strong>qui</strong></span> 
     </span>
    </p>
   </div>
   <div class='ocr_carea' id='block_1_16' title="bbox 759 1751 2325 1813">
    <p class='ocr_par' dir='ltr' id='par_1_16' title="bbox 759 1751 2325 1813">
     <span class='ocr_line' id='line_1_16' title="bbox 759 1751 2325 1813; baseline 0.006 -10"><span class='ocrx_word' id='word_1_107' title='bbox 759 1751 898 1805; x_wconf 85' lang='lat' dir='ltr'><strong>hanc</strong></span> <span class='ocrx_word' id='word_1_108' title='bbox 925 1766 1111 1805; x_wconf 84' lang='lat' dir='ltr'><strong>recens</strong></span> <span class='ocrx_word' id='word_1_109' title='bbox 1134 1753 1412 1807; x_wconf 84' lang='lat' dir='ltr'><strong>collectam</strong></span> <span class='ocrx_word' id='word_1_110' title='bbox 1439 1753 1834 1808; x_wconf 77' lang='lat' dir='ltr'><strong>multitudinem</strong></span> <span class='ocrx_word' id='word_1_111' title='bbox 1862 1756 2067 1812; x_wconf 82' lang='lat' dir='ltr'><strong>solvisti</strong></span> <span class='ocrx_word' id='word_1_112' title='bbox 2093 1772 2123 1810; x_wconf 91' lang='lat' dir='ltr'><strong>a</strong></span> <span class='ocrx_word' id='word_1_113' title='bbox 2141 1758 2325 1813; x_wconf 90' lang='lat' dir='ltr'><strong>vincu-</strong></span> 
     </span>
    </p>
   </div>
   <div class='ocr_carea' id='block_1_17' title="bbox 762 1838 2322 1912">
    <p class='ocr_par' dir='ltr' id='par_1_17' title="bbox 762 1838 2322 1912">
     <span class='ocr_line' id='line_1_17' title="bbox 762 1838 2322 1912; baseline 0.008 -21"><span class='ocrx_word' id='word_1_114' title='bbox 762 1838 828 1891; x_wconf 83' lang='lat' dir='ltr'><strong>lis</strong></span> <span class='ocrx_word' id='word_1_115' title='bbox 859 1842 1176 1905; x_wconf 76' lang='lat' dir='ltr'><strong>adversarii,</strong></span> <span class='ocrx_word' id='word_1_116' title='bbox 1212 1854 1262 1895; x_wconf 89' lang='lat' dir='ltr'><strong>et</strong></span> <span class='ocrx_word' id='word_1_117' title='bbox 1287 1859 1385 1911; x_wconf 85' lang='lat' dir='ltr'><strong>per</strong></span> <span class='ocrx_word' id='word_1_118' title='bbox 1410 1858 1553 1909; x_wconf 90' lang='lat' dir='ltr'><strong>eam,</strong></span> <span class='ocrx_word' id='word_1_119' title='bbox 1574 1858 1734 1912; x_wconf 88' lang='lat' dir='ltr'><strong>quam</strong></span> <span class='ocrx_word' id='word_1_120' title='bbox 1768 1847 1819 1899; x_wconf 89' lang='lat' dir='ltr'><strong>in</strong></span> <span class='ocrx_word' id='word_1_121' title='bbox 1843 1857 1894 1900; x_wconf 89' lang='lat' dir='ltr'><strong>te</strong></span> <span class='ocrx_word' id='word_1_122' title='bbox 1918 1848 2137 1910; x_wconf 83' lang='lat' dir='ltr'><strong>habent,</strong></span> <span class='ocrx_word' id='word_1_123' title='bbox 2164 1850 2322 1903; x_wconf 85' lang='lat' dir='ltr'><strong>tidem</strong></span> 
     </span>
    </p>
   </div>
   <div class='ocr_carea' id='block_1_18' title="bbox 763 1930 2325 2007">
    <p class='ocr_par' dir='ltr' id='par_1_18' title="bbox 763 1930 2325 2007">
     <span class='ocr_line' id='line_1_18' title="bbox 763 1930 2325 2007; baseline 0.009 -26"><span class='ocrx_word' id='word_1_124' title='bbox 763 1940 852 1984; x_wconf 85' lang='lat' dir='ltr'><strong>tuo</strong></span> <span class='ocrx_word' id='word_1_125' title='bbox 880 1930 1144 2001; x_wconf 76' lang='lat' dir='ltr'><strong>colligasti</strong></span> <span class='ocrx_word' id='word_1_126' title='bbox 1180 1932 1393 1985; x_wconf 77' lang='lat' dir='ltr'><strong>vinculo</strong></span> <span class='ocrx_word' id='word_1_127' title='bbox 1425 1951 1440 1987; x_wconf 87' lang='lat'>:</span> <span class='ocrx_word' id='word_1_128' title='bbox 1470 1948 1727 1989; x_wconf 74' lang='lat' dir='ltr'><strong>conserva</strong></span> <span class='ocrx_word' id='word_1_129' title='bbox 1764 1937 1902 1991; x_wconf 86' lang='lat' dir='ltr'><strong>hunc</strong></span> <span class='ocrx_word' id='word_1_130' title='bbox 1930 1954 2149 2007; x_wconf 82' lang='lat' dir='ltr'><strong>parvum</strong></span> <span class='ocrx_word' id='word_1_131' title='bbox 2176 1950 2325 1996; x_wconf 86' lang='lat' dir='ltr'><strong>tuum</strong></span> 
     </span>
    </p>
   </div>
   <div class='ocr_carea' id='block_1_19' title="bbox 762 2022 2325 2100">
    <p class='ocr_par' dir='ltr' id='par_1_19' title="bbox 762 2022 2325 2100">
     <span class='ocr_line' id='line_1_19' title="bbox 762 2022 2325 2100; baseline 0.012 -32"><span class='ocrx_word' id='word_1_132' title='bbox 762 2034 978 2089; x_wconf 70' lang='lat' dir='ltr'><strong>gregem</strong></span> <span class='ocrx_word' id='word_1_133' title='bbox 1007 2022 1264 2077; x_wconf 87' lang='lat' dir='ltr'><strong>invictum</strong></span> <span class='ocrx_word' id='word_1_134' title='bbox 1292 2023 1358 2076; x_wconf 84' lang='lat' dir='ltr'><strong>ab</strong></span> <span class='ocrx_word' id='word_1_135' title='bbox 1382 2024 1593 2079; x_wconf 84' lang='lat' dir='ltr'><strong>insidiis</strong></span> <span class='ocrx_word' id='word_1_136' title='bbox 1612 2027 1937 2090; x_wconf 64' lang='lat' dir='ltr'><strong>daemonum,</strong></span> <span class='ocrx_word' id='word_1_137' title='bbox 1958 2045 2052 2084; x_wconf 87' lang='lat' dir='ltr'><strong>eos</strong></span> <span class='ocrx_word' id='word_1_138' title='bbox 2073 2041 2325 2100; x_wconf 84' lang='lat' dir='ltr'><strong>tanquam</strong></span> 
     </span>
    </p>
   </div>
   <div class='ocr_carea' id='block_1_20' title="bbox 764 2111 2327 2186">
    <p class='ocr_par' dir='ltr' id='par_1_20' title="bbox 764 2111 2327 2186">
     <span class='ocr_line' id='line_1_20' title="bbox 764 2111 2327 2186; baseline 0.01 -26"><span class='ocrx_word' id='word_1_139' title='bbox 764 2111 929 2164; x_wconf 87' lang='lat' dir='ltr'><strong>armis</strong></span> <span class='ocrx_word' id='word_1_140' title='bbox 984 2114 1130 2163; x_wconf 89' lang='lat' dir='ltr'><strong>muni</strong></span> <span class='ocrx_word' id='word_1_141' title='bbox 1167 2120 1254 2163; x_wconf 90' lang='lat' dir='ltr'><strong>tua</strong></span> <span class='ocrx_word' id='word_1_142' title='bbox 1290 2117 1643 2178; x_wconf 83' lang='lat' dir='ltr'><strong>protectione,</strong></span> <span class='ocrx_word' id='word_1_143' title='bbox 1680 2127 1733 2169; x_wconf 90' lang='lat' dir='ltr'><strong>et</strong></span> <span class='ocrx_word' id='word_1_144' title='bbox 1771 2133 1893 2170; x_wconf 90' lang='lat' dir='ltr'><strong>eum</strong></span> <span class='ocrx_word' id='word_1_145' title='bbox 1937 2120 2157 2186; x_wconf 75' lang='lat' dir='ltr'><strong>accinge</strong></span> <span class='ocrx_word' id='word_1_146' title='bbox 2207 2120 2327 2175; x_wconf 81' lang='lat' dir='ltr'><strong>forti</strong></span> 
     </span>
    </p>
   </div>
   <div class='ocr_carea' id='block_1_21' title="bbox 766 2202 2332 2277">
    <p class='ocr_par' dir='ltr' id='par_1_21' title="bbox 766 2202 2332 2277">
     <span class='ocr_line' id='line_1_21' title="bbox 766 2202 2332 2277; baseline 0.008 -26"><span class='ocrx_word' id='word_1_147' title='bbox 766 2212 855 2253; x_wconf 87' lang='lat' dir='ltr'><strong>tua</strong></span> <span class='ocrx_word' id='word_1_148' title='bbox 882 2202 1117 2268; x_wconf 89' lang='lat' dir='ltr'><strong>potentia</strong></span> <span class='ocrx_word' id='word_1_149' title='bbox 1145 2220 1160 2257; x_wconf 90' lang='lat'><strong>:</strong></span> <span class='ocrx_word' id='word_1_150' title='bbox 1190 2211 1243 2257; x_wconf 83' lang='lat' dir='ltr'><strong>te</strong></span> <span class='ocrx_word' id='word_1_151' title='bbox 1278 2213 1456 2256; x_wconf 84' lang='lat' dir='ltr'><strong>autem</strong></span> <span class='ocrx_word' id='word_1_152' title='bbox 1482 2206 1770 2274; x_wconf 89' lang='lat' dir='ltr'><strong>propitium</strong></span> <span class='ocrx_word' id='word_1_153' title='bbox 1799 2222 1897 2276; x_wconf 74' lang='lat' dir='ltr'><strong>ego</strong></span> <span class='ocrx_word' id='word_1_154' title='bbox 1922 2222 2136 2277; x_wconf 89' lang='lat' dir='ltr'><strong>quoque</strong></span> <span class='ocrx_word' id='word_1_155' title='bbox 2170 2216 2332 2264; x_wconf 87' lang='lat' dir='ltr'><strong>miser</strong></span> 
     </span>
    </p>
   </div>
   <div class='ocr_carea' id='block_1_22' title="bbox 767 2291 2330 2367">
    <p class='ocr_par' dir='ltr' id='par_1_22' title="bbox 767 2291 2330 2367">
     <span class='ocr_line' id='line_1_22' title="bbox 767 2291 2330 2367; baseline 0.011 -25"><span class='ocrx_word' id='word_1_156' title='bbox 767 2291 1063 2356; x_wconf 79' lang='lat' dir='ltr'><strong>inveniam,</strong></span> <span class='ocrx_word' id='word_1_157' title='bbox 1095 2295 1310 2360; x_wconf 85' lang='lat' dir='ltr'><strong>quando</strong></span> <span class='ocrx_word' id='word_1_158' title='bbox 1331 2295 1593 2361; x_wconf 85' lang='lat' dir='ltr'><strong>judicium</strong></span> <span class='ocrx_word' id='word_1_159' title='bbox 1617 2312 1785 2366; x_wconf 88' lang='lat' dir='ltr'><strong>pones</strong></span> <span class='ocrx_word' id='word_1_160' title='bbox 1817 2298 1868 2352; x_wconf 92' lang='lat' dir='ltr'><strong>in</strong></span> <span class='ocrx_word' id='word_1_161' title='bbox 1900 2314 2071 2367; x_wconf 78' lang='lat' dir='ltr'><strong>Spem,</strong></span> <span class='ocrx_word' id='word_1_162' title='bbox 2098 2309 2150 2354; x_wconf 90' lang='lat' dir='ltr'><strong>et</strong></span> <span class='ocrx_word' id='word_1_163' title='bbox 2169 2303 2330 2358; x_wconf 72' lang='lat' dir='ltr'><strong>mise-</strong></span> 
     </span>
    </p>
   </div>
   <div class='ocr_carea' id='block_1_23' title="bbox 768 2383 2328 2460">
    <p class='ocr_par' dir='ltr' id='par_1_23' title="bbox 768 2383 2328 2460">
     <span class='ocr_line' id='line_1_23' title="bbox 768 2383 2328 2460; baseline 0.011 -26"><span class='ocrx_word' id='word_1_164' title='bbox 768 2383 1057 2436; x_wconf 87' lang='lat' dir='ltr'><strong>ricordiam</strong></span> <span class='ocrx_word' id='word_1_165' title='bbox 1096 2395 1240 2438; x_wconf 85' lang='lat' dir='ltr'><strong>tuam</strong></span> <span class='ocrx_word' id='word_1_166' title='bbox 1302 2386 1356 2441; x_wconf 85' lang='lat' dir='ltr'><strong>in</strong></span> <span class='ocrx_word' id='word_1_167' title='bbox 1406 2390 1641 2445; x_wconf 78' lang='lat' dir='ltr'><strong>trutinis.</strong></span> <span class='ocrx_word' id='word_1_168' title='bbox 1675 2392 1756 2445; x_wconf 87' lang='lat' dir='ltr'><strong>Ad</strong></span> <span class='ocrx_word' id='word_1_169' title='bbox 1814 2395 2019 2460; x_wconf 83' lang='lat' dir='ltr'><strong>peccati</strong></span> <span class='ocrx_word' id='word_1_170' title='bbox 2068 2398 2328 2451; x_wconf 83' lang='lat' dir='ltr'><strong>rationem</strong></span> 
     </span>
    </p>
   </div>
   <div class='ocr_carea' id='block_1_24' title="bbox 769 2473 2332 2554">
    <p class='ocr_par' dir='ltr' id='par_1_24' title="bbox 769 2473 2332 2554">
     <span class='ocr_line' id='line_1_24' title="bbox 769 2473 2332 2554; baseline 0.011 -30"><span class='ocrx_word' id='word_1_171' title='bbox 769 2473 902 2525; x_wconf 87' lang='lat' dir='ltr'><strong>nihil</strong></span> <span class='ocrx_word' id='word_1_172' title='bbox 942 2474 1072 2528; x_wconf 86' lang='lat' dir='ltr'><strong>mihi</strong></span> <span class='ocrx_word' id='word_1_173' title='bbox 1109 2476 1400 2545; x_wconf 88' lang='lat' dir='ltr'><strong>imputetur</strong></span> <span class='ocrx_word' id='word_1_174' title='bbox 1442 2496 1472 2533; x_wconf 86' lang='lat' dir='ltr'><strong>a</strong></span> <span class='ocrx_word' id='word_1_175' title='bbox 1515 2492 1600 2535; x_wconf 88' lang='lat' dir='ltr'><strong>tua</strong></span> <span class='ocrx_word' id='word_1_176' title='bbox 1657 2483 1987 2554; x_wconf 77' lang='lat' dir='ltr'><strong>benignitate</strong></span> <span class='ocrx_word' id='word_1_177' title='bbox 2045 2487 2131 2541; x_wconf 88' lang='lat' dir='ltr'><strong>hic</strong></span> <span class='ocrx_word' id='word_1_178' title='bbox 2182 2504 2332 2543; x_wconf 88' lang='lat' dir='ltr'><strong>meus</strong></span> 
     </span>
    </p>
   </div>
   <div class='ocr_carea' id='block_1_25' title="bbox 764 2564 2334 2643">
    <p class='ocr_par' dir='ltr' id='par_1_25' title="bbox 764 2564 2334 2643">
     <span class='ocr_line' id='line_1_25' title="bbox 764 2564 2334 2643; baseline 0.01 -27"><span class='ocrx_word' id='word_1_179' title='bbox 764 2577 1034 2618; x_wconf 78' lang='lat' dir='ltr'><strong>recessus.</strong></span> <span class='ocrx_word' id='word_1_180' title='bbox 1090 2564 1167 2618; x_wconf 89' lang='lat' dir='ltr'><strong>&#39;I‘u</strong></span> <span class='ocrx_word' id='word_1_181' title='bbox 1200 2571 1342 2622; x_wconf 89' lang='lat' dir='ltr'><strong>enim</strong></span> <span class='ocrx_word' id='word_1_182' title='bbox 1375 2587 1434 2624; x_wconf 87' lang='lat' dir='ltr'><strong>es</strong></span> <span class='ocrx_word' id='word_1_183' title='bbox 1472 2573 1803 2627; x_wconf 86' lang='lat' dir='ltr'><strong>occultorum</strong></span> <span class='ocrx_word' id='word_1_184' title='bbox 1830 2579 2105 2643; x_wconf 78' lang='lat' dir='ltr'><strong>cognitor,</strong></span> <span class='ocrx_word' id='word_1_185' title='bbox 2130 2588 2184 2631; x_wconf 90' lang='lat' dir='ltr'><strong>et</strong></span> <span class='ocrx_word' id='word_1_186' title='bbox 2214 2596 2334 2632; x_wconf 83' lang='lat' dir='ltr'><strong>ror-</strong></span> 
     </span>
    </p>
   </div>
   <div class='ocr_carea' id='block_1_26' title="bbox 767 2655 2333 2734">
    <p class='ocr_par' dir='ltr' id='par_1_26' title="bbox 767 2655 2333 2734">
     <span class='ocr_line' id='line_1_26' title="bbox 767 2655 2333 2734; baseline 0.013 -30"><span class='ocrx_word' id='word_1_187' title='bbox 767 2655 914 2707; x_wconf 75' lang='lat' dir='ltr'><strong>dium</strong></span> <span class='ocrx_word' id='word_1_188' title='bbox 948 2656 1310 2721; x_wconf 79' lang='lat' dir='ltr'><strong>examinator,</strong></span> <span class='ocrx_word' id='word_1_189' title='bbox 1344 2670 1401 2712; x_wconf 82' lang='lat' dir='ltr'><strong>et</strong></span> <span class='ocrx_word' id='word_1_190' title='bbox 1422 2671 1476 2713; x_wconf 91' lang='lat' dir='ltr'><strong>tu</strong></span> <span class='ocrx_word' id='word_1_191' title='bbox 1504 2676 1533 2713; x_wconf 90' lang='lat' dir='ltr'><strong>e</strong></span> <span class='ocrx_word' id='word_1_192' title='bbox 1564 2663 1856 2730; x_wconf 79' lang='lat' dir='ltr'><strong>longinquo</strong></span> <span class='ocrx_word' id='word_1_193' title='bbox 1889 2670 2183 2734; x_wconf 79' lang='lat' dir='ltr'><strong>cOgnovisti</strong></span> <span class='ocrx_word' id='word_1_194' title='bbox 2238 2686 2333 2724; x_wconf 80' lang='lat' dir='ltr'><strong>co-</strong></span> 
     </span>
    </p>
   </div>
   <div class='ocr_carea' id='block_1_27' title="bbox 771 2742 2330 2819">
    <p class='ocr_par' dir='ltr' id='par_1_27' title="bbox 771 2742 2330 2819">
     <span class='ocr_line' id='line_1_27' title="bbox 771 2742 2330 2819; baseline 0.015 -27"><span class='ocrx_word' id='word_1_195' title='bbox 771 2742 1061 2811; x_wconf 77' lang='lat' dir='ltr'><strong>girationes</strong></span> <span class='ocrx_word' id='word_1_196' title='bbox 1114 2759 1284 2807; x_wconf 87' lang='lat' dir='ltr'><strong>meas.</strong></span> <span class='ocrx_word' id='word_1_197' title='bbox 1335 2749 1478 2814; x_wconf 87' lang='lat' dir='ltr'><strong>quod</strong></span> <span class='ocrx_word' id='word_1_198' title='bbox 1543 2762 1762 2819; x_wconf 86' lang='lat' dir='ltr'><strong>propter</strong></span> <span class='ocrx_word' id='word_1_199' title='bbox 1817 2764 1868 2808; x_wconf 89' lang='lat' dir='ltr'><strong>te</strong></span> <span class='ocrx_word' id='word_1_200' title='bbox 1906 2765 1958 2809; x_wconf 90' lang='lat' dir='ltr'><strong>et</strong></span> <span class='ocrx_word' id='word_1_201' title='bbox 1989 2757 2330 2816; x_wconf 75' lang='lat' dir='ltr'><strong>tui~amurem</strong></span> 
     </span>
    </p>
   </div>
   <div class='ocr_carea' id='block_1_28' title="bbox 772 2836 2334 2907">
    <p class='ocr_par' dir='ltr' id='par_1_28' title="bbox 772 2836 2334 2907">
     <span class='ocr_line' id='line_1_28' title="bbox 772 2836 2334 2907; baseline 0.009 -17"><span class='ocrx_word' id='word_1_202' title='bbox 772 2837 987 2903; x_wconf 79' lang='lat' dir='ltr'><strong>suscepi</strong></span> <span class='ocrx_word' id='word_1_203' title='bbox 1019 2836 1155 2889; x_wconf 87' lang='lat' dir='ltr'><strong>hanc</strong></span> <span class='ocrx_word' id='word_1_204' title='bbox 1192 2840 1678 2907; x_wconf 79' lang='lat' dir='ltr'><strong>peregrinationem</strong></span> <span class='ocrx_word' id='word_1_205' title='bbox 1713 2862 1725 2896; x_wconf 94' lang='lat'><strong>:</strong></span> <span class='ocrx_word' id='word_1_206' title='bbox 1757 2853 1811 2898; x_wconf 89' lang='lat' dir='ltr'><strong>et</strong></span> <span class='ocrx_word' id='word_1_207' title='bbox 1835 2860 1961 2900; x_wconf 89' lang='lat' dir='ltr'><strong>ecce</strong></span> <span class='ocrx_word' id='word_1_208' title='bbox 1983 2864 2065 2902; x_wconf 90' lang='lat' dir='ltr'><strong>me</strong></span> <span class='ocrx_word' id='word_1_209' title='bbox 2093 2851 2334 2905; x_wconf 87' lang='lat' dir='ltr'><strong>subduco</strong></span> 
     </span>
    </p>
   </div>
   <div class='ocr_carea' id='block_1_29' title="bbox 770 2925 2334 3001">
    <p class='ocr_par' dir='ltr' id='par_1_29' title="bbox 770 2925 2334 3001">
     <span class='ocr_line' id='line_1_29' title="bbox 770 2925 2334 3001; baseline 0.009 -23"><span class='ocrx_word' id='word_1_210' title='bbox 770 2926 837 2979; x_wconf 86' lang='lat' dir='ltr'><strong>ab</strong></span> <span class='ocrx_word' id='word_1_211' title='bbox 855 2925 928 2980; x_wconf 82' lang='lat' dir='ltr'><strong>iis</strong></span> <span class='ocrx_word' id='word_1_212' title='bbox 956 2928 1226 2991; x_wconf 87' lang='lat' dir='ltr'><strong>omnibus,</strong></span> <span class='ocrx_word' id='word_1_213' title='bbox 1254 2944 1375 2996; x_wconf 67' lang='lat' dir='ltr'><strong>qua:</strong></span> <span class='ocrx_word' id='word_1_214' title='bbox 1411 2930 1479 2982; x_wconf 90' lang='lat' dir='ltr'><strong>ad</strong></span> <span class='ocrx_word' id='word_1_215' title='bbox 1518 2932 1716 2984; x_wconf 87' lang='lat' dir='ltr'><strong>victum</strong></span> <span class='ocrx_word' id='word_1_216' title='bbox 1760 2935 2049 3001; x_wconf 81' lang='lat' dir='ltr'><strong>pertinent,</strong></span> <span class='ocrx_word' id='word_1_217' title='bbox 2093 2951 2157 2989; x_wconf 90' lang='lat' dir='ltr'><strong>ne</strong></span> <span class='ocrx_word' id='word_1_218' title='bbox 2193 2941 2236 2991; x_wconf 87' lang='lat' dir='ltr'><strong>si</strong></span> <span class='ocrx_word' id='word_1_219' title='bbox 2268 2940 2334 2992; x_wconf 88' lang='lat' dir='ltr'><strong>ad</strong></span> 
     </span>
    </p>
   </div>
   <div class='ocr_carea' id='block_1_30' title="bbox 769 3016 2333 3097">
    <p class='ocr_par' dir='ltr' id='par_1_30' title="bbox 769 3016 2333 3097">
     <span class='ocr_line' id='line_1_30' title="bbox 769 3016 2333 3097; baseline 0.01 -30"><span class='ocrx_word' id='word_1_220' title='bbox 769 3016 967 3096; x_wconf 82' lang='lat' dir='ltr'><strong>aliquid</strong></span> <span class='ocrx_word' id='word_1_221' title='bbox 1001 3017 1215 3080; x_wconf 84' lang='lat' dir='ltr'><strong>horum,</strong></span> <span class='ocrx_word' id='word_1_222' title='bbox 1255 3029 1506 3086; x_wconf 86' lang='lat' dir='ltr'><strong>tanquam</strong></span> <span class='ocrx_word' id='word_1_223' title='bbox 1545 3022 1610 3073; x_wconf 91' lang='lat' dir='ltr'><strong>ad</strong></span> <span class='ocrx_word' id='word_1_224' title='bbox 1644 3023 1918 3089; x_wconf 84' lang='lat' dir='ltr'><strong>sc0pulum</strong></span> <span class='ocrx_word' id='word_1_225' title='bbox 1950 3024 2240 3097; x_wconf 80' lang='lat' dir='ltr'><strong>impegero,</strong></span> <span class='ocrx_word' id='word_1_226' title='bbox 2281 3030 2333 3083; x_wconf 91' lang='lat' dir='ltr'><strong>in</strong></span> 
     </span>
    </p>
   </div>
   <div class='ocr_carea' id='block_1_31' title="bbox 2421 566 3992 638">
    <p class='ocr_par' dir='ltr' id='par_1_31' title="bbox 2421 566 3992 638">
     <span class='ocr_line' id='line_1_31' title="bbox 2421 566 3992 638; baseline -0.001 -15"><span class='ocrx_word' id='word_1_227' title='bbox 2421 570 2569 634; x_wconf 87' lang='grc' dir='ltr'>λίους</span> <span class='ocrx_word' id='word_1_228' title='bbox 2598 570 2690 624; x_wconf 79' lang='grc' dir='ltr'><strong>τὸν</strong></span> <span class='ocrx_word' id='word_1_229' title='bbox 2713 569 2945 638; x_wconf 82' lang='grc' dir='ltr'>ἀριθμὸν</span> <span class='ocrx_word' id='word_1_230' title='bbox 2990 570 3335 638; x_wconf 79' lang='grc' dir='ltr'><strong>ὑπάρχοντας</strong></span> <span class='ocrx_word' id='word_1_231' title='bbox 3357 586 3371 599; x_wconf 80' lang='grc'><em>’</em></span> <span class='ocrx_word' id='word_1_232' title='bbox 3408 569 3506 620; x_wconf 89' lang='lat' dir='ltr'><strong>xui</strong></span> <span class='ocrx_word' id='word_1_233' title='bbox 3549 568 3609 619; x_wconf 81' lang='grc' dir='ltr'>τὸ</span> <span class='ocrx_word' id='word_1_234' title='bbox 3654 567 3751 619; x_wconf 76' lang='grc' dir='ltr'><strong>ἀπ’</strong></span> <span class='ocrx_word' id='word_1_235' title='bbox 3781 566 3992 621; x_wconf 64' lang='grc' dir='ltr'>ἐκείνου</span> 
     </span>
    </p>
   </div>
   <div class='ocr_carea' id='block_1_32' title="bbox 2423 655 3991 730">
    <p class='ocr_par' dir='ltr' id='par_1_32' title="bbox 2423 655 3991 730">
     <span class='ocr_line' id='line_1_32' title="bbox 2423 655 3991 730; baseline -0.004 -17"><span class='ocrx_word' id='word_1_236' title='bbox 2423 660 2588 723; x_wconf 82' lang='grc' dir='ltr'>πολὺς</span> <span class='ocrx_word' id='word_1_237' title='bbox 2603 655 2670 730; x_wconf 78' lang='grc' dir='ltr'>ἧν</span> <span class='ocrx_word' id='word_1_238' title='bbox 2694 659 2986 729; x_wconf 74' lang='grc' dir='ltr'><strong>παραινῶν</strong></span> <span class='ocrx_word' id='word_1_239' title='bbox 3020 657 3143 710; x_wconf 84' lang='grc' dir='ltr'>καθ’</span> <span class='ocrx_word' id='word_1_240' title='bbox 3185 658 3445 723; x_wconf 76' lang='grc' dir='ltr'>ἑκάστην,</span> <span class='ocrx_word' id='word_1_241' title='bbox 3476 658 3571 708; x_wconf 78' lang='grc' dir='ltr'>καὶ</span> <span class='ocrx_word' id='word_1_242' title='bbox 3600 656 3867 708; x_wconf 74' lang='grc' dir='ltr'><strong>διδάσκων</strong></span> <span class='ocrx_word' id='word_1_243' title='bbox 3894 656 3991 709; x_wconf 82' lang='grc' dir='ltr'>αύ-</span> 
     </span>
    </p>
   </div>
   <div class='ocr_carea' id='block_1_33' title="bbox 2422 745 3993 819">
    <p class='ocr_par' dir='ltr' id='par_1_33' title="bbox 2422 745 3993 819">
     <span class='ocr_line' id='line_1_33' title="bbox 2422 745 3993 819; baseline -0.006 -14"><span class='ocrx_word' id='word_1_244' title='bbox 2422 752 2569 814; x_wconf 81' lang='grc' dir='ltr'>τοὺς,</span> <span class='ocrx_word' id='word_1_245' title='bbox 2599 752 2692 804; x_wconf 87' lang='lat' dir='ltr'><strong>xui</strong></span> <span class='ocrx_word' id='word_1_246' title='bbox 2721 749 3120 819; x_wconf 82' lang='grc' dir='ltr'>διαλεγόμενος.</span> <span class='ocrx_word' id='word_1_247' title='bbox 3149 749 3212 801; x_wconf 77' lang='lat' dir='ltr'><strong>Oi</strong></span> <span class='ocrx_word' id='word_1_248' title='bbox 3245 747 3322 810; x_wconf 74' lang='grc' dir='ltr'>δὲ,</span> <span class='ocrx_word' id='word_1_249' title='bbox 3359 747 3552 815; x_wconf 82' lang='grc' dir='ltr'>ὥσπερ</span> <span class='ocrx_word' id='word_1_250' title='bbox 3583 745 3762 812; x_wconf 75' lang='grc' dir='ltr'>ἀγαθή</span> <span class='ocrx_word' id='word_1_251' title='bbox 3788 762 3873 806; x_wconf 90' lang='grc' dir='ltr'><strong>τις</strong></span> <span class='ocrx_word' id='word_1_252' title='bbox 3900 746 3993 811; x_wconf 87' lang='grc' dir='ltr'>γῆ,</span> 
     </span>
    </p>
   </div>
   <div class='ocr_carea' id='block_1_34' title="bbox 2424 835 3996 911">
    <p class='ocr_par' dir='ltr' id='par_1_34' title="bbox 2424 835 3996 911">
     <span class='ocr_line' id='line_1_34' title="bbox 2424 835 3996 911; baseline -0.007 -15"><span class='ocrx_word' id='word_1_253' title='bbox 2424 844 2517 896; x_wconf 86' lang='lat' dir='ltr'><strong>xui</strong></span> <span class='ocrx_word' id='word_1_254' title='bbox 2554 843 2713 907; x_wconf 83' lang='grc' dir='ltr'>πίων,</span> <span class='ocrx_word' id='word_1_255' title='bbox 2770 844 2864 896; x_wconf 86' lang='lat' dir='ltr'><strong>xui</strong></span> <span class='ocrx_word' id='word_1_256' title='bbox 2896 842 3142 911; x_wconf 75' lang='grc' dir='ltr'>εὔυδρος,</span> <span class='ocrx_word' id='word_1_257' title='bbox 3194 838 3637 899; x_wconf 68' lang='grc' dir='ltr'><strong>πολλαπλασίους</strong></span> <span class='ocrx_word' id='word_1_258' title='bbox 3692 837 3802 888; x_wconf 89' lang='grc' dir='ltr'><strong>τῶν</strong></span> <span class='ocrx_word' id='word_1_259' title='bbox 3834 835 3996 887; x_wconf 83' lang='grc' dir='ltr'>θείων</span> 
     </span>
    </p>
   </div>
   <div class='ocr_carea' id='block_1_35' title="bbox 2425 926 3997 1005">
    <p class='ocr_par' dir='ltr' id='par_1_35' title="bbox 2425 926 3997 1005">
     <span class='ocr_line' id='line_1_35' title="bbox 2425 926 3997 1005; baseline -0.008 -16"><span class='ocrx_word' id='word_1_260' title='bbox 2425 937 2758 1005; x_wconf 77' lang='grc' dir='ltr'><strong>σπερμάτων</strong></span> <span class='ocrx_word' id='word_1_261' title='bbox 2778 935 2903 996; x_wconf 81' lang='grc' dir='ltr'>τοὺς</span> <span class='ocrx_word' id='word_1_262' title='bbox 2932 934 3180 1003; x_wconf 78' lang='grc' dir='ltr'>καρποὺς</span> <span class='ocrx_word' id='word_1_263' title='bbox 3210 928 3554 983; x_wconf 79' lang='grc' dir='ltr'>ἀπεδίδοσαν.</span> <span class='ocrx_word' id='word_1_264' title='bbox 3592 926 3874 979; x_wconf 85' lang='grc' dir='ltr'>Ἐνιαυτὸν</span> <span class='ocrx_word' id='word_1_265' title='bbox 3900 926 3997 995; x_wconf 69' lang='grc' dir='ltr'>μὲν</span> 
     </span>
    </p>
   </div>
   <div class='ocr_carea' id='block_1_36' title="bbox 2422 1018 3506 1091">
    <p class='ocr_par' dir='ltr' id='par_1_36' title="bbox 2422 1018 3506 1091">
     <span class='ocr_line' id='line_1_36' title="bbox 2422 1018 3506 1091; baseline -0.009 -12"><span class='ocrx_word' id='word_1_266' title='bbox 2422 1023 2516 1079; x_wconf 76' lang='grc' dir='ltr'>οὖν</span> <span class='ocrx_word' id='word_1_267' title='bbox 2546 1028 2603 1078; x_wconf 68' lang='grc' dir='ltr'>ἐν</span> <span class='ocrx_word' id='word_1_268' title='bbox 2630 1024 2841 1086; x_wconf 79' lang='grc' dir='ltr'><strong>τούτοις</strong></span> <span class='ocrx_word' id='word_1_269' title='bbox 2860 1022 2936 1091; x_wconf 83' lang='grc' dir='ltr'>τῷ</span> <span class='ocrx_word' id='word_1_270' title='bbox 2976 1021 3260 1091; x_wconf 83' lang='grc' dir='ltr'>Ἀϐραμίῳ</span> <span class='ocrx_word' id='word_1_271' title='bbox 3289 1018 3506 1089; x_wconf 69' lang='grc' dir='ltr'>ἠνύετο.</span> 
     </span>
    </p>
   </div>
   <div class='ocr_carea' id='block_1_37' title="bbox 2492 1095 3997 1183">
    <p class='ocr_par' dir='ltr' id='par_1_37' title="bbox 2492 1095 3997 1183">
     <span class='ocr_line' id='line_1_37' title="bbox 2492 1095 3997 1183; baseline -0.009 -12"><span class='ocrx_word' id='word_1_272' title='bbox 2492 1119 2593 1171; x_wconf 80' lang='lat' dir='ltr'><strong>lI&quot;.</strong></span> <span class='ocrx_word' id='word_1_273' title='bbox 2630 1116 2862 1169; x_wconf 82' lang='grc' dir='ltr'><strong>Ἔπειτα</strong></span> <span class='ocrx_word' id='word_1_274' title='bbox 2894 1113 3075 1174; x_wconf 82' lang='grc' dir='ltr'><strong>δείσας</strong></span> <span class='ocrx_word' id='word_1_275' title='bbox 3111 1111 3186 1183; x_wconf 84' lang='grc' dir='ltr'>μὴ</span> <span class='ocrx_word' id='word_1_276' title='bbox 3217 1112 3275 1163; x_wconf 77' lang='grc' dir='ltr'>ὲν</span> <span class='ocrx_word' id='word_1_277' title='bbox 3326 1110 3471 1179; x_wconf 82' lang='grc' dir='ltr'><strong>μέσῃ</strong></span> <span class='ocrx_word' id='word_1_278' title='bbox 3503 1108 3664 1178; x_wconf 80' lang='grc' dir='ltr'>κώμῃ</span> <span class='ocrx_word' id='word_1_279' title='bbox 3691 1095 3786 1161; x_wconf 63' lang='lat' dir='ltr'><strong>xui</strong></span> <span class='ocrx_word' id='word_1_280' title='bbox 3826 1123 3997 1175; x_wconf 83' lang='grc' dir='ltr'>φρον-</span> 
     </span>
    </p>
   </div>
   <div class='ocr_carea' id='block_1_38' title="bbox 2423 1198 3995 1275">
    <p class='ocr_par' dir='ltr' id='par_1_38' title="bbox 2423 1198 3995 1275">
     <span class='ocr_line' id='line_1_38' title="bbox 2423 1198 3995 1275; baseline -0.01 -13"><span class='ocrx_word' id='word_1_281' title='bbox 2423 1208 2536 1262; x_wconf 87' lang='grc' dir='ltr'>τίσι</span> <span class='ocrx_word' id='word_1_282' title='bbox 2566 1208 2661 1260; x_wconf 90' lang='lat' dir='ltr'><strong>xui</strong></span> <span class='ocrx_word' id='word_1_283' title='bbox 2692 1204 2945 1275; x_wconf 86' lang='grc' dir='ltr'>θορύϐοις</span> <span class='ocrx_word' id='word_1_284' title='bbox 2977 1202 3349 1273; x_wconf 80' lang='grc' dir='ltr'>στρεφόμενος</span> <span class='ocrx_word' id='word_1_285' title='bbox 3379 1199 3705 1269; x_wconf 79' lang='grc' dir='ltr'>προσηλωθῇ</span> <span class='ocrx_word' id='word_1_286' title='bbox 3749 1215 3856 1250; x_wconf 89' lang='grc' dir='ltr'>τινι</span> <span class='ocrx_word' id='word_1_287' title='bbox 3888 1198 3995 1248; x_wconf 89' lang='grc' dir='ltr'><strong>τῶν</strong></span> 
     </span>
    </p>
   </div>
   <div class='ocr_carea' id='block_1_39' title="bbox 2429 1287 3999 1371">
    <p class='ocr_par' dir='ltr' id='par_1_39' title="bbox 2429 1287 3999 1371">
     <span class='ocr_line' id='line_1_39' title="bbox 2429 1287 3999 1371; baseline -0.01 -19"><span class='ocrx_word' id='word_1_288' title='bbox 2429 1298 2719 1371; x_wconf 80' lang='grc' dir='ltr'><strong>βιωτικῶν,</strong></span> <span class='ocrx_word' id='word_1_289' title='bbox 2751 1296 2926 1358; x_wconf 73' lang='grc' dir='ltr'>ἄλλως</span> <span class='ocrx_word' id='word_1_290' title='bbox 2952 1295 3010 1347; x_wconf 79' lang='grc' dir='ltr'>δὲ</span> <span class='ocrx_word' id='word_1_291' title='bbox 3040 1294 3135 1346; x_wconf 88' lang='lat' dir='ltr'><strong>xui</strong></span> <span class='ocrx_word' id='word_1_292' title='bbox 3163 1291 3263 1362; x_wconf 81' lang='grc' dir='ltr'><strong>τὴν</strong></span> <span class='ocrx_word' id='word_1_293' title='bbox 3295 1290 3532 1359; x_wconf 80' lang='grc' dir='ltr'>ποίμνην</span> <span class='ocrx_word' id='word_1_294' title='bbox 3556 1288 3656 1358; x_wconf 68' lang='grc' dir='ltr'>ἠδη</span> <span class='ocrx_word' id='word_1_295' title='bbox 3683 1292 3798 1349; x_wconf 86' lang='grc' dir='ltr'>ταῖς</span> <span class='ocrx_word' id='word_1_296' title='bbox 3824 1287 3999 1347; x_wconf 77' lang='grc' dir='ltr'>θείαις</span> 
     </span>
    </p>
   </div>
   <div class='ocr_carea' id='block_1_40' title="bbox 2428 1378 3999 1456">
    <p class='ocr_par' dir='ltr' id='par_1_40' title="bbox 2428 1378 3999 1456">
     <span class='ocr_line' id='line_1_40' title="bbox 2428 1378 3999 1456; baseline -0.011 -13"><span class='ocrx_word' id='word_1_297' title='bbox 2428 1389 2668 1449; x_wconf 70' lang='grc' dir='ltr'>ἐντολαῖς</span> <span class='ocrx_word' id='word_1_298' title='bbox 2730 1384 3176 1456; x_wconf 80' lang='grc' dir='ltr'>κατηρτισμένην</span> <span class='ocrx_word' id='word_1_299' title='bbox 3230 1380 3373 1443; x_wconf 84' lang='grc' dir='ltr'>ίδὼν,</span> <span class='ocrx_word' id='word_1_300' title='bbox 3429 1382 3508 1442; x_wconf 86' lang='grc' dir='ltr'><strong>είς</strong></span> <span class='ocrx_word' id='word_1_301' title='bbox 3562 1379 3661 1444; x_wconf 82' lang='grc' dir='ltr'>τὴν</span> <span class='ocrx_word' id='word_1_302' title='bbox 3720 1378 3999 1447; x_wconf 81' lang='grc' dir='ltr'>προτέραν</span> 
     </span>
    </p>
   </div>
   <div class='ocr_carea' id='block_1_41' title="bbox 2427 1468 4001 1547">
    <p class='ocr_par' dir='ltr' id='par_1_41' title="bbox 2427 1468 4001 1547">
     <span class='ocr_line' id='line_1_41' title="bbox 2427 1468 4001 1547; baseline -0.011 -14"><span class='ocrx_word' id='word_1_303' title='bbox 2427 1482 2571 1547; x_wconf 71' lang='grc' dir='ltr'>ἔγνω</span> <span class='ocrx_word' id='word_1_304' title='bbox 2600 1481 2694 1532; x_wconf 80' lang='lat' dir='ltr'><strong>xui</strong></span> <span class='ocrx_word' id='word_1_305' title='bbox 2757 1477 2920 1531; x_wconf 80' lang='grc' dir='ltr'>πάλιν</span> <span class='ocrx_word' id='word_1_306' title='bbox 2974 1474 3290 1528; x_wconf 72' lang='grc' dir='ltr'>ἐπανελθεῖν</span> <span class='ocrx_word' id='word_1_307' title='bbox 3346 1471 3603 1539; x_wconf 74' lang='grc' dir='ltr'>ἐρημίαν.</span> <span class='ocrx_word' id='word_1_308' title='bbox 3646 1468 3856 1527; x_wconf 80' lang='grc' dir='ltr'>Νυκτὸς</span> <span class='ocrx_word' id='word_1_309' title='bbox 3887 1483 4001 1518; x_wconf 59' lang='grc' dir='ltr'>τοι.</span> 
     </span>
    </p>
   </div>
   <div class='ocr_carea' id='block_1_42' title="bbox 2427 1557 4000 1641">
    <p class='ocr_par' dir='ltr' id='par_1_42' title="bbox 2427 1557 4000 1641">
     <span class='ocr_line' id='line_1_42' title="bbox 2427 1557 4000 1641; baseline -0.011 -17"><span class='ocrx_word' id='word_1_310' title='bbox 2427 1569 2636 1641; x_wconf 81' lang='grc' dir='ltr'>γαροῦν</span> <span class='ocrx_word' id='word_1_311' title='bbox 2689 1568 2929 1628; x_wconf 73' lang='grc' dir='ltr'>ἀναστάς</span> <span class='ocrx_word' id='word_1_312' title='bbox 2954 1582 2968 1595; x_wconf 85' lang='lat'>&#39;</span> <span class='ocrx_word' id='word_1_313' title='bbox 3033 1566 3208 1633; x_wconf 81' lang='grc' dir='ltr'>Κύριε</span> <span class='ocrx_word' id='word_1_314' title='bbox 3259 1564 3287 1613; x_wconf 86' lang='grc' dir='ltr'>ὁ</span> <span class='ocrx_word' id='word_1_315' title='bbox 3333 1564 3491 1629; x_wconf 80' lang='grc' dir='ltr'>μόνος</span> <span class='ocrx_word' id='word_1_316' title='bbox 3516 1560 3742 1627; x_wconf 80' lang='grc' dir='ltr'>ἀγαθὸς,</span> <span class='ocrx_word' id='word_1_317' title='bbox 3780 1560 3807 1609; x_wconf 82' lang='grc' dir='ltr'>ὀ</span> <span class='ocrx_word' id='word_1_318' title='bbox 3840 1557 4000 1624; x_wconf 84' lang='grc' dir='ltr'>μόνος</span> 
     </span>
    </p>
   </div>
   <div class='ocr_carea' id='block_1_43' title="bbox 2430 1648 3999 1730">
    <p class='ocr_par' dir='ltr' id='par_1_43' title="bbox 2430 1648 3999 1730">
     <span class='ocr_line' id='line_1_43' title="bbox 2430 1648 3999 1730; baseline -0.011 -15"><span class='ocrx_word' id='word_1_319' title='bbox 2430 1660 2834 1730; x_wconf 79' lang='grc' dir='ltr'>ἀμνησίκακος,</span> <span class='ocrx_word' id='word_1_320' title='bbox 2859 1657 3070 1723; x_wconf 70' lang='grc' dir='ltr'>ἔλεγεν,</span> <span class='ocrx_word' id='word_1_321' title='bbox 3101 1657 3129 1707; x_wconf 83' lang='grc' dir='ltr'><strong>ὁ</strong></span> <span class='ocrx_word' id='word_1_322' title='bbox 3166 1655 3263 1723; x_wconf 73' lang='grc' dir='ltr'>τὴν</span> <span class='ocrx_word' id='word_1_323' title='bbox 3300 1654 3580 1705; x_wconf 84' lang='grc' dir='ltr'>νεόλεκτον</span> <span class='ocrx_word' id='word_1_324' title='bbox 3616 1650 3821 1715; x_wconf 80' lang='grc' dir='ltr'>ταύτην</span> <span class='ocrx_word' id='word_1_325' title='bbox 3858 1648 3999 1716; x_wconf 80' lang='grc' dir='ltr'>πλη-</span> 
     </span>
    </p>
   </div>
   <div class='ocr_carea' id='block_1_44' title="bbox 2432 1738 4000 1816">
    <p class='ocr_par' dir='ltr' id='par_1_44' title="bbox 2432 1738 4000 1816">
     <span class='ocr_line' id='line_1_44' title="bbox 2432 1738 4000 1816; baseline -0.01 -14"><span class='ocrx_word' id='word_1_326' title='bbox 2432 1750 2529 1802; x_wconf 75' lang='grc' dir='ltr'>θὺν</span> <span class='ocrx_word' id='word_1_327' title='bbox 2550 1749 2659 1801; x_wconf 86' lang='grc' dir='ltr'><strong>τῶν</strong></span> <span class='ocrx_word' id='word_1_328' title='bbox 2688 1747 2781 1799; x_wconf 80' lang='grc' dir='ltr'>τοῦ</span> <span class='ocrx_word' id='word_1_329' title='bbox 2805 1745 3187 1811; x_wconf 77' lang='grc' dir='ltr'>ἀντικειμένου</span> <span class='ocrx_word' id='word_1_330' title='bbox 3215 1742 3380 1804; x_wconf 83' lang='grc' dir='ltr'>λύσας</span> <span class='ocrx_word' id='word_1_331' title='bbox 3403 1740 3643 1807; x_wconf 86' lang='grc' dir='ltr'>δεσμῶν,</span> <span class='ocrx_word' id='word_1_332' title='bbox 3668 1738 3773 1816; x_wconf 80' lang='lat' dir='ltr'><strong>xui</strong></span> <span class='ocrx_word' id='word_1_333' title='bbox 3793 1738 3881 1788; x_wconf 69' lang='grc' dir='ltr'><strong>διὰ</strong></span> <span class='ocrx_word' id='word_1_334' title='bbox 3898 1738 4000 1803; x_wconf 81' lang='grc' dir='ltr'>τῆς</span> 
     </span>
    </p>
   </div>
   <div class='ocr_carea' id='block_1_45' title="bbox 2428 1831 4001 1907">
    <p class='ocr_par' dir='ltr' id='par_1_45' title="bbox 2428 1831 4001 1907">
     <span class='ocr_line' id='line_1_45' title="bbox 2428 1831 4001 1907; baseline -0.01 -12"><span class='ocrx_word' id='word_1_335' title='bbox 2428 1842 2508 1905; x_wconf 84' lang='grc' dir='ltr'><strong>είς</strong></span> <span class='ocrx_word' id='word_1_336' title='bbox 2546 1844 2605 1893; x_wconf 78' lang='grc' dir='ltr'><strong>σὲ</strong></span> <span class='ocrx_word' id='word_1_337' title='bbox 2637 1841 2871 1901; x_wconf 89' lang='grc' dir='ltr'>πίστεως</span> <span class='ocrx_word' id='word_1_338' title='bbox 2896 1838 3046 1907; x_wconf 84' lang='grc' dir='ltr'><strong>πόοῳ</strong></span> <span class='ocrx_word' id='word_1_339' title='bbox 3073 1833 3354 1897; x_wconf 85' lang='grc' dir='ltr'>συνδείσας</span> <span class='ocrx_word' id='word_1_340' title='bbox 3379 1834 3455 1903; x_wconf 85' lang='grc' dir='ltr'>τῷ</span> <span class='ocrx_word' id='word_1_341' title='bbox 3487 1832 3563 1901; x_wconf 80' lang='grc' dir='ltr'><strong>σῷ</strong></span> <span class='ocrx_word' id='word_1_342' title='bbox 3592 1831 3752 1894; x_wconf 77' lang='grc' dir='ltr'>αὐτὸς</span> <span class='ocrx_word' id='word_1_343' title='bbox 3778 1831 4001 1882; x_wconf 71' lang='grc' dir='ltr'>επιϐου-</span> 
     </span>
    </p>
   </div>
   <div class='ocr_carea' id='block_1_46' title="bbox 2428 1919 3999 1999">
    <p class='ocr_par' dir='ltr' id='par_1_46' title="bbox 2428 1919 3999 1999">
     <span class='ocr_line' id='line_1_46' title="bbox 2428 1919 3999 1999; baseline -0.009 -16"><span class='ocrx_word' id='word_1_344' title='bbox 2428 1931 2543 1993; x_wconf 84' lang='grc' dir='ltr'>λαϊς</span> <span class='ocrx_word' id='word_1_345' title='bbox 2564 1928 2834 1999; x_wconf 82' lang='grc' dir='ltr'>δαιμόνων</span> <span class='ocrx_word' id='word_1_346' title='bbox 2858 1926 3156 1988; x_wconf 71' lang='grc' dir='ltr'>ἀνάλωτον,</span> <span class='ocrx_word' id='word_1_347' title='bbox 3183 1925 3246 1977; x_wconf 82' lang='grc' dir='ltr'><strong>τδ</strong></span> <span class='ocrx_word' id='word_1_348' title='bbox 3276 1923 3472 1993; x_wconf 89' lang='grc' dir='ltr'>μικρόν</span> <span class='ocrx_word' id='word_1_349' title='bbox 3501 1939 3594 1974; x_wconf 90' lang='grc' dir='ltr'><strong>σου</strong></span> <span class='ocrx_word' id='word_1_350' title='bbox 3620 1923 3770 1973; x_wconf 70' lang='grc' dir='ltr'>τουτὶ</span> <span class='ocrx_word' id='word_1_351' title='bbox 3801 1919 3999 1987; x_wconf 79' lang='grc' dir='ltr'>συντή-</span> 
     </span>
    </p>
   </div>
   <div class='ocr_carea' id='block_1_47' title="bbox 2432 2012 4002 2093">
    <p class='ocr_par' dir='ltr' id='par_1_47' title="bbox 2432 2012 4002 2093">
     <span class='ocr_line' id='line_1_47' title="bbox 2432 2012 4002 2093; baseline -0.011 -19"><span class='ocrx_word' id='word_1_352' title='bbox 2432 2038 2596 2093; x_wconf 88' lang='grc' dir='ltr'>ρησον</span> <span class='ocrx_word' id='word_1_353' title='bbox 2626 2021 2909 2087; x_wconf 79' lang='grc' dir='ltr'>ποίμνιον·</span> <span class='ocrx_word' id='word_1_354' title='bbox 2944 2015 3182 2083; x_wconf 82' lang='grc' dir='ltr'>τείχισον</span> <span class='ocrx_word' id='word_1_355' title='bbox 3212 2013 3411 2074; x_wconf 77' lang='grc' dir='ltr'>αὐτοὺς</span> <span class='ocrx_word' id='word_1_356' title='bbox 3446 2012 3521 2072; x_wconf 88' lang='grc' dir='ltr'><strong>ώς</strong></span> <span class='ocrx_word' id='word_1_357' title='bbox 3550 2012 3701 2078; x_wconf 81' lang='grc' dir='ltr'>ὅπλῳ</span> <span class='ocrx_word' id='word_1_358' title='bbox 3726 2013 3793 2077; x_wconf 79' lang='grc' dir='ltr'><strong>τῇ</strong></span> <span class='ocrx_word' id='word_1_359' title='bbox 3820 2014 4002 2076; x_wconf 68' lang='grc' dir='ltr'>σκέπῃ</span> 
     </span>
    </p>
   </div>
   <div class='ocr_carea' id='block_1_48' title="bbox 2433 2099 4004 2176">
    <p class='ocr_par' dir='ltr' id='par_1_48' title="bbox 2433 2099 4004 2176">
     <span class='ocr_line' id='line_1_48' title="bbox 2433 2099 4004 2176; baseline -0.011 -11"><span class='ocrx_word' id='word_1_360' title='bbox 2433 2130 2550 2175; x_wconf 90' lang='grc' dir='ltr'>σου,</span> <span class='ocrx_word' id='word_1_361' title='bbox 2581 2112 2675 2162; x_wconf 84' lang='lat' dir='ltr'><strong>xui</strong></span> <span class='ocrx_word' id='word_1_362' title='bbox 2706 2112 2771 2176; x_wconf 82' lang='grc' dir='ltr'><strong>τῇ</strong></span> <span class='ocrx_word' id='word_1_363' title='bbox 2805 2107 3043 2175; x_wconf 82' lang='grc' dir='ltr'>κραταιᾷ</span> <span class='ocrx_word' id='word_1_364' title='bbox 3082 2122 3173 2157; x_wconf 89' lang='grc' dir='ltr'><strong>σου</strong></span> <span class='ocrx_word' id='word_1_365' title='bbox 3209 2103 3503 2172; x_wconf 80' lang='grc' dir='ltr'>δυναστείᾳ</span> <span class='ocrx_word' id='word_1_366' title='bbox 3537 2100 3844 2170; x_wconf 71' lang='grc' dir='ltr'>περίζωσον</span> <span class='ocrx_word' id='word_1_367' title='bbox 3870 2116 3882 2129; x_wconf 93' lang='grc'><strong>·</strong></span> <span class='ocrx_word' id='word_1_368' title='bbox 3912 2099 4004 2148; x_wconf 83' lang='grc' dir='ltr'>εύ-</span> 
     </span>
    </p>
   </div>
   <div class='ocr_carea' id='block_1_49' title="bbox 2434 2188 4005 2275">
    <p class='ocr_par' dir='ltr' id='par_1_49' title="bbox 2434 2188 4005 2275">
     <span class='ocr_line' id='line_1_49' title="bbox 2434 2188 4005 2275; baseline -0.01 -19"><span class='ocrx_word' id='word_1_369' title='bbox 2434 2205 2571 2275; x_wconf 82' lang='grc' dir='ltr'><strong>μενῆ</strong></span> <span class='ocrx_word' id='word_1_370' title='bbox 2605 2200 2661 2254; x_wconf 77' lang='grc' dir='ltr'>δέ</span> <span class='ocrx_word' id='word_1_371' title='bbox 2691 2217 2750 2253; x_wconf 89' lang='grc' dir='ltr'>σε</span> <span class='ocrx_word' id='word_1_372' title='bbox 2782 2199 2878 2252; x_wconf 83' lang='lat' dir='ltr'><strong>xui</strong></span> <span class='ocrx_word' id='word_1_373' title='bbox 2912 2201 2940 2251; x_wconf 83' lang='grc' dir='ltr'>ὁ</span> <span class='ocrx_word' id='word_1_374' title='bbox 2970 2195 3317 2262; x_wconf 87' lang='grc' dir='ltr'>ταλαίπωρος</span> <span class='ocrx_word' id='word_1_375' title='bbox 3346 2193 3456 2258; x_wconf 73' lang='grc' dir='ltr'><strong>ἐγὼ</strong></span> <span class='ocrx_word' id='word_1_376' title='bbox 3494 2190 3735 2259; x_wconf 74' lang='grc' dir='ltr'>εὕροιμι,</span> <span class='ocrx_word' id='word_1_377' title='bbox 3782 2192 3871 2242; x_wconf 79' lang='grc' dir='ltr'>ὅτε</span> <span class='ocrx_word' id='word_1_378' title='bbox 3904 2188 4005 2257; x_wconf 79' lang='grc' dir='ltr'><strong>θή-</strong></span> 
     </span>
    </p>
   </div>
   <div class='ocr_carea' id='block_1_50' title="bbox 2432 2278 4003 2362">
    <p class='ocr_par' dir='ltr' id='par_1_50' title="bbox 2432 2278 4003 2362">
     <span class='ocr_line' id='line_1_50' title="bbox 2432 2278 4003 2362; baseline -0.013 -14"><span class='ocrx_word' id='word_1_379' title='bbox 2432 2313 2544 2358; x_wconf 84' lang='grc' dir='ltr'>σεις</span> <span class='ocrx_word' id='word_1_380' title='bbox 2567 2293 2747 2362; x_wconf 79' lang='grc' dir='ltr'>κρίσιν</span> <span class='ocrx_word' id='word_1_381' title='bbox 2777 2292 2856 2351; x_wconf 89' lang='grc' dir='ltr'><strong>είς</strong></span> <span class='ocrx_word' id='word_1_382' title='bbox 2892 2286 3083 2341; x_wconf 72' lang='grc' dir='ltr'>ἐλπίδα</span> <span class='ocrx_word' id='word_1_383' title='bbox 3118 2287 3212 2338; x_wconf 88' lang='lat' dir='ltr'><strong>xui</strong></span> <span class='ocrx_word' id='word_1_384' title='bbox 3241 2285 3341 2353; x_wconf 83' lang='grc' dir='ltr'>τὴν</span> <span class='ocrx_word' id='word_1_385' title='bbox 3388 2278 3763 2352; x_wconf 72' lang='grc' dir='ltr'>ἐλεημοσύνην</span> <span class='ocrx_word' id='word_1_386' title='bbox 3791 2297 3886 2330; x_wconf 88' lang='grc' dir='ltr'><strong>σου</strong></span> <span class='ocrx_word' id='word_1_387' title='bbox 3922 2281 4003 2341; x_wconf 79' lang='grc' dir='ltr'><strong>είς</strong></span> 
     </span>
    </p>
   </div>
   <div class='ocr_carea' id='block_1_51' title="bbox 2434 2372 4007 2451">
    <p class='ocr_par' dir='ltr' id='par_1_51' title="bbox 2434 2372 4007 2451">
     <span class='ocr_line' id='line_1_51' title="bbox 2434 2372 4007 2451; baseline -0.01 -15"><span class='ocrx_word' id='word_1_388' title='bbox 2434 2382 2704 2451; x_wconf 89' lang='grc' dir='ltr'>σταθμούς</span> <span class='ocrx_word' id='word_1_389' title='bbox 2726 2400 2739 2413; x_wconf 70' lang='grc' dir='ltr'><strong>ι</strong></span> <span class='ocrx_word' id='word_1_390' title='bbox 2771 2379 2936 2448; x_wconf 76' lang='grc' dir='ltr'>μηδὲν</span> <span class='ocrx_word' id='word_1_391' title='bbox 2969 2377 3366 2447; x_wconf 81' lang='grc' dir='ltr'>ἁμαρτήματος</span> <span class='ocrx_word' id='word_1_392' title='bbox 3388 2374 3530 2441; x_wconf 79' lang='grc' dir='ltr'>λόγῳ</span> <span class='ocrx_word' id='word_1_393' title='bbox 3560 2372 3635 2443; x_wconf 81' lang='grc' dir='ltr'><strong>τῷ</strong></span> <span class='ocrx_word' id='word_1_394' title='bbox 3660 2372 3757 2439; x_wconf 80' lang='grc' dir='ltr'>τῆς</span> <span class='ocrx_word' id='word_1_395' title='bbox 3790 2372 4007 2439; x_wconf 75' lang='grc' dir='ltr'>ὕποχωο</span> 
     </span>
    </p>
   </div>
   <div class='ocr_carea' id='block_1_52' title="bbox 2436 2462 4007 2557">
    <p class='ocr_par' dir='ltr' id='par_1_52' title="bbox 2436 2462 4007 2557">
     <span class='ocr_line' id='line_1_52' title="bbox 2436 2462 4007 2557; baseline -0.009 -31"><span class='ocrx_word' id='word_1_396' title='bbox 2436 2478 2645 2557; x_wconf 77' lang='grc' dir='ltr'>ρήσεως</span> <span class='ocrx_word' id='word_1_397' title='bbox 2698 2471 2902 2539; x_wconf 78' lang='grc' dir='ltr'>ταύτης</span> <span class='ocrx_word' id='word_1_398' title='bbox 2959 2469 3107 2536; x_wconf 79' lang='grc' dir='ltr'>παρὰ</span> <span class='ocrx_word' id='word_1_399' title='bbox 3137 2472 3203 2537; x_wconf 78' lang='grc' dir='ltr'><strong>τῇ</strong></span> <span class='ocrx_word' id='word_1_400' title='bbox 3240 2470 3305 2538; x_wconf 82' lang='grc' dir='ltr'><strong>σῇ</strong></span> <span class='ocrx_word' id='word_1_401' title='bbox 3348 2467 3676 2557; x_wconf 70' lang='grc' dir='ltr'>χρηστότητι</span> <span class='ocrx_word' id='word_1_402' title='bbox 3729 2462 4007 2557; x_wconf 80' lang='grc' dir='ltr'>λογισθείη</span> 
     </span>
    </p>
   </div>
   <div class='ocr_carea' id='block_1_53' title="bbox 2438 2555 4010 2635">
    <p class='ocr_par' dir='ltr' id='par_1_53' title="bbox 2438 2555 4010 2635">
     <span class='ocr_line' id='line_1_53' title="bbox 2438 2555 4010 2635; baseline -0.008 -17"><span class='ocrx_word' id='word_1_403' title='bbox 2438 2555 2527 2635; x_wconf 88' lang='grc' dir='ltr'><strong>μοι</strong></span> <span class='ocrx_word' id='word_1_404' title='bbox 2548 2581 2562 2594; x_wconf 86' lang='grc'><strong>·</strong></span> <span class='ocrx_word' id='word_1_405' title='bbox 2589 2566 2651 2617; x_wconf 85' lang='grc' dir='ltr'><strong>σὺ</strong></span> <span class='ocrx_word' id='word_1_406' title='bbox 2674 2563 2781 2633; x_wconf 85' lang='grc' dir='ltr'><strong>γὰρ</strong></span> <span class='ocrx_word' id='word_1_407' title='bbox 2806 2558 2855 2615; x_wconf 82' lang='grc' dir='ltr'><strong>εί</strong></span> <span class='ocrx_word' id='word_1_408' title='bbox 2886 2560 3133 2630; x_wconf 74' lang='grc' dir='ltr'>γνώστης</span> <span class='ocrx_word' id='word_1_409' title='bbox 3159 2560 3406 2629; x_wconf 73' lang='grc' dir='ltr'>κρυφίων</span> <span class='ocrx_word' id='word_1_410' title='bbox 3431 2561 3524 2610; x_wconf 89' lang='lat' dir='ltr'><strong>xui</strong></span> <span class='ocrx_word' id='word_1_411' title='bbox 3547 2555 3788 2624; x_wconf 80' lang='grc' dir='ltr'>καρδιῶν</span> <span class='ocrx_word' id='word_1_412' title='bbox 3824 2555 4010 2617; x_wconf 73' lang='grc' dir='ltr'>ἐξετα-</span> 
     </span>
    </p>
   </div>
   <div class='ocr_carea' id='block_1_54' title="bbox 2438 2646 4010 2729">
    <p class='ocr_par' dir='ltr' id='par_1_54' title="bbox 2438 2646 4010 2729">
     <span class='ocr_line' id='line_1_54' title="bbox 2438 2646 4010 2729; baseline -0.01 -16"><span class='ocrx_word' id='word_1_413' title='bbox 2438 2660 2586 2729; x_wconf 84' lang='grc' dir='ltr'>στὴς,</span> <span class='ocrx_word' id='word_1_414' title='bbox 2638 2660 2731 2711; x_wconf 90' lang='lat' dir='ltr'><strong>xui</strong></span> <span class='ocrx_word' id='word_1_415' title='bbox 2783 2658 2847 2707; x_wconf 68' lang='lat' dir='ltr'><strong>ci:</strong></span> <span class='ocrx_word' id='word_1_416' title='bbox 2883 2653 3124 2719; x_wconf 78' lang='grc' dir='ltr'>συνῆκας</span> <span class='ocrx_word' id='word_1_417' title='bbox 3157 2652 3285 2713; x_wconf 80' lang='grc' dir='ltr'>τοὺς</span> <span class='ocrx_word' id='word_1_418' title='bbox 3321 2647 3705 2715; x_wconf 78' lang='grc' dir='ltr'>διαλογισμούς</span> <span class='ocrx_word' id='word_1_419' title='bbox 3760 2663 3861 2714; x_wconf 76' lang='grc' dir='ltr'><strong>μου</strong></span> <span class='ocrx_word' id='word_1_420' title='bbox 3901 2646 4010 2698; x_wconf 83' lang='grc' dir='ltr'><strong>ἀπὸ</strong></span> 
     </span>
    </p>
   </div>
   <div class='ocr_carea' id='block_1_55' title="bbox 2439 2737 4007 2822">
    <p class='ocr_par' dir='ltr' id='par_1_55' title="bbox 2439 2737 4007 2822">
     <span class='ocr_line' id='line_1_55' title="bbox 2439 2737 4007 2822; baseline -0.011 -18"><span class='ocrx_word' id='word_1_421' title='bbox 2439 2750 2729 2822; x_wconf 84' lang='grc' dir='ltr'>μακρόθεν,</span> <span class='ocrx_word' id='word_1_422' title='bbox 2757 2746 2943 2799; x_wconf 77' lang='grc' dir='ltr'>ὃτιδιὰ</span> <span class='ocrx_word' id='word_1_423' title='bbox 2972 2744 3034 2796; x_wconf 74' lang='grc' dir='ltr'><strong>σὲ</strong></span> <span class='ocrx_word' id='word_1_424' title='bbox 3067 2744 3163 2795; x_wconf 87' lang='lat' dir='ltr'><strong>xui</strong></span> <span class='ocrx_word' id='word_1_425' title='bbox 3194 2742 3253 2794; x_wconf 71' lang='grc' dir='ltr'><strong>τὸ</strong></span> <span class='ocrx_word' id='word_1_426' title='bbox 3288 2742 3380 2793; x_wconf 79' lang='grc' dir='ltr'>σὸν</span> <span class='ocrx_word' id='word_1_427' title='bbox 3406 2739 3626 2807; x_wconf 81' lang='grc' dir='ltr'>φίλτρον</span> <span class='ocrx_word' id='word_1_428' title='bbox 3666 2739 3765 2807; x_wconf 81' lang='grc' dir='ltr'><strong>τὴν</strong></span> <span class='ocrx_word' id='word_1_429' title='bbox 3798 2737 4007 2804; x_wconf 65' lang='grc' dir='ltr'>ἀποδη-</span> 
     </span>
    </p>
   </div>
   <div class='ocr_carea' id='block_1_56' title="bbox 2439 2829 4013 2913">
    <p class='ocr_par' dir='ltr' id='par_1_56' title="bbox 2439 2829 4013 2913">
     <span class='ocr_line' id='line_1_56' title="bbox 2439 2829 4013 2913; baseline -0.01 -17"><span class='ocrx_word' id='word_1_430' title='bbox 2439 2844 2567 2913; x_wconf 86' lang='grc' dir='ltr'>μίαν</span> <span class='ocrx_word' id='word_1_431' title='bbox 2600 2841 2803 2909; x_wconf 78' lang='grc' dir='ltr'>ταύτην</span> <span class='ocrx_word' id='word_1_432' title='bbox 2828 2839 3051 2907; x_wconf 83' lang='grc' dir='ltr'>εἱλόμην</span> <span class='ocrx_word' id='word_1_433' title='bbox 3074 2853 3087 2865; x_wconf 83' lang='grc'><strong><em>“</em></strong></span> <span class='ocrx_word' id='word_1_434' title='bbox 3150 2835 3246 2888; x_wconf 72' lang='grc' dir='ltr'>καὶ</span> <span class='ocrx_word' id='word_1_435' title='bbox 3278 2833 3390 2886; x_wconf 82' lang='grc' dir='ltr'><strong>τῶν</strong></span> <span class='ocrx_word' id='word_1_436' title='bbox 3426 2830 3699 2901; x_wconf 84' lang='grc' dir='ltr'>βιωτικῶν</span> <span class='ocrx_word' id='word_1_437' title='bbox 3734 2829 3843 2881; x_wconf 75' lang='grc' dir='ltr'>ἰδοὺ</span> <span class='ocrx_word' id='word_1_438' title='bbox 3876 2830 4013 2881; x_wconf 85' lang='grc' dir='ltr'>πάν-</span> 
     </span>
    </p>
   </div>
   <div class='ocr_carea' id='block_1_57' title="bbox 2435 2915 4010 3003">
    <p class='ocr_par' dir='ltr' id='par_1_57' title="bbox 2435 2915 4010 3003">
     <span class='ocr_line' id='line_1_57' title="bbox 2435 2915 4010 3003; baseline -0.012 -14"><span class='ocrx_word' id='word_1_439' title='bbox 2435 2954 2543 2989; x_wconf 89' lang='grc' dir='ltr'><strong>των</strong></span> <span class='ocrx_word' id='word_1_440' title='bbox 2566 2934 2799 3003; x_wconf 75' lang='grc' dir='ltr'>ἐμαυτὸν</span> <span class='ocrx_word' id='word_1_441' title='bbox 2825 2929 3101 2995; x_wconf 76' lang='grc' dir='ltr'>ὑπεξὰγω,</span> <span class='ocrx_word' id='word_1_442' title='bbox 3151 2928 3224 2997; x_wconf 83' lang='grc' dir='ltr'>μή</span> <span class='ocrx_word' id='word_1_443' title='bbox 3256 2925 3357 2979; x_wconf 85' lang='grc' dir='ltr'><strong>πού</strong></span> <span class='ocrx_word' id='word_1_444' title='bbox 3390 2942 3493 2977; x_wconf 88' lang='grc' dir='ltr'>τινι</span> <span class='ocrx_word' id='word_1_445' title='bbox 3532 2922 3733 2975; x_wconf 68' lang='grc' dir='ltr'>τούτων</span> <span class='ocrx_word' id='word_1_446' title='bbox 3756 2915 3845 2972; x_wconf 73' lang='grc' dir='ltr'><strong>οἷα</strong></span> <span class='ocrx_word' id='word_1_447' title='bbox 3878 2936 4010 2972; x_wconf 68' lang='grc' dir='ltr'>σκοτ-</span> 
     </span>
    </p>
   </div>
   <div class='ocr_carea' id='block_1_58' title="bbox 2440 3011 4013 3097">
    <p class='ocr_par' dir='ltr' id='par_1_58' title="bbox 2440 3011 4013 3097">
     <span class='ocr_line' id='line_1_58' title="bbox 2440 3011 4013 3097; baseline -0.013 -15"><span class='ocrx_word' id='word_1_448' title='bbox 2440 3030 2586 3097; x_wconf 77' lang='grc' dir='ltr'><strong>πὲλῳ</strong></span> <span class='ocrx_word' id='word_1_449' title='bbox 2618 3023 2955 3096; x_wconf 81' lang='grc' dir='ltr'>προσράξας,</span> <span class='ocrx_word' id='word_1_450' title='bbox 2993 3023 3049 3072; x_wconf 84' lang='grc' dir='ltr'>ὲν</span> <span class='ocrx_word' id='word_1_451' title='bbox 3084 3019 3312 3083; x_wconf 81' lang='grc' dir='ltr'>πελάγει</span> <span class='ocrx_word' id='word_1_452' title='bbox 3354 3018 3505 3085; x_wconf 76' lang='grc' dir='ltr'><strong>μέσῳ</strong></span> <span class='ocrx_word' id='word_1_453' title='bbox 3558 3015 3665 3065; x_wconf 88' lang='grc' dir='ltr'><strong>τῶν</strong></span> <span class='ocrx_word' id='word_1_454' title='bbox 3726 3011 4013 3080; x_wconf 82' lang='grc' dir='ltr'>κοσμικῶν</span> 
     </span>
    </p>
   </div>
   <div class='ocr_carea' id='block_1_59' title="bbox 771 3102 2433 3195">
    <p class='ocr_par' dir='ltr' id='par_1_59' title="bbox 771 3107 2399 3195">
     <span class='ocr_line' id='line_1_59' title="bbox 771 3107 2399 3195; baseline 0.01 -37"><span class='ocrx_word' id='word_1_455' title='bbox 771 3107 951 3161; x_wconf 85' lang='lat' dir='ltr'><strong>medio</strong></span> <span class='ocrx_word' id='word_1_456' title='bbox 975 3109 1107 3160; x_wconf 84' lang='lat' dir='ltr'><strong>mari</strong></span> <span class='ocrx_word' id='word_1_457' title='bbox 1136 3124 1386 3162; x_wconf 83' lang='lat' dir='ltr'><strong>curarum</strong></span> <span class='ocrx_word' id='word_1_458' title='bbox 1415 3111 1802 3165; x_wconf 88' lang='lat' dir='ltr'><strong>mundanarum</strong></span> <span class='ocrx_word' id='word_1_459' title='bbox 1850 3115 2068 3168; x_wconf 80' lang='lat' dir='ltr'><strong>subeam</strong></span> <span class='ocrx_word' id='word_1_460' title='bbox 2111 3119 2324 3173; x_wconf 84' lang='lat' dir='ltr'><strong>uaul&#39;ra-</strong></span> <span class='ocrx_word' id='word_1_461' title='bbox 2358 3139 2399 3195; x_wconf 73' lang='grc' dir='ltr'>ο</span> 
     </span>
    </p>
   </div>
   <div class='ocr_carea' id='block_1_60' title="bbox 2350 3102 4012 3195">
    <p class='ocr_par' dir='ltr' id='par_1_60' title="bbox 2358 3102 4012 3195">
     <span class='ocr_line' id='line_1_60' title="bbox 2358 3102 4012 3195; baseline -0.013 -21"><span class='ocrx_word' id='word_1_462' title='bbox 2358 3139 2399 3195; x_wconf 78' lang='lat' dir='ltr'><strong><em>C</em></strong></span> <span class='ocrx_word' id='word_1_463' title='bbox 2435 3119 2727 3191; x_wconf 73' lang='grc' dir='ltr'>φροντίδων</span> <span class='ocrx_word' id='word_1_464' title='bbox 2761 3113 2978 3167; x_wconf 79' lang='grc' dir='ltr'>ὑποστῶ</span> <span class='ocrx_word' id='word_1_465' title='bbox 3002 3112 3093 3163; x_wconf 78' lang='grc' dir='ltr'>τὸν</span> <span class='ocrx_word' id='word_1_466' title='bbox 3112 3110 3394 3175; x_wconf 73' lang='grc' dir='ltr'>ναυάγιον.</span> <span class='ocrx_word' id='word_1_467' title='bbox 3438 3103 3562 3173; x_wconf 71' lang='grc' dir='ltr'><strong>Εἶχε</strong></span> <span class='ocrx_word' id='word_1_468' title='bbox 3608 3106 3706 3174; x_wconf 74' lang='grc' dir='ltr'>μὲν</span> <span class='ocrx_word' id='word_1_469' title='bbox 3735 3104 3829 3155; x_wconf 77' lang='grc' dir='ltr'>οὖν</span> <span class='ocrx_word' id='word_1_470' title='bbox 3859 3102 4012 3169; x_wconf 76' lang='grc' dir='ltr'>αὐτῷ</span> 
     </span>
    </p>
   </div>
   <div class='ocr_carea' id='block_1_61' title="bbox 768 3199 2333 3276">
    <p class='ocr_par' dir='ltr' id='par_1_61' title="bbox 768 3199 2333 3276">
     <span class='ocr_line' id='line_1_61' title="bbox 768 3199 2333 3276; baseline 0.01 -27"><span class='ocrx_word' id='word_1_471' title='bbox 768 3199 935 3270; x_wconf 73' lang='lat' dir='ltr'><strong>ginm.</strong></span> <span class='ocrx_word' id='word_1_472' title='bbox 959 3201 1135 3271; x_wconf 80' lang='lat' dir='ltr'><strong>Atque</strong></span> <span class='ocrx_word' id='word_1_473' title='bbox 1158 3204 1236 3257; x_wconf 89' lang='lat' dir='ltr'><strong>sic</strong></span> <span class='ocrx_word' id='word_1_474' title='bbox 1264 3204 1479 3271; x_wconf 90' lang='lat' dir='ltr'><strong>quidem</strong></span> <span class='ocrx_word' id='word_1_475' title='bbox 1516 3204 1673 3258; x_wconf 84' lang='lat' dir='ltr'><strong>tinem</strong></span> <span class='ocrx_word' id='word_1_476' title='bbox 1710 3217 2039 3273; x_wconf 88' lang='lat' dir='ltr'><strong>acceperunt</strong></span> <span class='ocrx_word' id='word_1_477' title='bbox 2072 3208 2187 3274; x_wconf 83' lang='lat' dir='ltr'><strong>ejus</strong></span> <span class='ocrx_word' id='word_1_478' title='bbox 2213 3225 2333 3276; x_wconf 85' lang='lat' dir='ltr'><strong>pre-</strong></span> 
     </span>
    </p>
   </div>
   <div class='ocr_carea' id='block_1_62' title="bbox 768 3293 2338 3362">
    <p class='ocr_par' dir='ltr' id='par_1_62' title="bbox 768 3293 2338 3362">
     <span class='ocr_line' id='line_1_62' title="bbox 768 3293 2338 3362; baseline 0.007 -21"><span class='ocrx_word' id='word_1_479' title='bbox 768 3304 901 3342; x_wconf 86' lang='lat' dir='ltr'><strong>ces:</strong></span> <span class='ocrx_word' id='word_1_480' title='bbox 935 3300 987 3343; x_wconf 91' lang='lat' dir='ltr'><strong>et</strong></span> <span class='ocrx_word' id='word_1_481' title='bbox 1046 3305 1169 3343; x_wconf 90' lang='lat' dir='ltr'><strong>cum</strong></span> <span class='ocrx_word' id='word_1_482' title='bbox 1226 3293 1502 3346; x_wconf 88' lang='lat' dir='ltr'><strong>Dominico</strong></span> <span class='ocrx_word' id='word_1_483' title='bbox 1534 3296 1686 3361; x_wconf 75' lang='lat' dir='ltr'><strong>signo</strong></span> <span class='ocrx_word' id='word_1_484' title='bbox 1734 3296 1911 3347; x_wconf 86' lang='lat' dir='ltr'><strong>vicum</strong></span> <span class='ocrx_word' id='word_1_485' title='bbox 1946 3298 2248 3362; x_wconf 74' lang='lat' dir='ltr'><strong>mllllllSSCl,</strong></span> <span class='ocrx_word' id='word_1_486' title='bbox 2285 3313 2338 3352; x_wconf 85' lang='lat' dir='ltr'><strong>et</strong></span> 
     </span>
    </p>
   </div>
   <div class='ocr_carea' id='block_1_63' title="bbox 771 3378 2335 3458">
    <p class='ocr_par' dir='ltr' id='par_1_63' title="bbox 771 3378 2335 3458">
     <span class='ocr_line' id='line_1_63' title="bbox 771 3378 2335 3458; baseline 0.008 -25"><span class='ocrx_word' id='word_1_487' title='bbox 771 3394 894 3433; x_wconf 86' lang='lat' dir='ltr'><strong>eum</strong></span> <span class='ocrx_word' id='word_1_488' title='bbox 923 3378 1034 3434; x_wconf 90' lang='lat' dir='ltr'><strong>Deo</strong></span> <span class='ocrx_word' id='word_1_489' title='bbox 1079 3382 1537 3451; x_wconf 84' lang='lat' dir='ltr'><strong>commendasset,</strong></span> <span class='ocrx_word' id='word_1_490' title='bbox 1569 3398 1627 3437; x_wconf 87' lang='lat' dir='ltr'><strong>se</strong></span> <span class='ocrx_word' id='word_1_491' title='bbox 1658 3384 1955 3441; x_wconf 87' lang='lat' dir='ltr'><strong>clanculum</strong></span> <span class='ocrx_word' id='word_1_492' title='bbox 2008 3390 2234 3458; x_wconf 84' lang='lat' dir='ltr'><strong>proripit</strong></span> <span class='ocrx_word' id='word_1_493' title='bbox 2270 3393 2335 3445; x_wconf 85' lang='lat' dir='ltr'><strong>ad</strong></span> 
     </span>
    </p>
   </div>
   <div class='ocr_carea' id='block_1_64' title="bbox 772 3487 1070 3527">
    <p class='ocr_par' dir='ltr' id='par_1_64' title="bbox 772 3487 1070 3527">
     <span class='ocr_line' id='line_1_64' title="bbox 772 3487 1070 3527; baseline 0 -1"><span class='ocrx_word' id='word_1_494' title='bbox 772 3487 1070 3527; x_wconf 80' lang='lat' dir='ltr'><strong>secessum.</strong></span> 
     </span>
    </p>
   </div>
   <div class='ocr_carea' id='block_1_65' title="bbox 845 3560 2337 3637">
    <p class='ocr_par' dir='ltr' id='par_1_65' title="bbox 845 3560 2337 3637">
     <span class='ocr_line' id='line_1_65' title="bbox 845 3560 2337 3637; baseline 0.006 -19"><span class='ocrx_word' id='word_1_495' title='bbox 845 3560 981 3619; x_wconf 72' lang='lat' dir='ltr'><strong>XIV.</strong></span> <span class='ocrx_word' id='word_1_496' title='bbox 1015 3564 1167 3620; x_wconf 80' lang='lat' dir='ltr'><strong>Mane</strong></span> <span class='ocrx_word' id='word_1_497' title='bbox 1208 3582 1337 3637; x_wconf 79' lang='lat' dir='ltr'><strong>ergo</strong></span> <span class='ocrx_word' id='word_1_498' title='bbox 1381 3584 1503 3623; x_wconf 89' lang='lat' dir='ltr'><strong>cum</strong></span> <span class='ocrx_word' id='word_1_499' title='bbox 1541 3568 1607 3622; x_wconf 90' lang='lat' dir='ltr'><strong>de</strong></span> <span class='ocrx_word' id='word_1_500' title='bbox 1652 3585 1803 3624; x_wconf 89' lang='lat' dir='ltr'><strong>more</strong></span> <span class='ocrx_word' id='word_1_501' title='bbox 1851 3575 2123 3626; x_wconf 79' lang='lat' dir='ltr'><strong>venissent</strong></span> <span class='ocrx_word' id='word_1_502' title='bbox 2163 3575 2337 3628; x_wconf 80' lang='lat' dir='ltr'><strong>vicani</strong></span> 
     </span>
    </p>
   </div>
   <div class='ocr_carea' id='block_1_66' title="bbox 776 3654 2341 3721">
    <p class='ocr_par' dir='ltr' id='par_1_66' title="bbox 776 3654 2341 3721">
     <span class='ocr_line' id='line_1_66' title="bbox 776 3654 2341 3721; baseline 0.006 -15"><span class='ocrx_word' id='word_1_503' title='bbox 776 3654 843 3709; x_wconf 83' lang='lat' dir='ltr'><strong>ad</strong></span> <span class='ocrx_word' id='word_1_504' title='bbox 869 3655 1122 3721; x_wconf 81' lang='lat' dir='ltr'><strong>templum</strong></span> <span class='ocrx_word' id='word_1_505' title='bbox 1156 3656 1516 3719; x_wconf 87' lang='lat' dir='ltr'><strong>Dominicum,</strong></span> <span class='ocrx_word' id='word_1_506' title='bbox 1551 3666 1610 3708; x_wconf 88' lang='lat' dir='ltr'><strong>ut</strong></span> <span class='ocrx_word' id='word_1_507' title='bbox 1641 3657 2071 3712; x_wconf 84' lang='lat' dir='ltr'><strong>benedictionem</strong></span> <span class='ocrx_word' id='word_1_508' title='bbox 2105 3660 2341 3716; x_wconf 81' lang='lat' dir='ltr'><strong>Pastoris</strong></span> 
     </span>
    </p>
   </div>
   <div class='ocr_carea' id='block_1_67' title="bbox 779 3748 2337 3819">
    <p class='ocr_par' dir='ltr' id='par_1_67' title="bbox 779 3748 2337 3819">
     <span class='ocr_line' id='line_1_67' title="bbox 779 3748 2337 3819; baseline 0.006 -24"><span class='ocrx_word' id='word_1_509' title='bbox 779 3755 1220 3813; x_wconf 84' lang='lat' dir='ltr'><strong>assequerentur,</strong></span> <span class='ocrx_word' id='word_1_510' title='bbox 1254 3761 1484 3815; x_wconf 86' lang='lat' dir='ltr'><strong>cumque</strong></span> <span class='ocrx_word' id='word_1_511' title='bbox 1532 3762 1654 3800; x_wconf 90' lang='lat' dir='ltr'><strong>eum</strong></span> <span class='ocrx_word' id='word_1_512' title='bbox 1715 3748 1787 3802; x_wconf 88' lang='lat' dir='ltr'><strong>ibi</strong></span> <span class='ocrx_word' id='word_1_513' title='bbox 1836 3763 1940 3803; x_wconf 87' lang='lat' dir='ltr'><strong>non</strong></span> <span class='ocrx_word' id='word_1_514' title='bbox 1988 3750 2337 3819; x_wconf 88' lang='lat' dir='ltr'><strong>invenissent,</strong></span> 
     </span>
    </p>
   </div>
   <div class='ocr_carea' id='block_1_68' title="bbox 778 3834 2339 3916">
    <p class='ocr_par' dir='ltr' id='par_1_68' title="bbox 778 3834 2339 3916">
     <span class='ocr_line' id='line_1_68' title="bbox 778 3834 2339 3916; baseline 0.011 -29"><span class='ocrx_word' id='word_1_515' title='bbox 778 3834 899 3892; x_wconf 87' lang='lat' dir='ltr'><strong>illos</strong></span> <span class='ocrx_word' id='word_1_516' title='bbox 928 3838 1123 3893; x_wconf 84' lang='lat' dir='ltr'><strong>invasit</strong></span> <span class='ocrx_word' id='word_1_517' title='bbox 1152 3839 1421 3905; x_wconf 79' lang='lat' dir='ltr'><strong>confusio,</strong></span> <span class='ocrx_word' id='word_1_518' title='bbox 1459 3854 1765 3910; x_wconf 77' lang='lat' dir='ltr'><strong>mterorque</strong></span> <span class='ocrx_word' id='word_1_519' title='bbox 1792 3854 1843 3895; x_wconf 90' lang='lat' dir='ltr'><strong>et</strong></span> <span class='ocrx_word' id='word_1_520' title='bbox 1868 3844 2029 3898; x_wconf 90' lang='lat' dir='ltr'><strong>animi</strong></span> <span class='ocrx_word' id='word_1_521' title='bbox 2057 3846 2339 3916; x_wconf 60' lang='lat' dir='ltr'><strong>aegritudo.</strong></span> 
     </span>
    </p>
   </div>
   <div class='ocr_carea' id='block_1_69' title="bbox 778 3926 2343 4001">
    <p class='ocr_par' dir='ltr' id='par_1_69' title="bbox 778 3926 2343 4001">
     <span class='ocr_line' id='line_1_69' title="bbox 778 3926 2343 4001; baseline 0.006 -18"><span class='ocrx_word' id='word_1_522' title='bbox 778 3926 913 3983; x_wconf 82' lang='lat' dir='ltr'><strong>Eum</strong></span> <span class='ocrx_word' id='word_1_523' title='bbox 949 3932 1111 3997; x_wconf 76' lang='lat' dir='ltr'><strong>igitur</strong></span> <span class='ocrx_word' id='word_1_524' title='bbox 1158 3931 1440 3999; x_wconf 76' lang='lat' dir='ltr'><strong>diligenter</strong></span> <span class='ocrx_word' id='word_1_525' title='bbox 1491 3944 1759 3998; x_wconf 69' lang='lat' dir='ltr'><strong>quaerunt,</strong></span> <span class='ocrx_word' id='word_1_526' title='bbox 1798 3948 1901 3985; x_wconf 87' lang='lat' dir='ltr'><strong>non</strong></span> <span class='ocrx_word' id='word_1_527' title='bbox 1938 3950 2156 4001; x_wconf 88' lang='lat' dir='ltr'><strong>parvam</strong></span> <span class='ocrx_word' id='word_1_528' title='bbox 2186 3946 2343 3993; x_wconf 78' lang='lat' dir='ltr'><strong>terra:</strong></span> 
     </span>
    </p>
   </div>
   <div class='ocr_carea' id='block_1_70' title="bbox 780 4019 2341 4090">
    <p class='ocr_par' dir='ltr' id='par_1_70' title="bbox 780 4019 2341 4090">
     <span class='ocr_line' id='line_1_70' title="bbox 780 4019 2341 4090; baseline 0.008 -20"><span class='ocrx_word' id='word_1_529' title='bbox 780 4029 989 4085; x_wconf 88' lang='lat' dir='ltr'><strong>partem</strong></span> <span class='ocrx_word' id='word_1_530' title='bbox 1022 4019 1303 4075; x_wconf 88' lang='lat' dir='ltr'><strong>obeuntes.</strong></span> <span class='ocrx_word' id='word_1_531' title='bbox 1338 4020 1441 4075; x_wconf 90' lang='lat' dir='ltr'><strong>Sed</strong></span> <span class='ocrx_word' id='word_1_532' title='bbox 1471 4023 1670 4076; x_wconf 87' lang='lat' dir='ltr'><strong>reversi</strong></span> <span class='ocrx_word' id='word_1_533' title='bbox 1715 4024 1894 4077; x_wconf 85' lang='lat' dir='ltr'><strong>vacuis</strong></span> <span class='ocrx_word' id='word_1_534' title='bbox 1924 4024 2193 4090; x_wconf 87' lang='lat' dir='ltr'><strong>manibus,</strong></span> <span class='ocrx_word' id='word_1_535' title='bbox 2219 4041 2341 4082; x_wconf 81' lang='lat' dir='ltr'><strong>cuin</strong></span> 
     </span>
    </p>
   </div>
   <div class='ocr_carea' id='block_1_71' title="bbox 777 4109 2343 4189">
    <p class='ocr_par' dir='ltr' id='par_1_71' title="bbox 777 4109 2343 4189">
     <span class='ocr_line' id='line_1_71' title="bbox 777 4109 2343 4189; baseline 0.006 -25"><span class='ocrx_word' id='word_1_536' title='bbox 777 4109 970 4164; x_wconf 84' lang='lat' dir='ltr'><strong>calidis</strong></span> <span class='ocrx_word' id='word_1_537' title='bbox 1010 4110 1262 4182; x_wconf 82' lang='lat' dir='ltr'><strong>lacrymis</strong></span> <span class='ocrx_word' id='word_1_538' title='bbox 1309 4117 1572 4169; x_wconf 84' lang='lat' dir='ltr'><strong>accedunt</strong></span> <span class='ocrx_word' id='word_1_539' title='bbox 1619 4114 1682 4169; x_wconf 88' lang='lat' dir='ltr'><strong>sd</strong></span> <span class='ocrx_word' id='word_1_540' title='bbox 1744 4115 2078 4186; x_wconf 86' lang='lat' dir='ltr'><strong>episcopum,</strong></span> <span class='ocrx_word' id='word_1_541' title='bbox 2110 4128 2163 4172; x_wconf 91' lang='lat' dir='ltr'><strong>et</strong></span> <span class='ocrx_word' id='word_1_542' title='bbox 2201 4119 2343 4189; x_wconf 89' lang='lat' dir='ltr'><strong>apud</strong></span> 
     </span>
    </p>
   </div>
   <div class='ocr_carea' id='block_1_72' title="bbox 777 4205 2343 4274">
    <p class='ocr_par' dir='ltr' id='par_1_72' title="bbox 777 4205 2343 4274">
     <span class='ocr_line' id='line_1_72' title="bbox 777 4205 2343 4274; baseline 0.004 -16"><span class='ocrx_word' id='word_1_543' title='bbox 777 4220 899 4259; x_wconf 88' lang='lat' dir='ltr'><strong>eum</strong></span> <span class='ocrx_word' id='word_1_544' title='bbox 932 4205 1148 4269; x_wconf 88' lang='lat' dir='ltr'><strong>delleut,</strong></span> <span class='ocrx_word' id='word_1_545' title='bbox 1180 4220 1238 4258; x_wconf 89' lang='lat' dir='ltr'><strong>se</strong></span> <span class='ocrx_word' id='word_1_546' title='bbox 1272 4221 1392 4258; x_wconf 87' lang='lat' dir='ltr'><strong>esse</strong></span> <span class='ocrx_word' id='word_1_547' title='bbox 1432 4207 1669 4274; x_wconf 85' lang='lat' dir='ltr'><strong>privatos</strong></span> <span class='ocrx_word' id='word_1_548' title='bbox 1695 4222 1795 4261; x_wconf 87' lang='lat' dir='ltr'><strong>suo</strong></span> <span class='ocrx_word' id='word_1_549' title='bbox 1850 4220 2082 4274; x_wconf 88' lang='lat' dir='ltr'><strong>pastore.</strong></span> <span class='ocrx_word' id='word_1_550' title='bbox 2117 4208 2210 4266; x_wconf 85' lang='lat' dir='ltr'><strong>Ille</strong></span> <span class='ocrx_word' id='word_1_551' title='bbox 2243 4228 2343 4265; x_wconf 84' lang='lat' dir='ltr'><strong>au-</strong></span> 
     </span>
    </p>
   </div>
   <div class='ocr_carea' id='block_1_73' title="bbox 782 4293 2345 4369">
    <p class='ocr_par' dir='ltr' id='par_1_73' title="bbox 782 4293 2345 4369">
     <span class='ocr_line' id='line_1_73' title="bbox 782 4293 2345 4369; baseline 0.006 -23"><span class='ocrx_word' id='word_1_552' title='bbox 782 4305 887 4347; x_wconf 87' lang='lat' dir='ltr'><strong>tem</strong></span> <span class='ocrx_word' id='word_1_553' title='bbox 912 4293 1183 4346; x_wconf 83' lang='lat' dir='ltr'><strong>sauciatus</strong></span> <span class='ocrx_word' id='word_1_554' title='bbox 1214 4294 1433 4362; x_wconf 89' lang='lat' dir='ltr'><strong>paribus</strong></span> <span class='ocrx_word' id='word_1_555' title='bbox 1458 4294 1575 4348; x_wconf 88' lang='lat' dir='ltr'><strong>telis</strong></span> <span class='ocrx_word' id='word_1_556' title='bbox 1597 4295 1952 4365; x_wconf 60' lang='lat' dir='ltr'><strong>aegritudinis,</strong></span> <span class='ocrx_word' id='word_1_557' title='bbox 1977 4311 2102 4350; x_wconf 89' lang='lat' dir='ltr'><strong>eum</strong></span> <span class='ocrx_word' id='word_1_558' title='bbox 2130 4313 2345 4369; x_wconf 88' lang='lat' dir='ltr'><strong>quoque</strong></span> 
     </span>
    </p>
   </div>
   <div class='ocr_carea' id='block_1_74' title="bbox 776 4383 2343 4457">
    <p class='ocr_par' dir='ltr' id='par_1_74' title="bbox 776 4383 2343 4457">
     <span class='ocr_line' id='line_1_74' title="bbox 776 4383 2343 4457; baseline 0.007 -21"><span class='ocrx_word' id='word_1_559' title='bbox 776 4384 973 4454; x_wconf 69' lang='lat' dir='ltr'><strong>quterit</strong></span> <span class='ocrx_word' id='word_1_560' title='bbox 1000 4383 1267 4439; x_wconf 86' lang='lat' dir='ltr'><strong>similiter.</strong></span> <span class='ocrx_word' id='word_1_561' title='bbox 1295 4383 1583 4455; x_wconf 79' lang='lat' dir='ltr'><strong>Postquam</strong></span> <span class='ocrx_word' id='word_1_562' title='bbox 1615 4399 1741 4441; x_wconf 86' lang='lat' dir='ltr'><strong>vero</strong></span> <span class='ocrx_word' id='word_1_563' title='bbox 1777 4394 1831 4439; x_wconf 85' lang='lat' dir='ltr'><strong>et</strong></span> <span class='ocrx_word' id='word_1_564' title='bbox 1866 4386 1979 4456; x_wconf 84' lang='lat' dir='ltr'><strong>ipse</strong></span> <span class='ocrx_word' id='word_1_565' title='bbox 2010 4392 2258 4457; x_wconf 79' lang='lat' dir='ltr'><strong>cognovit</strong></span> <span class='ocrx_word' id='word_1_566' title='bbox 2284 4406 2343 4447; x_wconf 83' lang='lat' dir='ltr'><strong>se</strong></span> 
     </span>
    </p>
   </div>
   <div class='ocr_carea' id='block_1_75' title="bbox 2434 3196 4012 3275">
    <p class='ocr_par' dir='ltr' id='par_1_75' title="bbox 2434 3196 4012 3275">
     <span class='ocr_line' id='line_1_75' title="bbox 2434 3196 4012 3275; baseline -0.012 -10"><span class='ocrx_word' id='word_1_567' title='bbox 2434 3216 2585 3273; x_wconf 77' lang='grc' dir='ltr'>τέλος</span> <span class='ocrx_word' id='word_1_568' title='bbox 2607 3210 2673 3261; x_wconf 76' lang='grc' dir='ltr'><strong>τὰ</strong></span> <span class='ocrx_word' id='word_1_569' title='bbox 2694 3209 2791 3275; x_wconf 79' lang='grc' dir='ltr'>τῆς</span> <span class='ocrx_word' id='word_1_570' title='bbox 2817 3205 3005 3273; x_wconf 72' lang='grc' dir='ltr'>εὐχῆς,</span> <span class='ocrx_word' id='word_1_571' title='bbox 3046 3202 3139 3254; x_wconf 69' lang='grc' dir='ltr'>καὶ</span> <span class='ocrx_word' id='word_1_572' title='bbox 3169 3203 3286 3270; x_wconf 70' lang='grc' dir='ltr'>τρὶς</span> <span class='ocrx_word' id='word_1_573' title='bbox 3318 3198 3394 3268; x_wconf 80' lang='grc' dir='ltr'><strong>τῷ</strong></span> <span class='ocrx_word' id='word_1_574' title='bbox 3446 3197 3761 3265; x_wconf 80' lang='grc' dir='ltr'>Δεσποτικῷ</span> <span class='ocrx_word' id='word_1_575' title='bbox 3796 3196 4012 3263; x_wconf 82' lang='grc' dir='ltr'>σημείῳ</span> 
     </span>
    </p>
   </div>
   <div class='ocr_carea' id='block_1_76' title="bbox 2437 3286 4010 3369">
    <p class='ocr_par' dir='ltr' id='par_1_76' title="bbox 2437 3286 4010 3369">
     <span class='ocr_line' id='line_1_76' title="bbox 2437 3286 4010 3369; baseline -0.01 -17"><span class='ocrx_word' id='word_1_576' title='bbox 2437 3300 2535 3369; x_wconf 74' lang='grc' dir='ltr'>τὴν</span> <span class='ocrx_word' id='word_1_577' title='bbox 2561 3297 2751 3366; x_wconf 83' lang='grc' dir='ltr'>κώμην</span> <span class='ocrx_word' id='word_1_578' title='bbox 2788 3290 3191 3361; x_wconf 75' lang='grc' dir='ltr'>διασφραγίσας</span> <span class='ocrx_word' id='word_1_579' title='bbox 3227 3290 3321 3341; x_wconf 88' lang='lat' dir='ltr'><strong>xui</strong></span> <span class='ocrx_word' id='word_1_580' title='bbox 3342 3288 3547 3355; x_wconf 77' lang='grc' dir='ltr'>ταύτην</span> <span class='ocrx_word' id='word_1_581' title='bbox 3721 3286 4010 3355; x_wconf 71' lang='grc' dir='ltr'>παραθεὶς,</span> 
     </span>
    </p>
   </div>
   <div class='ocr_carea' id='block_1_77' title="bbox 2440 3381 3792 3461">
    <p class='ocr_par' dir='ltr' id='par_1_77' title="bbox 2440 3381 3792 3461">
     <span class='ocr_line' id='line_1_77' title="bbox 2440 3381 3792 3461; baseline -0.01 -16"><span class='ocrx_word' id='word_1_582' title='bbox 2440 3392 2602 3461; x_wconf 78' lang='grc' dir='ltr'>ἐξόδῳ</span> <span class='ocrx_word' id='word_1_583' title='bbox 2639 3390 2745 3442; x_wconf 67' lang='grc' dir='ltr'>τινι</span> <span class='ocrx_word' id='word_1_584' title='bbox 2770 3384 3005 3456; x_wconf 75' lang='grc' dir='ltr'>λαθραία</span> <span class='ocrx_word' id='word_1_585' title='bbox 3038 3382 3260 3435; x_wconf 77' lang='grc' dir='ltr'>κλέπτει</span> <span class='ocrx_word' id='word_1_586' title='bbox 3290 3383 3389 3449; x_wconf 76' lang='grc' dir='ltr'>τὴν</span> <span class='ocrx_word' id='word_1_587' title='bbox 3420 3381 3792 3448; x_wconf 76' lang='grc' dir='ltr'>ὑποχώρησιν.</span> 
     </span>
    </p>
   </div>
   <div class='ocr_carea' id='block_1_78' title="bbox 2513 3557 4014 3634">
    <p class='ocr_par' dir='ltr' id='par_1_78' title="bbox 2513 3557 4014 3634">
     <span class='ocr_line' id='line_1_78' title="bbox 2513 3557 4014 3634; baseline -0.015 -6"><span class='ocrx_word' id='word_1_588' title='bbox 2513 3572 2612 3628; x_wconf 74' lang='lat' dir='ltr'><strong>lA&#39;.</strong></span> <span class='ocrx_word' id='word_1_589' title='bbox 2640 3570 2848 3624; x_wconf 83' lang='grc' dir='ltr'>Ἕωθεν</span> <span class='ocrx_word' id='word_1_590' title='bbox 2874 3568 2968 3622; x_wconf 72' lang='grc' dir='ltr'>οὖν</span> <span class='ocrx_word' id='word_1_591' title='bbox 3002 3568 3126 3627; x_wconf 70' lang='grc' dir='ltr'>τοὺς</span> <span class='ocrx_word' id='word_1_592' title='bbox 3177 3565 3277 3634; x_wconf 84' lang='grc' dir='ltr'>τῆς</span> <span class='ocrx_word' id='word_1_593' title='bbox 3304 3560 3497 3630; x_wconf 85' lang='grc' dir='ltr'>κώμης</span> <span class='ocrx_word' id='word_1_594' title='bbox 3523 3559 3580 3609; x_wconf 60' lang='grc' dir='ltr'>τὸ</span> <span class='ocrx_word' id='word_1_595' title='bbox 3614 3564 3900 3627; x_wconf 65' lang='grc' dir='ltr'>κυριακὸν,</span> <span class='ocrx_word' id='word_1_596' title='bbox 3936 3557 4014 3615; x_wconf 78' lang='grc' dir='ltr'><strong>ὡς</strong></span> 
     </span>
    </p>
   </div>
   <div class='ocr_carea' id='block_1_79' title="bbox 2440 3648 4016 3725">
    <p class='ocr_par' dir='ltr' id='par_1_79' title="bbox 2440 3648 4016 3725">
     <span class='ocr_line' id='line_1_79' title="bbox 2440 3648 4016 3725; baseline -0.004 -10"><span class='ocrx_word' id='word_1_597' title='bbox 2440 3666 2581 3725; x_wconf 77' lang='grc' dir='ltr'>ἔθος,</span> <span class='ocrx_word' id='word_1_598' title='bbox 2609 3661 3036 3720; x_wconf 78' lang='grc' dir='ltr'>καταλαϐόντας,</span> <span class='ocrx_word' id='word_1_599' title='bbox 3077 3656 3218 3708; x_wconf 83' lang='grc' dir='ltr'>ὥστε</span> <span class='ocrx_word' id='word_1_600' title='bbox 3268 3658 3366 3722; x_wconf 76' lang='grc' dir='ltr'>τῆς</span> <span class='ocrx_word' id='word_1_601' title='bbox 3421 3651 3571 3720; x_wconf 71' lang='grc' dir='ltr'>παρὰ</span> <span class='ocrx_word' id='word_1_602' title='bbox 3621 3648 3715 3701; x_wconf 75' lang='grc' dir='ltr'><strong>τοῦ</strong></span> <span class='ocrx_word' id='word_1_603' title='bbox 3759 3649 4016 3717; x_wconf 76' lang='grc' dir='ltr'>ποιμένος</span> 
     </span>
    </p>
   </div>
   <div class='ocr_carea' id='block_1_80' title="bbox 2442 3740 4017 3819">
    <p class='ocr_par' dir='ltr' id='par_1_80' title="bbox 2442 3740 4017 3819">
     <span class='ocr_line' id='line_1_80' title="bbox 2442 3740 4017 3819; baseline -0.011 -13"><span class='ocrx_word' id='word_1_604' title='bbox 2442 3753 2689 3819; x_wconf 68' lang='grc' dir='ltr'>εὐλογίας</span> <span class='ocrx_word' id='word_1_605' title='bbox 2719 3749 3043 3816; x_wconf 81' lang='grc' dir='ltr'>ἀξιωθῆναι,</span> <span class='ocrx_word' id='word_1_606' title='bbox 3074 3747 3166 3798; x_wconf 75' lang='grc' dir='ltr'>καὶ</span> <span class='ocrx_word' id='word_1_607' title='bbox 3191 3744 3380 3796; x_wconf 81' lang='grc' dir='ltr'>τοῦτον</span> <span class='ocrx_word' id='word_1_608' title='bbox 3422 3744 3479 3793; x_wconf 73' lang='grc' dir='ltr'>ἐν</span> <span class='ocrx_word' id='word_1_609' title='bbox 3528 3740 3677 3809; x_wconf 84' lang='grc' dir='ltr'><strong>αύτῷ</strong></span> <span class='ocrx_word' id='word_1_610' title='bbox 3710 3740 3782 3809; x_wconf 84' lang='grc' dir='ltr'>μὴ</span> <span class='ocrx_word' id='word_1_611' title='bbox 3830 3740 4017 3807; x_wconf 81' lang='grc' dir='ltr'>εὑρόν-</span> 
     </span>
    </p>
   </div>
   <div class='ocr_carea' id='block_1_81' title="bbox 2440 3829 4015 3909">
    <p class='ocr_par' dir='ltr' id='par_1_81' title="bbox 2440 3829 4015 3909">
     <span class='ocr_line' id='line_1_81' title="bbox 2440 3829 4015 3909; baseline -0.011 -13"><span class='ocrx_word' id='word_1_612' title='bbox 2440 3861 2561 3908; x_wconf 83' lang='grc' dir='ltr'>τας,</span> <span class='ocrx_word' id='word_1_613' title='bbox 2599 3840 2860 3909; x_wconf 72' lang='grc' dir='ltr'>σύγχυσις</span> <span class='ocrx_word' id='word_1_614' title='bbox 2882 3833 3019 3906; x_wconf 77' lang='grc' dir='ltr'>εἶχε,</span> <span class='ocrx_word' id='word_1_615' title='bbox 3057 3835 3150 3888; x_wconf 83' lang='lat' dir='ltr'><strong>xui</strong></span> <span class='ocrx_word' id='word_1_616' title='bbox 3178 3832 3348 3902; x_wconf 84' lang='grc' dir='ltr'>λύπη,</span> <span class='ocrx_word' id='word_1_617' title='bbox 3376 3836 3469 3885; x_wconf 79' lang='lat' dir='ltr'><strong>xu&quot;.</strong></span> <span class='ocrx_word' id='word_1_618' title='bbox 3499 3830 3709 3897; x_wconf 80' lang='grc' dir='ltr'>ἀθυμία</span> <span class='ocrx_word' id='word_1_619' title='bbox 3738 3847 3749 3859; x_wconf 93' lang='grc'><strong>·</strong></span> <span class='ocrx_word' id='word_1_620' title='bbox 3785 3829 4015 3897; x_wconf 77' lang='grc' dir='ltr'>ἔρευναν</span> 
     </span>
    </p>
   </div>
   <div class='ocr_carea' id='block_1_82' title="bbox 2440 3921 4013 3999">
    <p class='ocr_par' dir='ltr' id='par_1_82' title="bbox 2440 3921 4013 3999">
     <span class='ocr_line' id='line_1_82' title="bbox 2440 3921 4013 3999; baseline -0.01 -13"><span class='ocrx_word' id='word_1_621' title='bbox 2440 3933 2619 3986; x_wconf 82' lang='grc' dir='ltr'>τοίνυν</span> <span class='ocrx_word' id='word_1_622' title='bbox 2657 3928 2751 3985; x_wconf 81' lang='grc' dir='ltr'>τοῦ</span> <span class='ocrx_word' id='word_1_623' title='bbox 2800 3928 2993 3999; x_wconf 84' lang='grc' dir='ltr'>ἀνδρὸς</span> <span class='ocrx_word' id='word_1_624' title='bbox 3060 3926 3265 3997; x_wconf 77' lang='grc' dir='ltr'>ἀκριϐῆ</span> <span class='ocrx_word' id='word_1_625' title='bbox 3316 3924 3696 3993; x_wconf 80' lang='grc' dir='ltr'>ποιησάμενοι,</span> <span class='ocrx_word' id='word_1_626' title='bbox 3749 3921 3911 3991; x_wconf 78' lang='grc' dir='ltr'>μέρος</span> <span class='ocrx_word' id='word_1_627' title='bbox 3950 3937 4013 3971; x_wconf 81' lang='grc' dir='ltr'><strong>τε</strong></span> 
     </span>
    </p>
   </div>
   <div class='ocr_carea' id='block_1_83' title="bbox 2443 4012 4015 4093">
    <p class='ocr_par' dir='ltr' id='par_1_83' title="bbox 2443 4012 4015 4093">
     <span class='ocr_line' id='line_1_83' title="bbox 2443 4012 4015 4093; baseline -0.01 -15"><span class='ocrx_word' id='word_1_628' title='bbox 2443 4027 2544 4093; x_wconf 80' lang='grc' dir='ltr'>γῆς</span> <span class='ocrx_word' id='word_1_629' title='bbox 2572 4025 2674 4077; x_wconf 80' lang='grc' dir='ltr'>οὐκ</span> <span class='ocrx_word' id='word_1_630' title='bbox 2707 4022 2890 4090; x_wconf 84' lang='grc' dir='ltr'>ὀλίγον</span> <span class='ocrx_word' id='word_1_631' title='bbox 2922 4020 3065 4073; x_wconf 74' lang='grc' dir='ltr'>κατὰ</span> <span class='ocrx_word' id='word_1_632' title='bbox 3113 4021 3343 4088; x_wconf 81' lang='grc' dir='ltr'>ζήτησιν</span> <span class='ocrx_word' id='word_1_633' title='bbox 3375 4018 3585 4069; x_wconf 74' lang='grc' dir='ltr'>ἐκείνου</span> <span class='ocrx_word' id='word_1_634' title='bbox 3635 4012 4015 4082; x_wconf 68' lang='grc' dir='ltr'>περιελθόντες</span> 
     </span>
    </p>
   </div>
   <div class='ocr_carea' id='block_1_84' title="bbox 2443 4106 4015 4183">
    <p class='ocr_par' dir='ltr' id='par_1_84' title="bbox 2443 4106 4015 4183">
     <span class='ocr_line' id='line_1_84' title="bbox 2443 4106 4015 4183; baseline -0.008 -14"><span class='ocrx_word' id='word_1_635' title='bbox 2443 4118 2537 4171; x_wconf 78' lang='grc' dir='ltr'>καὶ</span> <span class='ocrx_word' id='word_1_636' title='bbox 2592 4118 2779 4176; x_wconf 82' lang='grc' dir='ltr'>κεναῖς</span> <span class='ocrx_word' id='word_1_637' title='bbox 2828 4117 3018 4183; x_wconf 75' lang='grc' dir='ltr'>χερσὶν</span> <span class='ocrx_word' id='word_1_638' title='bbox 3072 4110 3514 4179; x_wconf 68' lang='grc' dir='ltr'>ὑποστρέψαντες</span> <span class='ocrx_word' id='word_1_639' title='bbox 3545 4147 3559 4168; x_wconf 95' lang='grc'><strong>,</strong></span> <span class='ocrx_word' id='word_1_640' title='bbox 3615 4106 4015 4175; x_wconf 74' lang='grc' dir='ltr'>προσέρχονται</span> 
     </span>
    </p>
   </div>
   <div class='ocr_carea' id='block_1_85' title="bbox 2448 4196 4015 4273">
    <p class='ocr_par' dir='ltr' id='par_1_85' title="bbox 2448 4196 4015 4273">
     <span class='ocr_line' id='line_1_85' title="bbox 2448 4196 4015 4273; baseline -0.006 -16"><span class='ocrx_word' id='word_1_641' title='bbox 2448 4206 2586 4272; x_wconf 80' lang='grc' dir='ltr'>μετὰ</span> <span class='ocrx_word' id='word_1_642' title='bbox 2618 4202 2836 4273; x_wconf 84' lang='grc' dir='ltr'>θερμῶν</span> <span class='ocrx_word' id='word_1_643' title='bbox 2857 4201 3111 4267; x_wconf 86' lang='grc' dir='ltr'>δακρύων</span> <span class='ocrx_word' id='word_1_644' title='bbox 3137 4199 3213 4267; x_wconf 81' lang='grc' dir='ltr'>τῷ</span> <span class='ocrx_word' id='word_1_645' title='bbox 3238 4200 3335 4269; x_wconf 85' lang='grc' dir='ltr'><strong>τῆς</strong></span> <span class='ocrx_word' id='word_1_646' title='bbox 3370 4196 3678 4266; x_wconf 76' lang='grc' dir='ltr'>ἐπισκοπῆς</span> <span class='ocrx_word' id='word_1_647' title='bbox 3709 4197 4015 4266; x_wconf 72' lang='grc' dir='ltr'>προεστῶτι</span> 
     </span>
    </p>
   </div>
   <div class='ocr_carea' id='block_1_86' title="bbox 2445 4287 4018 4363">
    <p class='ocr_par' dir='ltr' id='par_1_86' title="bbox 2445 4287 4018 4363">
     <span class='ocr_line' id='line_1_86' title="bbox 2445 4287 4018 4363; baseline -0.005 -16"><span class='ocrx_word' id='word_1_648' title='bbox 2445 4296 2540 4347; x_wconf 77' lang='grc' dir='ltr'>καὶ</span> <span class='ocrx_word' id='word_1_649' title='bbox 2592 4294 2691 4363; x_wconf 84' lang='grc' dir='ltr'>τὴν</span> <span class='ocrx_word' id='word_1_650' title='bbox 2738 4291 2832 4347; x_wconf 83' lang='grc' dir='ltr'>τοῦ</span> <span class='ocrx_word' id='word_1_651' title='bbox 2895 4292 3027 4345; x_wconf 84' lang='grc' dir='ltr'>ίδίου</span> <span class='ocrx_word' id='word_1_652' title='bbox 3086 4291 3344 4360; x_wconf 84' lang='grc' dir='ltr'>ποιμένος</span> <span class='ocrx_word' id='word_1_653' title='bbox 3400 4290 3657 4359; x_wconf 78' lang='grc' dir='ltr'>στέρησιν</span> <span class='ocrx_word' id='word_1_654' title='bbox 3682 4288 3817 4357; x_wconf 80' lang='grc' dir='ltr'>πρὸς</span> <span class='ocrx_word' id='word_1_655' title='bbox 3854 4287 4018 4341; x_wconf 69' lang='grc' dir='ltr'>αὑτὸν</span> 
     </span>
    </p>
   </div>
   <div class='ocr_carea' id='block_1_87' title="bbox 2446 4380 4016 4455">
    <p class='ocr_par' dir='ltr' id='par_1_87' title="bbox 2446 4380 4016 4455">
     <span class='ocr_line' id='line_1_87' title="bbox 2446 4380 4016 4455; baseline -0.006 -14"><span class='ocrx_word' id='word_1_656' title='bbox 2446 4386 2827 4455; x_wconf 72' lang='grc' dir='ltr'>ἀποδύρονται.</span> <span class='ocrx_word' id='word_1_657' title='bbox 2871 4386 2929 4439; x_wconf 85' lang='lat'><strong>&#39;0</strong></span> <span class='ocrx_word' id='word_1_658' title='bbox 2964 4385 3018 4438; x_wconf 79' lang='grc' dir='ltr'>δὲ</span> <span class='ocrx_word' id='word_1_659' title='bbox 3049 4388 3161 4447; x_wconf 82' lang='grc' dir='ltr'>τοῖς</span> <span class='ocrx_word' id='word_1_660' title='bbox 3193 4385 3327 4446; x_wconf 79' lang='grc' dir='ltr'>ἴσοις</span> <span class='ocrx_word' id='word_1_661' title='bbox 3359 4383 3459 4451; x_wconf 86' lang='grc' dir='ltr'>τῆς</span> <span class='ocrx_word' id='word_1_662' title='bbox 3484 4381 3719 4452; x_wconf 82' lang='grc' dir='ltr'>ἀθυμίας</span> <span class='ocrx_word' id='word_1_663' title='bbox 3746 4380 3840 4433; x_wconf 89' lang='lat' dir='ltr'><strong>xui</strong></span> <span class='ocrx_word' id='word_1_664' title='bbox 3855 4381 4016 4442; x_wconf 71' lang='grc' dir='ltr'>αὐτὸς</span> 
     </span>
    </p>
   </div>
   <div class='ocr_carea' id='block_1_88' title="bbox 778 4470 2440 4549">
    <p class='ocr_par' dir='ltr' id='par_1_88' title="bbox 778 4474 2416 4549">
     <span class='ocr_line' id='line_1_88' title="bbox 778 4474 2416 4549; baseline 0.003 -21"><span class='ocrx_word' id='word_1_665' title='bbox 778 4490 839 4528; x_wconf 85' lang='lat' dir='ltr'><strong>ea</strong></span> <span class='ocrx_word' id='word_1_666' title='bbox 900 4474 1100 4537; x_wconf 74' lang='lat' dir='ltr'><strong>facere,</strong></span> <span class='ocrx_word' id='word_1_667' title='bbox 1142 4490 1261 4542; x_wconf 72' lang='lat' dir='ltr'><strong>qua:</strong></span> <span class='ocrx_word' id='word_1_668' title='bbox 1309 4486 1465 4529; x_wconf 89' lang='lat' dir='ltr'><strong>erant</strong></span> <span class='ocrx_word' id='word_1_669' title='bbox 1518 4477 1726 4531; x_wconf 82' lang='lat' dir='ltr'><strong>inutilia</strong></span> <span class='ocrx_word' id='word_1_670' title='bbox 1778 4479 1917 4545; x_wconf 91' lang='lat' dir='ltr'><strong>(tuto</strong></span> <span class='ocrx_word' id='word_1_671' title='bbox 1947 4478 2089 4533; x_wconf 86' lang='lat' dir='ltr'><strong>enim</strong></span> <span class='ocrx_word' id='word_1_672' title='bbox 2122 4493 2339 4549; x_wconf 83' lang='lat' dir='ltr'><strong>propter</strong></span> <span class='ocrx_word' id='word_1_673' title='bbox 2373 4478 2416 4533; x_wconf 67' lang='grc' dir='ltr'><strong>Ι)</strong></span> 
     </span>
    </p>
   </div>
   <div class='ocr_carea' id='block_1_89' title="bbox 2350 4470 4012 4549">
    <p class='ocr_par' dir='ltr' id='par_1_89' title="bbox 2373 4470 4012 4546">
     <span class='ocr_line' id='line_1_89' title="bbox 2373 4470 4012 4546; baseline -0.007 -14"><span class='ocrx_word' id='word_1_674' title='bbox 2373 4478 2416 4533; x_wconf 76' lang='lat' dir='ltr'><strong>D</strong></span> <span class='ocrx_word' id='word_1_675' title='bbox 2443 4475 2675 4546; x_wconf 74' lang='grc' dir='ltr'>τρωθεὶς</span> <span class='ocrx_word' id='word_1_676' title='bbox 2712 4474 2943 4545; x_wconf 68' lang='grc' dir='ltr'>βέλεσιν.</span> <span class='ocrx_word' id='word_1_677' title='bbox 2978 4476 3099 4543; x_wconf 81' lang='grc' dir='ltr'>ῑσην</span> <span class='ocrx_word' id='word_1_678' title='bbox 3133 4473 3300 4525; x_wconf 81' lang='grc' dir='ltr'>αὑτοῦ</span> <span class='ocrx_word' id='word_1_679' title='bbox 3347 4475 3580 4523; x_wconf 85' lang='grc' dir='ltr'>ποιεῖται</span> <span class='ocrx_word' id='word_1_680' title='bbox 3615 4471 3711 4524; x_wconf 77' lang='grc' dir='ltr'>καὶ</span> <span class='ocrx_word' id='word_1_681' title='bbox 3763 4470 4012 4538; x_wconf 76' lang='grc' dir='ltr'>ζήτησιν.</span> 
     </span>
    </p>
   </div>
   <div class='ocr_carea' id='block_1_90' title="bbox 779 4564 2334 4641">
    <p class='ocr_par' dir='ltr' id='par_1_90' title="bbox 779 4564 2334 4641">
     <span class='ocr_line' id='line_1_90' title="bbox 779 4564 2334 4641; baseline 0.003 -23"><span class='ocrx_word' id='word_1_682' title='bbox 779 4565 977 4631; x_wconf 81' lang='lat' dir='ltr'><strong>quietis</strong></span> <span class='ocrx_word' id='word_1_683' title='bbox 1021 4578 1083 4618; x_wconf 90' lang='lat' dir='ltr'><strong>ac</strong></span> <span class='ocrx_word' id='word_1_684' title='bbox 1127 4564 1321 4619; x_wconf 83' lang='lat' dir='ltr'><strong>silentii</strong></span> <span class='ocrx_word' id='word_1_685' title='bbox 1358 4568 1704 4634; x_wconf 84' lang='lat' dir='ltr'><strong>cupiditatem</strong></span> <span class='ocrx_word' id='word_1_686' title='bbox 1757 4566 1956 4624; x_wconf 82' lang='lat' dir='ltr'><strong>latebat</strong></span> <span class='ocrx_word' id='word_1_687' title='bbox 2000 4569 2334 4641; x_wconf 84' lang='lat' dir='ltr'><strong>Abramius),</strong></span> 
     </span>
    </p>
   </div>
   <div class='ocr_carea' id='block_1_91' title="bbox 781 4656 2342 4726">
    <p class='ocr_par' dir='ltr' id='par_1_91' title="bbox 781 4656 2342 4726">
     <span class='ocr_line' id='line_1_91' title="bbox 781 4656 2342 4726; baseline 0.004 -18"><span class='ocrx_word' id='word_1_688' title='bbox 781 4663 926 4717; x_wconf 84' lang='lat' dir='ltr'><strong>tunc.</strong></span> <span class='ocrx_word' id='word_1_689' title='bbox 964 4656 1047 4711; x_wconf 86' lang='lat' dir='ltr'><strong>sui</strong></span> <span class='ocrx_word' id='word_1_690' title='bbox 1079 4656 1207 4711; x_wconf 86' lang='lat' dir='ltr'><strong>cleri</strong></span> <span class='ocrx_word' id='word_1_691' title='bbox 1236 4668 1455 4726; x_wconf 82' lang='lat' dir='ltr'><strong>accepta</strong></span> <span class='ocrx_word' id='word_1_692' title='bbox 1494 4668 1645 4725; x_wconf 83' lang='lat' dir='ltr'><strong>parte</strong></span> <span class='ocrx_word' id='word_1_693' title='bbox 1688 4657 1888 4726; x_wconf 88' lang='lat' dir='ltr'><strong>aliqua,</strong></span> <span class='ocrx_word' id='word_1_694' title='bbox 1938 4675 2059 4713; x_wconf 88' lang='lat' dir='ltr'><strong>cum</strong></span> <span class='ocrx_word' id='word_1_695' title='bbox 2107 4662 2342 4717; x_wconf 86' lang='lat' dir='ltr'><strong>venisset</strong></span> 
     </span>
    </p>
   </div>
   <div class='ocr_carea' id='block_1_92' title="bbox 781 4743 2342 4814">
    <p class='ocr_par' dir='ltr' id='par_1_92' title="bbox 781 4743 2342 4814">
     <span class='ocr_line' id='line_1_92' title="bbox 781 4743 2342 4814; baseline 0.008 -20"><span class='ocrx_word' id='word_1_696' title='bbox 781 4743 848 4796; x_wconf 89' lang='lat' dir='ltr'><strong>ad</strong></span> <span class='ocrx_word' id='word_1_697' title='bbox 882 4743 1079 4809; x_wconf 78' lang='lat' dir='ltr'><strong>vicum,</strong></span> <span class='ocrx_word' id='word_1_698' title='bbox 1122 4746 1354 4814; x_wconf 85' lang='lat' dir='ltr'><strong>primum</strong></span> <span class='ocrx_word' id='word_1_699' title='bbox 1400 4747 1612 4814; x_wconf 85' lang='lat' dir='ltr'><strong>quidem</strong></span> <span class='ocrx_word' id='word_1_700' title='bbox 1666 4748 1875 4800; x_wconf 90' lang='lat' dir='ltr'><strong>illorum</strong></span> <span class='ocrx_word' id='word_1_701' title='bbox 1941 4750 2149 4806; x_wconf 83' lang='lat' dir='ltr'><strong>animos</strong></span> <span class='ocrx_word' id='word_1_702' title='bbox 2207 4752 2342 4806; x_wconf 84' lang='lat' dir='ltr'><strong>satis</strong></span> 
     </span>
    </p>
   </div>
   <div class='ocr_carea' id='block_1_93' title="bbox 780 4833 2331 4908">
    <p class='ocr_par' dir='ltr' id='par_1_93' title="bbox 780 4833 2331 4908">
     <span class='ocr_line' id='line_1_93' title="bbox 780 4833 2331 4908; baseline 0.01 -26"><span class='ocrx_word' id='word_1_703' title='bbox 780 4833 1112 4898; x_wconf 87' lang='lat' dir='ltr'><strong>consolatur,</strong></span> <span class='ocrx_word' id='word_1_704' title='bbox 1141 4836 1232 4902; x_wconf 89' lang='lat' dir='ltr'><strong>qui</strong></span> <span class='ocrx_word' id='word_1_705' title='bbox 1267 4852 1407 4906; x_wconf 70' lang='lat' dir='ltr'><strong>aegre</strong></span> <span class='ocrx_word' id='word_1_706' title='bbox 1437 4837 1685 4891; x_wconf 81' lang='lat' dir='ltr'><strong>ferebant</strong></span> <span class='ocrx_word' id='word_1_707' title='bbox 1729 4838 1961 4908; x_wconf 77' lang='lat' dir='ltr'><strong>pastoris</strong></span> <span class='ocrx_word' id='word_1_708' title='bbox 2006 4842 2331 4901; x_wconf 76' lang='lat' dir='ltr'><strong>absentiam.</strong></span> 
     </span>
    </p>
   </div>
   <div class='ocr_carea' id='block_1_94' title="bbox 785 4925 2341 5004">
    <p class='ocr_par' dir='ltr' id='par_1_94' title="bbox 785 4925 2341 5004">
     <span class='ocr_line' id='line_1_94' title="bbox 785 4925 2341 5004; baseline 0.008 -27"><span class='ocrx_word' id='word_1_709' title='bbox 785 4925 988 4979; x_wconf 89' lang='lat' dir='ltr'><strong>Deinde</strong></span> <span class='ocrx_word' id='word_1_710' title='bbox 1011 4941 1129 4979; x_wconf 84' lang='lat' dir='ltr'><strong>cum</strong></span> <span class='ocrx_word' id='word_1_711' title='bbox 1154 4942 1248 4980; x_wconf 89' lang='lat' dir='ltr'><strong>eos</strong></span> <span class='ocrx_word' id='word_1_712' title='bbox 1271 4928 1540 4995; x_wconf 68' lang='lat' dir='ltr'><strong>elegisset,</strong></span> <span class='ocrx_word' id='word_1_713' title='bbox 1562 4930 1651 4996; x_wconf 86' lang='lat' dir='ltr'><strong>qui</strong></span> <span class='ocrx_word' id='word_1_714' title='bbox 1688 4942 1841 4984; x_wconf 84' lang='lat' dir='ltr'><strong>erant</strong></span> <span class='ocrx_word' id='word_1_715' title='bbox 1866 4933 2061 4986; x_wconf 79' lang='lat' dir='ltr'><strong>virtute</strong></span> <span class='ocrx_word' id='word_1_716' title='bbox 2080 4934 2341 5004; x_wconf 70' lang='lat' dir='ltr'><strong>insignio-</strong></span> 
     </span>
    </p>
   </div>
   <div class='ocr_carea' id='block_1_95' title="bbox 784 5014 2346 5094">
    <p class='ocr_par' dir='ltr' id='par_1_95' title="bbox 784 5014 2346 5094">
     <span class='ocr_line' id='line_1_95' title="bbox 784 5014 2346 5094; baseline 0.007 -22"><span class='ocrx_word' id='word_1_717' title='bbox 784 5014 871 5072; x_wconf 77' lang='lat' dir='ltr'><strong>i~cs</strong></span> <span class='ocrx_word' id='word_1_718' title='bbox 894 5036 908 5072; x_wconf 88' lang='lat'><strong>:</strong></span> <span class='ocrx_word' id='word_1_719' title='bbox 931 5021 1130 5075; x_wconf 72' lang='lat' dir='ltr'><strong>etalio:</strong></span> <span class='ocrx_word' id='word_1_720' title='bbox 1158 5022 1374 5089; x_wconf 85' lang='lat' dir='ltr'><strong>quidem</strong></span> <span class='ocrx_word' id='word_1_721' title='bbox 1399 5024 1762 5094; x_wconf 81' lang='lat' dir='ltr'><strong>presbyteros,</strong></span> <span class='ocrx_word' id='word_1_722' title='bbox 1800 5024 1931 5079; x_wconf 85' lang='lat' dir='ltr'><strong>alios</strong></span> <span class='ocrx_word' id='word_1_723' title='bbox 1953 5035 2130 5080; x_wconf 89' lang='lat' dir='ltr'><strong>autem</strong></span> <span class='ocrx_word' id='word_1_724' title='bbox 2158 5027 2346 5083; x_wconf 81' lang='lat' dir='ltr'><strong>diaco-</strong></span> 
     </span>
    </p>
   </div>
   <div class='ocr_carea' id='block_1_96' title="bbox 787 5113 2345 5183">
    <p class='ocr_par' dir='ltr' id='par_1_96' title="bbox 787 5113 2345 5183">
     <span class='ocr_line' id='line_1_96' title="bbox 787 5113 2345 5183; baseline 0.006 -19"><span class='ocrx_word' id='word_1_725' title='bbox 787 5126 886 5165; x_wconf 89' lang='lat' dir='ltr'><strong>nos</strong></span> <span class='ocrx_word' id='word_1_726' title='bbox 925 5113 1322 5178; x_wconf 82' lang='lat' dir='ltr'><strong>constituisset,</strong></span> <span class='ocrx_word' id='word_1_727' title='bbox 1346 5124 1400 5167; x_wconf 89' lang='lat' dir='ltr'><strong>et</strong></span> <span class='ocrx_word' id='word_1_728' title='bbox 1433 5113 1565 5166; x_wconf 81' lang='lat' dir='ltr'><strong>alios</strong></span> <span class='ocrx_word' id='word_1_729' title='bbox 1596 5124 1902 5183; x_wconf 66' lang='lat' dir='ltr'><strong>coolitasset</strong></span> <span class='ocrx_word' id='word_1_730' title='bbox 1931 5120 1981 5171; x_wconf 91' lang='lat' dir='ltr'><strong>in</strong></span> <span class='ocrx_word' id='word_1_731' title='bbox 2004 5118 2135 5170; x_wconf 81' lang='lat' dir='ltr'><strong>alios</strong></span> <span class='ocrx_word' id='word_1_732' title='bbox 2159 5134 2345 5175; x_wconf 85' lang='lat' dir='ltr'><strong>sacros</strong></span> 
     </span>
    </p>
   </div>
   <div class='ocr_carea' id='block_1_97' title="bbox 786 5203 2342 5278">
    <p class='ocr_par' dir='ltr' id='par_1_97' title="bbox 786 5203 2342 5278">
     <span class='ocr_line' id='line_1_97' title="bbox 786 5203 2342 5278; baseline 0.008 -26"><span class='ocrx_word' id='word_1_733' title='bbox 786 5203 986 5269; x_wconf 65' lang='lat' dir='ltr'><strong>gradus</strong></span> <span class='ocrx_word' id='word_1_734' title='bbox 1015 5220 1030 5256; x_wconf 91' lang='lat'><strong>:</strong></span> <span class='ocrx_word' id='word_1_735' title='bbox 1068 5213 1121 5256; x_wconf 83' lang='lat' dir='ltr'><strong>et.</strong></span> <span class='ocrx_word' id='word_1_736' title='bbox 1148 5203 1216 5257; x_wconf 87' lang='lat' dir='ltr'><strong>iis</strong></span> <span class='ocrx_word' id='word_1_737' title='bbox 1244 5206 1407 5258; x_wconf 83' lang='lat' dir='ltr'><strong>veluti</strong></span> <span class='ocrx_word' id='word_1_738' title='bbox 1441 5208 1723 5269; x_wconf 88' lang='lat' dir='ltr'><strong>quamdam</strong></span> <span class='ocrx_word' id='word_1_739' title='bbox 1749 5208 2058 5263; x_wconf 84' lang='lat' dir='ltr'><strong>tradidisset</strong></span> <span class='ocrx_word' id='word_1_740' title='bbox 2087 5210 2342 5278; x_wconf 78' lang='lat' dir='ltr'><strong>regulam,</strong></span> 
     </span>
    </p>
   </div>
   <div class='ocr_carea' id='block_1_98' title="bbox 789 5294 2348 5366">
    <p class='ocr_par' dir='ltr' id='par_1_98' title="bbox 789 5294 2348 5366">
     <span class='ocr_line' id='line_1_98' title="bbox 789 5294 2348 5366; baseline 0.007 -19"><span class='ocrx_word' id='word_1_741' title='bbox 789 5306 842 5348; x_wconf 86' lang='lat' dir='ltr'><strong>et</strong></span> <span class='ocrx_word' id='word_1_742' title='bbox 874 5294 1102 5349; x_wconf 79' lang='lat' dir='ltr'><strong>formam</strong></span> <span class='ocrx_word' id='word_1_743' title='bbox 1139 5295 1574 5366; x_wconf 72' lang='lat' dir='ltr'><strong>gloriﬁcationis,</strong></span> <span class='ocrx_word' id='word_1_744' title='bbox 1597 5313 1716 5366; x_wconf 73' lang='lat' dir='ltr'><strong>qua:</strong></span> <span class='ocrx_word' id='word_1_745' title='bbox 1744 5298 1801 5352; x_wconf 90' lang='lat' dir='ltr'><strong>Iit</strong></span> <span class='ocrx_word' id='word_1_746' title='bbox 1828 5298 1878 5351; x_wconf 88' lang='lat' dir='ltr'><strong>iu</strong></span> <span class='ocrx_word' id='word_1_747' title='bbox 1908 5297 2169 5364; x_wconf 84' lang='lat' dir='ltr'><strong>Ecclesia,</strong></span> <span class='ocrx_word' id='word_1_748' title='bbox 2188 5312 2241 5355; x_wconf 89' lang='lat' dir='ltr'><strong>et</strong></span> <span class='ocrx_word' id='word_1_749' title='bbox 2268 5305 2348 5359; x_wconf 87' lang='lat' dir='ltr'><strong>eis</strong></span> 
     </span>
    </p>
   </div>
   <div class='ocr_carea' id='block_1_99' title="bbox 791 5388 2342 5458">
    <p class='ocr_par' dir='ltr' id='par_1_99' title="bbox 791 5388 2342 5458">
     <span class='ocr_line' id='line_1_99' title="bbox 791 5388 2342 5458; baseline 0.003 -19"><span class='ocrx_word' id='word_1_750' title='bbox 791 5395 1041 5454; x_wconf 83' lang='lat' dir='ltr'><strong>precatus</strong></span> <span class='ocrx_word' id='word_1_751' title='bbox 1074 5398 1216 5441; x_wconf 88' lang='lat' dir='ltr'><strong>esset</strong></span> <span class='ocrx_word' id='word_1_752' title='bbox 1232 5388 1392 5441; x_wconf 85' lang='lat' dir='ltr'><strong>vitam</strong></span> <span class='ocrx_word' id='word_1_753' title='bbox 1417 5399 1657 5457; x_wconf 79' lang='lat' dir='ltr'><strong>pacatam</strong></span> <span class='ocrx_word' id='word_1_754' title='bbox 1684 5400 1736 5441; x_wconf 86' lang='lat' dir='ltr'><strong>et</strong></span> <span class='ocrx_word' id='word_1_755' title='bbox 1771 5407 1799 5441; x_wconf 77' lang='grc' dir='ltr'><strong>ιι</strong></span> <span class='ocrx_word' id='word_1_756' title='bbox 1835 5391 2073 5444; x_wconf 79' lang='lat' dir='ltr'><strong>molestia</strong></span> <span class='ocrx_word' id='word_1_757' title='bbox 2099 5393 2342 5458; x_wconf 88' lang='lat' dir='ltr'><strong>liberam,</strong></span> 
     </span>
    </p>
   </div>
   <div class='ocr_carea' id='block_1_100' title="bbox 795 5479 2347 5552">
    <p class='ocr_par' dir='ltr' id='par_1_100' title="bbox 795 5479 2347 5552">
     <span class='ocr_line' id='line_1_100' title="bbox 795 5479 2347 5552; baseline 0.005 -20"><span class='ocrx_word' id='word_1_758' title='bbox 795 5479 1014 5533; x_wconf 81' lang='lat' dir='ltr'><strong>recedit.</strong></span> <span class='ocrx_word' id='word_1_759' title='bbox 1046 5481 1177 5546; x_wconf 65' lang='lat' dir='ltr'><strong>Quae</strong></span> <span class='ocrx_word' id='word_1_760' title='bbox 1204 5480 1415 5546; x_wconf 88' lang='lat' dir='ltr'><strong>quidem</strong></span> <span class='ocrx_word' id='word_1_761' title='bbox 1451 5494 1546 5534; x_wconf 82' lang='lat' dir='ltr'><strong>nec</strong></span> <span class='ocrx_word' id='word_1_762' title='bbox 1569 5483 1809 5536; x_wconf 85' lang='lat' dir='ltr'><strong>divinum</strong></span> <span class='ocrx_word' id='word_1_763' title='bbox 1838 5482 2052 5552; x_wconf 80' lang='lat' dir='ltr'><strong>quidem</strong></span> <span class='ocrx_word' id='word_1_764' title='bbox 2076 5485 2347 5541; x_wconf 81' lang='lat' dir='ltr'><strong>latuerunt</strong></span> 
     </span>
    </p>
   </div>
   <div class='ocr_carea' id='block_1_101' title="bbox 794 5571 2351 5647">
    <p class='ocr_par' dir='ltr' id='par_1_101' title="bbox 794 5571 2351 5647">
     <span class='ocr_line' id='line_1_101' title="bbox 794 5571 2351 5647; baseline 0.006 -24"><span class='ocrx_word' id='word_1_765' title='bbox 794 5571 1129 5626; x_wconf 79' lang='lat' dir='ltr'><strong>Abramium.</strong></span> <span class='ocrx_word' id='word_1_766' title='bbox 1151 5571 1256 5627; x_wconf 81' lang='lat' dir='ltr'><strong>Sed</strong></span> <span class='ocrx_word' id='word_1_767' title='bbox 1279 5571 1392 5643; x_wconf 86' lang='lat' dir='ltr'><strong>ipse</strong></span> <span class='ocrx_word' id='word_1_768' title='bbox 1425 5590 1661 5641; x_wconf 75' lang='lat' dir='ltr'><strong>quoque,</strong></span> <span class='ocrx_word' id='word_1_769' title='bbox 1691 5592 1813 5629; x_wconf 88' lang='lat' dir='ltr'><strong>cum</strong></span> <span class='ocrx_word' id='word_1_770' title='bbox 1847 5576 1899 5629; x_wconf 89' lang='lat' dir='ltr'><strong>iu</strong></span> <span class='ocrx_word' id='word_1_771' title='bbox 1936 5591 2021 5642; x_wconf 79' lang='lat' dir='ltr'><strong>eo,</strong></span> <span class='ocrx_word' id='word_1_772' title='bbox 2053 5577 2102 5629; x_wconf 90' lang='lat' dir='ltr'><strong>in</strong></span> <span class='ocrx_word' id='word_1_773' title='bbox 2137 5594 2241 5647; x_wconf 88' lang='lat' dir='ltr'><strong>quo</strong></span> <span class='ocrx_word' id='word_1_774' title='bbox 2278 5579 2351 5633; x_wconf 80' lang='lat' dir='ltr'><strong>la-</strong></span> 
     </span>
    </p>
   </div>
   <div class='ocr_carea' id='block_1_102' title="bbox 796 5661 2344 5736">
    <p class='ocr_par' dir='ltr' id='par_1_102' title="bbox 796 5661 2344 5736">
     <span class='ocr_line' id='line_1_102' title="bbox 796 5661 2344 5736; baseline 0.008 -23"><span class='ocrx_word' id='word_1_775' title='bbox 796 5664 960 5723; x_wconf 84' lang='lat' dir='ltr'><strong>tebat,</strong></span> <span class='ocrx_word' id='word_1_776' title='bbox 996 5661 1110 5718; x_wconf 85' lang='lat' dir='ltr'><strong>loco</strong></span> <span class='ocrx_word' id='word_1_777' title='bbox 1134 5664 1245 5720; x_wconf 55' lang='lat' dir='ltr'><strong>baro</strong></span> <span class='ocrx_word' id='word_1_778' title='bbox 1294 5680 1390 5734; x_wconf 90' lang='lat' dir='ltr'><strong>per</strong></span> <span class='ocrx_word' id='word_1_779' title='bbox 1424 5663 1680 5733; x_wconf 88' lang='lat' dir='ltr'><strong>Spiritum</strong></span> <span class='ocrx_word' id='word_1_780' title='bbox 1714 5669 2072 5736; x_wconf 77' lang='lat' dir='ltr'><strong>cognovisset,</strong></span> <span class='ocrx_word' id='word_1_781' title='bbox 2103 5671 2170 5723; x_wconf 89' lang='lat' dir='ltr'><strong>ab</strong></span> <span class='ocrx_word' id='word_1_782' title='bbox 2204 5671 2344 5727; x_wconf 83' lang='lat' dir='ltr'><strong>illius</strong></span> 
     </span>
    </p>
   </div>
   <div class='ocr_carea' id='block_1_103' title="bbox 800 5754 2351 5817">
    <p class='ocr_par' dir='ltr' id='par_1_103' title="bbox 800 5754 2351 5817">
     <span class='ocr_line' id='line_1_103' title="bbox 800 5754 2351 5817; baseline 0.005 -8"><span class='ocrx_word' id='word_1_783' title='bbox 800 5754 899 5809; x_wconf 81' lang='lat' dir='ltr'><strong>vici</strong></span> <span class='ocrx_word' id='word_1_784' title='bbox 947 5754 1091 5809; x_wconf 86' lang='lat' dir='ltr'><strong>curis</strong></span> <span class='ocrx_word' id='word_1_785' title='bbox 1147 5756 1383 5817; x_wconf 85' lang='lat' dir='ltr'><strong>animum</strong></span> <span class='ocrx_word' id='word_1_786' title='bbox 1438 5756 1703 5812; x_wconf 82' lang='lat' dir='ltr'><strong>liberavit.</strong></span> <span class='ocrx_word' id='word_1_787' title='bbox 1738 5759 1871 5815; x_wconf 74' lang='lat' dir='ltr'><strong>Nam</strong></span> <span class='ocrx_word' id='word_1_788' title='bbox 1907 5762 2005 5815; x_wconf 81' lang='lat' dir='ltr'><strong>etsi</strong></span> <span class='ocrx_word' id='word_1_789' title='bbox 2042 5762 2351 5817; x_wconf 82' lang='lat' dir='ltr'><strong>trahebatur</strong></span> 
     </span>
    </p>
   </div>
   <div class='ocr_carea' id='block_1_104' title="bbox 2453 4559 4021 4635">
    <p class='ocr_par' dir='ltr' id='par_1_104' title="bbox 2453 4559 4021 4635">
     <span class='ocr_line' id='line_1_104' title="bbox 2453 4559 4021 4635; baseline -0.006 -13"><span class='ocrx_word' id='word_1_790' title='bbox 2453 4570 2608 4623; x_wconf 71' lang='grc' dir='ltr'>Ἐπεὶ</span> <span class='ocrx_word' id='word_1_791' title='bbox 2641 4567 2700 4621; x_wconf 69' lang='grc' dir='ltr'>δὲ</span> <span class='ocrx_word' id='word_1_792' title='bbox 2722 4568 2816 4619; x_wconf 72' lang='grc' dir='ltr'>καὶ</span> <span class='ocrx_word' id='word_1_793' title='bbox 2841 4559 2997 4628; x_wconf 73' lang='grc' dir='ltr'>οὗτος</span> <span class='ocrx_word' id='word_1_794' title='bbox 3022 4564 3270 4635; x_wconf 78' lang='grc' dir='ltr'>ἀνήνυτα</span> <span class='ocrx_word' id='word_1_795' title='bbox 3296 4562 3436 4630; x_wconf 75' lang='grc' dir='ltr'>ἔγνω</span> <span class='ocrx_word' id='word_1_796' title='bbox 3462 4563 3641 4615; x_wconf 85' lang='grc' dir='ltr'>πονῶν</span> <span class='ocrx_word' id='word_1_797' title='bbox 3671 4564 3690 4631; x_wconf 95' lang='grc'>(</span> <span class='ocrx_word' id='word_1_798' title='bbox 3713 4560 4021 4630; x_wconf 76' lang='grc' dir='ltr'>ἐκρύπτετο</span> 
     </span>
    </p>
   </div>
   <div class='ocr_carea' id='block_1_105' title="bbox 2438 4650 4020 4729">
    <p class='ocr_par' dir='ltr' id='par_1_105' title="bbox 2438 4650 4020 4729">
     <span class='ocr_line' id='line_1_105' title="bbox 2438 4650 4020 4729; baseline -0.006 -17"><span class='ocrx_word' id='word_1_799' title='bbox 2438 4661 2548 4729; x_wconf 83' lang='grc' dir='ltr'>γὰρ</span> <span class='ocrx_word' id='word_1_800' title='bbox 2598 4656 2857 4722; x_wconf 81' lang='grc' dir='ltr'>ἀσφαλῶς</span> <span class='ocrx_word' id='word_1_801' title='bbox 2916 4657 3184 4728; x_wconf 69' lang='grc' dir='ltr'>ἐπιθυμίᾳ</span> <span class='ocrx_word' id='word_1_802' title='bbox 3242 4654 3337 4707; x_wconf 77' lang='grc' dir='ltr'><strong>τοῦ</strong></span> <span class='ocrx_word' id='word_1_803' title='bbox 3384 4654 3483 4722; x_wconf 83' lang='grc' dir='ltr'>τῆς</span> <span class='ocrx_word' id='word_1_804' title='bbox 3517 4653 3749 4723; x_wconf 74' lang='grc' dir='ltr'>ἡσυχίας</span> <span class='ocrx_word' id='word_1_805' title='bbox 3796 4650 4020 4705; x_wconf 82' lang='grc' dir='ltr'>καλοῦὸ</span> 
     </span>
    </p>
   </div>
   <div class='ocr_carea' id='block_1_106' title="bbox 2451 4741 4019 4821">
    <p class='ocr_par' dir='ltr' id='par_1_106' title="bbox 2451 4741 4019 4821">
     <span class='ocr_line' id='line_1_106' title="bbox 2451 4741 4019 4821; baseline -0.007 -17"><span class='ocrx_word' id='word_1_806' title='bbox 2451 4750 2794 4821; x_wconf 80' lang='grc' dir='ltr'>Ἀϐράμιος),</span> <span class='ocrx_word' id='word_1_807' title='bbox 2828 4748 2991 4819; x_wconf 73' lang='grc' dir='ltr'>μέρος</span> <span class='ocrx_word' id='word_1_808' title='bbox 3022 4748 3115 4800; x_wconf 78' lang='grc' dir='ltr'>τοῦ</span> <span class='ocrx_word' id='word_1_809' title='bbox 3148 4748 3242 4800; x_wconf 82' lang='grc' dir='ltr'><strong>ὑπ’</strong></span> <span class='ocrx_word' id='word_1_810' title='bbox 3278 4746 3442 4799; x_wconf 86' lang='grc' dir='ltr'>αὑτδν</span> <span class='ocrx_word' id='word_1_811' title='bbox 3466 4744 3670 4814; x_wconf 82' lang='grc' dir='ltr'>κλήρου</span> <span class='ocrx_word' id='word_1_812' title='bbox 3718 4741 4019 4811; x_wconf 77' lang='grc' dir='ltr'>τηνικαῦτα</span> 
     </span>
    </p>
   </div>
   <div class='ocr_carea' id='block_1_107' title="bbox 2442 4834 4020 4912">
    <p class='ocr_par' dir='ltr' id='par_1_107' title="bbox 2442 4834 4020 4912">
     <span class='ocr_line' id='line_1_107' title="bbox 2442 4834 4020 4912; baseline -0.006 -16"><span class='ocrx_word' id='word_1_813' title='bbox 2442 4841 2779 4912; x_wconf 86' lang='grc' dir='ltr'>παραλαϐὼν</span> <span class='ocrx_word' id='word_1_814' title='bbox 2808 4840 2901 4893; x_wconf 69' lang='grc' dir='ltr'>καὶ</span> <span class='ocrx_word' id='word_1_815' title='bbox 2960 4840 3041 4901; x_wconf 87' lang='grc' dir='ltr'><strong>είς</strong></span> <span class='ocrx_word' id='word_1_816' title='bbox 3088 4840 3188 4907; x_wconf 86' lang='grc' dir='ltr'><strong>τὴν</strong></span> <span class='ocrx_word' id='word_1_817' title='bbox 3217 4838 3411 4908; x_wconf 89' lang='grc' dir='ltr'>κώμην</span> <span class='ocrx_word' id='word_1_818' title='bbox 3466 4838 3782 4906; x_wconf 81' lang='grc' dir='ltr'>γενόμενος,</span> <span class='ocrx_word' id='word_1_819' title='bbox 3827 4834 4020 4903; x_wconf 83' lang='grc' dir='ltr'>πρῶτα</span> 
     </span>
    </p>
   </div>
   <div class='ocr_carea' id='block_1_108' title="bbox 2444 4925 4019 5003">
    <p class='ocr_par' dir='ltr' id='par_1_108' title="bbox 2444 4925 4019 5003">
     <span class='ocr_line' id='line_1_108' title="bbox 2444 4925 4019 5003; baseline -0.006 -18"><span class='ocrx_word' id='word_1_820' title='bbox 2444 4936 2543 5003; x_wconf 80' lang='grc' dir='ltr'>μὲν</span> <span class='ocrx_word' id='word_1_821' title='bbox 2595 4930 2797 4993; x_wconf 80' lang='grc' dir='ltr'>ἱκανῶς</span> <span class='ocrx_word' id='word_1_822' title='bbox 2834 4928 3246 4999; x_wconf 81' lang='grc' dir='ltr'>παραμυθεῖται</span> <span class='ocrx_word' id='word_1_823' title='bbox 3290 4928 3387 4989; x_wconf 66' lang='grc' dir='ltr'>τὰς</span> <span class='ocrx_word' id='word_1_824' title='bbox 3425 4928 3649 4979; x_wconf 72' lang='grc' dir='ltr'>ἐκείνων</span> <span class='ocrx_word' id='word_1_825' title='bbox 3681 4925 3858 4994; x_wconf 69' lang='grc' dir='ltr'>ψυχὰς</span> <span class='ocrx_word' id='word_1_826' title='bbox 3895 4925 4019 4978; x_wconf 81' lang='grc' dir='ltr'>ὀδυ-</span> 
     </span>
    </p>
   </div>
   <div class='ocr_carea' id='block_1_109' title="bbox 2444 5008 4015 5095">
    <p class='ocr_par' dir='ltr' id='par_1_109' title="bbox 2444 5008 4015 5095">
     <span class='ocr_line' id='line_1_109' title="bbox 2444 5008 4015 5095; baseline -0.004 -20"><span class='ocrx_word' id='word_1_827' title='bbox 2444 5008 2624 5095; x_wconf 75' lang='grc' dir='ltr'>νήρώς</span> <span class='ocrx_word' id='word_1_828' title='bbox 2681 5024 2821 5090; x_wconf 74' lang='grc' dir='ltr'>ἄγαν</span> <span class='ocrx_word' id='word_1_829' title='bbox 2873 5022 3105 5091; x_wconf 71' lang='grc' dir='ltr'>ἐχούσας</span> <span class='ocrx_word' id='word_1_830' title='bbox 3161 5024 3228 5091; x_wconf 78' lang='grc' dir='ltr'><strong>τῇ</strong></span> <span class='ocrx_word' id='word_1_831' title='bbox 3281 5020 3373 5074; x_wconf 80' lang='grc' dir='ltr'>τοῦ</span> <span class='ocrx_word' id='word_1_832' title='bbox 3400 5023 3657 5090; x_wconf 79' lang='grc' dir='ltr'>ποιμένος</span> <span class='ocrx_word' id='word_1_833' title='bbox 3712 5018 4015 5087; x_wconf 78' lang='grc' dir='ltr'>ἀποδημίᾳ,</span> 
     </span>
    </p>
   </div>
   <div class='ocr_carea' id='block_1_110' title="bbox 2445 5110 4018 5183">
    <p class='ocr_par' dir='ltr' id='par_1_110' title="bbox 2445 5110 4018 5183">
     <span class='ocr_line' id='line_1_110' title="bbox 2445 5110 4018 5183; baseline -0.004 -16"><span class='ocrx_word' id='word_1_834' title='bbox 2445 5116 2514 5167; x_wconf 79' lang='grc' dir='ltr'>ἐπ</span> <span class='ocrx_word' id='word_1_835' title='bbox 2548 5133 2638 5169; x_wconf 86' lang='grc' dir='ltr'><strong>ιτα</strong></span> <span class='ocrx_word' id='word_1_836' title='bbox 2672 5116 2797 5178; x_wconf 79' lang='grc' dir='ltr'>τοὺς</span> <span class='ocrx_word' id='word_1_837' title='bbox 2833 5115 2901 5167; x_wconf 84' lang='grc' dir='ltr'>δι’</span> <span class='ocrx_word' id='word_1_838' title='bbox 2934 5115 3135 5183; x_wconf 70' lang='grc' dir='ltr'>ἀρετὴν</span> <span class='ocrx_word' id='word_1_839' title='bbox 3180 5112 3641 5181; x_wconf 79' lang='grc' dir='ltr'>ὲπιφανεστέρους</span> <span class='ocrx_word' id='word_1_840' title='bbox 3673 5110 4018 5177; x_wconf 68' lang='grc' dir='ltr'>ἀπολεξάμε-</span> 
     </span>
    </p>
   </div>
   <div class='ocr_carea' id='block_1_111' title="bbox 2446 5202 4021 5276">
    <p class='ocr_par' dir='ltr' id='par_1_111' title="bbox 2446 5202 4021 5276">
     <span class='ocr_line' id='line_1_111' title="bbox 2446 5202 4021 5276; baseline -0.007 -13"><span class='ocrx_word' id='word_1_841' title='bbox 2446 5226 2555 5270; x_wconf 79' lang='grc' dir='ltr'>νος,</span> <span class='ocrx_word' id='word_1_842' title='bbox 2609 5210 2736 5271; x_wconf 72' lang='grc' dir='ltr'>τοὺς</span> <span class='ocrx_word' id='word_1_843' title='bbox 2778 5210 2876 5276; x_wconf 76' lang='grc' dir='ltr'>μὲν</span> <span class='ocrx_word' id='word_1_844' title='bbox 2908 5206 3335 5275; x_wconf 76' lang='grc' dir='ltr'>πρεσϐυτέρους,</span> <span class='ocrx_word' id='word_1_845' title='bbox 3373 5206 3494 5263; x_wconf 80' lang='grc' dir='ltr'>τοὺς</span> <span class='ocrx_word' id='word_1_846' title='bbox 3519 5203 3574 5255; x_wconf 78' lang='grc' dir='ltr'>δὲ</span> <span class='ocrx_word' id='word_1_847' title='bbox 3618 5202 3895 5264; x_wconf 71' lang='grc' dir='ltr'>διακόνους</span> <span class='ocrx_word' id='word_1_848' title='bbox 3921 5202 4021 5253; x_wconf 81' lang='grc' dir='ltr'>καὶ</span> 
     </span>
    </p>
   </div>
   <div class='ocr_carea' id='block_1_112' title="bbox 2446 5294 4019 5368">
    <p class='ocr_par' dir='ltr' id='par_1_112' title="bbox 2446 5294 4019 5368">
     <span class='ocr_line' id='line_1_112' title="bbox 2446 5294 4019 5368; baseline -0.004 -16"><span class='ocrx_word' id='word_1_849' title='bbox 2446 5300 2637 5361; x_wconf 83' lang='grc' dir='ltr'>ἄλλους</span> <span class='ocrx_word' id='word_1_850' title='bbox 2678 5300 2857 5362; x_wconf 79' lang='grc' dir='ltr'>ἄλλοις</span> <span class='ocrx_word' id='word_1_851' title='bbox 2896 5297 3004 5351; x_wconf 89' lang='grc' dir='ltr'><strong>τῶν</strong></span> <span class='ocrx_word' id='word_1_852' title='bbox 3032 5299 3195 5368; x_wconf 88' lang='grc' dir='ltr'>ίερῶν</span> <span class='ocrx_word' id='word_1_853' title='bbox 3221 5294 3592 5363; x_wconf 80' lang='grc' dir='ltr'>ὲγκαταλὲξας</span> <span class='ocrx_word' id='word_1_854' title='bbox 3620 5294 3847 5362; x_wconf 83' lang='grc' dir='ltr'>βαθμῶν</span> <span class='ocrx_word' id='word_1_855' title='bbox 3873 5334 3887 5357; x_wconf 91' lang='grc'><strong>,</strong></span> <span class='ocrx_word' id='word_1_856' title='bbox 3921 5294 4019 5346; x_wconf 88' lang='lat' dir='ltr'><strong>xui</strong></span> 
     </span>
    </p>
   </div>
   <div class='ocr_carea' id='block_1_113' title="bbox 2446 5384 4043 5460">
    <p class='ocr_par' dir='ltr' id='par_1_113' title="bbox 2446 5384 4043 5460">
     <span class='ocr_line' id='line_1_113' title="bbox 2446 5384 4043 5460; baseline -0.003 -14"><span class='ocrx_word' id='word_1_857' title='bbox 2446 5394 2651 5455; x_wconf 85' lang='grc' dir='ltr'>τούτοις</span> <span class='ocrx_word' id='word_1_858' title='bbox 2683 5391 2847 5445; x_wconf 77' lang='grc' dir='ltr'>οἱονεί</span> <span class='ocrx_word' id='word_1_859' title='bbox 2877 5409 2997 5444; x_wconf 88' lang='grc' dir='ltr'>τινα</span> <span class='ocrx_word' id='word_1_860' title='bbox 3045 5389 3322 5460; x_wconf 74' lang='grc' dir='ltr'>παραδοὺς</span> <span class='ocrx_word' id='word_1_861' title='bbox 3353 5388 3554 5443; x_wconf 84' lang='grc' dir='ltr'>κανόνα</span> <span class='ocrx_word' id='word_1_862' title='bbox 3586 5388 3679 5439; x_wconf 81' lang='lat' dir='ltr'><strong>xui</strong></span> <span class='ocrx_word' id='word_1_863' title='bbox 3711 5386 3883 5439; x_wconf 85' lang='grc' dir='ltr'>τύπον</span> <span class='ocrx_word' id='word_1_864' title='bbox 3917 5384 4043 5452; x_wconf 80' lang='grc' dir='ltr'>τῆς.</span> 
     </span>
    </p>
   </div>
   <div class='ocr_carea' id='block_1_114' title="bbox 2452 5478 4019 5554">
    <p class='ocr_par' dir='ltr' id='par_1_114' title="bbox 2452 5478 4019 5554">
     <span class='ocr_line' id='line_1_114' title="bbox 2452 5478 4019 5554; baseline -0.008 -14"><span class='ocrx_word' id='word_1_865' title='bbox 2452 5487 2593 5540; x_wconf 85' lang='grc' dir='ltr'>κατὰ</span> <span class='ocrx_word' id='word_1_866' title='bbox 2633 5484 2732 5554; x_wconf 67' lang='grc' dir='ltr'>τῆν</span> <span class='ocrx_word' id='word_1_867' title='bbox 2790 5483 3118 5553; x_wconf 80' lang='grc' dir='ltr'>Ἐκκλησίαν</span> <span class='ocrx_word' id='word_1_868' title='bbox 3172 5480 3479 5548; x_wconf 76' lang='grc' dir='ltr'>δοξολογίας</span> <span class='ocrx_word' id='word_1_869' title='bbox 3536 5480 3629 5533; x_wconf 68' lang='grc' dir='ltr'>καὶ</span> <span class='ocrx_word' id='word_1_870' title='bbox 3658 5478 3802 5549; x_wconf 72' lang='grc' dir='ltr'>ζωὴν</span> <span class='ocrx_word' id='word_1_871' title='bbox 3834 5478 4019 5539; x_wconf 78' lang='grc' dir='ltr'>αὐτοῖς</span> 
     </span>
    </p>
   </div>
   <div class='ocr_carea' id='block_1_115' title="bbox 2452 5567 4023 5649">
    <p class='ocr_par' dir='ltr' id='par_1_115' title="bbox 2452 5567 4023 5649">
     <span class='ocr_line' id='line_1_115' title="bbox 2452 5567 4023 5649; baseline -0.007 -18"><span class='ocrx_word' id='word_1_872' title='bbox 2452 5572 2734 5649; x_wconf 78' lang='grc' dir='ltr'>εἰρηνικήν</span> <span class='ocrx_word' id='word_1_873' title='bbox 2780 5593 2838 5629; x_wconf 87' lang='grc' dir='ltr'>τε</span> <span class='ocrx_word' id='word_1_874' title='bbox 2894 5576 2987 5628; x_wconf 79' lang='lat' dir='ltr'><strong>xui</strong></span> <span class='ocrx_word' id='word_1_875' title='bbox 3016 5574 3215 5627; x_wconf 80' lang='grc' dir='ltr'>ἄλυπον</span> <span class='ocrx_word' id='word_1_876' title='bbox 3257 5572 3648 5641; x_wconf 67' lang='grc' dir='ltr'>ἐπευξάμενος,</span> <span class='ocrx_word' id='word_1_877' title='bbox 3680 5567 4023 5622; x_wconf 68' lang='grc' dir='ltr'>ἀπαλλάττει</span> 
     </span>
    </p>
   </div>
   <div class='ocr_carea' id='block_1_116' title="bbox 2452 5661 4016 5738">
    <p class='ocr_par' dir='ltr' id='par_1_116' title="bbox 2452 5661 4016 5738">
     <span class='ocr_line' id='line_1_116' title="bbox 2452 5661 4016 5738; baseline -0.008 -15"><span class='ocrx_word' id='word_1_878' title='bbox 2452 5687 2563 5725; x_wconf 84' lang='grc' dir='ltr'>ται.</span> <span class='ocrx_word' id='word_1_879' title='bbox 2618 5670 2793 5738; x_wconf 68' lang='lat' dir='ltr'><strong>&quot;Amp</strong></span> <span class='ocrx_word' id='word_1_880' title='bbox 2835 5663 2926 5719; x_wconf 70' lang='grc' dir='ltr'>οὖν</span> <span class='ocrx_word' id='word_1_881' title='bbox 2975 5666 3091 5719; x_wconf 68' lang='grc' dir='ltr'>οὐδὲ</span> <span class='ocrx_word' id='word_1_882' title='bbox 3126 5666 3213 5717; x_wconf 65' lang='grc' dir='ltr'><strong>τὸν</strong></span> <span class='ocrx_word' id='word_1_883' title='bbox 3246 5665 3388 5717; x_wconf 81' lang='grc' dir='ltr'>θεῖον</span> <span class='ocrx_word' id='word_1_884' title='bbox 3429 5664 3727 5731; x_wconf 66' lang='grc' dir='ltr'>’Λϐρὰμιον</span> <span class='ocrx_word' id='word_1_885' title='bbox 3753 5661 4016 5729; x_wconf 66' lang='grc' dir='ltr'>ἐλελήθει,</span> 
     </span>
    </p>
   </div>
   <div class='ocr_carea' id='block_1_117' title="bbox 2458 5751 4022 5828">
    <p class='ocr_par' dir='ltr' id='par_1_117' title="bbox 2458 5751 4022 5828">
     <span class='ocr_line' id='line_1_117' title="bbox 2458 5751 4022 5828; baseline -0.008 -13"><span class='ocrx_word' id='word_1_886' title='bbox 2458 5761 2589 5816; x_wconf 74' lang='grc' dir='ltr'>ἀλλὰ</span> <span class='ocrx_word' id='word_1_887' title='bbox 2638 5762 2729 5815; x_wconf 80' lang='lat' dir='ltr'><strong>xui</strong></span> <span class='ocrx_word' id='word_1_888' title='bbox 2785 5759 2941 5823; x_wconf 76' lang='grc' dir='ltr'>αὐτὸς</span> <span class='ocrx_word' id='word_1_889' title='bbox 3003 5758 3058 5811; x_wconf 73' lang='grc' dir='ltr'>ὲν</span> <span class='ocrx_word' id='word_1_890' title='bbox 3192 5757 3465 5828; x_wconf 78' lang='grc' dir='ltr'>κέκρυπτο</span> <span class='ocrx_word' id='word_1_891' title='bbox 3491 5757 3638 5822; x_wconf 69' lang='grc' dir='ltr'>τόπῳ</span> <span class='ocrx_word' id='word_1_892' title='bbox 3698 5755 3765 5807; x_wconf 70' lang='grc' dir='ltr'>τὰ</span> <span class='ocrx_word' id='word_1_893' title='bbox 3798 5754 4022 5806; x_wconf 77' lang='grc' dir='ltr'>τοιαῦτα</span> 
     </span>
    </p>
   </div>
  </div>
