4208 6300
172 366 226 427 61
1422 364 1605 426 VITA
1647 365 1707 425 S.
1752 361 2112 426 ABRAMII.
3335 365 3404 427 62

175 474 343 546 μαθὼν
369 474 465 528 καὶ
505 473 615 527 τῶν
642 472 771 540 περὶ
795 473 893 541 τῆς
944 472 1138 541 κώμης
1193 471 1411 543 ἐκείνης
1442 472 1743 544 φροντίδων
1769 476 1822 535 Α

1769 476 2033 535 Aamore
2074 471 2399 536 solitudinis,
2444 470 2591 526 curis
2643 476 2821 526 tamen
2875 472 3052 543 gregis
3078 487 3265 530 rursus
3287 487 3407 532 erat

172 572 258 639 τὴν
290 566 475 638 ψυχὴν
501 565 782 627 ἀπολύσας
839 563 908 634 (εί
948 562 1056 634 γὰρ
1095 562 1174 633 τῷ
1208 563 1306 633 τῆς
1365 565 1598 634 ἐρημίας
1628 565 1739 618 an.

171 676 284 715 κετο
311 659 508 729 ἔρωτι,
543 657 683 711 ἀλλά
715 657 810 710 καὶ
854 659 977 717 ταῖς
1003 656 1132 726 περὶ
1162 654 1257 709 τοῦ
1298 656 1552 726 ποιμνίου
1577 673 1739 723 φρον-

171 750 267 805 τίσι
294 750 461 804 πάλιν
494 749 714 817 δεσμοῖς
740 766 883 801 τισιν
917 748 1137 811 ἀλύτοις
1190 749 1442 818 ἐδέδετο),
1504 750 1604 819 τὴν
1632 749 1738 819 ψυ-

171 844 261 914 χὴν
316 844 500 897 τοίνυν
557 842 649 894 ἐπὶ
705 841 920 905 τούτοις
960 841 1357 908 διαναπαύσας,
1415 842 1535 912 Θεῷ
1562 860 1622 896 τε
1669 842 1740 895 τὰ

174 935 350 988 εἰκότα
419 934 859 1003 εὐχαριστήσας,
918 935 998 996 είς
1037 934 1100 987 τὸ
1146 933 1376 987 παλαιὸν
1431 935 1610 987 ἐκεῖνο
1643 935 1741 988 καὶ

173 1029 325 1081 πάλιν
365 1028 648 1081 ἐπάνεισιν
672 1028 990 1096 οἰκητήριον
1038 1026 1276 1095 ἐχόμενά
1306 1042 1364 1079 τε
1395 1026 1563 1080 αὑτοῦ
1598 1028 1741 1079 οἰκί-

174 1137 289 1173 σκον
311 1120 504 1191 ἓτερον
547 1119 984 1188 ἐποικοδομήσας
1012 1120 1103 1172 καὶ
1128 1120 1227 1187 τὴν
1256 1120 1462 1171 εἴσοδον
1489 1120 1739 1189 ἀποφρά-

174 1214 280 1277 ξας,
332 1215 399 1281 τῇ
435 1211 684 1281 προτέρᾳ
738 1210 924 1263 δίδωσι
956 1210 1049 1263 καὶ
1100 1209 1256 1272 αὖθις
1284 1210 1474 1263 ἑαυτὸν
1508 1211 1735 1280 ἐρημία,

173 1302 294 1356 Τίνα
326 1304 385 1356 δὲ
409 1302 478 1355 τὰ
506 1302 760 1353 ἐντεῦθεν
796 1300 890 1352 καὶ
915 1300 1103 1362 ὁποίας
1122 1298 1272 1368 αὐτῷ
1296 1298 1479 1367 τίθησι
1505 1297 1739 1365 παγίδας

169 1397 196 1449 ὁ
227 1396 335 1458 τοῖς
364 1392 633 1456 τοιούτοις
667 1394 753 1445 ἀεὶ
797 1390 1109 1461 βασκαίνων
1136 1389 1355 1458 ἐχθρὸς,
1396 1390 1470 1460 μὴ
1503 1390 1737 1459 παραλι-

171 1488 281 1539 πεῖν
304 1485 477 1552 ᾶξιον.
514 1485 696 1539 Μέσαι
728 1483 827 1554 μὲν
851 1479 915 1552 δὴ
948 1480 1144 1544 νύκτες
1170 1477 1313 1552 ἦσαν
1341 1481 1438 1543 τὰς
1489 1480 1739 1550 συνήθεις

172 1574 326 1645 εὐχὰς
373 1574 685 1644 ποιουμένῳ
714 1572 790 1642 τῷ
852 1570 1147 1642 Ἀϐραμίῳ
1186 1571 1280 1625 καὶ
1316 1573 1343 1623 ὁ
1387 1568 1482 1624 τοῦ
1515 1571 1739 1634 σκότους

171 1666 477 1737 προστάτης
500 1667 843 1734 προσωπεῖον
864 1666 1042 1732 φωτὸς
1067 1664 1271 1727 ὑποδὺς
1304 1666 1398 1717 καὶ
1425 1663 1557 1717 αὐτὸ
1583 1663 1742 1716 τοῦτο

1841 568 2054 621 vinctus
2108 565 2337 620 vinculis
2394 564 2792 620 insolubilibus.
2831 563 2962 620 Cum
2986 580 3134 636 ergo,
3159 566 3302 635 quod
3338 570 3406 623 ad

1842 657 1955 712 haec
1991 656 2275 722 attinebat,
2304 656 2487 727 quieto
2536 664 2679 710 esset
2712 656 2917 720 animo,
2950 668 3004 711 et
3051 658 3174 724 Deo,
3205 668 3262 712 ut
3309 674 3409 727 par

1840 763 1979 815 erat,
2029 752 2475 822 egissetgratias,
2511 766 2701 805 rursus
2735 753 3029 806 revertitur
3064 755 3129 807 ad
3157 764 3312 808 vetus
3338 752 3407 807 il-

1839 842 1929 895 lud
1960 842 2347 896 habitaculum.
2384 842 2589 898 Etcum
2622 843 2671 895 ei
2726 845 3035 913 contiguam
3084 844 3407 901 ediﬂcasset

1841 934 2247 997 domunculam,
2272 946 2326 989 et
2357 936 2717 989 obstruxisset
2748 937 2973 1000 aditum,
3007 938 3174 1006 priori
3206 953 3264 991 se
3294 947 3406 992 tra-

1842 1025 1920 1077 dit
1937 1025 2236 1079 solitudini.
2262 1027 2519 1092 Quantam
2542 1036 2721 1079 autem
2742 1036 2867 1079 sunt
2888 1026 3079 1079 deinde
3092 1035 3404 1095 consecuta,

1840 1123 1896 1169 et
1926 1129 2187 1181 quosnam
2228 1116 2276 1169 ei
2311 1115 2480 1169 tendit
2526 1116 2749 1183 laqueos
2777 1116 2868 1184 qui
2924 1115 3084 1170 rebus
3140 1116 3408 1187 ejusmodi

1843 1205 2045 1260 invidet
2072 1206 2342 1267 inimicus.
2385 1222 2491 1260 non
2544 1216 2629 1261 est
2683 1208 3225 1276 praetermittendum.
3265 1209 3401 1265 Erat

1840 1296 2057 1364 quidem
2100 1314 2205 1351 nos
2240 1297 2438 1363 media,
2468 1311 2591 1351 cum
2622 1308 2909 1353 consuetas
2935 1315 3125 1368 preces
3155 1298 3411 1355 funderet

1840 1389 2135 1441 Abramius
2161 1404 2174 1441 :
2203 1404 2405 1457 praeses
2425 1397 2605 1442 autem
2633 1390 2998 1454 tenebrarum.
3022 1402 3269 1459 suscepta
3290 1407 3413 1461 per-

1838 1494 1971 1535 sona
1990 1479 2229 1542 luminis,
2266 1490 2319 1531 et
2341 1495 2459 1533 eam
2488 1484 2656 1549 ipsam
2689 1484 2865 1535 lucem
2885 1496 3006 1536 esse
3030 1482 3316 1545 simulans,
3341 1484 3409 1538 ad

1840 1586 1963 1625 eum
1994 1570 2194 1625 emittit
2224 1585 2441 1633 vocem,
2464 1581 2721 1641 tanquam
2744 1586 2811 1626 ex
2835 1586 3029 1643 magna
3059 1574 3408 1629 multitudine

1842 1662 2106 1717 dicentem
2131 1680 2146 1717 :
2169 1660 2366 1718 Beatus
2383 1679 2465 1726 es,
2496 1679 2659 1719 senex
2686 1663 2929 1731 Abrami,
2954 1680 3082 1720 vere
3102 1681 3161 1720 es
3180 1666 3408 1733 beatus;

171 1758 273 1825 φῶς
298 1752 441 1810 εἶναι
478 1757 937 1825 ὑποκρινάμενος,
969 1757 1155 1825 φωνὴν
1186 1755 1324 1824 πρὸς
1346 1755 1505 1807 αὐτὸν
1536 1755 1610 1817 ὡς
1635 1755 1743 1807 ἀπὸ
1770 1824 1809 1829 _

1770 1824 1809 1829 _
1844 1764 1897 1808 et
1926 1771 2084 1809 nemo
2124 1758 2176 1809 in
2228 1758 2390 1812 rebus
2433 1757 2632 1813 divinis
2668 1758 2770 1812 fuit
2806 1769 2920 1813 tam
2947 1758 3238 1829 perfectus,
3269 1759 3411 1815 sicut

169 1824 403 1914 πλήθους
455 1824 638 1916 δῆθεν
675 1824 828 1916 ηιρίει
860 1846 1059 1899 πολλοῦ
1080 1824 1121 1877 ’ί
1148 1847 1437 1915 Μακάριος
1471 1842 1537 1910 εἷ,
1576 1848 1740 1915 γέρον
1770 1824 1814 1882 Β

1770 1824 1814 1882 Β
1846 1856 1919 1900 tu.
1959 1846 2052 1899 llle
2078 1857 2259 1901 autem
2293 1864 2413 1902 cum
2451 1865 2565 1904 rem
2593 1849 2816 1906 minime
2841 1851 3136 1920 ignoraret,
3162 1854 3255 1905 sed
3285 1865 3408 1904 eum

178 1939 459 2009 ’Δϐράμιε.
503 1939 790 2003 λέγουσαν,
825 1937 996 1999 ὅντως
1030 1936 1304 2010 μακάριος
1340 1932 1410 1997 εἴ,
1446 1937 1537 1988 καὶ
1567 1937 1741 1998 οὐδεὶς

164 2030 298 2084 οὕτω
320 2030 394 2082 τά
417 2028 537 2082 θεῖα
577 2028 781 2091 τέλειος
811 2027 1029 2095 ἐγένετο
1052 2027 1196 2080 κατά
1217 2026 1298 2081 σέ.
1340 2026 1397 2078 '0
1426 2026 1483 2079 δὲ
1507 2026 1566 2078 τὸ
1593 2027 1738 2095 πρᾶ-

1837 1938 1987 1990 illum
2017 1952 2138 1991 esse
2163 1950 2537 2007 cognosceret,
2572 1942 2665 2009 qui
2715 1942 2927 2011 decepit
2961 1942 3194 2008 primum
3233 1942 3411 1996 homi-

1837 2038 1980 2085 nem,
2010 2024 2058 2075 ei
2085 2025 2441 2093 suggerendo,
2472 2028 2616 2096 quod
2646 2030 2857 2083 futurus
2876 2038 3019 2083 esset
3054 2030 3161 2082 Deo
3190 2030 3406 2093 similis,

166 2141 271 2193 γμα
308 2124 383 2193 μὴ
444 2123 742 2190 ἀγνοήσας,
797 2118 935 2174 ἀλλά
972 2120 1165 2172 τοῦτον
1196 2122 1406 2172 ἐκεῖνον
1435 2114 1576 2171 εἶναι
1612 2120 1742 2170 ὑπο-

1834 2122 1889 2167 et
1922 2114 2086 2169 sciret
2123 2115 2263 2171 hanc
2292 2116 2465 2172 lucem
2491 2134 2612 2173 esse
2663 2119 2825 2173 veluti
2878 2121 3167 2189 quamdam
3226 2135 3408 2175 escam

163 2220 379 2281 νοήσας,
404 2210 497 2262 τὸν
523 2211 617 2262 καὶ
646 2209 839 2279 πρώην
871 2209 1106 2272 ίσοθεῒας
1138 2209 1376 2278 ὑποϐολῇ
1403 2210 1494 2260 τὸν
1524 2208 1739 2279 ἅνθρω-

165 2319 259 2354 πον
292 2302 661 2370 ἀπατήσαντα
717 2302 811 2353 καὶ
841 2303 899 2352 τὸ
928 2301 1045 2366 φῶς
1075 2302 1235 2353 τοῦτο
1291 2301 1455 2353 πάλιν
1484 2301 1649 2351 οἱονεί
1685 2316 1739 2352 τι

160 2391 345 2462 δέλεαρ
374 2388 517 2444 εἶναι
552 2391 860 2455 κενοδοξίας
908 2390 1197 2442 ὑπολαϐών
1220 2406 1235 2422 ο
1274 2390 1592 2456 Ιιεφίμωσο,
1624 2389 1738 2439 ἕλε-

161 2501 251 2550 γεν
273 2501 287 2513 ο
324 2485 558 2552 ἐπιτιμᾷ
579 2499 663 2534 σοι
682 2482 919 2551 Χριστὸς
948 2482 976 2532 ὁ
1008 2481 1162 2545 Θεὸς,
1191 2482 1431 2551 πονηρέ·
1470 2482 1739 2545 ἀφίστασο

160 2575 347 2627 θᾶττον
384 2574 478 2626 ἀπ’
513 2573 672 2640 ἐμοῦ,
709 2571 989 2643 ὑποχώρει
1025 2576 1157 2644 pot!
1198 2574 1353 2627 οὐδὲν
1382 2573 1493 2643 γάρ
1524 2571 1589 2625 ἂν
1621 2571 1744 2625 Ξτεὶ

164 2684 249 2735 ρον
276 2667 517 2735 ἐμαυτὸν
540 2666 716 2735 ἔγωγε
748 2666 1014 2736 οἱηθείην,
1043 2667 1126 2719 ὅτι
1155 2666 1229 2735 μὴ
1256 2665 1361 2733 γῆν
1393 2667 1486 2716 καὶ
1520 2663 1740 2717 σποδόν.

162 2758 340 2811 Ταῦτα
396 2754 544 2822 εἶπε,
602 2760 698 2812 καὶ
728 2759 807 2821 είς
839 2758 1048 2810 καπνὸν
1081 2758 1239 2820 εὐθὺς
1266 2759 1299 2826 ή
1347 2754 1617 2823 φαντασία
1651 2754 1741 2807 τοῦ

162 2851 333 2917 φωτὸς
361 2852 609 2918 διελύθη,
662 2852 754 2902 καὶ
786 2851 847 2901 τδ
889 2851 1075 2917 δρᾶμα
1106 2847 1331 2917 ὴλὲχθη,
1380 2848 1530 2917 καὶὴ
1570 2846 1741 2919 σκηνὴ

161 2942 217 2991 τὺ
244 2942 591 3010 προσωπεῖον
624 2937 951 3009 ἀπέρριψεν.
996 2937 1154 2990 Οὒτω
1192 2923 1488 3007 τοίγαροῦν
1516 2940 1742 3007 αίσχυν-

1837 2220 1992 2261 vanae
2064 2206 2249 2285 gloriae
2288 2225 2303 2262 :
2338 2208 2699 2279 Compescere
2727 2252 2743 2276 ,
2795 2212 2933 2266 dixit
2978 2228 2992 2265 :
3041 2220 3095 2267 te
3161 2213 3412 2280 increpat

1839 2298 2093 2353 Christus
2155 2300 2321 2364 Deus,
2352 2316 2385 2355 ο
2420 2303 2675 2373 maligne.
2704 2304 2748 2357 A
2790 2320 2874 2358 me
2906 2306 3014 2358 cito
3047 2303 3238 2358 recede
3271 2319 3287 2358 :
3320 2301 3415 2357 οὓς

1844 2390 1911 2443 sit
1942 2390 2109 2455 enim,
2143 2398 2200 2443 ut
2236 2406 2323 2444 me
2356 2392 2562 2459 aliquid
2610 2395 2758 2456 aliud
2789 2410 2913 2451 esse
2960 2404 3137 2465 putem
3170 2396 3269 2453 nisi
3302 2399 3414 2449 ter-

1847 2495 1961 2531 ram
1991 2487 2047 2533 et
2073 2479 2332 2534 cinerem.
2369 2479 2493 2536 Haec
2521 2483 2675 2549 dixit,
2704 2494 2757 2540 et
2784 2486 2837 2537 in
2872 2488 3075 2537 fumum
3113 2487 3292 2539 statim
3314 2484 3417 2541 fuit

1840 2569 2100 2625 dissoluta
2140 2571 2421 2640 phantasia
2448 2572 2688 2635 luminis,
2711 2582 2766 2626 et
2795 2573 3111 2628 manifestus
3136 2572 3234 2628 fuit
3258 2585 3413 2629 actus

1842 2664 2130 2719 simulatus
2189 2674 2244 2719 et
2271 2680 2432 2719 scena
2461 2664 2661 2734 abjecit
2696 2679 3006 2733 personam.
3041 2664 3133 2720 Sic
3162 2679 3293 2734 ergo
3316 2680 3415 2737 pu-

1840 2754 1973 2809 dore
2001 2756 2243 2819 all'ectus,
2277 2772 2400 2809 eum
2450 2760 2721 2810 contraria
2778 2759 2991 2812 ratione
3050 2758 3361 2829 aggreditur
3394 2774 3410 2812 :

1840 2845 1982 2900 sicut
2035 2846 2145 2899 illic
2192 2861 2286 2914 per
2341 2846 2729 2912 adulationem,
2777 2848 2850 2900 ita
2899 2850 2988 2902 hic
3039 2863 3133 2917 per
3157 2850 3405 2904 timorem

1846 2952 1967 2993 eum
1997 2952 2203 2994 Conans
2233 2939 2602 3009 supplantare.

162 3031 289 3092 θεὶς,
324 3029 415 3081 διὰ
444 3029 556 3082 τῶν
587 3030 847 3082 ἐναντίων
887 3029 1244 3101 προσϐάλλει,
1310 3029 1500 3099 ὥσπερ
1534 3032 1651 3081 ἐκεῖ
1713 3029 1802 3083 διὰ
1841 3032 2157 3099 κολακείας,
2215 3032 2389 3097 οὕτως
2443 3033 2682 3088 ἐνταῦθα
2724 3035 2814 3089 διὰ
2850 3034 3007 3097 δέους
3062 3032 3417 3091 ὕποσκελίσαι

163 3123 524 3191 πειρώμενος.

227 3212 324 3267 1Ε’.
360 3215 437 3267 Οὐ
472 3213 608 3267 πολὺ
633 3214 739 3284 γὰρ
790 3214 845 3266 τὸ
883 3217 939 3267 ἐν
983 3214 1133 3286 μέσῳ
1156 3216 1251 3270 καὶ
1292 3217 1487 3287 δρᾶται
1511 3214 1730 3285 νύκτωρ
1758 3218 1801 3275 C

1758 3218 1801 3275 C
1904 3211 2020 3267 XV.
2043 3208 2158 3266 Non
2180 3214 2403 3266 multum
2417 3212 2560 3267 enim
2584 3213 2890 3269 intercessit
2914 3214 3190 3284 temporis,
3220 3224 3275 3269 et
3294 3231 3414 3269 rur-

164 3305 305 3377 αύτῷ
337 3306 502 3358 πάλιν
530 3305 720 3373 ἀξίνην
746 3306 998 3375 κατέχων
1028 3311 1095 3377 τῇ
1119 3307 1271 3378 δεξιᾷ
1303 3311 1400 3361 καὶ
1431 3309 1607 3378 μέσην
1641 3309 1740 3375 μὲν

162 3395 347 3456 ἐοικὼς
388 3394 489 3463 τὴν
530 3394 629 3464 τῆς
664 3394 863 3465 στέγης
896 3396 1055 3451 δοκὸν
1098 3399 1435 3469 διατέμνειν,
1470 3398 1739 3452 συσσείων

161 3486 213 3537 δὲ
240 3485 429 3548 δεινῶς
460 3486 557 3539 καὶ
602 3486 809 3539 κλονῶν
835 3487 927 3540 τὸν
976 3488 1246 3554 οἰκίσκον,
1288 3489 1470 3561 πλήθη
1500 3506 1561 3542 τε
1596 3490 1739 3544 κατά

162 3578 251 3630 τοῦ
293 3578 601 3649 Ἀϐραμίου
651 3581 788 3649 μετά
840 3581 1082 3647 σπουδῆς
1128 3580 1294 3632 οἱονεὶ
1324 3580 1612 3647 συγκαλῶν
1646 3580 1738 3633 καὶ

162 3672 292 3734 ὅλως
345 3670 597 3740 θορυϐῶν
644 3670 734 3724 τὸν
794 3671 965 3742 ἄνδρα
1021 3672 1113 3723 καὶ
1146 3673 1519 3741 ἐκταράττων.
1593 3671 1737 3725 ’0δέ

160 3762 450 3816 κάνταῦθα
503 3762 668 3816 πάλιν
698 3764 726 3816 ὁ
756 3763 914 3825 αὐτὸς
946 3759 1037 3833 ἦν,
1069 3763 1169 3816 οὐκ
1216 3764 1429 3832 ἀγνοῶν
1454 3764 1546 3816 τὸν
1579 3765 1738 3818 πολέ-

163 3872 282 3923 μιον
304 3868 316 3882 °
353 3852 554 3921 ἀμέλει
593 3854 688 3904 καὶ
717 3854 850 3922 πρὸς
875 3854 970 3923 τὴν
1003 3854 1126 3922 ὄψιν
1154 3855 1307 3907 οὐδὲν
1331 3853 1738 3924 διαταραχθείςο

166 3964 183 3997 ε
212 3946 401 3999 Πάντα
419 3943 490 3998 τὰ
515 3944 643 4013 ἔθνη
670 3941 988 3997 ἐκύκλωσαν
1018 3961 1105 4013 με,
1138 3962 1156 3995 ι
1188 3946 1373 4014 ἡρέμα
1396 3945 1521 3998 καθ’
1551 3944 1741 3998 ἑαυτὸν

156 4037 462 4106 ὑπεφώνει,
499 4053 518 4085 ε
555 4038 648 4087 καί
679 4033 757 4103 τῷ
779 4034 1008 4102 ὀνόματι
1064 4034 1273 4104 Κυρίου
1306 4034 1608 4103 ἠμυνάμην
1641 4033 1742 4086 αὖ·

154 4130 301 4192 τούς.
332 4148 353 4182 a
397 4127 694 4190 Τοιαύταις
714 4128 836 4180 κατ’
872 4124 1072 4198 ἐχθροῦ
1098 4127 1340 4194 ἐπῳδαῖς
1360 4128 1387 4180 ὁ
1416 4125 1738 4196 Ἀϐράμιος,

155 4221 422 4282 τοιούτοις
485 4220 672 4283 ὅπλοις
731 4221 1020 4289 ἐκέχρητο.
1067 4219 1132 4273 Τί
1164 4217 1257 4272 οὖν
1302 4218 1547 4283 ἐκεῖνος;
1587 4216 1741 4269 Ἐπι-

159 4312 448 4380 στρατεύει
477 4311 573 4364 καὶ
600 4308 757 4372 αὖθις
787 4310 939 4379 αὑτῷ
960 4311 1101 4377 μετά
1126 4310 1322 4375 ταῦτα,
1349 4309 1567 4379 σφοδρῷ
1600 4310 1741 4361 πάνυ

158 4406 293 4473 πυρὶ
325 4403 735 4472 καταπιμπρᾷν
779 4400 956 4455 δοκῶν
1000 4400 1063 4455 τὸ
1093 4400 1314 4470 ψιάθιον
1334 4417 1347 4430 ο
1384 4401 1477 4453 καὶ
1504 4399 1563 4463 δς
1590 4399 1743 4452 οὐδὲν

1844 3321 1936 3360 sus
1982 3306 2050 3359 ab
2081 3319 2147 3360 eo
2182 3313 2340 3359 noctu
2378 3305 2622 3361 cernitur
2649 3322 2808 3361 manu
2845 3316 3031 3363 tenens
3050 3307 3285 3362 securim
3326 3314 3421 3364 :et

1844 3397 2130 3451 videbatur
2157 3398 2372 3467 quidem
2419 3398 2652 3453 mediam
2690 3399 2817 3455 tecti
2859 3400 3065 3455 trabem
3122 3400 3418 3466 dissecare,

1848 3490 2093 3559 graviter
2124 3497 2304 3542 autem
2336 3498 2629 3544 concutere
2654 3500 2712 3543 et
2745 3505 2962 3544 movere
3011 3492 3416 3557 domunculam,

1844 3591 1903 3635 et
1924 3582 2317 3636 multitudinem
2348 3581 2400 3635 in
2424 3581 2740 3636 Abramium
2764 3582 2919 3651 quasi
2962 3600 3158 3653 magno
3188 3585 3418 3651 quodam

1845 3675 2026 3731 studio
2061 3690 2389 3739 convocare,
2422 3686 2484 3730 et
2502 3680 2568 3731 ad
2601 3693 2864 3730 summam
2886 3691 3005 3731 eum
3026 3677 3260 3746 graviter
3288 3692 3417 3747 per-

1848 3768 2085 3823 turbare.
2121 3767 2213 3823 Ille
2243 3777 2420 3822 autem
2458 3768 2547 3822 hic
2580 3784 2796 3836 quoque
2834 3784 3023 3824 rursus
3091 3770 3231 3824 idem
3275 3779 3417 3834 crat,

1844 3858 2053 3913 hostem
2072 3859 2294 3913 minime
2309 3858 2809 3929 ignoransNisione
2827 3860 3009 3929 itaque
3024 3860 3153 3913 nihil
3171 3862 3415 3915 territus:

1848 3968 1867 4003 ι
1898 3949 2102 4005 Omnes
2133 3961 2322 4023 gentes
2344 3968 2428 4006 me
2457 3952 2952 4016 circumdederunt,
2995 3972 3014 4005 ι
3050 3952 3249 4008 sensim
3273 3950 3418 4019 apud

1844 4057 1901 4096 se
1924 4044 2159 4109 diccbat,
2196 4064 2215 4097 ε
2252 4053 2305 4098 et
2326 4045 2377 4098 in
2400 4044 2618 4100 nomine
2646 4044 2852 4097 Domini
2879 4045 3022 4096 ultus
3041 4060 3158 4096 sum
3180 4060 3275 4100 eos
3298 4045 3364 4097 “.
3390 4062 3412 4098 a

1844 4131 2069 4187 Talibus
2128 4134 2384 4186 adversus
2419 4134 2699 4187 inimicum
2740 4133 3075 4188 carminibus
3108 4132 3416 4201 Abramiua,

1846 4223 2042 4279 talibus
2075 4222 2242 4278 armis
2269 4232 2352 4278 est
2388 4235 2535 4277 uSus.
2570 4222 2708 4290 Quid
2746 4222 2835 4276 ille
2874 4237 3004 4293 ergo
3026 4223 3052 4277 τ
3077 4222 3131 4277 In
3160 4239 3281 4277 eum
3300 4239 3419 4277 rur-

1844 4332 1937 4371 sus
1985 4316 2181 4372 bellum
2232 4317 2373 4385 gerit
2408 4325 2616 4384 postea,
2651 4316 2827 4385 utqui
2852 4316 3157 4371 vehementi
3182 4318 3305 4386 igne
3333 4316 3417 4372 vl-

1846 4410 2066 4464 tleretur
2095 4409 2413 4462 comburere
2428 4418 2684 4461 stoream.
2713 4407 2805 4460 Ille
2825 4418 3006 4460 autem
3031 4409 3162 4461 nihil
3194 4409 3419 4465 aﬂ’ectua

159 4497 293 4564 πρὸς
327 4494 428 4564 τὴν
492 4494 669 4561 φλόγα
701 4491 892 4547 παθὼν
945 4494 1186 4566 ἐκείνην,
1248 4494 1513 4563 ἀταράχῳ
1561 4492 1739 4562 ψυχῆς
1770 4552 1816 4566 ﬁ

1770 4515 1907 4566 “ea
1966 4499 2191 4564 visione,
2246 4498 2497 4553 interrito
2556 4498 2704 4553 vultu
2768 4514 2891 4552 cum
2941 4497 3161 4562 invasit,
3188 4499 3414 4554 dicens:

157 4552 449 4640 ἐπέϐαινεν
485 4552 658 4652 ἇοτῆς
705 4552 1135 4651 καταστήματιῖ
1246 4552 1376 4637 Ἐπί
1399 4552 1741 4647 elicias,
1770 4552 1819 4612 Β

1770 4552 1821 4612 D
1853 4552 2344 4661 «Superaspidem
2385 4599 2441 4646 et
2477 4552 2768 4646 basilicum
2807 4552 3161 4661 ingredieris,
3199 4552 3418 4646 et

158 4695 290 4747 γων,
347 4681 444 4732 καὶ
485 4676 800 4747 βασιλίσκον
862 4675 1103 4746 ἐπιϐήσῃ
1174 4677 1269 4728 καὶ
1326 4677 1745 4747 καταπατήσας

1843 4683 2082 4740 culcabis
2142 4682 2350 4738 leonem
2412 4694 2466 4737 et
2521 4683 2813 4737 draconem
2844 4683 2913 4735 ".
2956 4702 2975 4734 ι
3015 4682 3216 4736 Deinde
3273 4682 3416 4738 venit

157 4771 348 4824 λέοντα
376 4770 475 4822 καὶ
506 4769 799 4837 δράκοντα.
837 4786 854 4819 ι
890 4763 1026 4821 Εἶτα
1052 4765 1469 4835 καταλαμϐάνει
1496 4767 1683 4819 λοιπὸν
1708 4767 1741 4837 ἠ

1845 4786 2053 4844 tempus
2077 4773 2392 4829 comedendi
2422 4792 2437 4829 :
2460 4782 2511 4828 et
2543 4774 2633 4828 ille
2658 4774 2876 4842 quidem
2901 4773 3071 4828 solam
3091 4772 3192 4827 sibi
3221 4787 3417 4844 aquam

156 4863 256 4930 τῆς
292 4865 507 4933 τροφῆς
532 4859 846 4930 προθεσμία
868 4859 964 4912 καὶ
991 4861 1019 4912 ὁ
1050 4860 1150 4929 μέν
1179 4859 1323 4930 ὕδωρ
1358 4858 1517 4930 μόνον
1564 4859 1744 4929 ἐαυτῷ

1844 4869 2066 4938 apponit
2098 4881 2113 4921 :
2140 4866 2405 4937 malignus
2437 4874 2615 4921 autem
2641 4878 2881 4921 mutatus
2907 4866 2961 4920 in
2990 4866 3416 4930 adolescentem.

159 4958 531 5028 παρατίθεται
555 4974 570 4988 ·
599 4952 920 5025 μεταϐαλὼν
940 4953 996 5006 δέ
1017 4956 1096 5016 είς
1118 4953 1404 5007 νεανίσκον
1427 4953 1455 5005 ὁ
1487 4968 1619 5022 πονη
1630 4953 1741 5021 ρδς,

1844 4974 2005 5013 manu
2057 4958 2225 5029 tangit
2271 4956 2543 5025 poculum,
2580 4957 2708 5010 illud
2771 4972 2977 5011 conans
3016 4969 3282 5013 evertere.
3321 4955 3418 5012 Di-

160 5054 224 5121 τῇ
258 5052 403 5121 χειρί
426 5047 595 5115 ψαύει
618 5047 712 5101 τοῦ
748 5046 1039 5116 ποτηρίου,
1081 5044 1385 5116 ἀνατρέψαι
1435 5044 1594 5098 τοῦτο
1622 5062 1741 5097 πει-

1840 5051 1999 5105 vinus
2029 5061 2209 5103 autem
2239 5049 2532 5103 Abramius
2589 5049 2723 5103 nihil
2774 5049 3119 5119 perterritus,
3146 5051 3416 5106 constanti

166 5144 431 5213 ρώμενος.
484 5139 790 5210 Ἀϐράμιος
816 5138 874 5192 δὲ
913 5141 942 5189 ὁ
979 5138 1121 5202 θεῖος
1162 5137 1327 5209 μηδὲν
1360 5136 1741 5201 ὑποδειλιάσας

1839 5142 1994 5197 vultu
2020 5156 2216 5212 aquam
2250 5141 2481 5210 accepit.
2506 5139 2646 5194 Vide
2693 5150 2872 5195 autem
2904 5139 3035 5195 mihi
3069 5140 3289 5211 maligni
3315 5141 3417 5195 im-

165 5236 304 5305 μετὰ
350 5233 746 5295 καταστάσεως
791 5232 978 5299 ὑγιοῦς
1022 5231 1083 5284 τὸ
1127 5231 1270 5300 ὓδωρ
1314 5228 1604 5298 προσίετο·
1644 5229 1739 5282 καὶ

1838 5235 2172 5305 pudentiam.
2193 5232 2351 5304 Saepe
2383 5233 2655 5303 repulsus,
2680 5246 2748 5286 ne
2769 5233 2852 5287 sic
2867 5231 3081 5300 quidem
3109 5230 3414 5295 recedebat,

162 5332 262 5399 cpi
289 5347 375 5398 μοι
394 5327 489 5382 τοῦ
526 5325 768 5395 πονηροῦ
799 5326 898 5393 τὴν
926 5324 1202 5378 ἀναίδειαν
1228 5328 1321 5377 καὶ
1363 5326 1512 5386 ὅπως
1538 5323 1740 5376 πολλά-

1838 5326 1933 5382 sed
1966 5340 2151 5380 rursus
2177 5325 2230 5379 in
2258 5340 2425 5380 unum
2459 5341 2529 5380 ex
2558 5325 2646 5390 iis,
2678 5324 2769 5393 qui
2801 5334 2991 5379 sancto
3010 5324 3412 5391 ministrabant,

164 5442 247 5487 κις
273 5420 675 5491 ἀποκρουσθεὶς
708 5419 827 5472 οὐδὲ
856 5417 1029 5481 οὕτως
1057 5421 1353 5487 ἀφίστατοο
1389 5418 1504 5471 ἀλλ’
1535 5418 1615 5478 είς
1639 5418 1737 5471 ἕνα

1844 5430 1992 5474 veste
2016 5428 2071 5472 et
2098 5416 2267 5473 l‘orina
2310 5418 2546 5487 seipsum
2586 5428 2816 5481 mutans,
2872 5431 2993 5472 cum
3025 5425 3246 5472 sanctus
3292 5426 3417 5472 tunc

158 5520 265 5571 τῶν
298 5517 765 5586 ὑπηρετουμένων
794 5513 871 5582 τῷ
902 5513 1041 5583 ἁγίῳ
1090 5512 1185 5567 καὶ
1220 5512 1379 5583 στολῇ
1409 5516 1501 5565 καὶ
1549 5514 1734 5581 μορφῇ

1844 5513 2174 5575 comederet,
2224 5511 2498 5567 lucernam
2530 5512 2579 5567 ei
2632 5512 2957 5579 apponebat.
3015 5510 3219 5565 Deinde
3253 5511 3414 5565 etiam

157 5612 348 5665 ἑαυτὸν
380 5609 698 5681 διαμείψας,
724 5604 947 5678 λυχνίαν
980 5624 1035 5659 τε
1061 5607 1344 5677 παρετίθει
1373 5626 1385 5640 σ
1422 5606 1612 5662 ἔπειτα
1642 5605 1735 5658 καὶ

1847 5606 2130 5662 videbatur
2167 5603 2291 5660 talia
2328 5617 2525 5661 canere
2559 5621 2572 5658 :
2613 5621 2630 5654 ι
2677 5601 2825 5660 Beati
2856 5602 3186 5661 immaculati
3222 5604 3275 5657 in
3301 5602 3410 5668 vis,

232 5773 275 5803 "
304 5770 451 5827 Psal.
492 5785 669 5836 cxvzt,
704 5769 791 5824 lO.
873 5770 913 5800 "
938 5771 1082 5827 Psal.
1119 5783 1204 5833 xc,
1243 5768 1328 5822 l5.
