4208 6300
769 364 837 423 63
2069 354 2345 415 MENSIS
2384 352 2729 416 MARTIUS
3945 349 4005 410 64

773 480 865 547 qui
922 474 1199 528 ambulant
1237 488 1287 525 tn
1322 472 1436 540 lege
1464 469 1665 524 domini
1703 470 1768 525 ".
1810 488 1827 521 ι
1862 466 1959 523 Hic
1984 477 2187 528 autem,
2216 477 2340 519 vere
2366 460 2423 521 Δ

2366 460 2423 521 Δ
2444 462 2589 516 ἄδειν
2620 482 2686 516 τα
2716 462 2941 516 τοιαῦτα
2985 460 3188 514 ἐδόκει⁶
3237 486 3257 516 ι
3291 460 3569 528 Μακάριοι
3601 460 3649 513 οί
3703 461 3925 529 ἄμωμοι
3956 463 4009 511 ἐν

776 566 984 628 beatus,
1014 570 1132 619 erat
1155 562 1315 631 plane
1359 561 1582 620 surdus,
1624 570 1681 614 ut
1715 558 1805 628 qui
1837 573 1995 613 aures
2017 559 2082 612 ad
2109 557 2221 611 haec
2240 555 2338 610 ub-

776 663 1030 718 srrueret,
1086 654 1260 709 donec
1310 653 1539 721 sumpsit
1588 651 1716 705 illud
1759 650 2026 705 modicum
2056 647 2182 702 cibi.
2215 646 2342 701 Post

777 750 917 804 lianc
944 757 1124 801 autem
1154 760 1377 816 parvam
1411 745 1655 816 corporis
1676 744 2035 806 curationem,
2060 740 2238 795 crucis
2268 739 2341 794 si-

774 857 881 911 gno
905 843 1143 895 munitus
1168 859 1182 895 :
1209 839 1263 895 Si
1299 840 1505 904 beatos,
1543 837 1736 907 inquit,
1775 835 1918 891 nosti
1971 849 2086 897 eos,
2120 832 2209 902 qui
2255 833 2338 887 dio

777 933 950 1002 ligunt
986 933 1289 995 Dominum,
1342 947 1439 985 cur
1467 946 1574 985 non
1632 944 1814 984 cessas
1842 928 2057 981 assidue
2081 925 2161 980 eis
2190 924 2345 979 exhi-

779 1026 911 1080 bere
939 1023 1273 1079 molestiam?
1302 1024 1394 1078 Ille
1429 1034 1609 1078 autem
1645 1022 1995 1091 respondens,
2029 1018 2113 1074 vel
2145 1018 2344 1073 invitus

782 1130 933 1173 suam
990 1115 1278 1171 confitetur
1309 1114 1592 1179 malitiam,
1622 1122 1676 1168 et
1727 1112 1856 1167 dicit
1887 1129 1901 1165 :
1937 1111 2204 1178 Quoniam
2249 1123 2343 1164 eos

779 1209 976 1263 bonum
1010 1222 1268 1263 exercere
1302 1206 1477 1269 video,
1511 1217 1609 1260 nec
1636 1220 1850 1275 possum
1882 1203 1992 1276 pati
2039 1203 2093 1258 id
2137 1202 2340 1257 videre.

778 1298 904 1355 Hac
931 1316 1057 1358 cum
1084 1299 1332 1364 dixisset,
1365 1300 1548 1353 statim
1571 1296 1728 1352 abiit.

850 1558 988 1614 XVI.
1017 1557 1265 1614 Nondum
1292 1567 1471 1613 autem
1494 1559 1735 1627 quinque
1764 1557 1877 1612 dies
1900 1557 2340 1621 intercesserant,

778 1666 900 1705 cum
932 1650 1109 1704 denuo
1132 1665 1253 1704 eum
1287 1650 1597 1719 aggreditur
1645 1648 1729 1700 liic
1759 1661 1932 1703 saevus
1998 1647 2168 1701 hostis
2218 1661 2340 1703 cum

2440 559 2562 629 ὀδῷ,
2601 560 2651 613 οἱ
2678 559 3034 629 πορευόμενοι
3070 559 3125 610 ἐν
3146 558 3297 626 νόμῳ
3316 557 3545 627 Κυρίου.
3584 575 3602 608 ι
3639 558 3746 609 Καὶ
3772 558 3799 607 ό
3833 557 4011 625 μακά-

2443 668 2557 721 ριος
2590 652 2755 715 ὅντως
2788 653 2996 714 ἐκεῖνος
3059 649 3239 718 κωφὸς
3286 645 3353 719 ἦν
3384 650 3520 719 προς
3556 647 3728 701 ταῦτα
3764 648 3908 717 βύων
3945 648 4012 702 τά

2441 736 2579 805 ὦτα,
2628 743 2732 805 ἕως
2762 745 2862 813 τῆς
2891 742 3151 812 βραχείας
3201 740 3416 809 ἐκείνης
3464 740 3757 810 μετείληφε
3781 740 4008 811 τροφῆς.

2442 836 2595 888 Μετά
2620 835 2675 887 δέ
2707 835 2803 906 τὴν
2831 834 3031 903 μικρὰν
3062 833 3267 902 ταύτην
3296 832 3392 885 τοῦ
3424 833 3681 902 σώματος
3716 832 4011 901 θεραπείαν

2445 927 2522 996 τῷ
2550 927 2641 981 τοῦ
2673 926 2907 996 σταυροῦ
2943 925 3155 995 σημείῳ
3182 924 3562 995 φραξάμενος·
3599 924 3659 975 Εί
3708 924 4012 994 μακαρίους

2444 1013 2612 1081 οἶδας,
2642 1019 2796 1088 φησι,
2826 1016 2952 1079 τοὺς
2979 1017 3313 1083 ἀγαπῶντας
3354 1016 3448 1068 τὸν
3480 1015 3705 1083 Κύριον,
3736 1016 3789 1070 τί
3811 1016 4011 1083 δήποτε

2447 1109 2704 1179 παρέχων
2729 1109 2787 1160 ού
2814 1108 2962 1177 παύῃ
2998 1107 3210 1167 τούτοις
3235 1106 3483 1177 ὀχλήσεις
3507 1106 3591 1158 ἀεὶ
3634 1108 3727 1161 καὶ
3754 1110 4015 1174 πράγμα-

2443 1215 2544 1262 τα;
2578 1198 2840 1258 Κάκεῖνος
2864 1196 3150 1249 ὑπολαϐὼν
3180 1197 3278 1263 τὴν
3296 1194 3490 1247 ἑαυτοῦ
3521 1195 3722 1247 κακίαν
3749 1197 3843 1247 καὶ
3865 1197 4015 1248 ἄκων

2444 1282 2697 1356 ὁμολογεῖ
2727 1288 2821 1339 καί
2847 1305 3012 1357 φησιν
3038 1305 3051 1319 '
3083 1289 3316 1355 Ὀτιπερ
3347 1287 3544 1349 αὐτοὺς
3577 1288 3688 1356 ὁρῶ
3720 1288 3779 1339 τὺ
3810 1287 4015 1354 ἀγαθὸν

2449 1381 2755 1449 μετιόντας,
2805 1381 2901 1433 καὶ
2961 1378 3103 1451 ὀρῶν
3139 1379 3237 1429 οὐκ
3283 1377 3569 1446 ἀνέχομαι.
3605 1379 3789 1431 Ταῦτα
3821 1378 4013 1443 εἰπὼν,

2445 1473 2605 1533 εὐθὺς
2637 1471 2829 1543 ᾤχετο.

2515 1562 2632 1631 ΚΓ.
2668 1564 2824 1619 Οὕτω
2855 1563 2912 1617 δὲ
2948 1563 3175 1634 πέμπτη
3208 1565 3412 1634 μεταξὺ
3444 1564 3656 1633 διῆλθεν
3707 1563 3887 1633 ἡμέρα
3927 1564 4019 1615 καὶ

2447 1655 2774 1725 προσϐάλλει
2805 1657 2965 1708 πάλιν
2995 1657 3023 1706 ὁ
3053 1658 3287 1726 χαλεπὸς
3314 1651 3468 1719 οὗτος
3494 1656 3567 1727 τῷ
3593 1657 3731 1723 ἀγίῳ
3759 1654 4018 1722 πολέμιος

781 1741 1035 1811 maligna,
1065 1754 1184 1808 qua
1204 1750 1324 1795 erat
1358 1739 1501 1794 circa
1530 1738 1726 1806 ipsum.
1759 1750 1999 1802 caterva,
2021 1746 2075 1791 et
2118 1753 2344 1792 consue-
2377 1790 2418 1846 Β

2377 1790 2418 1846 Β
2450 1748 2589 1817 μετά
2615 1749 2709 1800 τοῦ
2743 1749 2979 1817 πονηροῦ
3011 1749 3139 1810 περὶ
3172 1749 3335 1801 αὑτὸν
3380 1749 3605 1817 στίφους
3640 1747 3857 1813 καὶτῆς
3889 1763 4017 1796 συν-

780 1833 849 1887 tis
875 1834 989 1889 suis
1010 1832 1279 1885 machinis
1310 1841 1366 1886 et
1403 1830 1832 1899 importunitate.
1871 1827 2205 1883 Videbantur
2243 1842 2342 1884 au-

780 1935 888 1979 tem
941 1925 1161 1979 funibus
1206 1923 1585 1979 domunculam
1640 1924 1785 1978 omni
1816 1939 1881 1978 ex
1918 1933 2071 1993 parte
2100 1938 2339 1992 compre-

779 2017 1059 2081 hendisse,
1084 2025 1140 2070 et
1159 2017 1285 2071 totis
1315 2016 1563 2074 manibus
1600 2030 1725 2069 eam
1767 2017 2005 2080 trahere,
2037 2025 2091 2069 et
2123 2031 2181 2070 se
2210 2017 2346 2069 invi-

777 2124 897 2163 cem
928 2108 1225 2175 adhortari,
1266 2118 1326 2163 ut
1348 2108 1464 2162 ﬁeri
1485 2109 1619 2163 solet
1644 2108 1697 2161 in
1721 2106 2063 2161 multitudine
2090 2123 2105 2160 :
2135 2105 2345 2171 Videte,

779 2202 1049 2262 dicentes.
1078 2212 1134 2255 ut
1158 2216 1279 2256 eum
1315 2202 1381 2254 de
1431 2200 1733 2267 propinquo
1768 2198 2121 2268 projiciamus
2148 2200 2348 2267 pra-ci-

779 2294 931 2361 pitio.
973 2293 1064 2346 Ille
1098 2303 1279 2345 autem
1313 2290 1380 2357 (Ο
1409 2292 1714 2345 interritum
1741 2292 2002 2351 animum.
2040 2290 2085 2347 Ο
2115 2306 2347 2361 genero-

778 2398 899 2439 sum
930 2382 1203 2451 spiritum)
1238 2396 1305 2436 ne
1341 2384 1421 2439 sic
1447 2382 1661 2450 quidem
1688 2381 2343 2450 pertimuitimportunum

779 2476 1056 2530 inventum
1088 2492 1105 2529 :
1135 2475 1230 2530 sed
1267 2475 1483 2530 dicebat
1513 2489 1526 2529 :
1557 2492 1576 2527 ι
1609 2474 2098 2530 Circumdederunt
2136 2488 2242 2537 me,
2274 2476 2348 2528 si—

778 2577 868 2626 cut
894 2584 1022 2638 apes
1040 2568 1223 2624 favum
1251 2588 1265 2624 :
1293 2578 1348 2624 et
1368 2579 1695 2624 exarserunt
1717 2568 1857 2622 sicut
1885 2569 2026 2637 ignis
2048 2566 2102 2621 in
2126 2566 2295 2637 spinis
2330 2583 2345 2621 :

777 2670 833 2716 et
867 2661 918 2715 in
983 2661 1198 2715 nomine
1228 2661 1439 2714 Domini
1473 2662 1620 2715 ultus
1651 2676 1768 2714 sum
1810 2676 1905 2715 eos
1944 2662 2010 2714 ".
2050 2677 2068 2710 ι
2108 2657 2231 2712 Haec
2261 2658 2347 2713 ille

778 2752 993 2828 quidem
1026 2751 1164 2818 apud
1198 2764 1257 2802 se
1289 2748 1525 2803 dicebat.
1558 2748 1639 2801 Illi
1684 2758 1862 2801 autem
1889 2762 2010 2799 cum
2042 2760 2237 2814 magno
2269 2745 2349 2797 luo

782 2844 891 2913 gati
917 2851 1042 2896 sunt
1073 2844 1287 2904 timore,
1320 2851 1577 2909 tanquam
1604 2841 1808 2915 egregii
1854 2840 2085 2907 alicujus
2112 2840 2347 2908 impera-

782 2936 936 2994 toris.
973 2950 1038 2989 ne
1067 2934 1239 2988 minas
1266 2934 1481 3002 quidem
1512 2934 1652 2986 solas
1690 2934 2041 2988 sustinentes.
2064 2932 2237 2999 Atque
2268 2930 2347 2984 sic

782 3026 999 3093 quidem
1048 3033 1429 3081 sacrosanctus
1480 3023 1793 3087 Abramius,
1831 3023 1923 3089 qui
1968 3024 2034 3075 ad
2090 3021 2349 3089 spiritalis

782 3116 1139 3185 philosophia:
1160 3124 1367 3169 tantam
1402 3118 1721 3169 ascenderat
1753 3115 2112 3168 altitudinem.

850 3292 1015 3348 XVII.
1042 3290 1212 3347 Porro
1243 3300 1422 3346 autem
1474 3293 1524 3346 in
1556 3290 1640 3356 iis,
1674 3306 1793 3361 quae
1822 3293 1885 3347 de
1919 3291 2008 3346 illo
2037 3299 2343 3355 narrantur,

781 3384 896 3439 haec
926 3398 1142 3454 quoque
1176 3384 1374 3437 addere
1402 3391 1640 3451 oportet,
1707 3398 1847 3451 qum,
1888 3383 2028 3450 quod
2060 3384 2249 3435 attinet
2283 3383 2347 3435 ad

780 3477 1217 3536 admirationem,
1252 3475 1382 3527 nulli
1421 3476 1618 3527 cedunt
1642 3489 1705 3528 ex
1742 3474 2036 3543 prioribus,
2072 3476 2209 3541 quod
2243 3476 2350 3529 sci-

782 3569 908 3623 licet
932 3582 1039 3620 non
1066 3568 1239 3621 solum
1274 3566 1451 3627 ιιιιιιηη
1476 3567 1684 3626 radium
1719 3582 1934 3633 semper
1959 3580 1987 3617 e
2011 3565 2156 3619 vultu
2190 3566 2349 3619 emit-

783 3667 940 3720 teret.
976 3658 1079 3713 etsi
1115 3673 1221 3711 non
1246 3668 1394 3714 esset
1417 3657 1641 3711 robusto
1676 3671 1922 3725 corpore,
1954 3658 2059 3711 imo
2092 3674 2122 3708 a
2158 3671 2345 3726 magna

782 3750 1113 3804 abstinentia
1172 3750 1448 3801 videretur
1476 3759 1853 3814 consumptus,
1884 3758 1937 3799 et
1975 3747 2297 3815 liquefactus
2331 3764 2345 3799 :

783 3842 876 3897 sed
900 3840 1088 3905 etiam,
1117 3840 1258 3907 quod
1288 3848 1529 3915 tempore
1571 3839 1772 3894 ultima:
1804 3839 2139 3908 migratiunis
2172 3849 2227 3894 et
2260 3854 2348 3894 re-

782 3931 1071 3985 solutionis
1093 3931 1141 3983 is
1172 3931 1355 3995 rubor,
1380 3946 1540 3998 quem
1574 3930 1763 3982 habuit
1794 3931 1846 3981 in
1870 3930 2172 3996 juventute,
2196 3944 2349 3986 suam

784 4039 894 4078 non
921 4024 1195 4089 ignoraret
1251 4030 1523 4086 naturam,
1562 4035 1685 4075 cum
1716 4022 1893 4076 adhuc
1923 4022 2147 4089 vigeret,
2176 4034 2229 4076 et
2253 4023 2351 4078 llo-

783 4116 935 4171 ridns
959 4116 1009 4169 in
1034 4118 1187 4185 genis
1221 4116 1480 4170 insideret
1512 4123 1609 4169 :et
1636 4113 1779 4184 quod
1805 4123 1887 4169 est
1912 4115 1994 4169 bis
2028 4114 2185 4186 longe
2234 4113 2352 4185 pul-

783 4206 991 4270 chrius,
1047 4205 1231 4275 panni.
1282 4206 1479 4274 quibus
1507 4215 1627 4263 erat
1674 4206 1914 4271 indutus,
1946 4217 2057 4262 toto
2088 4208 2179 4262 illo
2213 4216 2350 4261 tem-

783 4314 936 4369 pore,
968 4314 1073 4367 quo
1099 4312 1156 4351 se
1178 4299 1422 4355 exercuit
1457 4299 1532 4367 (in
1561 4300 1946 4352 exercitatione
1996 4308 2177 4352 autem
2218 4300 2355 4352 vixit

783 4392 1076 4446 Abramius
1107 4391 1494 4461 quinquaginta
1527 4393 1721 4461 annos)
1757 4405 1861 4445 non
1908 4402 2190 4447 cesserunt
2228 4407 2350 4459 pro-

784 4482 979 4535 lixitati
1006 4483 1286 4547 temporis,
1318 4497 1417 4535 nec
1456 4480 1809 4545 emuxerunt,
1840 4482 1934 4536 sed
1968 4494 2224 4551 perpetuo
2249 4482 2350 4537 llo-

787 4573 889 4627 ridi
922 4587 987 4627 ac
1033 4582 1279 4626 recentes
1310 4573 1561 4640 tegebant
1604 4574 1777 4625 sancti
1827 4586 2048 4642 carpus.
2083 4573 2233 4627 Nunc
2260 4592 2347 4627 au-

788 4670 897 4717 tem
931 4670 1143 4730 tempus
1184 4672 1269 4715 est
1328 4661 1639 4716 transeundi
1675 4662 1743 4718 ad
1778 4662 2149 4719 admirabilem
2205 4665 2350 4719 illam

788 4753 1183 4818 narrationem,
1209 4767 1328 4822 quae
1355 4754 1473 4821 ejus
1506 4770 1575 4809 ex
1629 4756 1737 4811 Deo
1788 4756 1909 4819 zeli,
1942 4766 1997 4811 et
2030 4757 2353 4821 apostolico-

788 4857 909 4897 rum
934 4843 1222 4907 viscerum,
1245 4852 1297 4897 et
1323 4842 1476 4897 bona:
1506 4844 1805 4900 affectionis
1845 4857 1929 4901 est
1956 4847 2189 4901 maxime
2222 4849 2354 4903 insi-

788 4948 915 5005 gne.
945 4933 1001 4988 ld
1028 4942 1206 4988 autem
1250 4936 1520 5005 principio
1565 4937 1780 5007 quidem
1811 4941 2025 4996 tristitia
2070 4952 2125 4995 et
2169 4942 2355 4998 dolore

792 5025 989 5081 alllciet
1018 5027 1331 5083 auditores:
1362 5040 1634 5096 postremo
1665 5041 1843 5088 autem
1870 5033 2035 5087 multa
2059 5034 2353 5106 voluptate,

792 5125 1030 5180 etanimi
1055 5127 1448 5197 tranquillitate
1471 5126 1684 5183 animas
1713 5126 1958 5199 implebit
1992 5149 2006 5185 :
2034 5140 2091 5185 et
2122 5147 2353 5201 persua-

793 5214 943 5271 debit
990 5232 1057 5273 ne
1090 5216 1385 5285 desperent
1427 5220 1691 5282 homines,
1733 5223 1941 5279 etiamsi
1972 5225 2038 5278 ad
2092 5241 2355 5283 summam

794 5306 1013 5363 deducti
1046 5306 1249 5365 fuerint
1278 5309 1697 5378 improbitatem.
1726 5312 1798 5366 Ita
1830 5326 2006 5368 autem
2041 5317 2200 5373 habet
2234 5338 2246 5371 :

867 5479 1056 5536 XVIII.
1088 5480 1331 5538 Mortuus
1373 5494 1456 5542 est
1490 5486 1729 5542 Abramii
1791 5490 2087 5542 secundum
2135 5504 2352 5547 carnem

794 5571 1002 5630 frater:
1037 5584 1283 5631 mortuus
1326 5588 1410 5631 est
1459 5579 1660 5642 autem,
1694 5580 1852 5635 unica
1913 5581 2094 5637 relicta
2122 5584 2247 5639 lilia.
2283 5585 2357 5639 Ea

869 5733 912 5762 "
954 5731 1095 5785 Psal.
1121 5749 1310 5799 cxvm,
1350 5735 1397 5788 l.
1479 5736 1521 5767 "
1551 5734 1689 5790 Psal.
1718 5750 1923 5803 cvxvn,
1964 5737 2047 5790 l2.

2450 1840 2612 1907 ήθους
2640 1840 2854 1908 ἐκείνης
2889 1840 3137 1909 μηχανῆς
3174 1839 3272 1891 καὶ
3305 1839 3658 1907 σκαιότητος’
3706 1836 3927 1889 ἐδόκουν
3960 1836 4015 1889 δὲ

2449 1930 2701 1997 σχοινίοις
2729 1927 2993 1981 πάντοθεν
3023 1928 3115 1980 τὸν
3155 1928 3399 1981 οίκίσκον
3429 1927 3799 1989 διαλαϐόντες.
3836 1926 4020 1980 ἕλκειν

2444 2038 2505 2072 τε
2548 2021 2711 2075 αὐτὸν
2761 2021 2910 2083 ὅλαις
2963 2022 3119 2089 χερσὶ
3162 2021 3257 2071 καὶ
3287 2019 3538 2089 ἀλλήλοις
3580 2017 4019 2083 ἐπικελεύεσθαι,

2448 2110 2700 2180 καθάπερ
2737 2112 2794 2164 ἐν
2826 2110 3018 2179 πλήθει
3056 2110 3201 2177 φιλεῖ
3252 2109 3540 2177 γίνεσθαι·
3584 2109 3803 2177 Ὁρᾶτε,
3836 2110 4024 2176 λέγον-

2446 2218 2560 2267 τες,
2594 2202 2737 2255 κατά
2782 2202 2874 2255 τοῦ
2925 2202 3339 2271 παρακειμένου
3372 2200 3622 2270 κρημνοῦ
3652 2200 3899 2270 ῥίψωμεν
3929 2200 4021 2252 τὸν

2460 2291 2779 2362 Ἀϐράμιον.
2825 2292 2882 2345 '0
2913 2291 2969 2344 δὲ
3006 2291 3087 2362 (ὢ
3130 2291 3307 2359 ψυχῆς
3337 2291 3644 2359 ἀπτοήτουι
3692 2290 3737 2342 ὣ
3767 2290 4019 2358 γενναίου

2448 2383 2829 2451 φρονήματοςί
2858 2383 2876 2453 )
2908 2383 3028 2436 ούδέ
3061 2380 3196 2450 πρὸς
3239 2380 3381 2433 οὕτω
3415 2382 3745 2449 σκαιοτάτην
3777 2383 4027 2435 ἐπίνοιαν

2450 2473 2635 2524 ἐδεδίει
2668 2474 2760 2525 καὶ
2794 2474 3245 2543 καταπέπληκτο,
3275 2474 3391 2527 ἀλλ’
3414 2488 3427 2503 ·
3484 2494 3501 2524 ε
3586 2471 3923 2526 Εκύκλωαάν
3954 2489 4019 2542 με

2447 2564 2577 2619 ὡσεὶ
2626 2564 2876 2633 μέλισσαι
2944 2566 3160 2633 κηρίον,
3214 2586 3231 2615 ι
3300 2566 3483 2635 ἠρέμα
3527 2565 3823 2634 augeam,
3881 2585 3900 2617 ι
3934 2566 4023 2619 καὶ

2448 2658 2820 2727 ἐξεκαύθησαν
2880 2657 2954 2719 ὡς
2985 2656 3096 2726 πῦρ
3128 2660 3184 2709 ἐν
3216 2657 3502 2721 ἀκάνθαις,
3553 2658 3648 2711 καὶ
3680 2657 3755 2726 τῷ
3793 2657 4026 2724 ὀνόματι

2450 2751 2656 2820 Κυρίου
2683 2749 2979 2820 ἠμυνάμην
3014 2749 3232 2810 αὐτούς.
3276 2770 3293 2799 ι
3334 2750 3516 2801 Ταῦτα
3554 2752 3580 2800 ὁ
3616 2748 3712 2817 μὲν
3735 2744 3858 2802 καθ’
3889 2751 4026 2801 ἐαυ-

2450 2845 2541 2898 τδν
2578 2844 2851 2911 ύπεφώνει
2874 2860 2885 2872 ·
2934 2843 2983 2895 οί
3015 2842 3070 2894 δὲ
3106 2840 3244 2910 μετά
3297 2840 3495 2893 πολλοῦ
3532 2840 3625 2893 τοῦ
3664 2841 3815 2903 δέους
3853 2841 4025 2910 ἠλαύ-

2451 2951 2626 2997 νοντο,
2684 2934 2936 3002 καθάπερ
2994 2933 3138 2995 τινὸς
3190 2932 3500 3003 στρατηγοῦ
3550 2932 3823 3001 γενναίου.
3886 2933 4025 3000 μηδέ

2451 3026 2612 3095 ψιλὴν
2640 3025 2865 3097 ἀπειλὴν
2895 3027 3311 3095 ὑπομείναντες.
3360 3024 3544 3086 Οὕτως
3576 3026 3673 3092 μὲν
3699 3024 3791 3077 οὖν
3814 3027 3840 3076 ό
3880 3025 4023 3094 ἱερὸς

2374 3117 2419 3178 C
2452 3113 2606 3181 οὗτος
2646 3118 2941 3189 Ἀϐράμιος
2970 3119 3065 3171 καὶ
3099 3117 3234 3185 πρὸς
3272 3117 3525 3167 τοσοῦτον
3563 3115 3693 3183 ὕψος
3723 3116 3815 3184 τῆς
3854 3133 4022 3169 πνευ-

2452 3211 2686 3281 ματικῆς
2722 3210 2929 3277 ἀνέπτη
2970 3206 3317 3275 φιλοσοφίας.

2522 3299 2616 3352 1Ζ’.
2646 3300 2886 3351 Κάκείνα
2916 3298 2969 3349 δὲ
2999 3314 3104 3367 χρη
3153 3297 3263 3356 τοῖς
3299 3292 3426 3364 περὶ
3480 3292 3645 3345 αὐτοῦ
3680 3292 3866 3345 λοιπὸν
3900 3294 4022 3348 ἐπι-

2452 3389 2795 3461 σημήνασθαι
2825 3388 3179 3457 διηγήμασιν,
3210 3383 3422 3447 οὑδενὸς
3457 3385 3535 3445 είς
3564 3382 3838 3450 θαύματος
3863 3384 4025 3445 λόγον

2452 3483 2564 3536 τῶν
2618 3481 3003 3552 προλαϐόντων
3036 3480 3356 3545 λειπόμενα,
3402 3476 3477 3537 ὡς
3512 3476 3571 3525 οὐ
3614 3475 3772 3542 μόνον
3826 3477 4025 3527 ἀκτῖνα

2450 3575 2659 3641 πέμποι
2705 3574 2791 3626 ἀεὶ
2838 3570 3072 3640 φαιδρὰν
3109 3570 3216 3623 ἀπὸ
3262 3568 3359 3622 τοῦ
3380 3566 3699 3638 προσώπου,
3731 3564 3911 3617 καίτοι
3945 3566 4021 3633 μὴ

2450 3664 2777 3737 ἐρρωμένως
2812 3662 2950 3735 ἔχων
2982 3662 3076 3715 τοῦ
3111 3661 3384 3731 σώματος,
3428 3659 3544 3713 ἀλλ’
3604 3658 3708 3712 ὑπὸ
3755 3660 3849 3728 τῆς
3882 3658 4027 3725 ἄγαν

2451 3757 2776 3824 ἐγκρατείας
2814 3755 3063 3823 τακερῶς
3126 3772 3185 3805 τε
3239 3757 3331 3805 καὶ
3387 3750 3774 3819 ταλαιπώρως.
3803 3752 3917 3803 ἀλλ’
3941 3751 4027 3805 ὅτι

2451 3848 2553 3902 κάν
2578 3846 2656 3915 τῷ
2684 3845 2859 3914 καιρῷ
2896 3846 2993 3913 τῆς
3018 3843 3252 3914 ἐσχάτης
3275 3844 3547 3913 ἐκδημίας
3582 3846 3676 3896 καὶ
3708 3843 4029 3908 ἀναλύσεως

2452 3938 2511 3991 τὸ
2536 3937 2777 3991 τοιοῦτον
2801 3935 3053 4008 ἐρύθημα
3084 3937 3182 4007 τὴν
3212 3938 3422 3990 οίκείαν
3448 3938 3551 3989 οὐκ
3575 3937 3809 4005 ἠγνόησε
3839 3936 4029 4005 φύσιν,

2448 4032 2567 4087 ἀλλ’
2594 4034 2828 4101 ἀκμαῖον
2852 4031 2931 4084 ἐτι
2965 4033 3059 4084 καὶ
3090 4029 3326 4101 ἀνθηρὸν
3354 4030 3477 4093 ταῖς
3512 4033 3772 4100 παρειαῖς
3821 4030 4027 4082 ἐπεκά-

2452 4120 2584 4193 θητο
2601 4140 2616 4154 ·
2642 4126 2736 4175 καί¹
2764 4123 2827 4175 τδ
2852 4122 2915 4192 δὴ
2938 4121 3143 4175 τούτων
3174 4120 3353 4191 πολλῷ
3377 4121 3753 4191 χαριέστερον,
3774 4122 3852 4172 ὃτι
3872 4118 3968 4172 καὶ
3992 4119 4030 4174 ἃ,

2451 4214 2813 4286 περιϐέϐλητο
2871 4214 3014 4284 ῥάκη
3070 4215 3195 4282 παρ’
3235 4213 3355 4265 ὅλον
3396 4211 3546 4278 αὑτῷ
3584 4213 3677 4263 τὸν
3728 4210 4030 4280 ἀσκητικὸν

2452 4306 2658 4357 ἐκεῖνον
2692 4305 3113 4375 ὑπηρετήσαντα
3167 4303 3285 4375 βίον
3316 4304 3473 4375 (ἔτος
3519 4304 3576 4358 δέ
3608 4305 3974 4373 πεντηκοστὸν
4001 4307 4029 4356 ὁ

2466 4396 2765 4467 Ἀϐράμιος
2790 4397 3040 4469 ἤσκητο)
3095 4399 3196 4452 οὐκ
3228 4395 3338 4463 εἶξε
3374 4397 3450 4468 τῷ
3490 4398 3584 4450 τοῦ
3619 4399 3811 4467 χρόνου
3857 4376 4029 4468 μ’ήκει

2455 4489 2547 4540 καὶ
2572 4488 2818 4559 διερρύη,
2838 4489 2952 4542 ἀλλ’
2973 4490 3031 4542 ἐν
3058 4489 3146 4558 ῐσῃ
3176 4488 3262 4540 διά
3286 4488 3484 4548 παντὸς
3513 4482 3581 4557 ἦν
3606 4490 3755 4557 ἀκμῇ
3788 4489 3883 4541 καὶ
3907 4487 4029 4539 νεό-

2448 4598 2593 4651 τητι,
2624 4582 2686 4635 τὸ
2717 4582 2877 4651 σῶμα
2913 4581 2991 4649 τῷ
3023 4580 3161 4649 ἁγίῳ
3194 4578 3695 4649 περικαλύπτοντα.
3739 4578 3943 4648 Καιρδς
3970 4578 4031 4630 δὲ

2450 4672 2638 4726 λοιπὸν
2674 4673 2767 4725 ἐπὶ
2793 4672 2854 4725 τὸ
2888 4671 3029 4742 μέγα
3058 4672 3152 4725 καὶ
3176 4670 3492 4741 θαυμαστὸν
3515 4673 3692 4724 ἐκεῖνο
3724 4670 4032 4741 μεταϐῆναι

2448 4762 2714 4836 διήγημα,
2770 4763 2863 4816 καὶ
2905 4762 2933 4815 δ
2955 4762 3050 4815 τοῦ
3082 4761 3225 4815 κατά
3255 4761 3389 4813 Θεὸν
3414 4761 3601 4831 ζήλου,
3640 4763 3735 4814 καὶ
3766 4761 3872 4815 τῶν
3896 4762 4033 4815 ἀπο·

2451 4857 2715 4909 στολικῶν
2777 4853 2943 4907 αὐτοῦ
2979 4854 3328 4922 σπλάγχνων,
3390 4854 3607 4922 καὶτῆς
3644 4853 4030 4923 φιλοστοργίας

2453 4949 2547 5001 ἐπὶ
2604 4948 2667 5000 τὸ
2710 4946 3152 5016 ἐπισημότατον·
3210 4945 3369 4996 τοῦτο
3397 4945 3455 4997 δέ
3516 4945 3608 4996 καὶ
3644 4945 3803 5013 μόνον
3837 4942 4031 5012 λεχθὲν

2451 5037 2756 5109 κατηφείας
2788 5037 2884 5108 μέν
2920 5036 3036 5105 ἅμα
3071 5036 3163 5089 καὶ
3195 5034 3403 5097 πάθους
3449 5036 3717 5107 πρότερον
3773 5035 3871 5099 τάς
3903 5035 4027 5103 φιλ-

2453 5131 2776 5203 ανθρώπους
2812 5128 3095 5198 πληρώσει
3131 5127 3333 5197 ψυχὰς,
3370 5128 3563 5196 ἡδονῆς
3591 5127 3648 5181 δέ
3699 5129 3859 5181 πάλιν
3914 5126 4029 5181 ἀπὸ

2451 5223 2547 5276 τοῦ
2582 5222 2767 5283 τέλους
2798 5222 2890 5274 καὶ
2943 5218 3179 5288 εὐθυμία
3218 5258 3233 5279 ,
3268 5221 3361 5271 καὶ
3416 5218 3595 5270 πείσει
3643 5220 3716 5288 μὴ
3749 5217 4026 5284 ἀπογινώ-

2458 5330 2610 5365 σκειν
2635 5311 2841 5363 ἑαυτῶν
2874 5311 2978 5363 κᾶν
3009 5312 3089 5373 εἰς
3114 5309 3344 5377 ἔσχατον
3368 5310 3566 5369 κακίας
3601 5306 4025 5378 κατενεχθῶσιν.

2461 5404 2615 5472 Ἔχει
2638 5402 2695 5454 δὲ
2723 5400 2893 5463 οὕτως
2920 5418 2933 5431 ·

2533 5495 2639 5548 IH’.
2684 5492 3064 5562 Ἐτελεύτησεν
3093 5492 3317 5559 ἀδελφὸς
3350 5492 3489 5542 κατά
3524 5489 3701 5559 σάρκα
3723 5490 3798 5559 τῷ
3826 5488 4029 5558 Ἀϐρα-

2466 5587 2570 5658 μίῳ
2592 5603 2604 5618 ·
2633 5586 2951 5655 ἐτελεύτησε
2991 5585 3045 5637 δέ
3070 5586 3161 5636 ἐπι
3193 5583 3424 5653 θυγατρὶ
3456 5586 3547 5635 καὶ
3580 5584 3612 5653 ἡ
3644 5586 3765 5643 παῖς
3800 5580 4035 5651 κομιδὴν
