4208 6300
155 378 217 438 (.5
1443 369 1621 427 VlTA
1665 368 1725 427 S.
1770 366 2128 426 ABRAMII.
3348 369 3419 434 66

153 490 286 558 ἀρτία
327 489 425 540 καὶ.
448 487 665 558 ὀρφανὴ
697 487 1016 538 παντάπασι
1049 484 1444 538 καταλέλειπτο
1467 499 1478 510 ·
1511 483 1610 552 ἤδη
1637 481 1741 552 γάρ

1849 496 1978 534 vero
2036 489 2153 535 erat
2211 479 2369 549 plane
2439 479 2636 547 infans,
2697 492 2748 535 et
2795 481 3059 536 ambobus
3107 488 3421 552 parentibus

151 577 215 650 ἦν
242 580 391 646 καὶή
434 582 622 647 μήτηρ
665 576 1097 648 προτεθνηκυϊα.
1130 574 1403 636 Ααόὀντες
1451 573 1741 642 τοιγαροῦν

151 674 194 722 oi
224 673 600 740 προσήκοντες
624 670 816 739 αὐτὴν,
850 667 1083 737 ἕϐδομον
1116 667 1240 736 ἄρτι
1283 668 1574 734 γεγονυῖαν
1598 666 1738 728 ἔτος,

152 763 341 828 ἄγουσι
376 763 531 831 παρά
553 763 647 813 τὸν
681 761 814 829 πρὸς
840 760 1046 828 πατρὸς
1080 757 1242 820 Θεῖον,
1280 760 1373 811 τῦν
1401 757 1544 809 θεῖον
1571 758 1742 817 ὕντως

163 853 478 920 Ἀϐράμιον.
531 853 590 904 ’0
621 851 678 903 δὲ
706 851 800 901 καὶ
848 851 948 918 τὴν
978 848 1074 902 τοῦ
1131 847 1364 916 ἀδελφοῦ
1403 848 1610 916 ζημίαν
1639 863 1743 900 πα·

156 946 602 1018 ραμυθοὺμενος,
661 943 756 996 καὶ
785 943 884 1011 τὴν
930 941 1100 994 παῖδα
1150 939 1254 1008 τῆς
1296 941 1495 1008 πολλῆς
1525 938 1743 1006 ἐκείνης

153 1039 404 1104 νεότητος
432 1038 527 1088 καὶ
559 1034 827 1103 ὀρφανίας
869 1033 1230 1100 κατελεήσας,
1261 1030 1583 1100 ὑποδέχεται
1616 1046 1744 1100 χερο

155 1131 232 1182 σίν
276 1127 505 1188 ὑπτίαις
565 1127 764 1194 αὐτὴν,
802 1125 1071 1192 ἀπονέμει
1102 1141 1158 1175 τε
1192 1124 1332 1191 αὐτῇ
1365 1124 1457 1175 τὸν
1508 1122 1612 1185 ἔξω
1646 1121 1742 1173 τοῦ

155 1221 364 1274 κελλίου
393 1221 667 1284 οἰκίσκον,
709 1222 801 1270 καὶ
826 1215 892 1287 ἦν
933 1217 994 1268 τὸ
1029 1217 1218 1268 λοιπὸν
1271 1215 1357 1267 ἐπ’
1418 1215 1588 1284 αὐτὴν
1636 1215 1742 1266 ὑπὸ

158 1311 324 1379 θυρίδι
357 1309 727 1379 προκύπτων,
758 1306 978 1378 Γραφάς
1004 1323 1063 1357 τε
1098 1306 1269 1375 αὐτὴν
1317 1306 1416 1367 τὰς
1473 1307 1620 1374 ίερὰς
1646 1307 1741 1356 ὲκ-

157 1401 453 1462 παιδεύων,
511 1400 628 1452 ὁδόν
660 1416 720 1452 τε
771 1400 910 1467 αὐτῇ
945 1399 1042 1466 τὴν
1084 1397 1318 1467 ἀρίστην
1350 1397 1741 1460 ὑποδεικνύων,

156 1493 551 1565 ὲπιῤῥωννὺων
581 1508 640 1544 τε
668 1493 943 1558 πρδςτοὺς
970 1492 1374 1558 πνευματικοὺς
1409 1490 1626 1556 ἀγῶνας
1650 1491 1745 1542 καὶ

157 1587 478 1652 ὑπαλείφων
503 1599 515 1612 ·
561 1586 658 1635 καὶ
684 1584 819 1645 ὅλως
841 1583 1096 1651 καθάπερ
1128 1600 1211 1644 τις
1232 1583 1385 1645 ἀετὸς
1415 1578 1505 1652 ἦν,
1533 1582 1744 1651 ἀνέχων

155 1677 229 1746 τῷ
255 1676 446 1745 πτερῷ
472 1676 562 1728 τὸν
600 1677 862 1739 νεὸττιον,
902 1675 1381 1741 συνεπικουφίζων
1406 1691 1488 1736 τε,
1517 1677 1609 1727 καὶ
1631 1675 1746 1726 δια-

155 1769 470 1831 ϐαστάζων,
490 1770 583 1819 καὶ
613 1769 828 1834 τέμνων
847 1768 943 1819 σὺν
970 1768 1106 1837 αὐτῇ
1140 1767 1229 1819 τὸν
1259 1767 1416 1835 ἀέρα,
1446 1767 1538 1818 καὶ
1566 1764 1742 1827 οὕτως

159 1861 289 1928 πρὸς
325 1860 388 1911 τὸ
421 1861 518 1928 τῆς
549 1860 751 1929 ἀρετῆς
777 1859 912 1925 ὕψος
948 1859 1217 1912 διδάσκων
1249 1858 1421 1926 αὐτὴν
1454 1857 1735 1910 ἵπτασθαι.

165 1955 226 2005 Ἡ
262 1954 321 2004 δὲ
387 1955 480 2005 καὶ
524 1953 728 2020 σ’ςιόδρα
768 1952 848 2004 ἐτι
905 1953 998 2003 νέα
1031 1955 1123 2004 καὶ
1152 1952 1323 2014 οὕτως
1374 1951 1550 2020 ἄωρος
1581 1950 1736 2015 οὖσα,

154 2045 300 2110 ὅμως
332 2043 584 2094 ἐπεδίδου
613 2044 748 2112 πρὸς
778 2043 954 2094 ταῦτα
986 2045 1080 2094 καὶ
1145 2043 1371 2112 μείζονα
1425 2042 1606 2110 πολλῷ
1639 2042 1739 2108 τῆς

155 2135 504 2203 ήλικίας¹τὴν
533 2135 1133 2202 ἀρετὴνὲπεδείκνυτο,
1195 2135 1281 2198 ἐφ’
1344 2127 1425 2195 οἷς
1472 2131 1738 2202 ἠγάλλετο

159 2226 254 2293 μὲν
283 2226 354 2276 τά
384 2223 667 2292 σπλάγχνα
699 2226 793 2276 καὶ
815 2224 914 2294 τὴν
941 2225 1170 2294 καρδίαν
1216 2223 1535 2292 Ἀὂράμιος,
1565 2222 1738 2277 καθά-

157 2336 259 2387 περ
294 2319 595 2385 ὲπιγνησίᾳ
630 2319 862 2388 Θυγατρὶ
895 2318 1097 2387 πατὴρ,
1128 2318 1222 2369 καὶ
1246 2317 1612 2385 ἀπροσκόπως
1642 2317 1737 2369 αὑ-

153 2413 251 2480 τὴν
275 2410 476 2462 ἀνῦσαι
509 2410 602 2461 τὸν
623 2410 824 2480 δρόμον
854 2411 955 2477 τῆς
980 2411 1269 2477 ἀσκήσεως
1308 2407 1526 2476 ηῡχετο.
1550 2409 1740 2478 Ἐχαι-

158 2516 245 2567 ρον
278 2499 335 2551 δὲ
369 2500 467 2550 καὶ
522 2499 744 2560 πάντες,
781 2501 861 2550 ὃτι
897 2501 952 2550 ὲν
987 2498 1175 2566 ἡλικία
1210 2497 1436 2567 τοιαύτῃ
1470 2499 1740 2566 τοσαύτην

156 2588 268 2657 εἶχε
306 2590 439 2658 περὶ
473 2591 542 2641 τά
571 2589 921 2657 πνευματικά
963 2589 1320 2658 εὐδοκίμησιν
1353 2570 1445 2643 καὶ
1469 2588 1642 2652 οὕτως
1672 2585 1740 2659 ἦν

157 2680 282 2743 περὶ
309 2680 451 2731 αὑτά
481 2679 748 2730 σπουδαία
774 2696 832 2731 τε
860 2681 960 2733 καὶ
989 2679 1297 2749 φιλόπονος.

223 2769 326 2823 19‘.
375 2771 464 2821 Ἐν
496 2771 672 2839 τούτῳ
717 2771 920 2840 ἑαυτὴν
961 2769 1129 2825 οὖσαν
1162 2774 1261 2827 καὶ⁸
1289 2773 1431 2825 οὕτω
1463 2774 1743 2843 θαυμαζο-

161 2860 348 2928 μένην,
385 2862 574 2930 ἐπειδὴ
611 2861 702 2914 καὶ
735 2863 1035 2933 προϊοῦσαν
1081 2860 1197 2932 εἶχε
1245 2864 1341 2935 τὴν
1374 2866 1592 2934 ἠλικίαν
1645 2867 1742 2918 καὶ

158 2952 404 3003 εἰκοστὸν
432 2953 532 3022 ήδη
563 2953 785 3019 γέγονεν
816 2955 952 3016 ἔτος.
989 2957 1128 3025 ἁνήρ
1164 2974 1268 3020 τις,
1303 2958 1533 3028 μοναχὸς
1559 2960 1656 3025 μὲν
1682 2958 1742 3010 τὸ

164 3042 369 3109 σχῆμα,
401 3043 502 3107 τὴν
528 3043 582 3093 δὲ
610 3042 836 3110 γνώμην
862 3045 1062 3113 φθόρος
1112 3048 1205 3098 καὶ
1231 3049 1449 3116 μιαρὸς,
1484 3051 1624 3102 κατά
1653 3068 1742 3115 φι-

161 3131 275 3194 λίας
298 3134 468 3201 νόμον
501 3139 583 3201 τῷ
610 3137 866 3202 μακαρίῳ
895 3136 1116 3202 φοιτῶν,
1146 3140 1240 3190 καὶ
1275 3139 1576 3206 ὀφθαλμοῖς
1616 3140 1740 3196 ἰδὼν

162 3223 326 3293 αὐτὴν
357 3225 703 3287 ἀκολάστοις,
732 3225 955 3290 ἄτοπον,
983 3227 1082 3279 οὐκ
1115 3224 1234 3281 οἶδα
1267 3232 1407 3294 πῶς,
1435 3232 1614 3300 ἔρωτα
1652 3235 1741 3287 καὶ

163 3317 292 3384 οὖτῇ
321 3319 545 3384 ἐμποιεῖ
573 3317 671 3386 τῆς
692 3319 829 3386 πρὸς
854 3319 1017 3372 αὑτὸν
1038 3320 1280 3388 ὁμιλίας,
1303 3323 1466 3392 τέχνη
1497 3323 1552 3375 δὲ
1588 3325 1743 3377 τοῦτο

163 3408 378 3469 πάντως
413 3411 508 3460 καὶ
549 3413 824 3479 σκαιωρίᾳ
854 3411 949 3462 τοῦ
983 3414 1245 3483 πονηροῦ,
1302 3416 1386 3467 ἵνα
1419 3419 1511 3468 καὶ
1544 3417 1742 3487 ἀρετὴν

162 3495 430 3561 τοσαύτην
461 3497 718 3562 παίγνιον
743 3501 947 3566 πικρᾶς
986 3501 1298 3569 φιληδονίας
1331 3507 1628 3574 ποιήσηται
1651 3513 1742 3559 καὶ

161 3584 330 3654 ψυχῆς
366 3584 531 3637 πάλιν
570 3587 743 3654 ἱερᾶς,
777 3591 870 3656 τῆς
899 3589 1206 3656 Ἀὅροιμίου
1227 3595 1390 3659 φημὶ,
1416 3593 1481 3644 δι’
1505 3595 1742 3662 ἀθυμίας

162 3677 298 3728 οὕτω
330 3677 601 3746 μεγίστης
643 3680 739 3729 καὶ
777 3681 1064 3749 συμφορᾶς
1119 3684 1511 3752 περιγένηταν
1573 3688 1742 3753 ἀναγ-

163 3773 440 3840 καζομένη
472 3770 566 3822 οὖν
600 3773 702 3824 ὑπὸ
760 3773 854 3824 τοῦ
910 3774 1214 3827 ἀκολάστου
1245 3776 1438 3828 τούτου
1476 3777 1676 3847 ἔρωτος

165 3865 452 3930 παρθένος,
489 3865 673 3930 ἐξάγει
695 3868 781 3918 διὰ
806 3868 902 3935 τῆς
939 3866 1155 3936 θυρίδος
1189 3870 1388 3936 ἑαυτὴν
1415 3874 1508 3921 καὶ
1541 3889 1739 3949 συγγς-

163 3952 359 4019 νομένη
395 3952 474 4021 τῷ
509 3953 701 4021 μιαρῷ
741 3954 959 4023 ἐκείνῳ,
997 3954 1090 4007 καὶ
1137 3955 1231 4025 τὴν
1281 3956 1521 4024 χαλεπὴν
1553 3959 1740 4009 ἐπιθυ-

165 4043 291 4111 μίαν
349 4042 712 4111 πληρώσασα,
769 4044 985 4115 ἐπλήγη
1037 4047 1136 4116 τὴν
1180 4047 1357 4118 ψυχὴν
1405 4048 1604 4111 εὐθέως
1645 4051 1740 4102 καὶ

165 4136 408 4205 σφώρῶς
430 4137 522 4187 ἐπὶ
541 4137 649 4196 τοῖς
678 4134 998 4204 τολμηθείσι
1023 4141 1394 4205 κατανυγεῖσα
1413 4157 1476 4191 πε
1488 4140 1735 4207 ριπαθως

165 4227 296 4290 άγαν
356 4226 528 4296 αὐτὴν
563 4226 876 4299 ὠλορύρετο
903 4242 916 4256 ⁶
953 4227 1090 4279 Οὐαί
1125 4245 1237 4297 μοι,
1287 4227 1452 4296 ὲγὼῄ
1500 4230 1734 4294 δειλαία,

167 4320 365 4387 βοῶσα,
407 4324 530 4372 οὐαί
564 4339 676 4390 μοι,
726 4326 756 4390 ἡ
814 4325 892 4385 εἱς
923 4323 1013 4374 τὸν
1041 4321 1134 4376 τοῦ
1194 4323 1330 4376 Θεοῦ
1365 4324 1488 4379 νιδν
1523 4323 1738 4393 ἐνυϐρί-

167 4429 325 4477 casa,
354 4415 392 4480 ἡ
425 4412 704 4479 μολύνασα
737 4414 833 4481 τὴν
885 4415 1071 4466 εἰκόνα
1120 4415 1218 4484 τὴν
1272 4415 1579 4486 βασιλικὴν,
1616 4419 1737 4487 me

167 4501 259 4570 τῆς
285 4501 469 4570 χειρὸς
503 4499 671 4552 αὑτοῦ
704 4500 931 4568 πλάσμα
966 4503 1237 4569 μιάνασα·
1284 4503 1384 4569 φεῦ
1419 4523 1506 4572 μοι
1539 4508 1604 4576 τῇ
1645 4523 1737 4560 ται-

167 4591 453 4661 λαιπώρῳί
513 4591 613 4657 φεῦ
638 4593 703 4659 τῇ
745 4592 933 4643 πασῶν
989 4591 1300 4661 ἀθλιωτάτη
1329 4594 1630 4657 γυναικῶν,
1654 4597 1735 4646 ὅτι

169 4684 342 4736 πάντα
368 4683 460 4733 τὸν
498 4682 810 4751 ἔμπροσθεν
858 4685 955 4751 τῆς
996 4686 1282 4752 ἀσκήσεως
1313 4683 1505 4753 χρόνον
1536 4685 1736 4753 βραχυ-

173 4775 330 4843 τάτης
354 4771 550 4841 ἡδονῆς
587 4772 903 4842 ἀπεδόμηνι
947 4773 1074 4839 Φεῦ,
1108 4776 1189 4826 ὃτι
1247 4780 1314 4827 τὰ
1363 4781 1494 4846 πρὶν
1527 4777 1738 4830 οικοδο-

179 4866 406 4932 μηῦέντα
439 4882 532 4933 μοι
581 4864 760 4916 πάντα
788 4865 870 4926 είς
902 4866 1034 4919 κενά
1072 4865 1164 4918 καὶ
1191 4866 1368 4934 μάτην
1400 4869 1736 4938 πεπόνηταιῐ

179 4956 339 5018 ποίοις
373 4955 673 5024 ὀςΘαλμοῖς
717 4955 794 5016 είς
827 4954 918 5005 τὸν
952 4957 1180 5027 οὐρανὸν
1211 4956 1461 5018 ἀτενίσω,
1497 4959 1743 5026 τυφλώτ-

179 5062 354 5109 τοντας
394 5049 596 5109 αὐτοὺς
617 5047 940 5108 ἀκολάστοις
982 5047 1292 5117 βλέμμασιν
1335 5048 1571 5118 excudat;
1611 5051 1740 5122 ποία

181 5140 264 5190 τοῦ
298 5139 428 5191 Θεοῦ
453 5139 794 5209 δεηθήσομαι
829 5138 1078 5208 γλώττης
1117 5139 1272 5207 χείλη
1300 5140 1354 5191 δὲ
1388 5143 1512 5192 ποῖα
1535 5142 1742 5210 κινήσω

185 5232 306 5298 πρδς
343 5232 582 5294 ἱκεσίαν,
616 5232 673 5283 ὲν
709 5230 922 5299 ἡδοναῖς
951 5231 1089 5282 αὑτά
1119 5233 1508 5302 μεμολυσμένα
1532 5234 1624 5285 καὶ
1647 5237 1745 5304 ρή-

185 5334 303 5384 μασι
331 5322 420 5370 καὶ
455 5318 724 5386 φιλήμασι
753 5319 1036 5388 φέρουσα;
1072 5322 1210 5387 μετὰ
1247 5322 1407 5384 ποίας
1437 5321 1493 5374 δὲ
1525 5325 1742 5394 παρρη-

182 5413 288 5472 σίας
319 5413 381 5480 τῇ
419 5411 598 5476 Θυρίδι
626 5410 931 5480 προσέλθω,
959 5410 1136 5481 θυρίδι
1172 5411 1466 5484 ὲκείνῃ,δι’
1486 5407 1553 5483 ἧς
1583 5415 1746 5484 ὲπέρ-

182 5504 253 5569 {tu
286 5521 379 5572 μου
416 5503 486 5555 τά
529 5503 742 5571 γλυκέα
799 5502 877 5573 τῷ
919 5503 1155 5573 λάρυγγι
1200 5503 1392 5571 λόγια;
1447 5507 1560 5569 πῶς
1585 5507 1641 5559 δὲ
1668 5509 1744 5578 τῷ

181 5591 292 5662 θείῳ
328 5595 742 5665 προσομιλήσω,
763 5597 794 5665 ἠ
816 5597 912 5656 τάς
945 5595 1159 5647 ἐκείνου
1185 5594 1406 5659 ἐντολάς
1426 5596 1742 5668 παραϐᾶσα,

181 5687 209 5747 ἡ
234 5687 322 5748 τὰς
354 5687 490 5762 πρὸς
513 5687 680 5738 αὑτὸν
709 5687 1036 5756 ψευσαμένη
1063 5688 1423 5757 ἐπαγγελίας,
1452 5692 1484 5758 ή
1521 5692 1743 5763 ἐναγὴς,

180 5778 261 5829 ui
290 5766 490 5850 φαύλη,
517 5779 617 5837 καὶ
647 5781 844 5850 μιαρὰ,
871 5781 965 5834 καὶ
1002 5778 1161 5851 σῶμα
1188 5779 1502 5850 ρυπωθεῖσα
1535 5783 1626 5838 καὶ
1650 5783 1746 5856 τὴν

1847 570 1976 624 orba
2015 588 2028 622 :
2067 571 2242 624 mater
2291 569 2434 624 enim
2487 571 2598 639 jam
2651 582 2774 625 ante
2825 581 2942 624 erat
2989 582 3222 626 mortua.
3270 573 3422 629 Illam

1845 675 1972 729 ergo
1997 661 2325 734 accipientes
2347 701 2362 726 ,
2387 664 2475 730 qni
2524 662 2589 715 ad
2621 663 2791 729 ipsam
2819 662 3144 728 attinebant,
3173 663 3286 734 jam
3328 681 3422 719 se-

1846 750 2072 819 ptimum
2104 766 2302 806 annum
2332 763 2577 821 agentem
2611 753 2812 806 ducunt
2846 754 2909 807 ad
2932 765 3204 822 patruum,
3225 770 3420 825 nempe

1845 844 1914 898 ad
1949 843 2196 898 divinum
2254 844 2594 898 Abramium.
2637 844 2738 910 Qui
2792 858 2848 900 et
2910 847 3098 901 fratris
3148 849 3420 917 jacturam

1845 935 2154 998 consolans,
2191 949 2247 990 et
2273 937 2528 992 misertus
2574 939 2761 1006 puella:
2813 947 3014 994 tenerae
3040 943 3215 994 aetatis
3251 951 3304 993 et
3329 955 3423 994 or-

1846 1027 2053 1090 bitatis,
2109 1030 2318 1097 supinis
2363 1043 2483 1081 eam
2552 1031 2750 1098 accipit
2787 1033 3040 1086 manibus
3073 1055 3083 1087 :
3111 1043 3168 1086 et
3190 1033 3237 1085 ei
3265 1032 3422 1084 attri-

1847 1118 1967 1170 buit
1998 1119 2397 1183 domunculam,
2430 1135 2549 1187 quae
2592 1130 2714 1174 erat
2744 1132 2894 1174 extra
2929 1122 3118 1175 cellam
3151 1139 3164 1174 :
3192 1135 3424 1189 eamque

1845 1209 1913 1264 de
1944 1216 2140 1263 caetero
2169 1212 2531 1278 prospiciebat
2555 1227 2616 1265 ex
2658 1211 2917 1277 fenestra,
2978 1220 3032 1265 et
3083 1226 3201 1265 eam
3237 1227 3424 1267 sacras

1847 1302 2075 1355 docebat
2103 1304 2332 1366 litteras,
2396 1305 2762 1372 Optimumque
2815 1307 2953 1358 viam
3019 1306 3069 1358 ei
3127 1305 3424 1370 indicabat,

1847 1409 1946 1450 nec
1969 1412 2074 1449 non
2110 1396 2462 1451 conﬁrmabat
2489 1405 2541 1450 et
2591 1398 2860 1450 excitabat
2891 1397 2956 1450 ad
2991 1396 3288 1450 certamina
3311 1396 3426 1464 spi-

1848 1488 2062 1540 ritualia
2092 1506 2105 1541 :
2137 1502 2202 1540 ac
2228 1489 2277 1540 in
2319 1502 2552 1549 summa,
2592 1486 2783 1555 puellae
2833 1497 2951 1539 erat
2983 1487 3145 1540 veluti
3178 1487 3422 1554 qutedant

1848 1580 2050 1648 aquila,
2110 1595 2229 1648 quin
2284 1579 2487 1646 pullum
2549 1581 2654 1632 alis
2711 1579 2966 1642 sustinet,
3003 1579 3332 1646 allevatque,
3369 1586 3425 1631 et

1846 1683 2048 1742 portat,
2105 1683 2158 1726 et
2196 1687 2320 1726 cum
2367 1688 2435 1726 eo
2467 1673 2664 1725 scindit
2698 1686 2902 1733 aerem,
2936 1673 3125 1740 sicque
3175 1685 3294 1725 eam
3323 1671 3425 1725 do-

1846 1765 2003 1819 cebat
2067 1764 2256 1817 volare
2303 1763 2367 1817 ad
2418 1764 2634 1817 virtutis
2667 1764 3023 1818 altitudinem.
3072 1763 3164 1816 Illa
3217 1776 3426 1828 autem,

1846 1856 1945 1909 etsi
1970 1865 2116 1908 esset
2143 1863 2303 1908 aetate
2337 1865 2522 1910 tenera
2551 1862 2607 1908 et
2643 1856 2958 1922 immatura,
2991 1856 3058 1912 ad
3096 1856 3210 1910 base
3241 1865 3422 1910 tamen

1849 1946 2242 2001 incrementum
2273 1948 2589 2016 accipiebat,
2621 1958 2679 2000 et
2709 1949 2990 2017 majorem,
3028 1964 3188 2012 quam
3221 1947 3425 2000 licebat

1848 2056 1947 2108 pro
1995 2048 2176 2103 atate,
2226 2042 2545 2095 ostendebat
2593 2039 2870 2092 virtutem.
2908 2039 3131 2108 Propter
3161 2054 3282 2109 qua
3316 2049 3428 2094 toto

1848 2135 2010 2188 corde
2032 2145 2085 2188 et
2122 2135 2418 2188 visceribus
2443 2129 2754 2187 exsultabat
2777 2133 3087 2194 Ahramius,
3113 2150 3220 2186 non
3244 2147 3422 2196 secus,

1848 2231 2014 2294 atque
2065 2238 2218 2294 pater
2273 2236 2490 2295 propter
2555 2239 2708 2278 suam
2762 2224 2922 2276 filiam
2962 2241 2974 2275 :
3008 2234 3062 2277 et
3093 2225 3338 2292 rogabat,
3367 2235 3426 2278 ut

1847 2322 1964 2372 sine
1997 2319 2293 2372 offensione
2323 2331 2502 2385 posset
2547 2334 2762 2370 cursum
2797 2319 3055 2384 perlicere
3073 2319 3425 2371 exercitatio-

1849 2411 1952 2464 nis.
1969 2407 2274 2464 laetabatur
2295 2418 2469 2462 autem
2492 2411 2710 2462 omnino
2727 2409 2843 2476 (Gr.
2859 2410 3181 2462 (relabantur
3202 2413 3426 2477 omnes),

1847 2501 1994 2566 quod
2023 2498 2074 2552 in
2090 2514 2149 2552 ea
2167 2509 2327 2552 aetate
2352 2508 2562 2552 tantum
2594 2499 2796 2551 valeret
2827 2501 2878 2551 in
2915 2502 3073 2552 rebus
3122 2499 3425 2567 spirituali-

1848 2585 1969 2651 bus,
2002 2598 2053 2641 et
2083 2587 2134 2640 in
2183 2587 2262 2641 eis
2317 2599 2462 2641 esset
2496 2590 2630 2641 adeo
2661 2588 2905 2642 studiosa
2939 2598 2990 2642 et
3024 2587 3281 2658 diligens.

1922 2758 2064 2814 XIX.
2096 2759 2230 2816 Cum
2280 2777 2342 2816 ea
2402 2772 2586 2818 autent
2621 2776 2765 2819 esset
2796 2765 3085 2836 ejusmodi,
3111 2775 3163 2820 et
3192 2767 3243 2819 in
3279 2777 3428 2822 tanta

1850 2852 2142 2909 haberetur
2197 2853 2576 2920 admiratione,
2611 2858 2698 2912 ubi
2730 2860 2990 2926 processit
3029 2869 3212 2924 :etate,
3238 2860 3424 2929 etjam

1849 2943 2096 3007 pervenit
2127 2942 2193 2992 ad
2226 2957 2423 2995 annum
2484 2947 2822 3014 vicesimum,
2855 2950 2934 3000 vir
2986 2950 3205 3018 quitiam
3239 2951 3428 3004 habitu

1849 3033 2062 3100 quidem
2097 3036 2411 3099 monachus,
2456 3049 2636 3091 mente
2670 3048 2847 3092 autem
2906 3041 3145 3106 perditus
3175 3051 3230 3094 et
3257 3041 3426 3095 scele-

1853 3133 2020 3184 ratus.
2047 3122 2162 3191 lege
2192 3123 2441 3178 amicitia:
2471 3126 2741 3182 accedens
2769 3129 2833 3179 ad
2872 3127 3112 3192 beatum,
3150 3144 3272 3183 cum
3303 3145 3425 3184 eam

1855 3217 2159 3282 aspexisset
2225 3217 2398 3270 oculis
2432 3219 2747 3287 impudicis,
2779 3230 2986 3288 turpem
3011 3236 3226 3291 quoque
3262 3223 3309 3276 ei
3347 3223 3429 3275 in-

1847 3305 1977 3374 jecit
2002 3321 2240 3360 amorem
2277 3324 2398 3362 cum
2428 3325 2492 3362 eo
2528 3314 2935 3379 congrediendi.
2970 3314 3099 3366 Erat
3121 3325 3300 3368 autem
3327 3317 3432 3369 boc

1853 3399 2073 3452 Omnino
2111 3413 2201 3452 ars
2230 3409 2284 3452 et
2334 3410 2486 3454 astus
2541 3402 2781 3470 maligni,
2818 3414 2872 3456 ut
2935 3412 3138 3458 tantam
3175 3407 3429 3459 virtutem

1853 3487 2088 3541 efficeret
2127 3488 2414 3542 ludibrium
2447 3490 2692 3544 obscena:
2745 3490 3008 3553 libidinis,
3057 3499 3111 3545 'et
3144 3508 3430 3546 sacrosan—

1851 3589 1994 3632 ctam
2023 3583 2264 3634 Ahramii
2297 3585 2529 3636 animum
2561 3598 2841 3652 superaret
2872 3601 2971 3654 per
3001 3587 3292 3640 maximam
3314 3587 3430 3640 ani-

1851 3671 1922 3722 mi
1952 3670 2323 3737 :Bgritudinem
2354 3683 2405 3724 et
2444 3675 2832 3728 calamitatem.
2872 3679 2953 3730 Ab
2986 3680 3259 3746 impudico
3298 3694 3428 3746 ergo

1850 3772 2036 3812 amore
2069 3774 2252 3815 coacta
2285 3763 2458 3831 virgo,
2486 3765 2721 3835 seipsam
2762 3766 2944 3820 educit
2987 3779 3143 3820 extra
3193 3767 3428 3820 domun-

1850 3852 2050 3918 culam,
2085 3865 2140 3908 et
2195 3871 2315 3908 eum
2385 3858 2651 3911 scelerato
2685 3859 2773 3912 illo
2804 3869 2858 3913 et
2902 3865 3240 3914 exsecrando
3297 3876 3428 3915 con-

1847 3960 2052 4011 gressa,
2085 3948 2194 3998 acri
2229 3947 2435 4014 eripient
2470 3947 2790 4014 cupiditate,
2826 3953 3072 4017 protinus
3125 3951 3430 4006 fuitanimo

1845 4037 2031 4088 saucia
2073 4052 2085 4088 :
2115 4045 2169 4093 et
2198 4049 2419 4106 propter
2445 4053 2505 4090 ea
2535 4053 2654 4107 quae
2705 4040 3020 4106 admiserat,
3076 4043 3429 4098 vehementer

1847 4136 2188 4196 compuncta,
2210 4129 2442 4196 seipsam
2463 4128 2710 4195 deﬂebat,
2735 4131 2887 4185 valde
2911 4132 3294 4188 miserabiliter
3311 4134 3426 4188 cla-

1847 4236 2001 4274 mans
2023 4239 2037 4274 :
2062 4221 2154 4274 llei
2181 4221 2309 4274 mihi
2336 4223 2566 4285 miserae,
2586 4223 2672 4276 hei
2699 4224 2852 4288 mihi,
2875 4241 2992 4292 qua:
3027 4225 3118 4278 Dei
3160 4230 3423 4295 templum

1846 4310 2065 4374 violavi,
2089 4326 2207 4378 quae
2226 4313 2384 4379 pollui
2405 4313 2546 4366 illam
2568 4316 2769 4383 regiam
2792 4315 3098 4384 imaginem,
3115 4333 3233 4384 quae
3250 4317 3428 4386 inqui-

1847 4403 1972 4455 navi
1995 4402 2308 4471 ﬁgmentum
2329 4404 2443 4473 ejus
2473 4421 2749 4462 manuum.
2772 4407 2867 4462 Hei
2901 4409 3032 4462 mihi
3085 4409 3317 4477 miserm,
3338 4410 3424 4466 hei

1847 4495 2085 4546 omnium
2117 4494 2495 4551 infelicissima:
2531 4496 2875 4561 feminarum,
2898 4501 3038 4566 quod
3089 4501 3280 4553 violavi
3325 4517 3423 4568 pa-

1844 4591 1986 4633 ctum
2013 4595 2131 4632 cum
2174 4581 2281 4632 Deo
2329 4596 2670 4647 conventum,
2699 4584 2841 4652 quod
2883 4600 3042 4640 omne
3093 4588 3420 4655 praeteritum

1846 4681 2055 4741 tempus
2114 4673 2520 4728 exercitationis
2596 4676 2916 4732 brevissima
2976 4679 3192 4734 vendidi
3273 4683 3418 4734 volu-

1844 4776 2010 4832 ptate.
2057 4765 2150 4821 llei
2196 4767 2323 4821 mihi
2373 4770 2514 4837 quod
2570 4769 2793 4832 omnia,
2855 4785 2976 4837 qua:
3026 4785 3057 4822 a
3116 4787 3201 4826 me
3263 4783 3421 4827 aurea

1846 4858 2059 4913 fuerant
2136 4861 2432 4926 mdificata,
2510 4862 2691 4916 inania
2766 4872 3056 4917 evaserunt
3115 4870 3170 4915 et
3240 4861 3417 4920 irrita.

1845 4951 2053 5017 Quibus
2081 4953 2250 5007 oculis
2288 4967 2386 5020 ego
2409 4953 2603 5008 coelum
2637 4952 2905 5020 intuebor,
2932 4969 3054 5007 cum
3073 4969 3165 5008 eos
3192 4954 3420 5010 habeam

1847 5043 2189 5098 caecutientes
2221 5043 2506 5112 impudicis
2536 5044 2886 5112 aspectibus?
2937 5044 3188 5112 Quanam
3233 5046 3421 5114 lingua

1848 5136 2012 5189 Deum
2037 5136 2317 5204 precabor,
2356 5137 2435 5191 vel
2461 5151 2707 5205 quaenam
2749 5136 2897 5191 labra
2929 5139 3155 5192 movebo
3188 5138 3254 5191 ad
3300 5153 3421 5207 sup-

1847 5226 2214 5296 plicationem,
2241 5244 2362 5283 cum
2395 5240 2457 5282 ea
2480 5228 2648 5282 {erant
2684 5230 2961 5300 inquinata
3013 5231 3315 5286 libidinosis
3363 5240 3421 5287 et

1847 5321 2028 5376 verbis
2057 5331 2110 5376 et
2137 5320 2374 5377 osculis?
2405 5321 2535 5377 Cum
2562 5336 2794 5391 quanam
2819 5329 2996 5375 autem
3035 5320 3231 5376 fiducia
3262 5337 3419 5379 acce-

1849 5414 1968 5466 dam
2001 5415 2066 5467 ad
2100 5413 2415 5478 fenestram,
2446 5415 2759 5478 fenestram,
2801 5413 3047 5483 inquam,
3099 5415 3269 5478 illam,
3321 5429 3416 5485 per

1849 5519 2009 5575 quam
2047 5521 2166 5560 meo
2199 5507 2401 5576 gutturi
2458 5505 2743 5561 afﬂuebant
2779 5507 2953 5561 dulcia
2987 5508 3245 5578 eloquia?
3273 5509 3422 5575 Quo-

1849 5601 2007 5654 tnodo
2045 5609 2227 5654 autem
2280 5610 2530 5669 patruum
2581 5600 2847 5668 alloquar,
2897 5615 3018 5670 quin
3083 5613 3422 5670 transgressa

1847 5710 1965 5748 sum
2028 5692 2168 5746 illius
2211 5694 2486 5757 mandata,
2517 5707 2636 5762 qua:
2666 5706 2770 5745 non
2801 5694 3015 5746 servavi
3038 5693 3085 5746 ei
3115 5691 3262 5750 facta
3296 5709 3422 5764 pro-

1851 5787 2038 5852 missa,
2072 5799 2191 5854 qua
2245 5799 2363 5840 sunt
2391 5785 2656 5857 improba,
2691 5785 2956 5840 scelerata
2987 5794 3040 5840 et
3064 5787 3418 5857 exsecranda,
