4208 6300
758 351 825 414 67
2033 346 2320 405 MENSIS

2454 345 2718 405 lRTlUS
3952 350 4017 411 68

754 478 1092 536 corporeque
1143 462 1346 533 polluta
1401 472 1455 517 et
1513 462 1739 516 animo?
1769 460 1867 515 llei
1918 462 2071 527 mihi,
2108 462 2235 531 quid
2271 464 2335 516 de

2454 462 2654 533 ξιυχήνς
2698 460 2879 530 Οτμοι,
2907 460 2987 522 τίς
3040 460 3318 531 vivarum;
3348 465 3439 516 ποῖ
3489 466 3823 533 τράπωμαις
3881 468 4017 519 ίνατξ

758 574 844 613 me
880 555 1009 610 lict?
1033 556 1152 621 Quo
1179 571 1264 609 me
1286 565 1492 608 vertant
1515 553 1537 605 ?
1559 554 1667 606 Cur
1692 568 1809 606 sum
1831 552 2006 606 adhuc
2020 554 2334 621 superstes?

760 652 967 705 utinam
1003 663 1147 702 mors
1176 648 1240 700 ad
1266 662 1349 701 me
1378 648 1612 702 venisset
1635 658 1758 703 ante
1782 646 2080 701 libidinem.
2117 644 2333 700 Utinam

756 746 912 815 prius
972 750 1121 811 rapta
1156 741 1380 797 fuissem
1436 756 1502 794 ex
1539 755 1785 810 corpore,
1829 751 1886 793 ut
1915 740 2104 794 mortis
2134 741 2334 795 donum

758 836 1013 890 haberem
1051 833 1347 904 puritatem
1390 834 1655 900 corporis.
1688 831 1842 886 Nunc
1885 843 2064 887 autem
2113 834 2335 902 quinam

758 928 937 983 fontes
1004 927 1367 998 lacrymarum
1435 926 1564 977 mihi
1626 934 1882 992 poterunt
1935 935 2113 979 tantas
2145 927 2335 979 sordes

757 1021 981 1075 abluere
1005 1021 1027 1074 ἳ
1047 1021 1178 1073 Eam
1212 1020 1290 1074 sic
1346 1019 1541 1072 acerbe
1571 1017 1877 1080 deﬂentem,
1909 1033 2005 1087 per
2039 1033 2163 1072 eum
2191 1020 2337 1072 dolo-

759 1126 873 1165 rem
920 1114 1191 1181 tnalignns
1237 1112 1431 1180 arripit
1477 1113 1541 1164 ad
1576 1113 2033 1179 desperationem,
2064 1113 2226 1165 veluti
2266 1112 2336 1166 ti-

758 1218 937 1264 mens.
968 1215 1026 1255 ut
1059 1198 1317 1266 arbitror,
1360 1217 1425 1255 ne
1462 1217 1557 1270 per
1586 1204 1961 1271 paenitentiam
1984 1202 2134 1256 ﬁeret
2158 1217 2340 1269 prom-

758 1298 921 1367 ptiori
979 1306 1029 1355 et
1062 1296 1317 1351 alacriori
1367 1296 1572 1359 animo,
1601 1304 1656 1349 et
1692 1296 1852 1365 longe
1881 1296 2054 1363 magis
2083 1305 2139 1348 et
2172 1296 2337 1349 vehe-

760 1392 1001 1445 mentius
1058 1391 1351 1453 reluccret,
1415 1404 1578 1456 quam
1626 1389 1800 1455 prius.
1856 1386 2159 1456 Desperans
2211 1402 2339 1456 ergo

759 1498 914 1539 suam
944 1483 1196 1545 salutem,
1227 1482 1433 1549 aufugit
1466 1482 1517 1534 in
1538 1482 1815 1535 civitatem
1851 1481 2140 1549 quamdam
2170 1482 2338 1534 Asum

761 1574 1000 1638 nomine,
1028 1589 1146 1641 quae
1173 1575 1362 1627 aberat
1403 1574 1635 1628 duorum
1670 1574 1881 1627 dierum
1912 1572 2137 1626 itinere:
2172 1582 2224 1625 et
2260 1572 2341 1625 di-

761 1681 989 1721 versans
1030 1668 1081 1718 in
1107 1666 1342 1731 quodam
1379 1665 1703 1727 diversorio,
1734 1680 1853 1716 cum
1888 1673 2157 1718 mutasset
2181 1664 2341 1717 habi-

763 1767 899 1822 tum,
933 1766 987 1811 et
1038 1768 1242 1811 vestem
1278 1756 1599 1823 sumpsisset
1655 1755 1995 1819 saecularem,
2022 1766 2138 1809 erat
2168 1756 2341 1811 cuivis

764 1852 965 1907 volenti
998 1853 1245 1919 prompta
1272 1850 1518 1903 ministra
1552 1850 1764 1903 acerbae
1788 1848 2105 1916 voluptatis.

835 1940 953 1999 XX.
983 1943 1117 1997 Cum
1150 1941 1239 1995 illa
1268 1956 1397 2007 ergo
1428 1940 1509 1993 sic
1538 1955 1597 1992 se
1620 1941 1862 2001 haberet,
1912 1940 2013 1991 etsi
2054 1946 2197 1992 esset
2220 1951 2343 2005 proc

765 2036 939 2105 posita
992 2036 1058 2088 ad
1090 2033 1324 2087 lascivos
1354 2031 1657 2085 illiciendos
1696 2029 1905 2094 oculos,
1940 2029 2197 2084 Abramio
2220 2030 2344 2098 qni-

765 2126 979 2181 escent't
1004 2126 1058 2178 in
1088 2123 1351 2178 interiore
1372 2122 1505 2178 cella
1540 2123 1759 2178 exsistit
1780 2122 1883 2175 tale
1911 2122 2185 2177 somnium
2215 2138 2228 2175 :
2254 2119 2344 2176 Vi-

769 2217 1001 2273 debatur
1020 2218 1068 2271 ei
1094 2218 1259 2270 draco
1312 2216 1547 2284 ingentis
1596 2216 2007 2285 magnitudinis,
2039 2227 2093 2269 et
2123 2224 2343 2283 aspectu

766 2308 1064 2372 horribilis,
1100 2322 1129 2359 a
1162 2324 1255 2361 sua
1283 2322 1512 2360 caverna
1550 2307 1903 2377 prorepsisse,
1933 2316 1985 2361 et
2024 2308 2249 2361 veniens
2281 2307 2345 2359 ad

769 2402 891 2471 eius
916 2401 1325 2466 domunculam,
1352 2415 1473 2467 qua:
1503 2400 1649 2453 intus
1677 2406 1817 2459 erat,
1839 2398 2148 2452 columbam
2184 2398 2347 2451 devo-

770 2510 923 2549 rasse
956 2511 970 2546 :
1008 2494 1204 2546 deinde
1251 2507 1441 2545 rursus
1468 2503 1622 2544 suam
1677 2490 1962 2560 repetiisse
2011 2488 2343 2558 speluncam.

772 2586 866 2641 Ille
914 2600 1045 2654 ergo
1103 2582 1379 2639 excitatus
1411 2598 1521 2652 prae
1555 2584 1771 2647 timore,
1810 2581 1953 2636 tristi
1987 2580 2171 2635 animo
2211 2588 2346 2644 erat,

769 2690 829 2734 et
854 2678 1179 2735 conturbata
1214 2696 1227 2731 :
1260 2689 1315 2731 et
1358 2679 1640 2745 suspicans
1671 2676 1817 2729 illam
1854 2675 2116 2748 visionem
2146 2671 2352 2739 signiti-

772 2783 901 2827 care
958 2772 1395 2840 persecutionem
1454 2769 1690 2837 aliquam
1722 2768 1984 2819 adversus
2028 2765 2347 2827 Ecclesiam,

773 2865 841 2918 de
868 2876 1069 2918 czetero
1113 2874 1234 2916 erat
1292 2863 1668 2916 vehementius
1711 2860 1954 2913 intentus
1984 2854 2239 2925 orationi,
2266 2874 2351 2913 ro-

773 2971 909 3026 gans
959 2966 1017 3010 ut
1048 2956 1098 3011 ei
1137 2963 1323 3024 aperte
1349 2955 1683 3008 revelaretur
1702 2954 1861 3008 visio.
1882 2950 1998 3006 Non
2029 2953 2118 3005 diu
2168 2962 2348 3005 autem

775 3044 1264 3103 tardaviteventus
1301 3068 1315 3104 :
1350 3050 1441 3103 sed
1489 3050 1651 3104 tertio
1695 3048 1782 3102 die
1843 3054 2031 3117 postea
2072 3045 2355 3097 videbatur

2438 558 2517 611 ἑτι
2542 556 2819 626 περίειμι;
2848 556 3039 623 ὄφελον
3065 554 3269 623 ἐπῆλθέ
3305 573 3393 623 μοι
3443 557 3544 625 πρὸ
3580 559 3676 626 τῆς
3721 559 4019 625 ἐπιθυμίας

2438 652 2464 703 ὁ
2505 651 2765 712 θάνατοςι
2800 650 2991 716 ὄφελον
3043 648 3515 719 προανηρπάσθην
3574 649 3663 701 τοῦ
3697 651 4014 718 πτώματος,

2441 743 2529 796 ἶνα
2560 742 2659 795 κᾶν
2688 742 2916 795 θανάτου
2972 741 3143 809 δῶρον
3194 736 3361 810 εἶχον,
3402 742 3503 807 τὴν
3532 742 3754 808 ἁγνείαν
3790 742 3883 795 τοῦ
3914 745 4017 793 σώ-

2444 836 2645 906 ματοςί
2680 834 2795 887 Νῦν
2825 834 2879 885 δὲ
2913 836 3060 885 ποῖαί
3115 852 3203 903 μοι
3254 834 3431 901 πηγαὶ
3480 833 3731 903 δακρύων
3767 835 4019 887 τοσοῦτον

2439 927 2747 982 ἀποπλῦναι
2803 927 2976 995 ῥύπον
3018 927 3379 993 δυνήσονταις
3436 924 3625 977 Ταῦτα
3671 927 3764 977 καὶ
3794 926 4017 977 τοιαῦτα

2441 1023 2653 1093 πικρῶς
2688 1022 3101 1091 ἀποδυρομένην
3136 1020 3482 1089 προαρπάζει
3526 1020 3613 1071 διὰ
3646 1020 3738 1071 τοὺ
3775 1020 4018 1071 τοιούτου

2441 1117 2649 1178 πάθους
2708 1116 2879 1183 αὑτὴν
2930 1115 2958 1165 δ
2988 1116 3220 1182 πονηρὸς
3256 1114 3335 1173 είς
3373 1114 3711 1179 ἀπόγνωσιν,
3768 1114 4021 1181 καθάπερ

2441 1208 2595 1278 οἶμαι
2615 1210 2872 1269 δεδοικὼς
2903 1208 2976 1278 μὴ
3010 1209 3341 1277 σφοδροτέρᾳ
3368 1207 3638 1275 χρήσηται
3680 1205 3767 1257 διὰ
3798 1207 3895 1273 τῆς
3929 1222 4022 1273 με-

2440 1303 2659 1364 τανοίας
2692 1306 2757 1369 τῇ
2796 1300 3076 1371 προθυμίᾳ
3116 1304 3209 1352 καὶ
3263 1303 3444 1367 μεῖζον
3479 1300 3667 1367 λάμψη
3696 1298 3788 1350 τοῦ
3823 1298 4021 1367 προτέ-

2445 1412 2541 1465 pou
2577 1396 2727 1463 παρᾶ
2758 1394 2891 1446 πολὺ
2932 1395 3027 1446 καὶ
3066 1393 3451 1463 σφοδρότερον
3485 1391 3798 1456 ἀπογνοῦσα
3845 1389 4025 1442 τοίνυν

2440 1488 2545 1558 τὴν
2575 1486 2779 1554 ἑαυτῆς
2815 1484 3112 1553 σωτηρίαν,
3140 1486 3219 1544 είς
3275 1482 3430 1534 Ἀσόν
3484 1498 3604 1532 τινα
3649 1480 3804 1531 πόλιν
3836 1479 4022 1531 ἀποδιε

2441 1581 2690 1651 δράσκει,
2739 1580 2886 1631 δυεῖν
2922 1579 3040 1629 ὁδὸν
3099 1576 3324 1646 ἡμερῶν
3377 1575 3697 1642 ἀπέχουσαν
3723 1589 3736 1602 '
3766 1573 3860 1624 καὶ
3889 1570 4025 1639 πρός

2442 1692 2551 1726 τινι
2588 1672 2944 1727 καταλύσασα
2969 1670 3271 1739 πανδοχείῳ
3299 1670 3357 1718 τὸ
3382 1667 3569 1735 σχῆμα
3600 1684 3657 1717 τε
3688 1664 4029 1733 διαμείψασα

2444 1768 2540 1819 καὶ
2572 1767 2845 1834 κοσμικὴν
2904 1764 3109 1831 ἐσθῆτα
3166 1759 3572 1829 μεταϐαλοῦσα,
3632 1758 3925 1828 πρόχειρος
3963 1751 4031 1825 ἦν

2374 1827 2416 1881 Β
2446 1858 2512 1881 ___.

2445 1858 2523 1927 τῷ
2559 1858 2867 1925 βουλομένῳ
2895 1857 3081 1915 παντὶ,
3118 1854 3322 1921 πικρᾶς
3356 1850 3549 1919 ἡδονῆς
3577 1850 3869 1917 ὑπηρέτις.

2519 1950 2604 2000 Κ’.
2636 1945 2825 2018 Ταύτῃ
2868 1946 3049 1998 τοίνυν
3099 1944 3318 2011 ἐκείνης
3353 1941 3585 2011 ἐχούσης
3620 1942 3715 1992 καὶ
3750 1939 4027 2008 θήρατρον

2448 2039 2590 2093 οὕτω
2619 2039 2820 2109 λίχνοις
2864 2038 3161 2106 ὀφθαλμοῖς
3197 2034 3593 2103 προκειμένης,
3654 2032 3867 2098 γίνεται
3894 2030 4030 2099 δναρ

2447 2135 2528 2194 εἰς
2578 2132 2671 2184 τὸν
2734 2130 2997 2198 ἐνδοτέρω
3059 2126 3303 2179 οἰκίσκον
3355 2122 3687 2193 ἡσυχάζοντι.
3740 2121 4029 2191 ’Δὸραμίῳ

2446 2222 2725 2274 τοιοῦτον
2790 2222 2963 2273 ἐδόκει
3021 2221 3237 2288 δράκων
3269 2222 3419 2288 αὑτῷ
3488 2224 3709 2288 μεγέθει
3771 2221 4029 2289 μέγιστος

2451 2315 2545 2367 καὶ
2572 2313 2742 2364 δεινὸν
2776 2312 3096 2364 ὑποϐλέπων
3134 2312 3245 2364 τῶν
3287 2314 3505 2363 οἰκείων
3536 2312 3758 2381 φωλεῶν
3790 2313 4030 2383 ἀνερπύ-

2452 2421 2551 2467 σας
2584 2404 2678 2457 καὶ
2707 2403 2858 2474 παρὰ
2890 2404 2979 2455 τὸν
3011 2402 3177 2455 αὑτοῦ
3208 2401 3452 2454 οἰκίσκον
3479 2400 3651 2453 ἐλθὼν
3696 2401 4031 2469 περιστερὰν

2453 2498 2599 2549 ἔνδον
2633 2493 2800 2549 οὖσαν
2850 2499 3176 2549 καταπιεῖν·
3231 2490 3349 2545 εἶτα
3382 2494 3517 2564 πρὸς
3548 2494 3832 2563 χηραμοὺς
3874 2488 4033 2552 αὖθις

2450 2594 2579 2651 τοὺς
2605 2590 2799 2642 ἑαυτοῦ
2832 2588 3169 2640 καταδῦναι·
3206 2588 3545 2649 διυπνισθεὶς
3569 2582 3661 2639 οὑν
3694 2588 3899 2647 ἐκεῖνος
3928 2584 4033 2637 ὑπὸ

2454 2677 2549 2729 τοῦ
2604 2678 2918 2745 δείγματος,
2962 2678 3167 2744 ἄθυμος
3202 2674 3267 2746 ἦν
3331 2683 3423 2729 καὶ
3455 2678 3886 2746 τεταραγμένος,
3939 2676 4034 2727 καὶ

2455 2770 2552 2841 τὴν
2580 2770 2703 2840 δψιν
2733 2770 2972 2839 διωγμόν
2998 2786 3118 2821 τινα
3181 2772 3577 2839 προσημαίνειν
3614 2771 3751 2822 κατά
3773 2771 3869 2837 τῆς
3915 2768 4036 2821 Ἐκ-

2455 2861 2684 2930 κλησίας
2735 2858 3045 2924 ὑπολαϐὼν,
3078 2860 3211 2928 εὐχῇ
3261 2859 3355 2910 τοὺ
3413 2859 3604 2909 λοιποῦ
3656 2858 4035 2924 συντονωτέρᾳ.

2456 2955 2798 3024 προσέκειτο,
2827 2955 3237 3023 ὲκκαλυςοθῆναι
3290 2952 3475 3019 σαφῶς
3510 2952 3763 3017 δεόμενος
3789 2948 3937 3019 αύτῷ
3968 2950 4037 2999 τὰ

2455 3046 2555 3115 τῆς
2573 3046 2747 3117 water;
2770 3062 2783 3075 '
2811 3048 2903 3100 καὶ
2924 3050 2956 3116 ὴ
2984 3047 3205 3109 ἐκδασις
3237 3047 3335 3099 οὑκ
3367 3045 3656 3115 ὲῦράδυνεν
3679 3058 3691 3071 ·
3733 3042 3869 3097 αλλὰ
3898 3043 4038 3110 μετὰ

775 3157 965 3195 rursus
1002 3142 1187 3194 videre
1217 3140 1363 3191 illum
1389 3141 1682 3191 draconem
1708 3137 1999 3190 emersisse
2027 3150 2092 3188 ex
2118 3149 2184 3187 eo
2211 3134 2349 3196 loco,

2456 3144 2644 3212 τρίτην
2693 3142 2751 3209 ἐξ
2798 3144 3006 3195 ἐκείνου
3064 3142 3281 3211 ἡμέραν
3331 3141 3505 3192 ἐδόκει
3563 3139 3832 3208 δράκοντα
3874 3135 4039 3187 πάλιν

776 3243 937 3298 quem
1002 3228 1244 3281 subierat
1285 3236 1386 3280 :et
1436 3242 1556 3280 cum
1608 3227 1674 3279 ad
1723 3240 1844 3278 eum
1896 3225 2355 3295 prorepsisset,et

775 3322 893 3392 ejus
924 3323 1148 3390 pedibus
1170 3332 1333 3391 caput
1364 3321 1732 3384 submisisset,
1769 3320 1916 3374 illum
1945 3322 2166 3389 quidem
2190 3319 2357 3389 proti-

776 3428 878 3467 nus
896 3428 1016 3467 esse
1043 3415 1348 3480 disruptum
1378 3430 1389 3466 :
1425 3412 1730 3466 columbam
1768 3422 1968 3474 autent,
2000 3428 2161 3481 quam
2185 3411 2355 3464 fuisse

774 3505 919 3558 abeo
949 3504 1259 3557 devoratam
1283 3506 1593 3569 praecedens
1612 3502 1927 3555 ostenderat
1954 3502 2245 3559 somnium,
2276 3510 2356 3552 to-

777 3600 885 3653 tam
920 3610 1108 3662 puram
1164 3604 1218 3646 et
1265 3594 1666 3647 immaculatam
1724 3607 1756 3646 e
1791 3592 1967 3647 medio
2013 3592 2127 3659 ejus
2168 3602 2357 3644 ventre

777 3684 1042 3739 evolasse.
1067 3684 1323 3739 Hzeccum
1354 3685 1596 3751 vidisset,
1622 3694 1675 3739 et
1692 3686 2062 3739 existimasset
2091 3685 2350 3737 visionem

777 3778 1089 3848 signiﬁcare
1114 3778 1349 3844 aliquem
1390 3777 1600 3843 lapsum
1645 3777 1838 3827 animae
1878 3776 2000 3827 lilia:
2038 3776 2217 3827 fratris
2246 3775 2353 3839 sui,

777 3870 1215 3929 conturbatus.et
1243 3868 1411 3921 animi
1438 3867 1755 3935 aegritudine
1777 3867 2003 3920 allectus
2024 3865 2357 3933 prospiciens

779 3975 808 4014 e
840 3960 1119 4016 fenestra:
1156 3958 1349 4026 Maria,
1402 3960 1569 4014 Maria
1612 3974 1756 4025 mea,
1805 3960 1999 4029 inquit,
2037 3960 2163 4027 quid
2192 3964 2293 4020 est,
2326 3970 2358 4010 ο

781 4052 914 4117 lilia,
946 4056 1089 4121 quod
1146 4054 1240 4108 tibi
1297 4063 1503 4105 tantam
1557 4053 1743 4105 attulit
1767 4052 2095 4115 socordiam,
2129 4062 2186 4104 ut
2219 4060 2359 4104 totos

783 4146 881 4198 hos
921 4146 1056 4199 duos
1086 4144 1200 4198 dies
1226 4160 1330 4198 non
1361 4143 1592 4199 moveris
1617 4158 1678 4197 os
1704 4144 1767 4196 ad
1807 4142 2014 4205 laudes,
2044 4158 2148 4196 non
2186 4143 2361 4195 reddi—

781 4234 928 4289 deris
954 4246 1241 4289 consuetss
1284 4234 1729 4305 gloriﬁcationes,
1771 4250 1875 4287 non
1916 4233 2133 4301 petieris
2161 4232 2361 4287 doctri-

781 4341 931 4390 nam,
964 4342 1070 4378 non
1102 4326 1445 4395 eloquiorum
1477 4326 1689 4379 illorum
1714 4326 2068 4379 auditionem.
2091 4339 2209 4393 qua:
2246 4324 2360 4377 fue-

782 4425 913 4469 runt
940 4414 1098 4467 melle
1131 4425 1187 4468 et
1218 4415 1339 4467 favo
1366 4415 1447 4467 ori
1479 4424 1571 4468 tuo
1598 4416 1881 4468 dulciora?

2458 3239 2664 3289 ἐκεῖνον
2721 3238 2874 3305 ὁρᾷν,
2936 3234 3143 3286 ἐκεῖθεν
3185 3234 3318 3283 ὅπου
3370 3231 3565 3281 κατέδυ
3606 3230 3873 3297 πρότερον
3909 3228 4041 3277 ἀνα-

2456 3329 2623 3382 δύντα
2658 3331 2751 3379 καὶ
2789 3326 3102 3395 παράὑτὶν
3135 3323 3449 3392 ἑρπύσαντητ
3483 3326 3592 3381 τοῖς
3632 3317 3798 3371 αὑτοῦ
3828 3334 3887 3368 τε
3912 3318 4041 3367 ποσὶ

2458 3416 2701 3487 κεφαλὴν
2754 3415 3083 3484 ὑποσχόντα,
3114 3413 3205 3463 τὸν
3265 3410 3362 3479 μὲν
3396 3410 3599 3461 αὐτίκα
3636 3408 3780 3477 μάλα,
3812 3408 4041 3476 διαρρα-

2459 3510 2643 3575 γῆναι,
2678 3506 2773 3575 τὴν
2825 3506 2881 3559 δὲ
2943 3502 3295 3573 περιστερὰν,
3354 3500 3419 3571 ἢν
3472 3501 3766 3552 καταπιεῖν
3815 3500 3977 3549 αὑτὸν
4013 3498 4040 3547 ὸ

2459 3601 2748 3669 προλαϐὼν
2811 3599 3088 3660 ὑπέδειξεν
3147 3598 3375 3664 ὄνειρος,
3438 3596 3684 3665 apsum»
3762 3593 3891 3660 ὅλην
3941 3591 4041 3642 καὶ

2458 3692 2706 3759 καθαρὰν
2753 3695 2817 3742 ὲκ
2872 3691 3042 3756 μέσης
3079 3687 3242 3739 αὑτοῦ
3292 3688 3390 3753 τῆς
3423 3687 3662 3754 γαστρὸς
3690 3684 3996 3746 ἀναπτῆναι
4021 3699 4034 3713 ·

2457 3785 2633 3838 ταῦτα
2668 3782 2790 3835 ἰδὼν
2816 3781 2907 3831 καί
2939 3796 3057 3831 τινα
3091 3778 3285 3846 κρίνας
3318 3780 3414 3844 τῆς
3442 3777 3665 3841 ἀνεψιᾶς
3694 3772 3905 3823 ὄλισθον
3938 3772 4043 3841 ψυ-

2458 3878 2559 3946 χῆς
2582 3877 2905 3944 ὑποφαίνειν
2935 3875 3031 3946 τὴν
3087 3872 3240 3931 θέαν,
3289 3868 3518 3939 θορύϐου
3552 3883 3607 3917 τε
3653 3866 3745 3917 καὶ¹
3802 3865 4041 3936 ἀθυμίας

2462 3968 2662 4029 εὑΟέως
2695 3967 3065 4036 ὑποπλησθεὶς
3106 3964 3201 4018 καὶ
3226 3961 3397 4025 οὕτως
3426 3962 3500 4024 ὡς
3537 3956 3649 4029 εἶχε
3686 3958 4039 4028 τεταραγμέ-

2462 4074 2565 4120 νως
2616 4058 2713 4125 τῆς
2763 4055 2977 4123 θυρίδος
3040 4055 3329 4124 προκύψας
3427 4053 3612 4120 Μαρία
3668 4068 3790 4120 μου,
3850 4046 4043 4114 Μαρία

2466 4165 2591 4218 μου,
2635 4149 2789 4219 φησὶ,
2816 4151 2868 4202 τί
2898 4166 2998 4213 σοι,
3027 4145 3072 4203 ὦ
3105 4148 3315 4215 τέκνον,
3374 4150 3489 4201 ἐστὶ
3521 4149 3579 4199 eo
3612 4143 3885 4215 ῥαθυμίαν
3935 4143 4041 4210 ἑμ-

2463 4242 2701 4310 ποιῆσαν
2733 4242 3115 4311 τοσαύτην,ὠς
3152 4243 3279 4310 παρ’
3312 4241 3440 4300 ὅλας
3463 4239 3556 4291 δύο
3585 4235 3786 4295 ταύτας
3823 4233 4040 4303 ἡμέρας

2465 4337 2540 4405 μὴ
2579 4337 2753 4401 στόμα
2788 4336 3004 4402 κινῆσαι
3049 4334 3186 4403 πρὸς
3235 4333 3466 4394 αἴνεσιν,
3530 4329 3603 4400 μὴ
3653 4330 3749 4390 τὰς
3788 4327 4044 4397 συνήθεις

2463 4426 2756 4479 ἀποδοῦναι
2782 4425 3113 4493 δοξολογίας,
3147 4426 3221 4496 μὴ
3247 4422 3571 4496 προσελθεῖν
3611 4423 3675 4493 τῇ
3712 4418 3909 4491 θυρίδι,
3964 4416 4044 4487 μὴ

779 4508 1132 4567 διδασκαλίαν
1161 4512 1403 4583 αἰτῆσαι,
1455 4510 1531 4581 μὴ
1575 4510 1773 4579 λογίων
1807 4513 2037 4569 ἐκείνων
2068 4518 2357 4588 ἀκρόασιν,
2398 4521 2434 4577 ἃ
2464 4524 2556 4577 καὶ
2621 4524 2932 4596 γλυκύτερα
2998 4525 3137 4595 ὑπὲρ
3166 4522 3291 4595 μέλι
3340 4523 3434 4577 καὶ
3468 4520 3657 4591 κηρίον
3700 4517 3777 4587 τῷ
3814 4514 4045 4584 στόματί

783 4622 878 4660 σου
913 4605 1239 4658 καθίσταντο
1262 4624 1277 4670 ;

856 4698 1000 4754 XXI.
1026 4700 1163 4754 Cum
1198 4700 1312 4754 tunc
1365 4701 1594 4756 dixisset
1638 4702 1827 4757 fratris
1860 4704 2001 4771 liliaa,
2041 4717 2093 4760 et
2127 4706 2259 4761 nihil
2292 4709 2351 4766 ab

2537 4712 2667 4765 ΚΜ.
2702 4708 2888 4762 ταῦτα
2938 4707 3075 4777 πρὸς
3137 4707 3235 4776 τὴν
3291 4702 3518 4771 ἀνεψιὰν
3556 4700 3717 4769 δῆθεν
3746 4701 3915 4753 είπὼν
3947 4698 4046 4751 καὶ

784 4803 848 4845 ea
878 4790 1176 4846 audivisset
1208 4793 1500 4863 (quomodo
1537 4796 1705 4860 enim,
1732 4810 1856 4850 cum
1901 4797 1991 4850 illa
2034 4798 2086 4852 in
2120 4801 2364 4855 diverso-

788 4880 871 4937 rio
926 4893 1240 4937 versaretur
1296 4887 1346 4938 in
1404 4887 1682 4941 amoribus
1731 4895 1785 4940 et
1815 4892 2361 4964 comessationibus?)

785 4984 974 5045 aperte
1003 4979 1257 5044 cognovit
1281 4976 1545 5031 visionem
1575 4979 1640 5032 de
1671 4995 1733 5032 ea
1769 4980 2081 5049 significare
2116 5002 2127 5038 :
2158 4998 2207 5038 et
2243 5001 2366 5056 pro-

786 5066 933 5122 tinus
981 5068 1306 5139 gravissimo
1363 5070 1552 5125 dolore
1607 5070 1854 5137 allectus,
1900 5082 1955 5130 et
1984 5074 2034 5127 in
2068 5075 2366 5132 visceribus

786 5172 947 5227 supra
1012 5162 1231 5215 modum
1275 5163 1573 5228 cruciatus,
1626 5163 1860 5231 suspirio
1908 5167 2070 5219 veluti
2122 5172 2355 5235 quodam

790 5248 937 5307 fumo
960 5266 1023 5307 ex
1088 5254 1300 5308 interna
1330 5252 1547 5308 ﬂamma
1579 5257 1800 5320 emisso,
1834 5256 1996 5311 Deum
2026 5261 2275 5328 rogabat,
2302 5272 2361 5316 ut

790 5356 852 5396 ea
906 5345 1258 5413 resipisceret
1278 5358 1336 5401 et
1357 5359 1691 5418 exsurgeret,
1724 5357 1779 5403 et
1800 5351 1999 5405 rediret
2031 5352 2096 5403 ad
2122 5353 2355 5420 priorem

787 5434 970 5502 proba:
1000 5435 1119 5489 vita:
1143 5436 1557 5495 institutionem.
1598 5438 1731 5495 Nam
1772 5443 1873 5495 etsi
1909 5452 2037 5497 tunc
2063 5444 2364 5513 ignorabat,

788 5530 1060 5609 quomodo
1090 5530 1467 5597 abscessisset,
1493 5543 1548 5586 et
1580 5533 1779 5601 locum,
1814 5532 1865 5588 in
1903 5552 2009 5604 quo
2038 5536 2203 5591 Maria
2250 5555 2370 5592 ver-

789 5622 1222 5691 sabatur:quod
1282 5633 1461 5680 tamen
1515 5624 1748 5682 latenter
1796 5629 2137 5691 recessisset,
2169 5640 2220 5684 et
2247 5646 2371 5698 pro-

789 5718 909 5781 pter
932 5713 1193 5771 visionem
1228 5715 1395 5783 illam,
1439 5735 1559 5789 quae
1613 5730 1970 5789 apparuerat,
2010 5736 2115 5775 non
2175 5722 2366 5776 bonam

788 5820 939 5879 spem
968 5808 1033 5865 de
1061 5824 1125 5865 ea
1167 5823 1509 5880 conceperat.
1540 5813 1685 5870 Duos
1742 5813 1926 5883 itaque
1971 5829 2139 5869 annos
2201 5814 2364 5869 Deum

2465 4803 2635 4874 μηδὲν
2695 4800 2828 4873 παρ’
2881 4801 3054 4871 αὐτῆς
3089 4799 3327 4859 ἀκούσας
3381 4795 3399 4865 (
3427 4794 3535 4858 πῶς
3566 4796 3707 4864 γάρ;
3739 4792 3953 4860 ἐκείνης
3983 4791 4043 4841 ὲν

2463 4894 2541 4965 τῷ
2574 4895 2876 4964 πανδοκείῳ
2905 4892 3035 4961 περὶ
3068 4891 3279 4959 ἔρωτας
3304 4889 3397 4940 καὶ
3432 4885 3649 4956 κώμους
3692 4881 4042 4953 ἀσχαλουμέ-

2465 4987 2607 5059 νης),
2660 4987 2799 5055 ἔγνω
2840 4984 3048 5051 σαφῶς,
3074 4982 3173 5049 τὴν
3204 4982 3328 5050 δψιν
3357 4980 3487 5050 περὶ
3524 4979 3692 5047 αὑτῆς
3726 4975 4048 5029 ὑπαινίττε-

2466 5080 2590 5132 σθαι
2642 5080 2739 5129 καὶ
2803 5073 3175 5145 ὀδυνηρότατα
3234 5072 3577 5141 παραχρῆμα
3641 5065 3910 5127 διατεθεὶς
3974 5066 4045 5118 τὰ

2470 5170 2754 5239 σπλάγχνα
2819 5185 2876 5219 τε
2928 5165 3316 5236 ὑπεραλγήσας
3374 5166 3469 5216 καὶ
3520 5162 3844 5229 στεναγμὸν,
3877 5158 4044 5212 οἱονεί

2464 5279 2586 5318 τινα
2618 5262 2825 5315 καπνὸν
2860 5261 2956 5329 τῆς
2997 5259 3207 5311 ἔνδοθεν
3241 5258 3457 5327 φλογὸς,
3490 5254 3841 5322 ἀναπέμψας,
3874 5253 4045 5305 ἐδεῖτο

2463 5357 2556 5410 τοῦ
2591 5356 2726 5409 Θεοῦ
2760 5356 2819 5406 τὸ
2869 5355 3076 5418 λοιπον,
3116 5354 3255 5405 ὥστε
3318 5350 3590 5417 ἀνανῆψαι
3628 5348 3785 5399 πάλιν
3844 5346 4042 5413 αὑτὴν,

2462 5448 2559 5500 καὶ
2580 5444 2955 5512 διαναστῆναι,
2986 5447 3080 5496 καὶ
3133 5445 3211 5506 εἰς
3264 5443 3361 5513 τὴν
3398 5440 3669 5511 προτέραν
3723 5438 4044 5492 ἐπανελθεῖν

2464 5537 2819 5606 εὐδοκίμησιν
2842 5552 2853 5565 ·
2886 5538 2935 5588 εί
2963 5539 3069 5604 γὰρ
3100 5537 3191 5586 καὶ
3241 5536 3330 5585 τὸν
3359 5536 3558 5602 τρόπον
3593 5534 3729 5590 τέως
3774 5534 3874 5600 τῆς
3904 5529 4047 5579 ἀπο-

2465 5630 2663 5699 δημίας
2690 5628 2899 5698 ἠγνόει,
2926 5631 3017 5679 καὶ
3044 5628 3133 5679 τὸν
3162 5627 3351 5690 τόπον,
3378 5628 3433 5677 ὲν
3454 5620 3497 5692 ᾧ
3522 5624 3823 5693 τηνικαῦτα
3852 5621 4046 5689 Μαρῖα

2465 5722 2758 5792 ὃιὲτριὸεν,
2793 5723 2927 5775 ἀλλὰ
2956 5722 3016 5773 τὸ
3061 5720 3287 5790 λεληθὸς
3321 5723 3416 5789 τῆς
3450 5720 3856 5789 ὑποχωρήσεως
3887 5719 3984 5774 καὶ
4012 5720 4046 5785 ἠ

2468 5817 2701 5883 φανεῖσα
2719 5813 2839 5882 ὒᾷις
2870 5811 3055 5882 ἐκείνη
3080 5812 3177 5863 οὐκ
3209 5812 3418 5880 ἀγαθὰς
3456 5814 3715 5881 παρεῖχεν
3737 5810 3887 5881 αὑτῷ
3920 5811 4048 5878 περὶ
