4208 6300
170 352 235 412 60
1432 337 1613 398 VITA
1651 337 1712 397 S.
1752 331 2107 393 ABRAMII.
3360 329 3432 391 7o

169 462 330 530 αὑτῆς
357 457 459 522 τὰς
491 457 736 517 ἐλπίδας.
779 455 903 508 Ἐπὶ
937 453 1057 505 δυσὶ
1097 451 1194 521 μὲν
1233 444 1324 501 οῦν
1359 450 1534 502 ἐτεσιν
1587 447 1756 499 ἐδεῖτο

1862 458 1958 511 pro
1983 456 2043 494 ea
2075 437 2302 508 rogavit.
2337 435 2545 490 Somnii
2572 434 2713 489 enim
2740 435 2929 505 duplex
2961 427 3118 504 visio,
3163 438 3432 495 biennium

172 556 292 625 περὶ
338 551 515 619 αὐτῆς
571 549 665 602 τοῦ
702 547 838 600 Θεοῦ
863 565 876 580 ·
926 546 959 618 ἡ
994 546 1102 613 γὶρ
1136 543 1299 612 διπλὴ
1336 541 1426 594 τοῦ
1477 538 1757 610 ὀνείρατος

170 649 283 716 ὃψις
317 645 380 696 τὸ
411 643 507 695 τοῦ
532 641 728 712 χρόνου
765 639 938 700 διετὲς
969 637 1316 704 ὑπεσήμαινε
1340 651 1352 664 ·
1409 633 1538 702 περὶ
1579 632 1634 683 δὲ
1657 631 1758 700 τὴν

170 737 256 790 τοῦ
289 735 554 806 δευτέρου
579 734 728 794 ἔτους
754 730 1013 796 τελευτὴν
1040 727 1290 781 ἐπάνεισί
1310 744 1393 788 τις
1418 723 1526 776 τῶν
1562 722 1755 791 φίλων,

169 829 224 889 ὃς
256 826 525 895 ἐτύγχανε
566 823 694 891 παρ’
747 818 910 872 αὑτοῦ
943 817 1086 871 κατά
1117 818 1343 884 ζήτησιν
1384 814 1599 883 ἐκείνης
1651 815 1758 864 ἀττ-

172 917 523 984 εσταλμένος,
589 915 711 966 ὅποι
764 928 824 964 τε
857 912 889 980 ἡ
947 907 1144 978 ἀνεψιὰ
1177 906 1445 976 διατρίϐει
1479 907 1574 958 καὶ
1610 905 1758 973 παρά

171 1010 269 1062 τίνι
297 1010 394 1061 καὶ⁵
415 1009 587 1067 ὅπως,
629 1002 818 1072 σαφῶς
871 1003 1052 1056 πάντα
1085 1000 1306 1071 μηνύων
1330 999 1406 1068 τῷ
1441 997 1752 1068 Ἀδραμίῳ⁹

173 1103 259 1152 καὶ
292 1097 643 1168 παραχρῆμα
699 1093 773 1163 μὴ
830 1093 1108 1163 μελλήσας
1149 1094 1356 1152 ἐκεῖνος
1399 1090 1590 1168 μηδὲν,
1634 1089 1757 1157 μηδ’

171 1190 628 1257 ἀναϐαλλόμενος,
660 1187 795 1240 ἀλλὰ
826 1187 1018 1256 μακρᾶ
1051 1183 1449 1258 χαίρεινείπὼν
1473 1183 1566 1234 καὶ
1591 1183 1754 1251 γήρᾳ,

171 1287 257 1337 καὶ
279 1281 504 1352 ἡσυχία,
538 1282 633 1334 καὶ
667 1279 950 1350 μοναχικῷ
979 1281 1071 1331 καί
1099 1278 1337 1347 σχήματι
1363 1275 1458 1328 καὶ
1487 1275 1754 1343 μνήματι,

169 1375 308 1435 ὅπως
349 1371 530 1442 ψυχὴν
583 1370 692 1424 τῶν
745 1370 981 1422 δικτύων
1034 1368 1301 1438 ὲξελκύση
1341 1364 1435 1417 τοῦ
1477 1364 1756 1427 διαϐόλου,

170 1466 260 1519 καὶ
289 1466 667 1536 στρατιωτικῇ
709 1463 808 1533 μὲν
841 1464 1190 1532 χρησάμενος
1214 1463 1280 1530 τῇ
1317 1457 1499 1528 στολῇ,
1533 1457 1761 1525 ἐνθέμε-

168 1573 251 1617 νος
295 1555 352 1607 δι
409 1555 488 1624 τῷ
549 1555 737 1623 κόλπῳ
779 1556 875 1605 καὶ
924 1553 1168 1622 νόμισμα
1223 1550 1279 1602 ἓν
1324 1548 1615 1618 (τοσούτου
1650 1547 1758 1616 γὰρ

167 1647 461 1715 ὶτύγχανεν
509 1646 816 1716 εὐπορῶν),
880 1645 1051 1696 ῖππον
1077 1660 1136 1694 τε
1169 1626 1610 1712 μισθωσάμενος,
1662 1642 1758 1692 καὶ

165 1741 357 1791 τούτου
385 1740 448 1791 τὸ
477 1740 640 1807 τάχος
675 1739 893 1801 ἐπιϐὰς,
927 1736 1069 1790 κατά
1095 1737 1187 1788 τὸν
1212 1735 1432 1806 πρῶτον
1467 1736 1561 1787 καὶ
1597 1729 1756 1795 οὗτος

177 1833 426 1902 Ἀϐραὰμ
451 1789 668 1901 τῆςῆὲπὶ
695 1831 757 1883 τὸ
792 1789 1107 1899 πανδοχεῖον
1143 1789 1418 1897 φερούσης
1455 1827 1652 1898 ἥψατο.
1696 1829 1754 1880 '0
1786 1789 1830 1850 Β

166 1925 261 1992 μὲν
296 1927 406 1994 γὰρ
457 1922 601 1975 κατά
655 1923 764 1975 τῶν
817 1923 981 1975 πέντε
1039 1921 1309 1991 βασιλέων
1339 1919 1752 1988 ἐκστρατεύσας

163 2014 278 2066 Λὼτ
305 2019 399 2066 τὶν
430 2014 623 2065 τούτου
653 2014 970 2080 ἀδελφιδοῦν
995 2012 1310 2064 ἀνεσώσατο
1333 2013 1431 2075 τῆς
1464 2012 1754 2080 αίχμαλω-

165 2106 298 2166 σίας.
333 2106 362 2156 ὁ
387 2105 443 2156 δὲ
478 2104 614 2174 πρὸς
643 2104 823 2173 πάλην
858 2103 936 2171 τῷ
963 2102 1329 2169 ἀντικειμένῳ
1361 2105 1621 2172 χωρήσας
1657 2105 1755 2156 καὶ

165 2195 298 2246 κατα
335 2195 534 2264 κράτος
585 2191 773 2247 τοῦτον
831 2192 989 2260 ἑλὼν,
1036 2190 1136 2262 τὴν
1195 2191 1405 2244 οἰκείαν
1454 2193 1749 2264 ἀδελφιδῆν

162 2290 386 2354 ἤγαγεν.

230 2379 356 2434 KB'.
400 2379 740 2434 Καταλασὼν
794 2379 975 2433 τοίνυν
1030 2380 1090 2431 τὸ
1133 2382 1474 2449 πανδοχεῖον,
1529 2377 1618 2435 οἷά
1671 2403 1753 2448 τις

162 2476 424 2545 ἔμπειρος
465 2473 716 2542 Θηρατὴς
748 2474 843 2524 καὶ
899 2470 1160 2533 πολλάκις
1191 2471 1449 2538 τοιαύτης
1499 2473 1672 2541 θήρας
1704 2492 1755 2526 τι

162 2565 356 2633 τυχὼν,
393 2564 700 2632 παρετήρει
737 2562 864 2629 τῇδε
894 2561 1142 2622 κάκεῖσε,
1177 2561 1233 2611 εί
1261 2579 1360 2613 που
1391 2562 1590 2631 μικρὸν
1623 2562 1757 2614 ὐπο-

163 2657 352 2726 δλέψαι
387 2655 645 2722 δυνηθείη
679 2653 738 2704 τὸ
773 2652 1033 2722 θήραμα·
1071 2651 1193 2704 ἐπεὶ
1225 2653 1280 2704 δὲ
1307 2653 1473 2714 πολὺς
1507 2653 1757 2724 ἐτρίϐετο

163 2749 349 2816 χρόνος
378 2744 553 2811 αὐτῷ,
588 2745 679 2794 καὶ
731 2743 831 2795 οὐκ
893 2740 1066 2812 εἶχεν,
1111 2744 1258 2808 ὅπως
1290 2744 1388 2814 τὴν
1414 2745 1759 2815 ζητουμένην

163 2839 427 2905 θεάσηται

161 2930 520 2998 ἐφυλάττετο,
553 2929 664 2997 ὅσῳ
694 2927 1010 2979 τούναντίον
1058 2926 1260 2996 λίχνοις
1293 2927 1386 2978 καὶ
1434 2925 1758 2988 ἀκολάστοις

161 3027 494 3094 ἐπέτρεχεν*
569 3024 690 3073 ἐπεὶ
751 3021 936 3070 τοίνυν
975 3019 1151 3080 οὕτως
1185 3016 1301 3088 εἷχε
1348 3021 1446 3072 καὶ
1496 3022 1625 3091 περὶ
1661 3020 1758 3092 τὴν

162 3113 285 3166 θέαν
313 3112 494 3179 αὐτῆς
526 3109 829 3172 ἀδυνάτως,
882 3107 1183 3160 ἐπινοεῖταί
1223 3125 1274 3160 τι
1311 3112 1563 3179 πρᾶγμα,
1612 3112 1639 3164 ὃ
1668 3112 1759 3164 καὶ

166 3206 324 3272 μόνον
393 3201 586 3254 ἱκανὸν
647 3199 1006 3268 παραστῆσαι
1049 3199 1140 3252 τὸν
1176 3198 1345 3251 πολὺν
1375 3200 1544 3252 αὑτοῦ
1594 3199 1756 3267 ζῆλον
1785 3185 1828 3242 c

163 3297 368 3348 ὶκείνον
394 3295 488 3346 καὶ
519 3295 669 3355 ὅπως
707 3292 846 3362 ὑπὲρ
881 3291 976 3344 τοῦ
1022 3292 1198 3345 σῶσαι
1243 3290 1425 3361 ψυχὴν
1454 3292 1669 3355 οὐδενὸς
1699 3293 1759 3344 τὸ

164 3386 432 3454 παράπαν
463 3384 758 3452 ἀπείχετοο
799 3384 1093 3435 πλάττεται
1135 3384 1235 3451 μὲν
1265 3385 1374 3454 γὰρ
1399 3383 1631 3453 ἐραστοῦ
1665 3384 1760 3436 καὶ

165 3479 346 3549 σχῆμα
380 3478 477 3529 καὶ
503 3477 728 3542 τρόπον,
767 3477 794 3526 ὁ
827 3474 1028 3543 μικροῦ
1063 3477 1159 3543 τῆς
1193 3475 1304 3528 τῶν
1363 3476 1614 3542 ἀγγέλων
1657 3495 1760 3527 πα-

166 3569 510 3638 ραπτόμενος
538 3565 758 3629 ἀῦλίας,
793 3565 972 3634 ἔρωτά
994 3581 1052 3614 τε
1091 3563 1352 3635 σαρκικὸν
1375 3566 1505 3635 ὲρᾷν
1526 3567 1759 3634 ὑποκρί-

163 3679 308 3714 νεται
338 3678 351 3691 ·
393 3662 489 3710 καὶ
518 3657 704 3728 ἡρέμα
736 3657 814 3727 τῷ
856 3657 1114 3727 πανδοχεῖ
1156 3657 1506 3727 προσελθών·
1551 3658 1760 3710 Ἀκούω

165 3754 329 3822 κόρην
365 3750 494 3803 τινὰ
520 3752 670 3820 παρὰ
723 3750 829 3814 σοὶ,
862 3753 1019 3820 φησι,
1068 3750 1254 3803 κάλλει
1289 3751 1611 3822 περιφανῶς
1643 3752 1760 3805 δια-

166 3846 486 3914 πρέπουσαν
516 3845 611 3896 τοῦ
641 3841 959 3912 πανδοκείου
999 3843 1434 3913 προϊσταμένῳ),
1463 3844 1757 3914 ἑταιρικῶς

164 3938 285 3998 τοὺς
345 3936 708 4006 βουλομένους
763 3935 1060 4003 δέχεσθαι·
1112 3934 1318 4003 ταύτης
1377 3935 1534 4003 κάγὼ
1582 3937 1756 3988 τοίιυν

166 4031 301 4100 ἱρῶν
332 4032 640 4098 ἀφικόμην.
700 4029 808 4079 Καὶ
834 4029 861 4078 ὁ
897 4027 1200 4097 πανδοχεὺς
1236 4029 1375 4098 πρὸς
1427 4029 1526 4098 τὴν
1560 4028 1756 4080 πολιὰν

169 4120 365 4189 βλέψας
427 4119 524 4172 τοῦ
571 4117 896 4188 Ἀδραμίου,
964 4119 1189 4186 ἄγνοιαν
1231 4117 1288 4171 δὲ
1337 4117 1430 4171 τοῦ
1480 4118 1754 4189 δράματος

169 4213 296 4280 ξχων
326 4214 423 4266 καὶ
452 4213 552 4264 οὐκ
580 4212 735 4271 εἰδὼς
771 4213 824 4262 τί
859 4211 1191 4279 βουλόμενος
1246 4211 1379 4279 ἐρᾷν
1407 4210 1751 4279 ὑπεκρίνετο,

170 4305 503 4370 ἐμυσάττετο
542 4304 641 4372 μὲν
674 4301 837 4355 αὑτὸν
889 4304 955 4372 τῇ
987 4301 1134 4371 ψυχῇ
1171 4301 1266 4353 καὶ
1302 4299 1505 4369 πολλὴν
1552 4301 1756 4354 axem.

172 4398 286 4447 σίαν
341 4397 508 4448 αὑτοῦ
552 4397 648 4448 καὶ
700 4395 998 4461 ἀσέλγειαν
1060 4393 1490 4462 κατεγίνωσκεν,
1522 4395 1604 4447 ὅτι
1634 4393 1754 4464 μηδ’

468 2853 479 2865 ·
513 2835 891 2904 τοσουτῳ-γὰρ
924 2835 1106 2904 ἐκείνη
1132 2835 1416 2906 σώφρονας
1446 2836 1763 2904 ὀφθαλμοὺς

1865 532 2124 601 temporis
2156 528 2515 599 signiﬁcabat.
2547 527 2706 582 Circa
2743 527 2902 581 linem
2970 539 3148 582 autem
3209 535 3433 586 secundi

1863 625 1990 679 anni
2017 622 2306 677 revertitur
2330 620 2544 688 quidam
2583 619 2812 682 amicus,
2845 619 2934 686 qui
2957 619 3021 672 ad
3046 635 3162 674 eam
3187 637 3438 690 quam)“-

1862 718 1980 772 dam
2014 715 2187 769 fuerat
2213 715 2280 767 ab
2315 715 2429 781 ipso
2463 713 2684 776 missus,
2717 713 2933 767 ubinam
2984 727 3292 769 versaretur
3326 715 3438 768 fra-

1864 809 1961 862 tris
1995 807 2127 870 ﬁlia,
2155 815 2210 860 et
2239 805 2378 872 apud
2410 819 2597 873 quem,
2630 811 2685 856 et
2713 804 3002 872 quomodo,
3036 805 3214 857 omnia
3249 817 3437 874 aperte

1860 900 2173 969 signiﬁcans
2209 898 2487 949 Abramio.
2531 895 2621 948 llle
2653 910 2780 948 vero
2806 896 2994 949 statim
3023 897 3156 949 nihil
3209 901 3436 954 cuneta-

1862 1000 1969 1055 tus,
1993 989 2086 1044 sed
2104 988 2326 1042 multum
2353 987 2534 1040 valere
2556 987 2747 1056 iubens
2771 995 2822 1040 et
2839 987 3072 1052 senium,
3102 998 3157 1041 et
3182 990 3437 1042 exercita-

1862 1084 2089 1147 tionem,
2122 1093 2176 1135 et
2210 1081 2508 1144 silentium,
2561 1078 3032 1147 monasticutnque
3089 1082 3332 1135 habitum
3387 1093 3440 1136 ct

1861 1176 2159 1236 incessum,
2200 1185 2256 1225 ut
2313 1173 2568 1224 liberaret
2625 1172 2860 1223 animam
2893 1185 2920 1223 a
2958 1171 3168 1239 laqueis
3215 1173 3439 1238 diaboli,

1861 1284 1985 1324 cum
2025 1276 2229 1320 vestem
2256 1265 2518 1318 induisset
2551 1263 2863 1328 militarem,
2901 1273 2953 1316 et
2985 1264 3036 1316 in
3068 1264 3242 1316 sinum
3281 1280 3440 1317 num-

1863 1376 2011 1414 mum
2039 1374 2202 1412 ttuttm
2241 1357 2556 1411 immisisset
2600 1356 2830 1425 (tantum
2859 1357 3002 1408 enim
3051 1365 3168 1410 erat
3198 1356 3248 1411 ei
3283 1358 3440 1428 opus)

1862 1462 1916 1506 ct
1972 1467 2169 1517 equum
2223 1449 2591 1513 conduxisset,
2642 1457 2694 1502 et
2723 1463 2844 1501 eum
2879 1449 3279 1515 quamprimum
3309 1464 3446 1502 cou-

1860 1542 2181 1606 scendissct,
2243 1540 2358 1606 ipse
2383 1555 2601 1608 quoque
2629 1539 2802 1592 instar
2825 1537 2984 1606 primi
3019 1537 3271 1602 Abrahae,
3298 1539 3441 1591 viam

1861 1635 2002 1696 iniit,
2055 1649 2174 1702 qua
2214 1631 2447 1686 ducebat
2493 1634 2558 1684 ad
2611 1634 2995 1686 diversorium.
3036 1631 3170 1686 Nam
3211 1633 3299 1688 ille
3323 1635 3446 1702 qui-

1863 1729 1980 1782 dem
2006 1727 2349 1796 expeditione
2376 1735 2626 1793 suscepta
2674 1728 2937 1778 adversus
2976 1725 3218 1792 quinque
3264 1737 3440 1792 reges,

1862 1825 1964 1878 Lot
2003 1825 2187 1875 fratris
2223 1822 2390 1874 lilium
2423 1819 2655 1873 servavit
2679 1836 2705 1871 a
2734 1819 3068 1886 captivitate.
3108 1819 3206 1872 Hic
3237 1828 3443 1885 autem,

1864 1928 1983 1970 cum
2029 1916 2081 1967 in
2111 1920 2386 1967 certamen
2420 1911 2782 1980 processisset
2830 1921 3018 1964 contra
3050 1911 3442 1973 adversarium.

1861 2019 1916 2063 et
1949 2025 2070 2060 eum
2106 2009 2153 2060 vi
2184 2017 2566 2074 expugnasset,
2612 2005 2824 2058 reduxit
2855 2003 2939 2058 sui
2974 2003 3160 2058 fratris
3187 2005 3352 2058 tiliam
3375 2004 3444 2057 ad

1863 2103 2097 2171 priorem
2122 2099 2340 2150 virtutis
2376 2097 2852 2151 exercitationem.

1790 2195 1927 2269 πρὸς
1991 2189 2088 2262 τὴν
2116 2187 2389 2259 προτέραν
2448 2186 2623 2256 αὐτῆς
2694 2188 2899 2257 ἀρετῆς
2965 2187 3201 2258 ἄσκησιν
3264 2189 3433 2241 ἐπαγ-

1931 2378 2095 2434 XXII.
2144 2377 2278 2433 Cum
2315 2378 2649 2447 pervenisset
2705 2375 2887 2444 itaque
2939 2376 3005 2430 ad
3056 2376 3444 2435 diversorium.

1857 2489 1963 2526 non
1985 2487 2143 2526 secus
2167 2486 2231 2523 ac
2254 2479 2483 2523 vcuator
2500 2471 2732 2538 peritus,
2758 2470 2862 2524 huc
2887 2479 2940 2524 et
2957 2471 3080 2525 illuc
3101 2473 3446 2536 observabat,

1855 2565 2028 2621 sicubi
2078 2570 2264 2631 posset
2320 2563 2556 2630 pradam
2608 2577 2902 2631 parumper
2934 2565 3202 2632 aspicere.
3246 2563 3446 2620 Verum

1860 2665 2071 2724 tempus
2107 2652 2174 2706 ab
2203 2667 2268 2706 eo
2312 2653 2613 2713 terebatur,
2665 2659 2719 2704 et
2765 2667 2909 2716 cam,
2952 2669 3112 2719 quam
3147 2656 3442 2720 quaerebat,

1861 2763 1966 2801 non
1995 2755 2207 2816 poterat
2238 2745 2501 2814 aspicere.
2537 2741 2633 2798 Illa
2693 2744 2835 2798 enim
2874 2744 3096 2814 pudicos
3128 2755 3332 2798 tantum
3366 2746 3445 2798 vi-

1861 2841 2010 2894 tabat
2041 2839 2249 2903 oculos,
2281 2848 2544 2908 quantum
2577 2846 2763 2893 contra
2796 2839 3120 2892 accurrebat
3163 2841 3228 2893 ad
3278 2840 3444 2895 lasci-

1860 2943 1952 2982 vos
1976 2939 2030 2982 et
2057 2929 2379 2996 impudicos.
2414 2927 2547 2980 Cum
2588 2943 2718 2996 ergo
2745 2927 2824 2980 sic
2853 2941 2972 2980 eam
3009 2946 3117 2982 non
3145 2941 3326 2997 posset
3365 2933 3447 2984 in—

1862 3020 2019 3084 tueri,
2085 3020 2357 3088 excogitat
2399 3033 2509 3072 rem
2558 3018 2874 3087 quamdam,
2920 3033 3041 3087 qua:
3076 3021 3157 3073 vel
3202 3023 3315 3072 sola
3351 3037 3446 3089 po-

1861 3122 1969 3167 test
2035 3112 2322 3167 ostendere
2378 3126 2630 3180 magnum
2663 3097 2808 3166 illius
2841 3113 3043 3174 zelum,
3077 3119 3130 3165 et
3182 3113 3444 3180 quemad-

1863 3206 2102 3270 modum,
2130 3214 2184 3257 ut
2223 3214 2466 3258 servaret
2495 3205 2755 3269 animam,
2785 3219 2814 3256 a
2847 3204 2994 3258 nulla
3026 3219 3084 3257 re
3103 3207 3326 3259 omnino
3347 3204 3440 3258 ab-

1861 3293 2116 3348 stinebat.
2167 3295 2440 3345 Amatoris
2491 3295 2709 3360 quidem
2751 3294 2974 3346 simulat
3003 3305 3059 3348 et
3094 3296 3362 3362 habitum,
3389 3307 3444 3350 ct

1863 3401 2062 3450 mores,
2110 3386 2200 3453 qui
2233 3399 2298 3438 eo
2345 3394 2688 3452 pervenerat,
2726 3392 2782 3436 ut
2827 3393 3009 3455 esset,
3067 3387 3205 3439 sicut
3239 3389 3439 3456 angeli,

1862 3492 2029 3547 prope
2073 3491 2272 3546 expers
2333 3475 2574 3529 materia:
2608 3484 2701 3529 :et
2731 3473 2883 3546 ﬁngit
2929 3489 2989 3531 se
3038 3491 3223 3532 atuare
3253 3493 3440 3533 amore

1861 3571 2085 3624 carnali.
2111 3569 2300 3637 Itaque
2338 3570 2536 3622 sensim
2571 3569 2838 3623 accedens
2863 3571 2930 3623 ad
2951 3569 3230 3624 dominum
3265 3573 3445 3626 diver-

1861 3660 1991 3713 sorii
2033 3676 2046 3712 :
2088 3661 2284 3724 Audio,
2319 3660 2513 3727 inquit,
2550 3662 2690 3729 apud
2721 3671 2771 3714 te
2811 3677 2932 3714 esse
2959 3662 3190 3730 puellam
3243 3665 3441 3734 insigni

1862 3751 2282 3822 pulchritudine,
2333 3766 2454 3821 qua:
2503 3762 2704 3821 praeest
2735 3752 3059 3819 diversorio,
3089 3761 3144 3807 et
3196 3757 3440 3811 volentes

1861 3845 2412 3899 adtnittitamatores.
2432 3842 2579 3899 Illius
2602 3845 2763 3915 igitur
2783 3861 2994 3915 quoque
3017 3859 3204 3915 captus
3229 3865 3438 3911 amore.

1862 3937 1967 3990 lruc
2001 3936 2229 3989 accessi.
2285 3934 2579 3988 Prtefectus
2635 3947 2814 3990 autem
2875 3939 3168 3993 diversorii
3220 3941 3440 3996 intuens

1862 4029 1926 4080 ad
1960 4041 2126 4082 canos
2149 4026 2411 4095 Abramii,
2455 4043 2566 4082 rem
2603 4044 2729 4085 vero
2782 4029 3064 4099 ignorans,
3089 4041 3145 4086 et
3190 4034 3441 4090 nesciens

1857 4121 2119 4190 quidnam
2179 4121 2281 4175 sibi
2325 4121 2508 4176 volens
2560 4137 2620 4176 se
2672 4138 2857 4176 amare
2916 4124 3220 4192 simularet,
3254 4126 3440 4180 animo

1859 4213 2080 4280 quidem
2111 4226 2233 4264 eum
2269 4213 2704 4276 abominabatur,
2735 4223 2788 4265 et
2814 4229 2936 4266 eum
2976 4228 3182 4282 magna:
3209 4217 3438 4270 dauma-

1861 4302 1952 4356 bat
1989 4303 2333 4374 impudicitiae
2356 4312 2410 4359 et
2433 4305 2884 4373 intemperantiae,
2906 4305 3047 4373 quod
3079 4319 3181 4360 nec
3213 4308 3264 4360 in
3288 4310 3436 4361 tanta

1860 4393 2082 4464 quidem
2117 4406 2394 4449 senectute
2420 4404 2474 4447 et
2503 4396 2702 4449 canitie
2746 4396 3041 4450 sustineret
3078 4411 3199 4451 esse
3233 4406 3440 4467 tempe-

172 4487 224 4539 ιν
250 4488 394 4557 γήρα
446 4485 687 4556 τοσούτῳ
743 4488 838 4540 καὶ
899 4486 1063 4555 πολιᾷ
1118 4489 1424 4556 σωφρονεῖν
1483 4488 1750 4556 ἀνέχοιτο,

1860 4501 2007 4554 rans,
2058 4487 2155 4542 sed
2203 4487 2321 4556 ejus
2368 4501 2547 4541 mores
2579 4488 2716 4540 adeo
2751 4486 3132 4554 discreparent
3156 4488 3226 4540 ab
3249 4498 3431 4542 aetate.

172 4577 278 4629 ἀλλ’
333 4577 511 4641 οὕτως
569 4577 792 4647 ἀπᾴδων
849 4576 987 4630 πολῦ
1049 4576 1148 4645 τῆς
1209 4575 1428 4646 ἡλικίας
1468 4579 1750 4647 ὁτρόπος.

174 4666 360 4731 Ὀιως
405 4668 462 4720 δὲ
506 4667 583 4736 μὴ
619 4669 727 4720 τῶν
760 4668 852 4720 ἐπὶ
903 4671 968 4737 τῇ
1002 4667 1141 4738 κόρῃ
1177 4667 1390 4736 μισθῶν
1435 4667 1752 4740 ἀποστερη-

175 4757 308 4827 Θείη,
358 4757 686 4828 διερεθίζειν
747 4757 912 4826 δῆθεν
948 4757 1128 4810 ἐδόκει
1161 4758 1256 4808 καὶ
1284 4755 1622 4822 ὑποκνίζειν,
1659 4757 1753 4809 καὶ

176 4854 247 4913 εἰς
281 4851 502 4904 πλείονα
563 4851 656 4901 τὸν
712 4848 865 4918 ἀγιον
890 4851 991 4920 τὴν
1027 4847 1326 4916 ἐπιθυμίαν
1364 4850 1627 4912 ἐκκαίειν,
1654 4847 1753 4919 τὴν

177 4943 336 5014 κόρην
393 4943 467 5013 μὴ
519 4942 709 5003 ἁπλῶς
765 4942 976 5012 ὡραίαν
1035 4941 1130 4994 καὶ
1161 4939 1332 5011 καλὴν
1382 4936 1521 4993 εἶναι
1554 4940 1751 5008 λέγων,

181 5035 304 5086 ἀλλὰ
341 5035 433 5086 καὶ
467 5035 576 5085 τῶν
608 5032 784 5087 ἀλλων
843 5031 1123 5100 γυναικῶν
1181 5030 1435 5085 τοσοῦτον
1466 5032 1750 5101 ἀμείνονα,

178 5127 278 5191 ὅτῳ
312 5127 399 5178 καὶ
429 5125 538 5177 τῶν
569 5125 775 5177 λοιπῶν
804 5124 1014 5177 ἀνθέων
1063 5124 1123 5176 τὸ
1172 5125 1323 5193 ῥόδον
1355 5125 1712 5194 φαιδρότερον
1736 5141 1748 5153 ⁸

179 5217 335 5285 δνομα
361 5220 416 5270 δὲ
449 5219 589 5286 αύτῂ
621 5216 832 5284 Μαρία.

251 5313 363 5364 Kl".
401 5310 589 5366 Ταῦτα
613 5309 706 5363 τοῦ
743 5310 1054 5379 πανδοχέως
1083 5311 1355 5376 εἰπόντος,
1389 5309 1630 5373 ἀκούσας
1655 5312 1749 5364 τοῦ

183 5391 430 5470 ὀνόματος
465 5405 492 5454 ὁ
535 5402 856 5472 Ἀδράμιος,
911 5401 1055 5468 ἔγνω
1094 5401 1302 5471 ταύτην
1358 5403 1572 5470 ἐκείνην
1608 5399 1750 5456 εἶναι

187 5495 354 5562 σαφῶς
407 5494 504 5547 καὶ
565 5496 751 5548 οὐκέτι
801 5493 1127 5556 ἔπιδοιάζων
1189 5490 1280 5565 ἦν,
1313 5494 1430 5547 ἀλλ’
1486 5494 1514 5546 δ
1553 5495 1750 5556 κόλπος

187 5586 328 5649 εὐθυς
375 5583 488 5656 εἶχε
522 5587 622 5656 τὴν
649 5588 806 5656 χεῖρα
858 5586 954 5638 καὶ
987 5586 1047 5638 τὸ
1074 5585 1321 5655 νόμισμα
1364 5585 1445 5656 τῷ
1487 5583 1750 5655 ξενοδόχῳ

189 5677 511 5740 καταϐαλὼν,
551 5678 769 5730 δεῖπνόν
822 5694 879 5730 τε
933 5677 1269 5748 παραθεῖναι
1311 5678 1406 5730 καὶ
1453 5677 1549 5748 τὴν
1581 5682 1748 5750 κόρην

191 5769 270 5824 In!
324 5771 380 5826 τὸ
435 5773 654 5827 δεῖπνον
716 5769 1009 5841 ἰξαγαγεῖν
1065 5771 1388 5841 ἐπιτρέπειν
1442 5769 1747 5835 πολυτελῶς

1856 4579 1935 4635 Ne
1963 4589 2142 4634 autem
2168 4581 2472 4646 privaretur
2501 4578 2769 4641 mercede,
2807 4592 2968 4646 quam
3020 4589 3236 4648 propter
3276 4579 3430 4646 puel-

1855 4670 1965 4726 lam
1998 4680 2115 4724 erat
2147 4669 2448 4732 habiturus,
2485 4668 2656 4723 visum
2688 4679 2770 4723 est
2798 4669 2870 4722 illi
2909 4684 3094 4724 senem
3136 4683 3431 4739 provocare

1856 4775 1910 4818 et
1943 4763 2194 4828 incitare,
2229 4773 2390 4832 atque
2423 4763 2487 4816 ad
2517 4763 2775 4831 majorem
2809 4764 3106 4817 accendere
3133 4763 3429 4827 libidinem.

1856 4857 2045 4912 dicens
2067 4870 2189 4910 esse
2217 4845 2432 4924 quidem
2469 4853 2698 4921 puellam
2727 4857 3025 4923 elegantem
3045 4863 3098 4906 et
3123 4855 3428 4921 pulchram,

1858 4957 1914 5002 et
1949 4948 2070 5002 aliis
2100 4946 2312 5001 feminis
2342 4955 2550 5000 tantum
2579 4947 3037 5016 pmstantiorem,
3057 4957 3317 5016 quantum
3348 4957 3434 5000 est

1856 5056 1983 5095 rosa
2009 5041 2180 5095 latior
2210 5039 2423 5096 caeteris
2447 5038 2671 5094 ﬂoribus
2703 5057 2715 5094 :
2747 5055 2943 5096 nomen
2993 5049 3173 5094 autem
3223 5039 3274 5095 ei
3307 5051 3431 5093 esse

1855 5129 2105 5185 Mariam.

1928 5308 2123 5366 χχιιι.
2155 5308 2280 5365 Hec
2317 5325 2439 5364 cum
2471 5311 2699 5365 dixisset
2725 5311 2973 5365 dominus
3001 5311 3308 5376 diversorii,
3332 5328 3428 5367 au-

1854 5403 1967 5459 dito
2020 5403 2260 5468 nomine,
2295 5403 2582 5456 Abramius
2632 5412 2817 5471 aperte
2860 5402 3111 5470 cognovit
3143 5404 3282 5456 hanc
3309 5416 3430 5458 esse

1851 5495 2023 5560 illam,
2057 5508 2232 5562 neque
2256 5494 2540 5548 dubitabat
2571 5494 2819 5563 amplius.
2855 5493 3010 5548 Manu
3061 5495 3224 5562 igitur
3273 5496 3324 5549 in
3355 5497 3428 5550 sl-

1854 5602 1979 5640 num
2010 5586 2277 5652 immissa,
2310 5595 2363 5640 et
2399 5601 2623 5640 nummo
2667 5586 2842 5641 soluto
2870 5587 3087 5642 domino
3115 5587 3426 5653 diversorii,

1847 5679 2000 5748 jubet
2049 5679 2228 5746 parari
2288 5692 2525 5742 (mnam,
2587 5689 2635 5730 et
2667 5679 2934 5735 introduci
2963 5679 3216 5750 puellam.
3255 5679 3427 5737 Coena

1856 5773 2040 5840 itaque
2104 5770 2326 5840 opipare
2359 5781 2566 5840 parata,
2608 5772 2890 5828 diversorii
2938 5771 3186 5829 dominus
3211 5771 3278 5826 ad
3302 5785 3428 5826 eum
