4208 6300
755 341 822 406 71

2041 345 2334 406 MENSIS
2370 345 2743 407 MARTIUS.

3957 351 4028 416 '72

756 460 940 519 educit
995 459 1251 530 puellam,
1291 473 1411 529 quae
1450 459 1609 514 valde
1644 467 1764 514 erat
1792 459 2047 526 delicata,
2080 461 2258 516 mollis
2287 471 2339 517 et

2445 463 2734 532 τοιγαροῦν
2765 462 2822 514 τδ
2846 462 3061 516 δεῖπνον
3082 463 3110 515 ὁ
3137 463 3433 532 πανδοκεὺς
3466 463 3813 534 εὐτρεπίσας,
3839 468 4026 538 ἐξάγει

757 556 1039 615 dissoluta.
1077 553 1252 620 Quam
1288 569 1410 608 cum
1463 555 1689 608 vidisset
1714 555 1792 609 sic
1835 557 2140 612 meretricie
2170 570 2339 610 orna-

758 659 865 703 tam
917 649 1229 709 Abramius,
1260 646 1424 700 corde
1451 647 1628 699 medio
1672 648 1949 701 sauciatur
1977 664 1991 702 :
2020 656 2075 703 et
2103 649 2338 703 conaba-

761 749 848 794 tur
873 739 1089 805 quidem
1118 737 1376 791 cobibere
1406 735 1694 807 lacrymas,
1721 751 1787 790 ne
1813 747 1993 791 actum
2025 743 2334 807 prodentes,

758 829 989 900 puellam
1040 828 1364 898 eﬂugarent,
1411 842 1598 882 earum
1635 838 1812 882 tamen
1869 829 2093 884 minime
2121 839 2337 895 poterat

759 923 953 977 sistere
980 920 1298 986 ﬂuxionem,
1323 921 1500 974 victus
1527 936 1555 974 a
1589 921 1791 976 doloris
1819 924 2163 990 necessitate,
2197 924 2336 980 unde

759 1017 925 1070 etiam
989 1016 1240 1083 guttatim
1293 1013 1718 1084 lacrymabatur,
1757 1015 1809 1068 in
1867 1014 2089 1069 alteram
2130 1029 2334 1085 partem

759 1119 1083 1161 convertens
1111 1105 1331 1173 faciem,
1363 1117 1417 1159 et
1469 1123 1496 1158 a
1542 1109 1694 1175 genis
1727 1107 1993 1174 repellens
2047 1107 2333 1177 lacrymas.

760 1199 835 1254 Ut
879 1209 1054 1252 autem
1114 1202 1273 1269 hujus
1306 1200 1379 1252 rei
1427 1215 1639 1253 onmem
1672 1199 1910 1253 auferret
1943 1200 2323 1270 suspicionem,

759 1292 1038 1346 amatoriis
1074 1294 1213 1360 apud
1246 1308 1366 1344 eam
1400 1294 1577 1346 verbis
1637 1294 1908 1355 utebatur,
1958 1293 2337 1360 aunuebatque

756 1394 812 1438 et
841 1388 1082 1440 suaviter
1130 1384 1427 1449 arridebat,
1460 1395 1512 1437 et
1557 1384 1664 1438 alia
1718 1385 1898 1437 omnia
1930 1384 2186 1450 faciebat,
2216 1399 2336 1453 qum

756 1487 980 1544 possunt
1045 1489 1360 1543 provocare,
1393 1485 1448 1528 et
1495 1475 1560 1528 ad
1609 1488 1850 1529 amorem
1880 1476 2200 1530 aCCendere.
2240 1476 2334 1529 llla

755 1577 936 1620 autem
980 1567 1216 1621 vicissim
1237 1566 1497 1620 Abramio
1539 1565 1796 1620 offerebat
1828 1567 2163 1628 osculum,et
2188 1577 2336 1620 arcte

757 1657 951 1712 collum
985 1661 1100 1726 ejus
1130 1659 1575 1725 amplectebatur.
1639 1659 1857 1712 lntcrim
1889 1674 2016 1712 vero
2051 1675 2170 1711 cum
2211 1676 2334 1712 sen-

754 1751 857 1806 sim
887 1753 1217 1806 redolentem
1245 1765 1523 1807 castorum
1554 1763 1607 1805 et
1630 1750 2006 1804 exercitationi
2029 1751 2332 1804 deditorum

2450 555 2547 624 τὴν
2577 555 2747 626 κόρην
2771 556 2855 607 ἐπ’
2889 555 3041 620 αὐτὸ,
3072 555 3389 626 θρυπτικῶς
3434 556 3492 610 εὖ
3538 560 3685 627 μάλα
3715 561 3808 615 καὶ
3840 561 4028 633 ἁϐρῶς

2447 661 2505 697 τε
2538 647 2631 698 καὶ
2657 646 2962 716 ἀνειμένως
2989 645 3243 715 ἔχουσαν,
3276 649 3342 718 ἣν
3380 647 3503 700 ἰδὼν
3526 648 3699 713 οὕτως
3733 652 4028 722 ἑταιρικῶς

2447 737 2912 808 διεσκευασμένην
2955 739 3276 809 Ἀδράμιος,
3308 741 3482 811 μέσην
3524 743 3889 810 τιτρώσκεται
3929 745 4028 816 τὴν

2447 830 2676 901 καρδίαν
2709 833 2801 883 καὶ
2838 834 2965 902 σιγῇ
2999 838 3100 897 μὲν
3136 834 3354 902 ἐπέχειν
3404 835 3663 904 ἐπειρᾶτο
3696 835 3765 888 τά
3790 834 4024 906 δάκρυα.

2449 923 2522 993 μὴ
2557 923 2942 990 φυγαδεύσωσι
2988 924 3088 994 τὴν
3122 926 3292 995 κόρην
3332 924 3392 977 τδ
3443 925 3628 995 δρᾶμα
3665 926 3985 996 μηνύσαντα
4011 945 4024 958 ·

2447 1015 2516 1065 τὰ
2537 1015 2594 1066 δὲ
2629 1017 2776 1084 ὅμως
2821 1017 3019 1084 στῆσαι
3049 1017 3148 1087 τὴν
3181 1018 3312 1087 ῥοὴν
3339 1018 3441 1072 οὐκ
3487 1019 3714 1088 ἠδύνατο
3747 1021 4029 1090 νικώμενα

2450 1107 2511 1174 τῇ
2551 1103 2646 1156 τοῦ
2702 1103 2910 1166 πάθους
2939 1104 3175 1177 ἀνάγκῃ,
3231 1105 3354 1158 ὅθεν
3379 1107 3648 1176 ἐδάκρυεν
3683 1108 3940 1169 ἀστακτὶ,
3969 1107 4030 1160 τὸ

2447 1197 2738 1266 πρόσωπον
2788 1197 2882 1249 ἐπὶ
2917 1197 3122 1268 θάτερα
3170 1201 3420 1267 στρέφων
3453 1201 3549 1252 καὶ
3584 1200 3650 1252 τὰ
3682 1201 3893 1270 δάκρυα
3917 1199 4026 1252 τῶν

2444 1288 2690 1357 παρειῶν
2744 1290 3156 1360 ἀπωθούμενος,
3216 1291 3333 1344 ἰνα
3396 1291 3452 1344 δὲ
3493 1293 3666 1362 κλέψῃ
3714 1295 3894 1347 πᾶσαν
3931 1293 4028 1346 ἐπὶ

2444 1379 2654 1431 τούτων
2687 1381 2969 1444 ὑπόνοιαν,
3006 1383 3101 1436 καὶ
3129 1384 3324 1451 λόγους
3351 1384 3487 1454 αὐτῇ
3520 1385 3799 1452 προσῆγεν
3835 1387 4031 1454 ἐρωτι-

2446 1471 2594 1532 κοὺς,
2633 1471 2848 1523 ὲνένευέ
2878 1489 2960 1537 τε,
2994 1477 3088 1527 καὶ
3115 1475 3216 1544 ἡδὺ
3245 1475 3576 1542 προσεγέλα,
3629 1481 3722 1530 καὶ
3773 1478 3894 1530 λίαν
3931 1480 4031 1532 tu-

2444 1561 2661 1628 αγωγδν
2700 1561 2941 1631 ἐμειδία,
2991 1564 3088 1614 καὶ
3144 1559 3317 1615 τᾶλλα
3370 1568 3548 1619 πάντα
3591 1567 3787 1632 ἐποίει,
3820 1570 4030 1636 ὅσαπερ

2444 1651 2736 1703 ὑποκνίσαι
2767 1655 2860 1704 καὶ
2890 1652 3190 1720 ἀναφλέξαι
3224 1654 3360 1722 πρδς
3394 1655 3573 1722 ἔρωτα
3625 1656 3868 1710 δύναται.
3917 1661 4030 1711 Κά-

2444 1745 2597 1815 κείνη
2649 1745 2810 1798 πάλιν
2872 1747 3187 1816 ἀντεπῆγεν
3248 1746 3534 1816 Ἀδραμὶῳ
3581 1749 3640 1799 τὸ
3693 1751 3904 1818 φίλημα
3936 1753 4030 1804 καὶ

759 1847 1125 1896 membrorum
1187 1842 1535 1912 fragrantiam
1587 1845 1863 1906 sensisset,
1899 1852 1954 1895 et
1984 1842 2103 1896 vita:
2137 1841 2333 1911 prioris

2445 1834 2846 1904 περιπλακεῖσα
2864 1837 3161 1904 προσφυῶς
3187 1837 3276 1889 τὸν
3309 1838 3585 1908 τράχηλον
3616 1841 4026 1910 κατησπάζετοι

755 1947 902 1991 esset
934 1937 1218 1992 recordata
1243 1947 1302 1990 et
1341 1936 1468 1989 boni
1507 1937 1797 2000 castitatis,
1835 1946 1938 1987 eta
1991 1937 2206 2002 quantis
2238 1936 2370 1988 bo--

752 2028 839 2080 nis
865 2029 1158 2081 excidisset
1189 2030 1405 2092 misera,
1442 2029 1594 2081 valde
1651 2027 2061 2096 lacrymabatur
2096 2036 2151 2081 et
2188 2027 2336 2096 inge-

753 2119 1040 2183 miscebat,
1100 2130 1190 2172 et:
1217 2117 1309 2172 Vae
1358 2120 1488 2172 mihi
1539 2120 1772 2184 miserae,
1802 2119 2042 2183 dicebat,
2072 2134 2150 2172 vae
2178 2119 2333 2184 mihi,

755 2227 874 2279 quae
919 2228 1039 2264 sum
1099 2211 1373 2280 implicata
1415 2221 1489 2266 tot
1552 2211 1772 2265 funibus
1834 2222 2205 2280 peccatorum.
2240 2210 2337 2265 Hei

757 2302 912 2364 tuibi,
947 2303 1074 2368 quid
1109 2301 1302 2371 agam?
1334 2301 1618 2368 Quomodo
1650 2317 1735 2354 me
1766 2316 1908 2353 nunc
1933 2311 2077 2354 terra
2112 2317 2218 2353 non
2248 2301 2338 2354 de-

755 2394 952 2447 vorat?
994 2393 1222 2460 Propter
1249 2408 1367 2458 qua:
1401 2393 1454 2444 in
1488 2406 1736 2461 magnam
1763 2392 2024 2445 adductus
2047 2391 2340 2444 dubitatio-

753 2502 875 2541 nem
905 2486 1160 2538 dominus
1187 2485 1495 2548 diversorii,
1537 2494 1594 2537 ut
1642 2485 1731 2552 qui
1762 2483 1893 2536 nihil
1951 2484 2115 2538 sciret
2146 2498 2334 2537 eorum

751 2595 872 2648 quas
917 2588 1306 2646 praecesserant
1355 2595 1367 2630 :
1419 2578 1600 2642 Maria,
1630 2577 1846 2632 domina
1903 2591 2043 2641 mea,
2101 2575 2334 2643 dicebat,

753 2670 857 2723 hoc
889 2679 1060 2722 totum
1093 2668 1294 2721 biennii
1335 2677 1548 2737 tempus
1572 2667 1684 2735 jam
1715 2677 1895 2720 tecum
1947 2669 2167 2734 degens,
2195 2682 2336 2718 nun-

754 2777 918 2831 quam
949 2769 998 2812 te
1033 2754 1238 2812 vidi-ad
1272 2768 1475 2812 tantam
1507 2761 1791 2812 adductain
1823 2757 2098 2810 tristitiam
2125 2767 2179 2810 et
2212 2757 2334 2810 ani-

755 2852 825 2904 mi
852 2844 1253 2919 aegritudinem.
1277 2847 1394 2902 Prae
1429 2848 1764 2902 dubitatione
1815 2849 2000 2916 itaque
2049 2847 2241 2902 deﬁcio
2283 2856 2339 2902 et

756 2945 1142 3008 contremisco,
1184 2944 1450 3010 cogitans,
1481 2941 1753 2996 undenam
1808 2953 1861 2996 et
1891 2957 2124 3011 quonam
2179 2942 2336 2996 modo

756 3039 868 3091 lucc
898 3036 1081 3090 dicere
1117 3035 1211 3088 tibi
1243 3038 1454 3089 venerit
1486 3036 1537 3087 in
1572 3043 1832 3091 mentem.
1866 3033 1956 3088 llla
1982 3044 2184 3097 autem,
2220 3045 2337 3087 tan-

754 3145 914 3198 quam
939 3130 987 3182 ei
1015 3142 1236 3182 causam
1262 3127 1612 3196 signiﬁcans:
1642 3126 1880 3191 Utinam,
1914 3128 2106 3194 inquit,
2127 3125 2336 3179 duobus

757 3221 914 3274 annis
949 3231 1076 3274 ante
1109 3219 1490 3273 decessissem.
1525 3218 1615 3274 Sic
1664 3219 1810 3274 enim
1846 3218 2069 3273 fuissem
2117 3217 2338 3271 omnino

756 3315 901 3368 inter
933 3313 1148 3367 beatas.

826 3487 1018 3543 XXIV.
1057 3488 1284 3557 Propter
1341 3488 1455 3542 btec
1505 3489 1708 3542 veritus
1765 3486 1982 3540 divinus
2023 3487 2339 3551 Abramius,

756 3596 824 3636 ne
856 3583 971 3652 ipse
999 3582 1259 3635 evaderet
1286 3579 1626 3642 utanifestus,
1669 3579 1861 3633 deinde
1894 3578 2176 3648 aufugeret
2230 3575 2336 3633 lilia

756 3675 880 3742 ejus
921 3673 1133 3739 fratris,
1164 3682 1224 3728 ut
1271 3687 1434 3742 quam
1495 3685 1685 3742 magna
1741 3672 1830 3726 illa
1863 3671 2136 3728 morderet
2166 3673 2340 3742 pani-

759 3771 951 3831 tentia,
978 3779 1033 3823 et
1095 3783 1214 3835 quae
1265 3782 1376 3820 non
1429 3767 1659 3832 amplius
1720 3765 1889 3819 ferret
1951 3781 2073 3820 eum
2121 3767 2338 3829 intueri,

758 3859 913 3924 cujua
965 3867 1229 3926 praecepta
1290 3867 1398 3908 tam
1443 3865 1632 3922 aperte
1687 3856 2122 3922 contempsisset,
2177 3865 2232 3910 et
2261 3858 2343 3910 sic

760 3949 1048 4020 aufugeret
1076 3949 1257 4018 prada
1281 3963 1344 4001 ex
1373 3949 1564 4002 mediis
1583 3948 1700 4017 ejus
1728 3948 1998 4010 manibus,
2024 3949 2340 4018 priusquam

757 4052 927 4098 totam
967 4055 1148 4096 escam
1175 4046 1482 4104 devoraret;
1517 4051 1570 4094 et
1603 4046 1892 4108 propterea
1912 4042 2098 4094 volens
2124 4057 2340 4096 omnem

762 4133 977 4188 auferre
1011 4133 1397 4200 suspicionem,
1433 4131 1824 4201 petulantiores
1859 4145 2041 4184 mores
2084 4132 2342 4185 amatoris

763 4227 1065 4294 suscipiens
1095 4241 1109 4279 :
1143 4225 1418 4292 Reprime,
1452 4224 1687 4288 dicebat,
1720 4237 1752 4276 o
1785 4221 1997 4289 mulier,
2025 4223 2139 4280 tunc
2167 4223 2341 4277 tristia

763 4316 949 4368 verba.
1003 4312 1120 4366 Non
1153 4316 1296 4366 enim
1335 4314 1457 4365 ideo
1495 4315 1598 4365 huc
1641 4315 2017 4376 convenimus,
2063 4324 2120 4366 ut
2161 4329 2344 4368 recor-

761 4406 973 4460 dareris
1008 4419 1220 4470 eorum,
1252 4418 1372 4471 quae
1417 4403 1613 4459 fecisti.
1654 4403 1716 4457 Et
1746 4419 2041 4460 conversus
2079 4405 2145 4458 ad
2173 4406 2346 4460 domi-

763 4514 890 4552 num
917 4497 1203 4551 diversorii
1237 4514 1251 4550 :
1281 4497 1488 4559 Amice,
1518 4499 1717 4563 inquit,
1758 4499 1898 4551 alter
1925 4500 2206 4553 uobiscito
2226 4513 2344 4566 qua:

763 4590 989 4659 parasti,
1028 4600 1085 4642 ut
1121 4588 1280 4642 ambo
1337 4587 1709 4657 collmtemur;
1745 4603 1776 4643 ο
1831 4589 2128 4658 longinquo
2175 4591 2343 4655 enim,

763 4692 824 4735 ut
860 4682 1032 4743 vides,
1060 4682 1264 4734 accessi
1295 4691 1517 4749 propter
1547 4681 1739 4747 ipsam.
1767 4679 1942 4735 Lauto
1981 4682 2164 4748 itaque
2191 4681 2348 4738 exhi-

763 4775 880 4829 bito
919 4773 1192 4839 convivio,
1219 4775 1310 4842 qui
1344 4784 1485 4825 tutos
1517 4773 1904 4841 quinquaginta
1949 4787 2128 4827 annos
2163 4788 2229 4827 ne
2256 4790 2348 4828 su-

764 4865 1036 4920 stinuerat
1067 4866 1283 4932 quidem
1309 4865 1554 4932 aspicere
1598 4865 1904 4927 mulierem,
1936 4875 1991 4917 et
2019 4880 2116 4918 nec
2154 4881 2345 4933 pauent

764 4956 1006 5025 quidem,
1044 4970 1141 5009 nec
1169 4970 1390 5024 nquam,
1426 4971 1544 5023 quae
1569 4966 1697 5008 sunt
1743 4957 1976 5008 maxime
2013 4959 2342 5020 necessaria,

764 5060 1071 5116 sumpserat
1099 5049 1166 5102 ad
1221 5047 1553 5112 satietatem,
1611 5049 1796 5102 vinum
1827 5050 1979 5110 bibit.
2005 5060 2059 5103 et
2108 5051 2346 5106 vescitur

765 5143 1045 5203 carnibus,
1071 5151 1123 5193 et
1157 5142 1475 5195 convivatur
1515 5156 1635 5193 cum
1690 5143 1993 5196 meretrice.
2039 5140 2170 5196 Nam
2219 5146 2346 5196 bea-

771 5243 882 5286 tum
939 5247 1153 5302 quoque
1202 5231 1680 5296 sciebatPaulum,
1716 5235 1781 5287 ad
1827 5249 1985 5302 quem
2018 5236 2131 5302 ipse
2173 5237 2348 5290 intue-

771 5325 952 5389 batur,
983 5333 1038 5378 et
1087 5324 1244 5392 cujus
1305 5324 1576 5379 viscerum
1610 5334 1662 5378 et
1716 5325 1811 5378 zeli
1845 5328 2207 5382 contendebat
2229 5341 2348 5382 esse

773 5419 1036 5484 imitator,
1088 5431 1147 5470 se
1207 5417 1500 5486 aliquando
1546 5418 1880 5487 purificasse,
1909 5430 1966 5474 et
1987 5429 2154 5488 eaput
2182 5423 2346 5474 etiam

776 5512 994 5576 rasisse,
1022 5513 1368 5568 Timotheum
1398 5515 1562 5568 etiam
1613 5514 2042 5580 circumeidisse,
2074 5525 2129 5572 et
2181 5518 2252 5571 ita
2281 5533 2350 5573 ne

773 5605 1054 5661 Jodaismo
1104 5605 1322 5675 quidem
1372 5609 1730 5677 perpercisse,
1765 5616 1823 5662 ut
1846 5609 2092 5666 inﬁdeles
2137 5611 2350 5668 animas

780 5700 1082 5753 attraheret
1106 5701 1171 5753 ad
1205 5701 1488 5768 pietatem.

856 5785 1021 5842 XXV.
1051 5788 1184 5844 Cum
1221 5792 1298 5846 sic
1320 5807 1449 5860 ergo
1475 5803 1657 5848 essent
1705 5795 1996 5861 convivali,
2022 5812 2081 5854 se
2113 5798 2348 5854 invicem

2379 4536 2421 4592 D

2441 1927 2496 1979 ἑν
2526 1927 2698 1995 τούτῳ
2720 1928 2776 1979 δὲ
2809 1929 2907 1995 τῆς
2937 1929 3249 1997 ἀποξούσης
3275 1931 3381 1984 τῶν
3407 1933 3586 1998 ἁγνῶν
3620 1950 3680 1984 τε
3727 1937 3819 1985 καὶ
3851 1935 4028 2004 ἀσκη-

2441 2021 2609 2072 τικῶν
2643 2020 2826 2089 μελῶν
2881 2020 3113 2082 εὐωδίας
3161 2023 3345 2091 ἡρέμα
3407 2022 3805 2094 ὐπαισθομένη,
3838 2024 3938 2093 τῆς
3971 2042 4031 2078 τε

2441 2115 2721 2186 προτέρας
2783 2116 3064 2178 πολιτείας
3139 2116 3557 2187 ἀναμνησθεῖσα
3622 2120 3716 2170 καὶ
3786 2118 3880 2173 τοῦ
3932 2120 4031 2188 τῆς

2441 2207 2663 2274 ἁγνείας
2689 2207 2856 2259 καλοῦ
2891 2208 2986 2259 καὶ
3016 2207 3145 2260 οἴων
3197 2211 3228 2277 ὴ
3259 2209 3531 2277 δυστυχὴς
3586 2209 3844 2274 ἐξέπεσεν
3892 2213 4030 2278 ἀγα-

2443 2294 2573 2359 θῶν,
2606 2297 2834 2365 ὲδάκρυε
2867 2295 3009 2365 μάλα
3044 2296 3274 2365 θερμὸν,
3306 2301 3399 2349 καὶ
3437 2300 3721 2364 ὑπέστενε,
3755 2301 4030 2364 κα“ι,οῦαί

2445 2404 2555 2456 μοι,
2586 2386 2761 2454 ἔλεγε,
2796 2391 2862 2456 τῇ
2888 2387 3090 2458 ἀθλίᾳὶ
3129 2389 3253 2440 οὐαί
3291 2407 3404 2457 μοι,
3439 2393 3504 2459 τῇ
3540 2391 3810 2443 τοσούτων
3846 2395 4031 2461 ἀμαρ-

2441 2483 2701 2551 τημάτων
2729 2481 2938 2551 σχοινία
2960 2483 3325 2554 περικειμένῃ
3348 2483 3358 2534 !
3384 2483 3554 2552 οἴμοι,
3589 2485 3639 2536 τί
3663 2486 3845 2551 δράσω
3870 2504 3883 2547 ι
3913 2487 4030 2548 πῶς

2440 2575 2540 2625 οὐκ
2575 2574 2640 2625 ἄν
2670 2591 2737 2642 με
2769 2573 2864 2628 νῦν
2901 2576 2931 2642 ἡ
2981 2574 3052 2641 γῆ
3087 2576 3375 2638 καταπίοι;
3412 2575 3526 2642 Ἐφ’
3559 2570 3638 2638 οἷς
3667 2579 3693 2627 ό
3728 2578 4030 2647 πανδεχεῦς

2439 2665 2842 2734 ἀπορούμενος,
2877 2659 2963 2716 οἷα
2998 2666 3131 2734 μηδὲ
3169 2666 3326 2729 εἰδώς
3379 2685 3430 2719 τι
3463 2670 3570 2722 τῶν
3601 2669 3986 2736 προλαϐόντων
4013 2687 4026 2702 ο

2440 2759 2653 2829 Μαρία,
2693 2761 2903 2828 Μαρία,
2963 2760 3150 2827 κυρία,
3189 2760 3364 2827 ἔλεγε,
3398 2761 3545 2831 διετῆ
3580 2764 3641 2830 δὴ
3686 2763 3875 2814 τοῦτον
3901 2763 4028 2831 ἄρτι

2442 2851 2744 2917 συνδιαγων
2781 2867 2863 2902 σοι
2907 2849 3126 2918 χρόνον,
3165 2851 3422 2903 οὐδέποτέ
3457 2869 3512 2904 σε
3569 2853 3705 2921 πρὸς
3760 2855 4030 2922 τοσαύτην

2441 2942 2748 3010 κατήφειαν
2782 2941 2878 2992 καὶ
2907 2941 3146 3010 ἀθυμίαν
3180 2937 3316 2992 εἶδον
3348 2944 3765 3012 κατενεχθεῖσαν
3788 2958 3799 2970 ·
3835 2943 4026 2996 ἐκλύο-

2445 3051 2545 3102 μαι
2576 3031 2670 3085 οῦν
2708 3034 2810 3084 ὑπὸ
2849 3033 2947 3100 τῆς
2977 3034 3212 3102 ἀπορίας
3244 3035 3338 3086 καὶ
3361 3035 3570 3104 τρέμω,
3603 3036 3769 3086 πόθεν
3802 3037 3912 3106 ἄρα
3935 3038 4030 3089 καὶ

2441 3131 2589 3193 ὅπως
2619 3129 2842 3182 τοιαῦτα
2872 3127 3051 3195 λέγειν
3071 3128 3272 3198 ἐπῆλθέ
3307 3145 3408 3180 σοι.
3451 3128 3514 3180 Ἢ
3545 3129 3621 3194 δὲ,
3655 3128 3846 3198 ῶσπερ
3878 3127 4028 3198 αὐτῷ

2442 3222 2786 3292 γνωρίζουσα
2840 3224 2939 3291 τὴν
2975 3221 3156 3272 αἰτίαν
3183 3236 3196 3250 ’
3245 3219 3389 3272 Διότι
3419 3219 3509 3290 [Ti
3536 3219 3702 3290 6n?].
3742 3221 3900 3291 φησὶ,
3951 3223 4028 3290 μὴ

2445 3315 2552 3382 πρὸ
2589 3314 2728 3366 δύων
2771 3314 2976 3366 τούτων
3011 3302 3344 3381 ἐτελεύτησά
3375 3312 3618 3380 χρόνωνί
3651 3311 3793 3365 οὕτω
3821 3314 3927 3384 γὰρ
3958 3314 4024 3368 ἂν

2448 3408 2597 3475 ἥμην
2623 3406 2839 3466 πάντως
2867 3406 2924 3456 έν
2962 3403 3286 3472 μακαρίαις.

2515 3499 2639 3552 KA'.
2680 3497 2822 3569 Πρὸς
2856 3496 3029 3549 ταῦτα
3065 3495 3261 3558 δείσας
3315 3497 3343 3549 ὁ
3377 3495 3521 3568 ἱερὸς
3568 3496 3884 3568 Ἀϐρὰμιος,
3953 3500 4029 3568 μὴ

2443 3591 2534 3643 καὶ
2561 3591 2724 3651 αὐτὸς
2752 3589 2964 3656 γένοιτο
2985 3588 3166 3655 δῆλος,
3190 3583 3308 3639 εἶτα
3333 3590 3515 3656 φυγὰς
3545 3591 3744 3658 οἴχοιτο
3767 3593 3799 3660 ἡ
3829 3593 4028 3661 ἀνεψιὰ

2444 3682 2549 3733 ὑπὸ
2586 3682 2683 3749 τῆς
2709 3679 2912 3748 πολλῆς
2936 3679 3154 3747 ἐκείνης
3186 3679 3498 3750 δακνομένη
3534 3681 3904 3749 μεταμελείας
3933 3683 4030 3735 καὶ

2449 3772 2641 3843 μηκέτι
2667 3772 2908 3843 φέρουσα
2961 3771 3185 3843 βλέπειν
3229 3773 3418 3835 αὐτὸν,
3467 3768 3527 3827 οῦ
3551 3773 3648 3835 τὰς
3676 3772 3896 3836 ἐντολὰς
3921 3771 4030 3829 οἶδε

2445 3864 2695 3933 φανερῶς
2725 3864 3037 3933 ἁθετήσασα
3092 3867 3186 3916 καὶ
3210 3867 3383 3928 οὕτως
3413 3868 3477 3918 ὲκ
3512 3869 3692 3936 μέσων
3719 3868 3883 3921 αὑτὸν
3917 3888 4030 3940 χει-

2448 3953 2557 4023 ρῶν
2616 3956 2677 4006 τὸ
2731 3956 2954 4025 θήραμα
3006 3956 3260 4024 διαφύγοι
3303 3959 3434 4028 πρὶν
3482 3959 3602 4011 ὅλον
3644 3962 3904 4016 καταπίοι
3971 3965 4032 4015 τὸ

2441 4048 2668 4118 δέλεαρ,
2697 4050 2790 4100 καὶ
2818 4050 2999 4101 πᾶσαν
3028 4050 3117 4104 διά
3138 4050 3296 4105 τοῦτο
3319 4051 3643 4122 βουλόμενος
3664 4055 3873 4108 ἀνελεῖν
3896 4057 4032 4109 ὑπο-

2444 4139 2598 4208 ψίαν,
2622 4141 2703 4203 είς
2728 4140 3128 4214 αὐθαδέστερον
3160 4144 3401 4211 ἐραστοῦ
3445 4145 3646 4213 τρόπον
3671 4145 3994 4214 μεταόαλὼν
4015 4163 4029 4178 ο

2450 4232 2671 4295 Ἐασον,
2730 4231 2937 4301 ἔλεγεν,
2993 4235 3218 4304 ἐπίσχες
3274 4237 3342 4288 τὰ
3381 4235 3683 4306 σκυθρωπὰ
3713 4239 3870 4289 ταυτὶ
3928 4240 4031 4308 ρή-

2449 4340 2616 4394 ματα,
2647 4323 2849 4391 γύναιο
2870 4324 2931 4375 οὐ
2985 4325 3093 4392 γὰρ
3123 4326 3216 4376 ἐπὶ
3246 4325 3423 4394 τούτῳ
3474 4326 3834 4395 συνήλθομεν,
3886 4327 4030 4381 ὥστε

2449 4431 2508 4466 σε
2539 4417 2780 4483 τήμερον
2819 4413 3230 4484 ἀναμνησθῆναι
3284 4417 3393 4469 τῶν
3449 4419 3880 4488 πεπραγμένων.
3919 4422 4032 4474 Καὶ

2450 4507 2586 4576 πρὸς
2632 4507 3054 4580 ,τδνπανδοχέα
3112 4510 3302 4564 λοιπὸν
3352 4511 3721 4583 ἐπιστρέψας·
3788 4513 4030 4587 Ἑταῖρε,

2452 4599 2615 4650 πότον
2639 4600 2764 4654 τινά
2791 4602 2885 4653 κα)⁵
2915 4598 3072 4664 αὖθις
3104 4603 3239 4672 ημῖν
3282 4605 3681 4673 συγκρότησον,
3716 4606 3842 4677 ἔφη,
3880 4609 4031 4671 ὃπως

2451 4691 2767 4762 ἀμφότεροι.
2809 4694 3242 4762 συνησθείημενο
3288 4696 3571 4767 πόρρωθεν
3608 4700 3735 4768 γὰρ,
3769 4700 3844 4761 ὠς
3872 4701 4028 4770 δρᾷς,

2452 4782 2684 4852 πάρειμι
2717 4780 2782 4833 δι’
2823 4783 3024 4854 αὐτὴν·
3061 4784 3155 4836 τοῦ
3191 4785 3355 4839 πότου
3389 4789 3684 4860 τοιγαροῦν
3717 4791 4030 4854 πολυτελῶς

2453 4875 2823 4942 τελεσθέντος,
2872 4881 2899 4931 ὁ
2957 4879 3087 4950 παρ’
3141 4880 3294 4944 ὅλους
3377 4884 3717 4951 πεντήκοντα
3803 4885 4031 4954 χρόνους

2457 4967 2594 5036 μηδὲ
2675 4972 2933 5038 γυναικὸς
2995 4974 3372 5042 ἀνασχόμενος
3445 4974 3603 5044 ὄψιν,
3659 4976 3793 5045 μηδὲ
3865 4978 4034 5049 ἄρτου

2452 5061 2582 5112 ποτε
2664 5063 2799 5129 μηδὲ
2886 5063 3075 5125 ὓδατος
3142 5066 3249 5116 τῶν
3341 5067 3791 5134 ἀναγκαιοτάτων
3857 5085 4030 5138 μετα-

2454 5151 2596 5223 σχὼν
2620 5153 2744 5222 ἄχρι
2777 5155 2961 5224 κόρου,
3003 5157 3148 5208 οἴνου
3179 5159 3272 5209 καὶ
3308 5159 3486 5227 κρεῶν
3529 5161 3776 5211 κοινωνεῖ
3805 5164 3900 5214 καὶ
3934 5179 4032 5231 γυ-

2454 5247 2603 5300 ναικὶ
2622 5247 2794 5319 πόρνῃ
2815 5251 3180 5313 συνεστιᾶται,
3212 5252 3337 5304 ἐπεὶ
3378 5252 3470 5305 καὶ
3508 5253 3874 5321 ἀγνισάμενον
3912 5256 4030 5325 ᾔδει

2454 5342 2585 5392 ποτὲ
2600 5341 2693 5391 καὶ
2708 5343 2798 5391 τὸν
2820 5342 3090 5412 μακάριον
3114 5343 3349 5406 Παῦλον,
3371 5344 3508 5397 ἀλλά
3528 5348 3622 5395 καὶ
3641 5343 3788 5412 ξυρῷ
3809 5348 3944 5416 πρὸς
3960 5351 4026 5418 τῇ

2453 5433 2663 5502 κεφαλῇ
2687 5436 3049 5504 χρησάμενον,
3071 5438 3205 5508 πρδς
3226 5436 3284 5489 δν
3304 5431 3454 5500 οὗτος
3473 5437 3618 5508 δῶρα
3643 5440 3738 5490 καὶ
3756 5433 3818 5493 οὗ
3854 5458 4031 5510 μιμη-

2455 5524 2551 5590 τὴς
2571 5525 2677 5577 τῶν
2697 5527 3018 5596 σπλάγχνων
3037 5532 3126 5582 καὶ
3150 5529 3238 5582 τοῦ
3255 5530 3414 5601 ζήλου
3441 5533 3854 5597 καθίστατο,καὶ
3873 5548 4033 5604 περι.

2453 5613 2687 5681 τεμόντα
2717 5613 2978 5683 Τιμόθεον
3003 5620 3093 5670 καὶ
3122 5617 3293 5682 οὕτως
3338 5621 3676 5691 Ὶουδαῖσμοῦ
3709 5623 3784 5694 μὴ
3834 5625 4033 5690 φεισά-

2458 5721 2637 5775 μενον,
2666 5706 2752 5757 ῖνα
2783 5706 2958 5777 ψυχὰς
2987 5710 3252 5775 ἀπίστους
3278 5711 3479 5784 ἑλκύσῃ
3515 5716 3651 5785 πρὸς
3694 5715 4030 5773 θεοσέϐειαν.

2526 5797 2653 5852 κεν.
2683 5796 2841 5852 Οὕτω
2895 5803 3186 5871 τοιγαροῦν
3239 5808 3703 5874 συνεστιαθέντες,
3737 5808 4031 5885 λαϐόμενοι
