4208 6300
167 322 239 383 73
684 274 692 281 ’
1492 315 1672 377 vm
1713 314 1775 372 s.
1816 309 2165 370 ABRAMII.
3362 315 3434 379 τι

170 435 261 505 τῆς
280 433 467 507 χειρὸς
494 431 744 502 ἀλλήλων
772 431 851 495 είς
884 430 972 485 τὸν
1000 429 1265 485 ἐνδοτάτω
1295 430 1541 484 οἰκίσκον
1577 429 1740 501 εἰσέρ-

1866 441 2028 481 manu
2059 423 2414 495 accipientes,
2441 424 2494 479 in
2528 423 2773 478 intimam
2800 422 3175 492 ingrediuntur
3203 428 3435 483 domum

166 542 345 598 κοντα,
368 538 383 553 .
420 524 645 594 ἑστήκει
678 523 733 576 δέ
768 541 850 584 τις
880 524 939 575 ἐν
972 520 1146 592 τούτῳ
1174 522 1351 593 κλίνη,
1400 525 1659 595 μαλακῶς
1688 522 1748 582 εὖ

166 619 306 685 μάλα
336 621 430 669 τὸν
462 616 864 671 κατακλιθέντα
895 615 1171 687 δυναμένη
1222 618 1631 674 διαναπαῦσαι·
1665 624 1752 693 ἐφ’

161 704 225 779 ἧς
248 710 582 772 καθίσαντος
603 709 784 780 ἁϐρῶς
820 708 1255 780 Ἀδραμίου,τοῦ
1284 717 1540 785 στρωμνῇ
1568 716 1655 768 ἀεὶ
1683 720 1749 788 τῇ

162 803 229 870 γῇ
285 803 678 871 κεχρημένου·
749 800 988 868 Ἐπίδος,
1042 804 1074 872 ἡ
1132 804 1267 873 κόρη
1307 806 1461 875 φησὶ,
1497 808 1753 864 ὑπολύσω

162 909 255 947 σου
282 896 352 946 τὰ
396 894 749 963 ὑποδήματα.
796 895 856 947 ’0
886 895 942 947 δὲ
971 895 1068 963 τὴν
1111 894 1281 965 θύραν
1324 897 1547 966 μοχλοῖς
1576 901 1755 970 ἀσφα.

159 982 415 1037 λίσασθαι
436 985 705 1056 πρότερον
731 986 1030 1049 ἐπιτάττει,
1055 987 1313 1056 κάκείνης
1337 990 1405 1042 τά
1426 990 1752 1063 ὑποδήματα

163 1077 364 1147 μᾶλλον
423 1077 694 1131 ὑπολῦσαι
728 1079 1087 1149 σφοδρότερον
1128 1081 1480 1153 ἐγκειμένης,
1511 1085 1538 1137 ὁ
1573 1086 1754 1155 μακά-

161 1183 271 1237 ριος
299 1166 411 1219 οὐκ
430 1169 699 1238 ἠνείχετο.
753 1169 1047 1222 Πεισθεῖσα
1095 1169 1279 1224 τοίνυν
1304 1174 1489 1244 ἐκείνη
1529 1176 1622 1228 καὶ
1654 1176 1752 1248 τὴν

158 1259 337 1329 θύραν,
356 1260 623 1329 ἀσφαλῶς
656 1261 1112 1333 ἐπικλεισαμένη,
1144 1265 1541 1333 περιπλέκεται
1578 1285 1750 1338 προσ-

155 1349 310 1412 φυῶς
342 1350 424 1421 τῷ
457 1352 622 1423 ἁγίῳ.
670 1352 825 1405 Ἐπεὶ
852 1352 913 1405 δὲ
936 1348 1078 1406 εἶδεν
1119 1356 1176 1407 ἐν
1211 1354 1443 1427 ἀφύκτῳ
1481 1358 1749 1430 ἐχομένην

164 1440 472 1513 ’Ᾱσράμιος
513 1446 608 1497 καὶ
639 1432 813 1507 οὕτως
844 1445 995 1508 ἐντὸς
1016 1444 1243 1517 ἀρκύων
1266 1447 1326 1500 τὸ
1358 1448 1602 1521 θήραμα,
1627 1453 1748 1505 τότε

156 1533 219 1604 δὴ
248 1538 311 1588 τὸ
345 1536 444 1588 τοῦ
475 1537 709 1607 ἐραστοῦ
743 1539 1090 1606 προσωπεῖον
1114 1540 1409 1594 ἀποϐαλὼν
1443 1546 1535 1596 καὶ
1569 1546 1750 1601 πᾶσαν

156 1628 379 1699 ἐκείνην
438 1633 541 1701 τὴν
603 1632 809 1702 σκηνὴν
841 1634 935 1685 καὶ
968 1634 1069 1702 τὴν
1110 1634 1406 1707 ὑπόκρισιν
1439 1639 1625 1710 ῥίψας,
1655 1643 1750 1697 τὸν

156 1717 303 1769 ἔνδον
354 1719 499 1788 αὐτῇ
556 1722 940 1787 ἀνακαλύπτει,
974 1724 1406 1794 Ἀὄράμιον,καὶ
1436 1730 1527 1782 τὸν
1567 1731 1655 1784 ἐπὶ
1681 1734 1745 1805 τῇ

1859 518 2056 573 culum.
2096 515 2155 570 ln
2193 531 2253 573 ea
2291 526 2472 570 autem
2510 516 2932 586 stabatquidam
2968 517 3166 583 lectus,
3201 520 3438 577 molliter

1857 617 2066 663 stratus
2092 610 2160 663 ad
2200 607 2478 677 quietem:
2522 609 2575 662 in
2618 622 2725 677 quo
2776 622 2896 664 cum
2938 609 3171 665 molliter
3207 612 3442 669 sedisset

1856 703 2172 766 Abramins.
2200 702 2289 772 qui
2325 715 2539 772 semper
2584 710 2729 757 terra
2780 717 2909 758 usus
2933 714 3049 758 erat
3082 718 3180 773 pro
3213 717 3387 763 strato
3420 728 3434 763 :

1857 792 2009 859 Sine,
2041 793 2216 863 inquit
2248 792 2447 863 puella,
2479 802 2535 847 ut
2564 793 2663 848 tibi
2696 795 2899 849 solvam
2952 795 3180 853 calceos.
3213 798 3306 854 llle
3341 816 3440 854 au-

1860 894 1970 939 tem
2030 886 2189 956 jubet
2223 886 2374 955 prius
2421 897 2627 941 vectem
2658 887 2781 941 obdi
2815 887 3047 945 foribus.
3075 891 3319 962 Cumque
3350 894 3438 947 illa

1856 976 2088 1033 instaret
2110 978 2500 1042 vehementius,
2530 991 2591 1035 ut
2614 981 2761 1051 prius
2792 984 3030 1042 solveret
3049 990 3285 1055 calceos,
3308 992 3437 1048 bea-

1857 1080 1941 1126 tus
1968 1072 2257 1128 Abramius
2288 1088 2392 1128 non
2415 1076 2692 1133 sustinuit.
2723 1076 2961 1134 Tandem
2983 1095 3113 1152 ergo
3145 1098 3435 1155 persuasa,

1856 1180 1980 1221 cum
2007 1167 2203 1221 ostium
2240 1177 2354 1224 tuto
2403 1169 2711 1239 clausisset,
2769 1175 2834 1229 ad
2881 1187 3126 1231 sanctum
3178 1183 3438 1238 accessit.

1854 1259 2147 1332 Postquam
2181 1278 2311 1319 vero
2342 1278 2459 1319 eam
2494 1281 2588 1337 per
2617 1283 2835 1324 manum
2875 1272 3019 1340 cepit
3057 1272 3347 1330 Abramius
3385 1283 3441 1330 et

1851 1349 1987 1404 vidit
2009 1367 2126 1406 eam
2151 1369 2259 1408 non
2288 1370 2447 1424 posse
2464 1357 2695 1427 amplius
2718 1358 2974 1431 eﬂ'ugere,
2994 1371 3041 1419 et
3063 1363 3174 1433 jam
3200 1368 3437 1436 pra-dam

1849 1454 1970 1497 esse
1997 1444 2200 1499 retibus
2234 1446 2530 1516 irretitum,
2566 1459 2693 1507 tunc
2727 1456 2984 1509 amatoris
3020 1471 3307 1525 personam
3340 1459 3437 1515 de-

1852 1546 2083 1603 ponens,
2112 1545 2166 1590 et
2214 1537 2477 1609 abjiciens
2526 1556 2743 1599 omnem
2783 1560 3003 1602 scenam
3041 1557 3096 1604 et
3127 1549 3437 1609 simulatio-

1853 1643 1998 1693 nem,
2050 1630 2141 1700 qiti
2201 1633 2528 1692 intrinsecus
2577 1636 2801 1707 latebat,
2856 1643 3030 1713 aperit
3060 1642 3433 1703 Abramium:

1852 1730 1907 1775 et
1934 1720 2114 1778 ablato
2148 1724 2308 1794 pileo,
2338 1743 2498 1798 quem
2522 1729 2755 1785 habebat
2800 1732 2852 1786 in
2887 1736 3087 1804 capite,
3114 1748 3169 1793 et
3194 1742 3438 1810 graviter

156 1809 369 1879 κεφαλῇ
429 1815 530 1883 τῆς
565 1814 796 1884 ἀνεψιᾶς
830 1815 1037 1885 κόσμον
1078 1818 1350 1888 περιελὼν
1388 1821 1482 1874 καί
1517 1823 1740 1894 τι.βαρῦ

1853 1815 2172 1884 suspirans:
2210 1819 2315 1873 Cor
2362 1834 2564 1889 meum,
2610 1824 2808 1895 inquit,
2845 1825 3036 1896 Maria,
3073 1809 3254 1887 nescis
3287 1835 3438 1905 quis-

154 1904 246 1954 καὶ
279 1906 592 1971 περιπαθὲς
621 1905 933 1975 ἀνοιμώξας
954 1922 968 1936 ⁸
996 1908 1316 1977 Σπλάγχνον
1367 1929 1496 1980 μου,
1531 1915 1743 1984 Μαρία,

154 1994 309 2059 φησι,
374 1994 478 2045 οὐκ
533 1991 677 2055 οἶδας
711 1996 861 2058 ὅστις
891 1996 1036 2064 ἐγώ;
1092 2000 1193 2051 οὐκ
1234 2001 1630 2068 ἐπιγινώσκεις
1655 2006 1746 2057 τὸν

154 2084 436 2152 σνγγενῆ;
479 2086 543 2138 Τί
577 2102 658 2139 σοι
694 2087 825 2157 ἀρα,
856 2088 1004 2161 ψυχὴ
1034 2090 1167 2160 ἐμὴ,
1188 2091 1248 2144 τὸ
1298 2094 1514 2160 σνμόἀν
1539 2112 1553 2160 ;
1582 2096 1664 2160 τίς
1717 2098 1746 2151 ὁ

153 2173 292 2243 πρὸς
321 2176 610 2230 ἀπώλειαν
646 2178 936 2249 ὑποσύρας
966 2197 1025 2234 σε
1050 2197 1064 2247 ;
1101 2183 1209 2243 ποῦ
1238 2185 1332 2237 νῦν
1358 2187 1419 2238 τὸ
1454 2186 1747 2256 ἀγγελικῦν

151 2267 330 2319 ἐκεῖνο
367 2268 558 2338 σχῆμα
608 2272 707 2337 τῆς
743 2272 1066 2342 παρθενίας,
1124 2275 1228 2329 ποῦ
1264 2279 1290 2330 ὁ
1325 2278 1748 2351 ἐσταυρωμένος

154 2357 307 2427 βίο;;
364 2362 472 2413 ποῦ
514 2362 574 2415 τὸ
610 2366 708 2433 τῆς
745 2365 1096 2429 κατανύξεως
1146 2368 1423 2436 δάκρυον;
1463 2373 1582 2435 πῶς
1636 2375 1746 2425 ἀπὸ

148 2452 413 2504 τοσούτου
465 2454 574 2505 τῶν
636 2455 847 2523 ἀρετῶν
904 2456 1073 2524 ὕψους
1129 2458 1475 2529 είςέσχατον
1526 2464 1744 2534 ἀπάτης

150 2539 431 2609 βάραθρον
463 2542 808 2613 κατηνέχθης
836 2560 849 2608 ;
879 2544 1021 2597 διατί
1052 2546 1127 2616 μή
1162 2564 1251 2617 μοι
1284 2550 1383 2621 τὴν
1429 2552 1744 2623 ἀκήρυκτον

148 2633 371 2701 ἐκείνην
419 2633 516 2686 τοῦ
564 2635 761 2709 ἐχθροῦ
799 2638 979 2708 μάχην
1010 2640 1350 2713 ἐγνώρισαςς
1390 2646 1543 2699 Διατί
1576 2648 1650 2719 μὴ
1685 2648 1746 2702 τὺ

148 2724 392 2795 χαλεπὸν
449 2728 631 2781 ἐκεῖνο
666 2730 867 2801 πτῶμα
907 2732 1063 2803 παρὰ
1096 2735 1263 2797 πόδας
1292 2737 1456 2799 εὐθὺς
1510 2740 1743 2810 ἐθριάμ-

148 2818 393 2887 ϐευσαςς
439 2823 660 2885 πάντως
713 2824 779 2877 ἂν
809 2824 920 2893 ἐγώ
957 2842 1038 2878 σοι
1090 2828 1182 2879 καὶ
1244 2830 1271 2881 ὁ
1304 2829 1455 2896 φίλος
1504 2830 1744 2901 Ἐφραὶμ

145 2909 383 2982 δάκρυσι
411 2915 504 2965 καὶ
535 2914 753 2982 δεήσεσι
793 2916 861 2968 τὰ
894 2918 1031 2985 πρὸς
1060 2917 1151 2971 τὸν
1198 2919 1331 2973 Θεὸν
1387 2922 1741 2993 διεπρεσδευ-

148 3004 365 3072 σάμεθα
386 3021 400 3033 ·
431 3006 574 3057 ίνατί
602 3005 858 3058 τοσοῦτον
894 3009 1221 3079 ἐμάκρννας
1262 3012 1357 3080 ἀφ’
1409 3015 1568 3083 ἡμῶν
1589 3031 1625 3081 ;.
1652 3016 1743 3068 καὶ

148 3097 293 3150 ἱνατί
319 3098 633 3169 ἐπελήσθην
666 3100 773 3152 ἀπὸ
814 3100 931 3165 σοῦ,
977 3102 1050 3164 ὼς
1086 3103 1194 3156 ἀπὸ
1235 3103 1463 3173 καρδίας
1513 3106 1740 3175 νεκρὸςς

146 3192 213 3244 Τί
236 3191 505 3245 τοσοῦτον
534 3193 708 3257 ἑάλως
758 3197 822 3263 τῇ
869 3196 1204 3263 ἀπογνώσει,
1239 3197 1361 3267 ἥτις
1398 3197 1515 3250 ἐστὶ
1552 3203 1615 3251 τὸ
1647 3200 1742 3252 τοῦ

144 3284 389 3354 πονηροῦ
455 3283 700 3351 ἄφυκτον
758 3284 1078 3355 ἄγκιστρον,
1138 3285 1217 3349 ὡς
1272 3286 1407 3357 μηδὲ
1462 3286 1743 3356 φείδεσθαι

145 3374 335 3427 λοιπὸν
372 3375 598 3446 ἑαυτῆς,
633 3377 770 3429 ἀλλά
804 3376 871 3429 τὰ
906 3377 1016 3428 τῶν
1059 3379 1360 3448 αἰσχίστων
1396 3379 1590 3448 ἀνέδην
1619 3379 1743 3434 τολ-

148 3468 255 3536 μᾷν
288 3467 387 3519 καὶ
446 3470 569 3530 ταῖς
622 3469 771 3537 παρά
807 3466 901 3519 τοῦ
953 3467 1153 3538 ἐχθροῦ
1189 3469 1428 3538 πληγαῖς
1466 3470 1565 3532 τὰς
1610 3474 1742 3542 παρ’

144 3554 317 3623 αὐτῆς
380 3556 756 3623 προστιθέναι,
817 3556 936 3608 δέον
990 3557 1346 3627 διαναστῆναι
1406 3557 1607 3627 μᾶλλον
1647 3565 1743 3617 καὶ

144 3648 349 3719 πολλὴν
376 3648 475 3700 ἐπὶ
504 3650 616 3710 τοῖς
648 3647 966 3717 τολμηθεῖσι
1002 3650 1102 3719 τὴν
1135 3652 1509 3722 μεταμέλειαν
1532 3654 1741 3708 ἐπιδεί-

146 3738 374 3804 ξασθαις
417 3739 532 3791 οὐκ
559 3734 709 3803 οἶδας
739 3742 807 3794 τά
829 3740 923 3794 τοῦ
952 3741 1089 3794 Θεοῦ
1121 3744 1409 3814 σπλάγχνα
1444 3746 1572 3814 περὶ
1595 3748 1742 3814 ἡμᾶς

134 3833 236 3884 ,καὶ
262 3832 417 3895 ὅπως
437 3832 558 3884 ἐστὶ⁵
588 3834 795 3905 μητρὸς
822 3836 1359 3908 κηδεμονικώτερος,
1385 3840 1561 3905 οὕτως
1590 3844 1740 3912 ἡμᾶς

145 3926 404 3993 συνάγειν
446 3925 647 3977 ἐθέλων
679 3925 808 3994 (καὶ
838 3927 1014 3981 ταῦτα
1046 3931 1569 4002 καταφρονούμενος
1604 3935 1736 3988 πολι

142 4013 298 4079 λάκις
331 4016 431 4068 καὶ
460 4014 856 4085 παρορώμενος
881 4017 971 4086 ὑφ’
1014 4019 1212 4090 ἡμῶν)
1247 4022 1502 4095 καθάπερ
1532 4026 1600 4079 τὰ
1621 4043 1739 4080 νοσ-

145 4107 233 4159 σία
265 4109 419 4179 ὄρνις
450 4106 557 4159 ὕπὸ
586 4108 683 4169 τάς
709 4109 1025 4180 πτέρυγας;
1068 4111 1167 4162 Διὰ
1194 4109 1367 4166 ταῦτα
1406 4115 1539 4181 γοῦν
1599 4116 1736 4184 ἅψαι

143 4200 459 4269 παρακαλῶ
481 4198 582 4269 τῆς
615 4201 708 4253 ἐπὶ
736 4202 805 4253 τα
839 4202 1078 4270 κρείττω
1105 4202 1403 4276 φερούσης,
1438 4206 1530 4259 καὶ
1591 4209 1732 4279 πρὸς

139 4292 238 4360 τῆς
262 4294 406 4364 ἐμῆς
435 4295 654 4360 πολιᾶς,
682 4294 770 4346 ναὶ
804 4294 938 4363 πρὸς
960 4295 1069 4348 τῶν
1089 4297 1179 4349 ἐπὶ
1208 4297 1292 4350 σοὶ
1319 4298 1499 4352 πόνων
1518 4299 1735 4355 καὶτῶν

141 4383 441 4455 ἀφορήτων
473 4389 573 4455 τῆς
600 4384 781 4453 ψυχῆς
812 4378 1016 4439 ὀδυνῶν
1048 4386 1274 4440 ἐκείνων
1296 4390 1391 4442 καὶ
1416 4392 1516 4461 τῆς
1535 4391 1735 4461 πολλῆς

1850 1920 1974 1958 nam
2007 1921 2107 1977 ego
2145 1909 2289 1963 sim?
2322 1910 2440 1967 Non
2492 1918 2741 1985 agnoscis
2796 1922 3129 1989 cognatum?
3164 1923 3302 1993 Quid
3332 1937 3436 1994 est,

1849 1998 2029 2050 anima
2058 2011 2199 2065 mea,
2235 2005 2377 2070 quod
2413 2005 2507 2060 tibi
2538 2010 2784 2066 accidit?
2820 2013 2954 2078 Quis
2989 2025 3094 2081 est,
3123 2019 3216 2087 qui
3244 2028 3297 2075 te
3325 2030 3434 2075 tra-

1849 2088 1928 2142 xit
1963 2089 2028 2143 ad
2061 2089 2385 2147 interitum?
2417 2094 2515 2150 Ubi
2548 2113 2695 2153 nunc
2727 2113 2811 2156 est
2836 2104 2924 2158 ille
2955 2109 3232 2177 angelicus
3272 2112 3430 2169 habi-

1854 2188 1938 2235 tus
1997 2182 2363 2253 virginitatis?
2406 2186 2503 2244 Ubi
2535 2200 2619 2247 est
2655 2195 2762 2248 vita
2796 2197 2944 2252 cruci
2988 2199 3187 2257 aﬂlxa?
3213 2202 3312 2259 Ubi
3344 2218 3431 2263 est

1851 2273 2087 2346 lacryma
2109 2283 2589 2350 compunctionisl
2625 2286 2906 2355 Quomodo
2937 2300 3213 2350 tantarum
3248 2303 3432 2357 virtu-

1852 2375 1962 2419 tnm
2029 2370 2319 2430 altitudine
2359 2375 2683 2435 descendisti
2716 2383 2783 2436 ad
2836 2384 3081 2443 ultimum
3114 2390 3432 2451 barathrum

1847 2455 2354 2527 deceptionis?Cur
2402 2470 2534 2522 mihi
2567 2486 2670 2525 non
2705 2477 2891 2529 statim
2929 2479 3250 2548 signiﬁcasti
3289 2495 3436 2541 atro-

1848 2549 1965 2604 cem
2013 2551 2156 2607 illam
2212 2570 2447 2626 pugnam
2509 2560 2754 2617 inimici?
2785 2566 2897 2619 Cur
2945 2584 3052 2623 non
3078 2573 3140 2625 de
3166 2577 3318 2641 gravi
3345 2577 3435 2632 illo

1850 2641 2003 2709 lapsu
2037 2658 2067 2698 e
2099 2646 2327 2716 vestigio
2379 2648 2727 2720 triumpltasti
2756 2655 2779 2707 ?
2806 2654 3044 2714 Omnino
3079 2677 3179 2733 ego
3217 2674 3272 2719 et
3298 2668 3433 2723 eba-

1850 2737 2100 2793 tissimus
2144 2738 2394 2808 Epltrtem
2422 2742 2677 2815 laerymis
2714 2758 2768 2804 et
2800 2753 3053 2821 precibus
3091 2773 3187 2827 pro
3216 2770 3266 2813 te
3289 2766 3430 2831 apud

1852 2825 2018 2879 Deum
2056 2830 2581 2891 intercessissemus.
2619 2837 2730 2893 Cur
2771 2850 2821 2896 te
2858 2853 3062 2900 tantum
3092 2825 3377 2923 elongasti
3403 2873 3431 2910 a

1852 2916 2029 2983 nobis,
2068 2927 2120 2973 ct
2152 2912 2251 2974 cur
2281 2938 2309 2975 a
2350 2933 2402 2977 te
2449 2926 2708 2983 oblivioni
2757 2932 2916 2988 datus
2970 2952 3109 3002 sum,
3172 2912 3429 3014 tanquam

1848 3019 2096 3066 mortuus
2130 3026 2159 3065 a
2192 3014 2396 3069 corde?
2452 3014 2561 3073 Cur
2615 3029 2668 3075 te
2719 3024 2855 3080 adeo
2902 3029 3046 3099 cepit
3096 3031 3429 3105 desperatio,

1850 3118 1969 3171 qua:
2007 3114 2086 3160 cst
2119 3107 2339 3176 maligni
2374 3110 2566 3166 bamus
2599 3112 2951 3189 inevitabilis,
2988 3137 3043 3177 ut
3071 3142 3168 3182 nec
3193 3131 3285 3183 tibi
3308 3134 3430 3201 qui-

1851 3194 1972 3246 dem
2012 3200 2322 3264 peperceris
2357 3201 2631 3272 deinceps,
2676 3210 2770 3260 sed
2835 3209 3199 3271 inverecunde
3227 3194 3428 3277 feceris

1846 3298 1907 3339 ea
1938 3301 2057 3355 quae
2078 3297 2205 3342 sunt
2231 3291 2566 3360 turpissima,
2600 3306 2654 3349 et
2682 3297 2885 3355 inimici
2917 3302 3090 3375 plagis
3121 3318 3242 3366 tuas
3270 3314 3427 3383 adje-

1848 3379 1989 3433 ceris
2021 3394 2035 3433 :
2074 3395 2195 3435 cum
2216 3394 2501 3453 oporteret
2533 3389 2712 3457 potius
2776 3406 3091 3465 exsurgere,
3123 3409 3178 3455 et
3210 3379 3433 3476 propter

1844 3486 1909 3525 ea
1935 3488 2054 3541 qua:
2071 3473 2394 3543 admiseras,
2416 3494 2669 3550 magnam
2705 3488 2990 3544 ostendere
3005 3473 3382 3559 paenitentiam
3409 3500 3432 3553 2

1844 3560 1962 3618 Νοη
2004 3565 2144 3618 nosti
2182 3566 2273 3620 Dei
2309 3568 2360 3620 in
2412 3585 2511 3623 nos
2572 3573 2802 3642 viscera,
2865 3588 2920 3633 et
2974 3587 3427 3650 quemadmodum

1845 3656 2015 3709 nostri
2080 3671 2264 3711 eurum
2301 3661 2438 3730 gerit
2465 3663 2639 3730 magis
2667 3680 2828 3736 quam
2886 3681 3076 3739 mater,
3109 3684 3164 3730 ut
3209 3681 3303 3748 qui
3330 3698 3431 3740 nos

1845 3748 1974 3802 velit
2004 3766 2333 3821 congregare
2362 3755 2552 3823 (idque
2596 3774 2717 3814 cum
2751 3777 2894 3832 smpe
2927 3780 2955 3819 a
3007 3770 3165 3826 nobis
3240 3785 3427 3832 conte-

1846 3850 2090 3901 mnatur.
2119 3851 2174 3894 et
2200 3844 2553 3918 despiciatur)
2587 3865 2693 3905 non
2752 3868 2915 3910 secus
2943 3872 3006 3912 ac
3028 3862 3224 3931 gallina
3258 3870 3431 3936 pullos

1843 3944 1972 3986 suos
2026 3933 2127 3987 sub
2161 3933 2620 4008 alis?Pr0pterea
2679 3956 2810 4015 ergo
2866 3963 2996 4019 rogo
3039 3962 3111 4023 te,
3156 3957 3229 4011 ini
3260 3933 3426 4029 viam,

1842 4039 1962 4093 quae
2024 4025 2173 4080 ducit
2243 4029 2331 4121 ad
2373 4033 2623 4089 meliora.
2673 4034 2846 4110 Rogo,
2878 4044 3115 4114 inquam,
3152 4067 3247 4121 per
3278 4025 3428 4113 meos

1843 4128 2031 4181 canos,
2104 4130 2201 4184 per
2265 4118 2481 4176 labores
2524 4137 2747 4194 propter
2796 4139 2848 4184 te
2893 4118 3194 4206 susceptos,
3224 4154 3279 4197 et
3308 4146 3431 4203 illas

1843 4205 2214 4264 intolerabiles
2244 4211 2409 4269 animi
2439 4217 2813 4287 aegritudines,
2846 4232 2903 4278 et
2948 4205 3091 4285 hunc
3113 4246 3425 4305 maerorem.

1840 4308 1895 4354 et
1936 4301 2337 4367 confusionem,
2369 4307 2481 4360 redi
2514 4310 2578 4361 ad
2606 4312 2842 4380 priorem
2885 4316 3097 4376 vivendi
3134 4301 3426 4387 rationem;

1840 4390 2088 4447 Concede
2139 4394 2294 4463 mihi,
2326 4405 2383 4449 ut
2446 4399 2722 4467 paululum
2780 4406 3063 4478 respirem,
3116 4420 3171 4467 et
3204 4430 3271 4471 ne
3299 4433 3422 4476 cum

140 4476 343 4545 ταύτης
361 4476 604 4546 ἀθυμίας
618 4491 678 4528 τε
702 4477 794 4528 καὶ
814 4478 1151 4548 συγχύσεως,
1175 4476 1310 4547 ἅψαι
1334 4483 1433 4552 τῆς
1458 4484 1731 4555 προτέρας

1846 4484 2025 4541 dolore
2090 4501 2263 4542 meam
2326 4502 2661 4549 senectutem
2707 4476 3056 4560 transmittas
3076 4508 3144 4562 ad
3190 4507 3419 4570 inferos.

140 4565 457 4636 διαγωγῆς’
506 4568 610 4622 καὶ
664 4568 755 4631 δός
800 4585 888 4638 μοι
916 4569 1113 4639 μικρὸν
1152 4569 1494 4625 ἀναπνεῦσαι
1524 4575 1617 4625 καὶ
1652 4575 1727 4645 μὴ

143 4663 284 4728 μιτά
305 4656 489 4729 λύπης
515 4661 595 4720 εἰς
627 4658 754 4729 ᾆδον
782 4662 845 4712 τὸ
866 4662 1041 4732 γῆρας
1067 4661 1128 4715 τὸ
1158 4661 1292 4731 ἐμὸν
1323 4664 1725 4738 παραπέμψῃς.

208 4749 361 4819 KQ”.
399 4748 591 4803 Ταῦτα
627 4749 762 4820 πρὸς
802 4751 899 4819 τὴν
935 4752 1165 4823 ἀνεψιὰν
1188 4753 1363 4822 λέγων
1404 4752 1726 4827 Ἀδράμιος,

135 4845 293 4915 παρὰ
324 4845 514 4914 κωιρδν
559 4844 708 4915 ᾄδειν
757 4841 970 4900 ἐδόκει·
1008 4846 1249 4900 νεύσασα
1301 4847 1410 4918 γάρ
1456 4850 1608 4903 κάτω
1634 4851 1729 4903 καὶ

134 4936 235 5004 τὴν
257 4936 447 5007 φωνὴν
477 4937 583 4989 ὑπὸ
602 4938 699 5007 τῆς
732 4936 931 5006 πολλῆς
960 4938 1175 5008 ἐκείνης
1208 4939 1467 5011 αίσχύνης
1503 4942 1729 5012 ἐπισχε-

134 5030 316 5095 Οεῖσα,
365 5031 592 5097 ἑστήκει
624 5033 807 5102 ὁρῶσα
841 5034 922 5096 είς
967 5033 1071 5102 γῆν
1100 5036 1196 5087 καὶ
1231 5035 1401 5090 πολλὰ
1424 5037 1519 5090 τοῦ
1556 5056 1729 5111 προσ-

131 5123 291 5176 ωπον
348 5124 579 5191 ἀφιεῖσα
608 5124 897 5192 χρώματα,
953 5125 1014 5191 ἐξ
1044 5119 1118 5179 ὧν
1156 5125 1191 5196 ἦ
1229 5144 1287 5177 τε
1323 5128 1535 5195 ἀγωνία
1567 5133 1661 5184 καὶ
1693 5133 1725 5202 ή

130 5214 353 5287 ταραχὴ
389 5213 490 5287 τῆς
540 5215 724 5285 ψυχῆς
785 5215 1075 5285 ἐδηλοῦτοο
1105 5218 1193 5288 ἐφ’
1234 5213 1313 5283 οἷς
1346 5222 1552 5287 ἐκεῖνος
1581 5222 1727 5279 οὕτω

133 5289 512 5377 συγχυθεῖσαν
545 5309 715 5379 αὐτὴν
757 5311 1172 5380 ἀνακτώμενος,
1213 5316 1354 5384 μετά
1392 5315 1593 5386 πολλῆς
1627 5317 1727 5389 τῆς

128 5402 450 5471 πραότητος
506 5404 599 5456 καὶ
645 5401 747 5471 τῆς
808 5402 1149 5469 ἐπιεικείας·
1210 5407 1384 5471 Διατί,
1430 5401 1475 5461 ὦ
1512 5410 1723 5477 τέκνον,

128 5496 258 5550 οὐδὲ
290 5494 567 5566 ἀποκρίνῃ
606 5510 699 5565 μοι
726 5508 742 5560 ;
779 5494 916 5566 ἔφη·
946 5497 1047 5551 οὐκ
1098 5490 1271 5562 οἶδας,
1308 5500 1390 5554 ὅτι
1428 5499 1516 5556 διὰ
1545 5501 1605 5555 σέ
1628 5506 1727 5573 τὴν

127 5588 406 5658 τοσαύτην
461 5584 583 5638 ὁδὸν
634 5584 1012 5657 ἐστειλάμην;
1066 5589 1168 5643 οὐκ
1203 5586 1372 5658 οἶδας,
1405 5592 1488 5645 ὅτι
1514 5593 1604 5647 διὰ
1625 5594 1726 5666 τὴν

129 5675 239 5747 σὴν
266 5675 440 5730 ταῦτα
492 5676 675 5729 πάντα
706 5676 987 5748 σωτηρίαν
1019 5677 1432 5755 ὑπεκρινάμην,
1460 5684 1521 5738 τὸ
1554 5702 1723 5760 στρα-

126 5768 388 5824 τιωτικὸν
407 5768 509 5840 τῆς
537 5766 759 5834 στολῆς,
791 5768 882 5819 τὸν
915 5768 1114 5838 ἔρωτα,
1138 5771 1239 5841 τὴν
1262 5775 1640 5847 κρεωφαγίαν,
1664 5775 1723 5832 ὃν

540 5866 821 5925 Ριτιοῐ..
869 5864 989 5926 Gtt.
1030 5866 1213 5935 CXV.

1900 4742 2102 4806 XXVI.
2134 4748 2261 4807 Haec
2310 4751 2433 4808 illia:
2465 4740 2652 4811 fratris
2697 4754 2885 4816 dicens
2921 4761 3231 4837 Abramlus,
3270 4774 3423 4830 vide-

1836 4838 1994 4893 batur
2015 4843 2181 4897 surdo
2206 4857 2420 4899 canere.
2454 4843 2722 4903 Deorsum
2757 4852 2900 4907 enim
2936 4856 2990 4909 in
3028 4867 3231 4917 terram
3259 4864 3421 4921 incli-

1834 4943 1960 4987 nata
1983 4930 2145 5000 facie,
2181 4944 2233 4990 et
2257 4951 2367 5006 prae
2403 4953 2599 5010 magno
2638 4941 2730 4997 illo
2777 4944 2984 5015 pudore
3020 4950 3139 5021 ejus
3170 4970 3300 5013 voce
3337 4973 3422 5015 re-

1834 5040 2047 5095 pressa,
2100 5028 2283 5083 stabat
2313 5038 2514 5084 terram
2566 5032 2830 5090 intuens:
2862 5054 2927 5092 ex
2976 5042 3174 5107 quibus
3217 5045 3421 5120 signiﬁ-

1834 5120 2063 5174 cabatur
2114 5135 2285 5191 angor
2337 5130 2393 5177 et
2444 5124 2612 5180 animi
2652 5130 3009 5197 perturbatio.
3053 5135 3419 5203 Quamobrem

1834 5211 1925 5267 ille
1943 5227 2063 5266 eam
2095 5214 2175 5267 sic
2201 5210 2483 5270 confusam
2517 5231 2794 5284 recreans,
2819 5234 2943 5276 cum
2975 5238 3166 5296 magna
3193 5227 3419 5290 lenitate

1833 5317 1894 5362 et
1922 5306 2296 5363 moderatione
2328 5326 2342 5362 :
2376 5308 2507 5377 Cur,
2563 5312 2757 5381 inquit,
2810 5328 2843 5369 o
2882 5313 3014 5379 lilia,
3057 5326 3114 5373 tu
3144 5322 3273 5376 mihi
3308 5338 3417 5380 non

1833 5401 2176 5470 respondes?
2225 5400 2413 5460 Nescis
2452 5418 2537 5460 me
2572 5420 2795 5478 propter
2827 5418 2878 5463 te
2910 5418 3117 5468 tantum
3154 5414 3256 5470 lter
3298 5433 3423 5476 esse

1832 5495 2193 5566 ingressum?
2232 5495 2423 5553 Nescis
2469 5514 2555 5553 me
2605 5511 2826 5570 propter
2877 5511 2948 5568 te,
2986 5511 3205 5574 propter
3264 5517 3419 5569 tuam

1832 5590 2064 5647 salutem
2108 5591 2226 5648 haec
2278 5592 2464 5649 omnia
2525 5594 2835 5665 simulasse,
2866 5609 3077 5655 vestem
3098 5601 3415 5672 militarem,

1835 5697 2100 5753 amorem,
2119 5698 2272 5739 esum
2296 5687 2567 5756 carnium,
2588 5699 2751 5760 quem
2789 5691 2899 5747 scis
2924 5691 3217 5751 nihilaliud
3237 5711 3417 5766 nosse,

1829 5786 2024 5850 prater
2074 5777 2264 5835 cellam
2296 5789 2354 5837 et
2408 5778 2730 5839 silentium?
2756 5783 2870 5840 Non
2902 5796 2991 5843 est
3017 5787 3181 5843 ullum
3219 5805 3415 5863 pecca-
