4208 6300
762 373 836 439 79
2088 357 2372 423 HENSJS
2412 357 2749 423 APRILIS.
3963 357 4030 419 80

767 513 784 543 ι
826 490 980 547 Finis
1002 484 1358 557 praeceptieSt
1390 479 1632 536 cbarltas
1657 476 1719 544 δ;
1760 493 1777 527 ι
1816 474 2011 530 merito
2034 475 2218 544 Agape
2244 488 2342 528 vo-
2371 482 2422 541 Α
2451 484 2526 539 ιυ,
2567 474 2853 547 Eutycliia,
2886 471 3037 542 quid,
3081 470 3208 527 ais?
3253 470 3421 538 Idem,
3466 471 3639 542 inquit
3691 471 3802 537 illa,
3841 483 3894 527 et
3933 487 4032 542 ego

764 587 1010 642 cabatur.
1052 581 1159 635 Hoc
1182 578 1327 634 enim
1356 574 1574 629 nomine
1601 570 1775 626 (ἔτωεὶ
1806 569 2132 623 cbaritatem
2164 566 2345 636 appel-

764 684 900 735 lant.
935 675 1117 728 Altera
1158 684 1353 740 purum
1391 682 1452 720 ac
1484 663 1827 734 splendidum
1863 659 2204 730 baptismatis
2264 658 2346 712 ni-

770 785 943 827 torem
971 780 1220 825 servans,
1256 763 1327 815 ita
1358 770 1415 813 ut
1443 760 1507 814 de
1538 759 1651 828 ipsa
1685 756 2059 826 prOplteticunt
2090 752 2213 806 illud
2240 752 2344 806 dici

765 873 951 935 posset
982 879 994 913 :
1025 879 1041 910 ‹
1067 856 1301 913 Lavabis
1329 870 1435 915 me,
1469 861 1523 905 et
1543 864 1705 918 super
1729 850 1904 901 nivem
1955 846 2245 899 dealbahor
2266 844 2342 910 ⁸,»

769 973 799 1008 a
831 954 950 1007 nive
1009 963 1205 1003 nomen
1254 942 1498 1011 accepit;
1557 939 1786 994 Cliionia
1838 940 1980 991 enim
2045 935 2346 989 dicebatur.

769 1048 952 1102 Tertia
1006 1039 1301 1097 Salvatoris
1327 1046 1379 1090 et
1410 1034 1502 1089 Dei
1530 1032 1702 1086 ποειτί
1736 1032 1957 1092 donum,
1993 1028 2097 1081 ltoc
2125 1036 2227 1090 est,
2262 1040 2349 1094 pa-

767 1156 884 1197 cem
928 1138 979 1191 iu
1010 1150 1067 1188 se
1098 1132 1323 1193 habens,
1357 1137 1409 1180 ct
1438 1125 1493 1179 in
1529 1137 1720 1177 omnes
1752 1135 2034 1182 exercens,
2086 1116 2350 1185 queniadv

768 1232 989 1289 modum
1030 1223 1287 1281 Dominus
1312 1220 1440 1273 dixit
1475 1232 1487 1269 :
1523 1234 1547 1267 r
1582 1214 1775 1268 Pacem
1814 1227 1989 1267 meam
2013 1213 2081 1263 do
2105 1207 2342 1273 robis‘,»

767 1333 925 1387 lrcne
955 1330 1022 1383 ab
1059 1325 1311 1381 omnibus
1342 1320 1659 1383 vocabatur,
1706 1331 1734 1369 a
1784 1328 1916 1385 pace
1952 1325 2148 1366 nomen
2204 1308 2349 1362 acci-

768 1428 942 1497 piens.
978 1423 1087 1478 llas
1129 1434 1239 1476 tres
1271 1417 1503 1473 feminas
1543 1431 1665 1469 cum
1724 1413 1789 1466 ad
1838 1426 1895 1464 se
1927 1411 2135 1471 ductas,
2189 1418 2239 1460 et
2279 1408 2350 1459 ita

768 1523 995 1577 aﬂ'ectas
1023 1517 1371 1586 magistratus
1392 1511 1637 1573 vidisset,
1673 1517 1731 1562 ut
1757 1505 1859 1562 diis
1876 1503 2140 1558 sacriﬁcia
2158 1498 2353 1555 olferre

770 1612 1000 1671 nollent,
1035 1608 1156 1675 igne
1184 1602 1506 1659 cremandas
1534 1614 1655 1653 esse
1688 1594 1946 1655 decrevit,
1968 1601 2022 1644 ut
2047 1605 2142 1658 per
2175 1589 2352 1658 ignem

770 1704 950 1776 exigui
992 1698 1276 1766 temporis,
1311 1694 1419 1760 igni
1457 1692 1731 1762 subjectos
1782 1687 2055 1739 diabolum
2113 1695 2356 1736 omnem-

772 1773 885 1866 que
916 1796 1219 1847 dscmouum
1258 1797 1556 1847 catervam,
1603 1781 1770 1849 ipsius
1805 1776 2002 1830 diaboli
2030 1773 2351 1835 exercitum,

772 1890 865 1959 qui
894 1890 993 1940 sub
1027 1883 1167 1943 cmlo
1198 1889 1303 1946 est,
1353 1883 1699 1945 superantes,

774 1953 1030 2035 coronam
1063 1970 1311 2043 adipisci,
1346 1983 1410 2021 ac
1444 1967 1608 2019 Deum
1651 1963 1849 2032 ipsttm,
1873 1972 1904 2013 a
1940 1973 2045 2025 quo
2073 1956 2250 2025 gratia
2277 1953 2356 2007 eis

775 2072 966 2127 collata
1000 2077 1106 2132 est,
1140 2079 1261 2118 cum
1283 2058 1501 2129 angelis
1558 2060 1819 2127 perpetuo
1879 2047 2191 2103 coliaudore
2235 2060 2357 2114 pos-

776 2175 915 2217 sent.
949 2157 1079 2224 Quae
1116 2168 1243 2208 vero
1277 2150 1342 2204 ab
1372 2150 1478 2203 illis
1502 2154 1651 2216 gesta
1680 2150 1827 2206 sunt,
1866 2155 1929 2194 ea
1960 2137 2200 2193 breviter
2232 2148 2359 2186 uar-

784 2254 1051 2311 rabimus.

849 2345 934 2398 lli.
961 2345 1094 2394 Cum
1124 2336 1439 2405 praesideret
1460 2332 1741 2387 Dulcetius
1762 2330 1861 2390 (2),
1882 2321 2221 2380 Artemensis
2255 2320 2355 2393 [aL

784 2430 1132 2503 Artemisins]
1180 2429 1360 2485 scriba
1400 2426 1534 2480 dixit
1563 2443 1575 2480 :
1604 2421 1981 2492 Cognitionem
2022 2420 2087 2471 de
2112 2418 2216 2478 his,
2262 2414 2357 2484 qui

782 2538 1074 2598 prmscutes
1090 2534 1238 2582 sunt.
1255 2540 1279 2575 a
1300 2519 1617 2579 stationario
1637 2519 1883 2579 missam,
1907 2516 1947 2567 si
1964 2512 2147 2585 jubc's.
2168 2512 2365 2579 legam.

782 2619 977 2674 Julieo.
1001 2615 1181 2685 inquit
1218 2612 1493 2668 Dulcetius
1538 2624 1758 2680 praeses,
1781 2618 1831 2661 te
1872 2609 2068 2673 legere.
2107 2602 2259 2656 Tunc
2294 2601 2367 2653 ait

784 2711 964 2766 scriba
989 2726 1002 2766 :
1029 2707 1234 2761 Ordine
1260 2706 1354 2760 tibi
1384 2720 1501 2758 meo
1526 2703 1752 2756 domino
1780 2699 1987 2756 omnia.
2022 2709 2143 2762 quae
2171 2690 2369 2759 scripta

784 2813 935 2862 sunt,
962 2802 1226 2854 recitabo.
1252 2797 1559 2852 Cassander
1577 2788 1963 2847 beneficiarios
1985 2790 2097 2840 haec
2117 2782 2369 2850 scripsit:

785 2892 956 2952 Scito,
986 2886 1054 2940 itii
1107 2884 1343 2943 domine,
1378 2881 1741 2947 Agathonem,
1780 2876 2017 2941 Agapeu,
2052 2872 2364 2936 Chionium,

784 2986 1003 3041 lrcneu,
1034 2977 1277 3037 Casiatu,
1307 2970 1636 3040 Philippum,
1666 2981 1717 3023 et
1748 2965 2071 3035 Eutycliiam
2110 2964 2249 3017 nolle
2282 2963 2365 3017 liis

786 3076 959 3134 vesci,
989 3087 1107 3138 quae
1139 3070 1243 3122 diis
1276 3076 1402 3119 sunt
1432 3062 1729 3116 immolata.
1765 3060 1866 3110 [ias
1890 3058 2054 3125 igitur
2099 3057 2164 3107 ad
2221 3066 2364 3108 tuam

789 3164 1199 3239 amplitudinem
1255 3154 1601 3212 adducendas
1631 3164 1752 3203 esse
1805 3147 2013 3202 curavi.
2049 3145 2201 3199 Tunc
2248 3144 2371 3198 Dnl-

788 3267 961 3317 cetius
1019 3268 1218 3325 praeses
1258 3253 1331 3304 illi
1358 3249 1495 3303 dixit
1554 3261 1568 3298 :
1619 3242 1874 3308 Quaenam
1923 3251 2007 3295 est
2055 3240 2154 3294 ista
2192 3249 2365 3293 vestra

792 3364 941 3411 tanta
977 3348 1183 3403 insania
1208 3385 1221 3409 ,
1255 3353 1313 3397 ut
1350 3340 1532 3395 nolitis
1592 3336 2012 3407 religiosissimis
2059 3343 2368 3388 nostrorum

789 3449 1178 3515 imperatorum
1211 3449 1264 3491 et
1300 3436 1574 3488 Caesarum
1605 3431 1772 3496 jussis
1799 3425 2065 3479 obedire?
2098 3425 2370 3493 Agatlioni

791 3531 1243 3598 aiiteszuare,
1298 3526 1491 3594 inquit,
1550 3533 1602 3577 tu
1656 3521 1722 3574 ad
1775 3536 1930 3575 sacra
1992 3517 2369 3589 proficiscens,

788 3625 1249 3700 quemadmodum
1294 3626 1713 3674 consueverunt.
1748 3616 1839 3683 qni
1906 3614 2009 3668 diis
2058 3611 2369 3667 consecrati

790 3734 941 3783 sunt,
977 3734 1082 3773 non
1118 3716 1202 3771 his
1234 3713 1404 3768 sacris
1441 3726 1568 3762 usus
1596 3708 1694 3761 es?
1736 3707 2035 3773 Respondit
2084 3710 2297 3771 Agatho
2349 3718 2364 3754 :

791 3814 1057 3879 Quoniam
1077 3806 1422 3861 Christianus
1448 3817 1545 3869 ego
1571 3815 1710 3851 sum.
1739 3796 1873 3849 Tum
1897 3794 2169 3848 Dnicetius
2196 3811 2209 3847 :
2234 3792 2371 3847 Num

793 3917 848 3958 tu
908 3906 1071 3956 etiam
1133 3896 1399 3952 hodierno
1429 3894 1514 3945 die
1549 3892 1600 3944 in
1638 3904 1702 3943 eo
1734 3889 2010 3956 proposito
2045 3885 2374 3955 permanes?

794 3999 1053 4055 Maxime,
1089 3992 1263 4056 inquit
1297 3988 1533 4053 Agatho.
1571 3987 1640 4035 At
1675 3982 1759 4032 ille
1791 3996 1803 4031 :
1845 3978 1925 4031 Tu
1986 3993 2134 4039 vero,
2171 3980 2373 4047 Agape,

793 4092 921 4159 quid
951 4083 1070 4137 ais?
1103 4077 1399 4148 licSpondit
1427 4091 1440 4128 :
1479 4076 1587 4145 ligo
1617 4073 1724 4125 Deo
1760 4070 1955 4123 viventi
1984 4072 2166 4131 credo,
2201 4080 2375 4135 neque

792 4184 913 4236 volo
946 4188 1088 4233 recte
1123 4174 1389 4230 iaetorum
1442 4168 1832 4220 conscientiam
1893 4178 2068 4217 meam
2124 4162 2372 4229 perdere.

794 4278 947 4331 Tunc
976 4283 1174 4337 praeses
1206 4285 1217 4315 :
1247 4264 1324 4317 Tu
1345 4277 1523 4316 autem
1554 4261 1679 4329 quid
1704 4262 1767 4309 ad
1794 4259 1905 4310 haec
1923 4257 2082 4317 dicis,
2110 4254 2377 4308 Cliionia?

793 4367 885 4420 Ait
916 4362 1002 4414 illa
1041 4375 1053 4410 :
1089 4356 1223 4412 Cum
1259 4358 1365 4412 Deo
1393 4356 1516 4406 vivo
1545 4351 1786 4411 credam,
1819 4347 1958 4401 obid
1988 4347 2130 4400 nolui
2172 4344 2373 4411 facere,

792 4458 939 4525 quod
975 4455 1131 4505 dicis.
1168 4452 1243 4501 Ad
1281 4449 1472 4509 irencn
1513 4460 1646 4496 vero
1672 4456 1971 4497 c0nversus
2011 4455 2229 4509 praises,
2265 4444 2375 4492 ait:

2455 570 2578 622 ilico
2614 585 2627 621 :
2669 567 2811 621 malo
2836 576 2890 620 et
2914 566 3029 635 ipsa
3061 566 3223 632 mori,
3254 580 3416 636 quam
3458 562 3639 619 facere
3664 564 3809 634 quod
3850 563 4029 631 jubes.

2453 662 2543 716 Ait
2579 660 2652 714 illi
2686 675 2883 729 praeses
2909 677 2924 713 :
2954 659 3085 713 Num
3118 661 3291 713 virum
3330 656 3819 721 habes?Mortnns,
3858 656 4036 726 inquit

2456 753 2739 822 Eutycliia,
2775 754 2863 807 ille
2894 761 2995 807 est.
3031 752 3235 805 Prmses
3270 766 3396 805 vero
3430 766 3444 803 :
3484 750 3864 817 Quampridem
3891 761 4035 801 mor-

2457 855 2579 901 tuus
2607 846 2727 901 est?
2757 848 2895 900 Ante
2927 860 3139 899 nienses
3165 844 3277 899 fere
3298 855 3527 913 septem,
3557 843 3729 911 inquit
3752 841 4035 910 Eutycliia.

2457 935 2608 990 Tunc
2637 937 2722 989 ille
2755 953 2768 989 ε
2808 936 2872 989 Ει
2904 936 3173 989 undenain
3206 936 3373 1003 igitur
3402 933 3619 1003 gravida
3647 933 3791 985 facta
3828 930 3930 985 es?
3958 930 4035 983 Ex

2457 1044 2541 1091 eo,
2584 1029 2753 1097 inquit
2787 1028 2894 1094 illa,
2928 1029 3066 1093 viro,
3094 1043 3255 1095 quem
3290 1026 3438 1080 dedit
3474 1025 3603 1078 milii
3638 1024 3798 1077 Deus.
3827 1023 4039 1077 Pratscs

2459 1132 2638 1174 autem
2666 1136 2679 1172 :
2712 1116 2910 1172 Hortor
2942 1130 3019 1182 te,
3049 1118 3331 1188 Eutychia,
3360 1126 3418 1170 ut
3451 1116 3520 1169 ab
3567 1116 3668 1168 ista
3712 1115 3923 1168 insania
3948 1115 4043 1165 de.

2458 1215 2652 1269 sistere
2688 1214 2841 1279 velis,
2872 1223 2928 1267 et
2977 1214 3043 1266 ad
3083 1214 3348 1265 humanas
3405 1208 3761 1277 Cogitationes
3827 1207 4039 1260 redeas.

2460 1305 2596 1371 Quid
2622 1303 2734 1358 ais?
2768 1308 2916 1357 visne
2943 1305 3105 1373 regali
3138 1304 3313 1357 edicto
3335 1300 3566 1371 parere?
3595 1298 3834 1365 Minime,
3868 1299 4044 1367 inquit

2463 1398 2751 1467 Eutychia,
2781 1411 2879 1465 ego
2913 1412 3103 1464 parere
3148 1396 3288 1461 volo,
3350 1411 3468 1449 sum
3515 1395 3658 1447 enim
3710 1393 4041 1453 Christiana,

2461 1487 2556 1541 Dei
2581 1488 2965 1555 omnipotentis
3006 1501 3187 1538 serva.
3217 1484 3351 1537 Tum
3388 1485 3514 1537 ille:
3564 1486 3827 1549 Quoniam
3878 1480 4045 1548 Euty-

2461 1581 2581 1633 cliia
2618 1578 2837 1648 gravida
2870 1589 2974 1642 εει,
3018 1578 3220 1629 interea
3262 1586 3508 1629 servetur
3562 1576 3614 1628 in
3664 1587 3884 1627 Carcere
3938 1572 4039 1637 (5).

2462 1673 2640 1740 Atque
2667 1673 2780 1724 haec
2811 1668 3019 1721 addidit
3048 1684 3062 1720 ε
3099 1665 3175 1718 Tit
3205 1682 3351 1729 vero,
3381 1666 3583 1734 Agape,
3619 1666 3744 1732 quid
3764 1666 3845 1716 ais
3875 1662 3898 1714 ?
3934 1661 4047 1714 Vis-

2467 1778 2534 1818 ne
2558 1763 2741 1817 omnia
2772 1762 2861 1815 illa
2902 1760 3101 1821 facere,
3133 1774 3254 1828 qure
3281 1773 3379 1812 nos
3420 1760 3649 1811 dominis
3699 1753 4047 1823 imperatori-

1758 1870 2130 1936 incorruptam
2179 1861 2360 1934 gloria:
2390 1861 2434 1916 Β
2465 1856 2563 1910 bus
2590 1870 2652 1909 ac
2675 1854 2981 1909 Caesaribus
3030 1857 3231 1906 nostris
3285 1852 3465 1904 devoti
3503 1846 3769 1901 facimus?
3802 1846 4045 1906 Minime,

2465 1949 2640 2018 inquit
2674 1949 2873 2017 Agape,
2908 1947 3061 1999 decet
3096 1944 3313 1997 Satanae
3343 1947 3591 1996 devorant
3644 1956 3728 1994 mc
3762 1954 3904 1993 esse.
3955 1937 4049 1991 His

2462 2043 2645 2098 verbis
2678 2055 2827 2094 mens
2862 2052 2980 2093 mea
3033 2053 3137 2092 non
3192 2039 3478 2091 abducitur
3540 2053 3554 2088 :
3606 2032 4048 2103 inexpugnabilis

2466 2134 2606 2188 enim
2632 2132 2719 2183 illa
2747 2140 2851 2184 est.
2880 2128 3033 2182 Tunc
3062 2142 3260 2195 praeses
3296 2127 3371 2181 ait
3402 2144 3415 2179 :
3448 2127 3515 2178 Et
3543 2136 3619 2183 tu,
3645 2124 3899 2186 Chionia,
3920 2123 4050 2190 quid

2467 2224 2532 2277 ad
2562 2222 2675 2275 [nec
2706 2219 2880 2274 dicis?
2908 2217 3139 2271 hleiitetn
3163 2228 3428 2281 nostram,
3469 2216 3644 2282 inquit
3668 2214 3919 2275 Chionia,
3953 2226 4049 2265 ue—

2468 2328 2556 2369 mo
2583 2321 2761 2382 potest
2788 2318 3119 2382 pervertere.
3157 2309 3227 2361 At
3258 2322 3458 2376 praeses
3489 2324 3503 2360 :
3532 2304 3669 2359 Num
3699 2306 3877 2372 aliqua
3910 2303 4052 2370 apud

2469 2420 2564 2459 vos
2588 2414 2712 2459 sunt
2737 2404 3023 2471 impiorum
3063 2399 3496 2454 Christianorum
3529 2398 3942 2458 cumuientaria,
3971 2391 4053 2445 vel

2469 2501 2799 2553 membrana:
2829 2497 3044 2563 aliqum,
3087 2493 3168 2547 vel
3215 2491 3372 2546 libri?
3430 2490 3726 2558 Respondit
3767 2487 3997 2541 Ultionia
4036 2500 4052 2539 :

2471 2590 2647 2655 Nulla,
2682 2604 2713 2641 ο
2746 2603 2967 2656 pra-ses,
2999 2586 3154 2639 nobis
3181 2594 3305 2639 sunt
3328 2602 3342 2650 ;
3366 2585 3546 2637 omnia
3575 2583 3658 2635 illa
3696 2583 4055 2648 imperatores

2473 2687 2561 2753 qui
2594 2698 2739 2736 nunc
2764 2690 2911 2744 sunt,
2933 2696 2960 2732 a
2992 2679 3149 2733 nobis
3188 2678 3549 2730 abstulerunt.
3587 2677 3795 2729 l’raeses
3828 2685 4009 2726 autem
4036 2687 4049 2722 :

2472 2777 2733 2843 Quisnam
2800 2774 2936 2827 hanc
2997 2783 3231 2825 mentem
3291 2770 3441 2821 vobis
3481 2764 4057 2831 dedit?0mnipotens

2475 2872 2643 2933 Deus,
2677 2870 2850 2936 inquit
2877 2868 2988 2919 illa.
3016 2866 3158 2919 Dixit
3184 2874 3363 2918 autem
3386 2874 3625 2932 praeses:
3653 2849 3882 2926 Quinam
3906 2865 4060 2921 sunt,

2473 2965 2562 3031 qui
2594 2961 2747 3016 vobis
2770 2969 3017 3015 auctores
3032 2958 3264 3021 fuerunt,
3286 2968 3343 3012 ut
3366 2959 3432 3011 ad
3460 2957 3614 3010 istam
3647 2952 3939 3008 stultitiam
3968 2966 4061 3006 ve-

2474 3056 2705 3110 niretis?
2731 3053 2893 3113 Deus.
2923 3054 3095 3122 inquit
3126 3052 3375 3116 Cliionia,
3414 3051 3760 3118 omnipotens
3786 3058 3838 3101 et
3867 3046 4059 3114 unige—

2480 3150 2623 3202 nilus
2650 3149 2768 3217 ejus
2807 3147 2998 3212 Filius,
3032 3147 3287 3199 Dominus
3319 3154 3501 3195 noster
3553 3141 3714 3194 Jesus
3774 3139 4057 3193 Christus.

2478 3240 2748 3295 Dulcetius
2794 3240 2911 3291 ait:
2949 3234 3298 3290 Manifestum
3345 3233 3473 3284 illud
3522 3241 3625 3295 est,
3674 3234 3814 3299 quod
3871 3243 4064 3282 omnes

2473 3347 2572 3389 vos
2609 3331 2881 3387 devotioni
2935 3339 3244 3384 n0strorum
3311 3325 3608 3396 petentium
3665 3324 4064 3389 imperatorum

2477 3442 2540 3481 ac
2572 3426 2845 3481 Ctesarum
2873 3424 3147 3494 subjectos
3185 3436 3307 3477 esse
3341 3429 3572 3490 oportet.
3611 3416 3881 3482 Quoniam
3936 3426 4070 3467 vero

2477 3531 2598 3593 post
2630 3532 2739 3575 tam
2789 3520 3013 3574 multum
3065 3528 3297 3587 tempus,
3346 3527 3467 3584 post
3516 3522 3599 3567 tot
3640 3510 4067 3570 admonitiones,

2479 3626 2663 3682 t0tqne
2688 3614 2862 3667 edicta
2888 3612 3185 3678 proposita,
3213 3620 3267 3663 et
3304 3610 3437 3661 tales
3469 3608 3645 3659 minas
3676 3605 3925 3671 injectus,
3965 3616 4067 3655 vos

2477 3710 2785 3764 temeritate
2812 3704 3042 3775 qnadam
3078 3714 3135 3756 et
3160 3704 3385 3757 audacia
3419 3701 3593 3762 claim,
3625 3700 3861 3767 ipsorum
3892 3698 4069 3762 impe-

2479 3814 2715 3857 ratorum
2746 3817 2808 3855 ac
2840 3800 3114 3854 Cmsarunt
3138 3798 3283 3868 justa
3325 3796 3477 3864 jussa
3528 3792 3959 3859 contempsistis,
4011 3789 4067 3841 in

2477 3897 2909 3952 Christianorum
2940 3895 3105 3962 impio
3133 3890 3350 3944 nomine
3375 3897 3755 3958 permanentes
3785 3903 3798 3938 :
3828 3895 4072 3949 cumque

2480 3991 2545 4044 ad
2577 3991 2895 4042 hodiernum
2933 3987 3075 4038 diem
3107 3984 3271 4050 iussa:
3314 3999 3343 4035 a
3404 3981 3740 4036 stationariis
3772 3993 3834 4031 ac
3872 3978 4070 4046 primis

2482 4076 2761 4144 militibus,
2803 4077 3005 4133 CitriSti
3073 4076 3416 4143 negationem
3470 4060 3755 4139 scriptam,
3793 4068 4070 4137 proliteri,

2479 4171 2658 4228 facere
2687 4174 2737 4227 id
2775 4172 3060 4235 recusetis,
3090 4180 3375 4237 proiiterea
3402 4182 3616 4235 .ptenas
3668 4164 3821 4215 vobis
3870 4164 4071 4227 dignas

2482 4269 2729 4335 accipite.
2772 4264 2823 4316 Id
2857 4277 2977 4315 Cum
3009 4264 3255 4322 dixisset,
3308 4260 3636 4310 sententiam
3686 4254 3947 4320 scriptam
3990 4251 4073 4306 le-

2483 4362 2558 4428 git
2584 4374 2596 4408 :
2634 4362 2849 4423 Agapen
2873 4363 2927 4406 et
2950 4351 3259 4411 Chionium,
3283 4346 3535 4418 quoniam
3566 4347 3767 4415 iniquis
3792 4347 4081 4419 mentibus

2484 4463 2534 4506 el
2557 4449 2843 4505 contrariis
2878 4448 3161 4502 sententiis
3197 4446 3369 4505 elatae,
3401 4453 3588 4497 contra
3642 4440 3886 4495 divinum
3946 4438 4073 4491 edi-

795 4551 1065 4616 Quidnam
1099 4551 1153 4597 tu
1187 4543 1252 4593 ad
1282 4536 1441 4593 haec?
1501 4550 1598 4590 cur
1639 4550 1748 4588 non
1788 4534 2030 4602 piissimo
2067 4546 2365 4585 nostrorum

2484 4552 2628 4596 ctum
2655 4542 3000 4593 dominorum
3031 4539 3397 4601 Augustorum
3421 4547 3472 4587 et
3495 4537 3767 4587 Casurum
3795 4531 4073 4595 fecerunt,

795 4644 1186 4709 imperatorum
1238 4644 1291 4687 et.
1333 4630 1611 4685 Caesarum
1659 4628 1833 4694 jussui
1895 4624 2379 4693 obtemperavisti?

798 4734 976 4787 Divtni
1008 4727 1217 4781 timoris
1238 4734 1420 4788 eausa,
1447 4720 1625 4789 inquit
1656 4720 1826 4773 lreue.
1861 4716 1993 4773 Dein
2019 4735 2217 4788 praeses
2246 4737 2260 4773 :
2297 4718 2376 4773 'l'u

795 4841 951 4892 vero,
977 4823 1161 4885 Casia,
1191 4820 1320 4889 quid
1356 4812 1473 4868 ais?
1504 4814 1753 4866 Animam
1784 4812 2175 4878 rneam,inqnit
2197 4811 2376 4874 Casia,

795 4911 1215 4975 scrvaro‘volo.
1255 4910 1461 4963 Praises
1508 4917 1689 4960 autem
1726 4921 1741 4957 :
1774 4902 2044 4973 Numquid
2092 4918 2375 4957 sacrorum

794 5019 879 5072 vis
909 5029 1030 5069 esse
1061 5004 1381 5083 particeps?
1412 5003 1650 5068 Minime,
1687 5003 1860 5071 inquit
1894 5000 2004 5053 illa.
2038 4997 2189 5054 Tunc
2242 5014 2375 5068 prac-

797 5123 885 5166 ξοδ
912 5124 927 5161 :
960 5107 1041 5160 'fu
1072 5118 1224 5167 vero,
1261 5099 1532 5167 Philippa,
1567 5092 1699 5163 quid
1718 5093 1895 5147 dicis?
1924 5092 2223 5163 Respondit
2247 5093 2333 5146 illa
2361 5108 2375 5146 ε

799 5201 948 5257 Idem
973 5209 1028 5253 et
1048 5211 1146 5267 ego
1170 5195 1313 5246 dico.
1342 5192 1633 5257 Quidnam,
1659 5187 1832 5256 inquit
1852 5200 2079 5256 praeses,
2107 5186 2207 5239 hoc
2237 5184 2380 5269 idem

797 5302 905 5357 est,
937 5290 1079 5359 quod
1109 5284 1287 5340 dit-isi
1342 5281 1420 5337 llli
1478 5292 1660 5335 autem
1714 5279 1960 5350 Philippa
2000 5295 2014 5328 τ
2046 5278 2180 5333 Mori
2218 5278 2377 5344 malo,

804 5398 974 5453 quam
1028 5378 1226 5433 vestris
1254 5374 1540 5431 sacriﬁciis
1572 5371 1741 5427 vesci.
1799 5370 1952 5426 Tune
1987 5385 2190 5440 pricscs
2226 5388 2239 5425 :
2279 5372 2385 5427 Sed

872 5539 942 5592 ⁵1
982 5539 1124 5593 Tim.
1162 5554 1201 5600 ι.
1229 5537 1282 5592 5.
1359 5537 1379 5567 ⁵
1415 5534 1556 5590 Psal.
1591 5551 1639 5599 ι,
1660 5534 1715 5589 9.
1795 5535 1816 5566 ⁸
1846 5534 2006 5590 Joan.
2042 5548 2149 5595 XIV,
2179 5528 2267 5582 27.

874 5698 950 5764 (‘2)
992 5700 1147 5749 Anno
1198 5694 1320 5750 30$.
1366 5692 1494 5746 Vide
1517 5691 1832 5745 Baronitun.

988 5768 1126 5835 Lege
1180 5770 1323 5819 cnim
1387 5765 1737 5837 vetitnm'de
1768 5760 2172 5837 praegnantibus
2237 5761 2374 5812 sumi

804 5833 1124 5912 SuppliCtnin
1153 5840 1310 5893 docet.
1356 5833 1677 5890 Plutarchus
1704 5833 1767 5887 de
1799 5837 1877 5886 his
1904 5834 1990 5906 qui
2032 5849 2146 5887 sero
2198 5851 2226 5885 ο
2279 5844 2376 5884 ηα-

2486 4643 2538 4688 et
2572 4649 2713 4687 nunc
2751 4634 2914 4683 etiam
2952 4630 3320 4691 temerariam,
3356 4642 3546 4682 vanam
3588 4635 3642 4679 et
3677 4626 3777 4692 piis
3811 4627 4075 4677 omnibus

2483 4724 2876 4781 exsecrabilem
2898 4721 3330 4774 Christianorum
3367 4719 3680 4788 religionem
3712 4717 3924 4777 colunt,
3950 4714 4071 4783 igni

2489 4816 2775 4868 tradendus
2802 4815 2983 4883 jubeo.
3016 4812 3213 4879 Hisque
3250 4811 3430 4872 dictis,
3485 4808 3764 4876 snbjunxit
3798 4823 3810 4857 :
3851 4806 4078 4872 Agatho

2484 4915 2689 4967 autem,
2727 4904 2910 4963 Casia,
2964 4900 3207 4969 Philippa
3258 4909 3314 4953 et
3365 4898 3538 4961 lrene,
3572 4894 3748 4965 quoad
3784 4894 3914 4947 milii
3948 4894 4079 4962 pla-

2485 4999 2678 5059 cuerit,
2716 5005 2998 5051 serventur
3029 4997 3080 5047 in
3114 5006 3353 5048 carcere.

2554 5086 2643 5141 IV.
2676 5085 2870 5140 Postea
2900 5100 3046 5147 vero,
3079 5096 3240 5153 quam
3277 5081 3641 5139 sanctissima:
3676 5076 3936 5133 mulieres
3956 5076 4078 5147 igni

2482 5187 2873 5237 consummata:
2895 5187 3043 5239 sunt,
3067 5192 3188 5230 cum
3212 5190 3401 5229 rursus
3423 5182 3609 5229 sancta
3637 5170 3788 5225 Irene
3823 5171 3889 5223 ad
3925 5184 4080 5237 pra-

2486 5275 2657 5328 sidem
2688 5272 2847 5323 ducta
2882 5271 3091 5335 fuisset,
3128 5267 3402 5323 Dnlcctius
3430 5269 3510 5322 sic
3537 5267 3683 5321 illaut
3703 5263 3900 5317 aifatus
3932 5272 4024 5317 est
4063 5280 4077 5316 :

2488 5363 2618 5419 Tua!
2652 5365 2876 5419 insanize
2911 5365 3245 5434 propositum
3293 5377 3357 5417 ex
3396 5344 3507 5430 bis,
3536 5376 3653 5429 qua:
3688 5357 3844 5422 facis,
3890 5357 4083 5413 mani-

2491 5687 2629 5741 mine
2660 5686 2970 5753 puniuntur.
3007 5682 3110 5737 Sed
3150 5696 3246 5732 nec
3277 5680 3342 5734 de
3371 5680 3450 5732 eis
3482 5678 3665 5753 haberi
3706 5674 4078 5745 qumstinnem

2489 5748 2719 5814 allirmat
2750 5758 3011 5829 Ulpianos
3045 5756 3085 5809 Ι.
3122 5754 3455 5825 Prcegnamis
3488 5752 3542 5804 li‘.
3589 5748 3663 5803 De
3692 5750 3890 5819 pwnfs.
