4208 6300
150 378 201 441 8i
1146 371 1328 434 νΙΤΑ
1364 371 1470 432 SS.
1511 367 1708 430 AGAP

1843 367 1940 428 ΕΤ
1980 369 2397 432 SOCIARUM.
3307 363 3380 429 82

151 490 266 543 tosto
286 491 535 553 apparet,
561 496 683 553 qua
705 490 784 539 tot
813 483 1174 551 membranas,
1221 483 1413 549 libros,
1449 483 1696 551 tabellas,
1727 484 1776 540 Δ
1806 489 1900 536 cut
1957 496 1985 535 a
2011 481 2283 552 principio
2326 493 2782 537 consueveramus
2839 495 3011 549 usque
3069 482 3135 536 ad
3183 495 3382 537 annum

149 575 392 634 codicillos
451 583 506 630 et
549 576 773 646 paginas
806 575 1232 645 Scripturarum,
1266 591 1384 646 quae
1419 583 1546 630 sunt
1596 575 1700 627 im-

149 672 330 740 piorum
361 667 828 739 Christianorum,
853 668 942 739 qui
980 685 1217 739 unquam
1243 669 1479 729 fuerunt,
1514 667 1579 720 ad
1605 666 1701 720 bo-

149 764 367 818 diernum
425 777 594 829 usque
640 763 780 816 diem
821 777 1041 816 servare
1106 761 1324 816 voluisti
1359 777 1374 813 :
1409 774 1530 827 qum
1578 771 1700 812 cm

149 857 326 928 prolata
357 865 568 920 essent,
603 869 665 908 ea
698 855 1020 922 cognovisti,
1056 854 1302 921 quamvis
1328 852 1571 922 quotidie
1599 865 1699 906 ne-

149 951 352 1020 gaveris.
388 963 486 1003 vos
522 948 785 1014 ejusmodi
819 949 1023 1017 scripta
1076 947 1376 1017 possidere,
1419 959 1525 998 non
1570 957 1703 997 con-

152 1053 277 1097 tenta
302 1055 476 1110 neque
506 1056 754 1095 sororum
789 1051 1003 1095 tuarum
1053 1055 1238 1110 paena,
1297 1052 1474 1106 neque
1517 1035 1705 1089 mortis

149 1144 324 1188 metum
351 1147 463 1201 pra
484 1133 658 1187 oculis
683 1133 913 1187 habens.
947 1131 1308 1200 Quamobrem
1338 1129 1434 1183 tibi
1488 1142 1704 1197 paruam

151 1223 304 1279 aﬂ'erri
327 1239 552 1279 necesse
571 1234 674 1279 est.
708 1225 813 1279 Sed
846 1225 1081 1278 alienum
1112 1234 1293 1278 tamen
1328 1237 1434 1276 non
1463 1221 1704 1283 videtur,

148 1320 288 1373 etiam
331 1333 475 1370 nunc
506 1317 859 1382 benignitatis
897 1327 1106 1384 partem
1150 1315 1389 1383 aliquam
1440 1313 1535 1367 tibi
1575 1327 1706 1367 con-

151 1410 340 1472 donari,
363 1421 420 1461 ut
448 1410 490 1462 si
523 1409 755 1462 volueris
789 1423 931 1462 nunc
960 1408 1150 1463 saltem
1197 1407 1324 1460 deos
1383 1421 1700 1476 agnoscere,

152 1502 362 1571 impunis
386 1511 437 1555 et
465 1501 532 1554 ab
560 1501 708 1554 omni
733 1500 998 1569 supplicio
1024 1500 1372 1569 periculoque
1391 1500 1558 1554 libera
1585 1515 1708 1555 esse

149 1597 322 1662 possis.
353 1593 494 1660 Quid
528 1595 693 1664 igitur
723 1594 898 1648 dicis?
958 1593 1182 1648 Facisne
1223 1595 1366 1662 quod
1415 1594 1710 1665 imperato-

148 1702 223 1741 res
254 1688 414 1740 nostri
453 1697 507 1741 et
557 1688 800 1743 Caesares
855 1686 1174 1757 jusserunt?
1224 1685 1361 1740 Num
1418 1696 1605 1755 parata
1651 1704 1712 1745 es

150 1779 410 1834 sacriﬁciis
444 1783 608 1841 vesci,
637 1791 688 1835 et
720 1781 822 1834 diis
866 1781 1186 1835 immolare?
1241 1779 1484 1846 Minime,
1539 1782 1709 1852 inquit

1809 573 2170 642 superiorem,
2226 588 2331 642 quo
2381 581 2436 628 et
2491 572 2584 626 illa
2640 571 3053 628 occultavimus.
3112 571 3386 628 Dulcetius

1809 665 2480 734 praeses.dicit:Sorores
2525 665 2741 733 quidem
2796 675 2898 718 tua:
2953 678 3144 734 pmnas
3201 674 3386 720 nostro

1805 756 1960 825 jussu
2002 758 2248 811 derretas
2294 757 2677 820 exsolverttnt;
2732 764 2784 810 te
2821 771 2968 814 vero.
3026 756 3124 808 etsi
3196 768 3386 810 antea-

1811 869 1972 924 quam
2009 853 2335 924 aul‘ugisses,
2373 864 2659 925 propterea
2689 855 2830 922 quod
2885 854 3080 917 scripta
3118 869 3180 905 ac
3217 869 3391 905 mem.

1812 945 2011 1000 branas
2034 947 2171 1000 istas
2200 945 2591 1006 occultaveras,
2625 944 2814 997 mortis
2847 956 3007 1010 paena
3042 942 3134 993 tibi
3165 941 3382 995 decreta

1811 1037 2013 1098 fuerat,
2045 1053 2150 1091 non
2185 1047 2363 1091 tamen
2397 1037 2583 1090 eodem
2618 1035 2776 1089 modo
2804 1033 2970 1102 jubeo
2999 1051 3030 1090 e
3052 1035 3158 1088 vita
3195 1034 3274 1088 sic
3303 1049 3386 1088 re-

1811 1142 1975 1201 pente
2007 1131 2284 1185 discedere
2317 1147 2330 1185 :
2369 1145 2557 1185 verum
2595 1142 2688 1198 per
2715 1127 2978 1182 satellites
3001 1128 3167 1197 ipsos,
3206 1138 3257 1181 et
3286 1125 3389 1179 loc

1814 1225 2010 1279 simum
2039 1223 2309 1290 publicum
2342 1223 2656 1277 earniticem
2692 1220 2747 1275 in
2779 1222 3022 1286 lupanari
3048 1224 3242 1273 nUtlatn
3278 1229 3390 1274 sta-

1818 1319 1892 1372 tui
1922 1317 2197 1387 prmcipio,
2220 1331 2249 1370 e
2273 1315 2492 1384 pallatio
2527 1314 2753 1384 singulis
2780 1313 2969 1368 diebus
2995 1329 3184 1384 partem
3217 1329 3384 1368 unum

1814 1419 2138 1471 sumentem,
2171 1406 2494 1464 satellitibus
2525 1407 2656 1476 ipsis
2711 1421 2822 1462 non
2859 1409 3296 1476 permittentibus
3335 1414 3388 1458 te

1814 1499 1966 1554 illinc
1991 1501 2289 1554 discedere.

1889 1591 1974 1646 Vl.
2008 1591 2139 1646 Cum
2174 1593 2340 1667 igitur
2367 1592 2626 1647 satellites
2653 1604 2702 1646 et
2734 1591 2990 1646 Zosimus
3025 1589 3267 1660 publicus
3286 1590 3388 1641 mi-

1819 1688 1986 1744 nister
2036 1698 2234 1758 praesto
2285 1696 2513 1744 essent:
2543 1687 2703 1748 Illud.
2743 1688 2921 1757 inquit
2958 1700 3182 1757 praeses,
3236 1683 3390 1736 vobis

1820 1792 2004 1835 notum
2031 1782 2281 1850 sit,qttod
2310 1781 2354 1837 si
2381 1782 2509 1836 mihi
2538 1781 2896 1852 signiﬁcatum
2927 1779 3107 1845 fuerit,
3140 1778 3218 1830 vel
3245 1779 3390 1835 liora

148 1871 304 1935 lrene,
342 1872 564 1925 minime
599 1888 696 1940 per
726 1872 892 1927 Deum
927 1874 1075 1927 illum
1115 1875 1562 1943 omnipotentem,
1615 1875 1704 1941 qui
1741 1844 1787 1903 Β
1818 1874 2045 1942 alicujus
2072 1887 2345 1929 momento
2375 1875 2531 1930 istam
2555 1890 2620 1930 ex
2651 1889 2715 1928 eo
2741 1874 2859 1928 loco
2887 1883 3085 1924 motam
3121 1869 3308 1935 fuisse,
3337 1871 3387 1922 in

147 1962 330 2012 creavit
364 1961 561 2014 caelum
589 1971 644 2014 et
671 1971 894 2021 terram.
948 1975 1098 2013 mare
1148 1970 1202 2014 et
1255 1961 1459 2023 omnia,
1493 1975 1612 2027 quae
1649 1960 1703 2014 in

146 2051 215 2104 eis
244 2063 381 2104 sunt.
419 2051 646 2105 Summa
674 2054 814 2105 enim
849 2051 992 2104 illius
1021 2053 1159 2120 ignis
1197 2052 1512 2120 sempiterni
1544 2067 1703 2120 pretia

146 2145 394 2212 proposita
425 2144 512 2199 his
540 2157 644 2209 est,
679 2145 770 2212 qui
815 2143 996 2198 Jesum
1043 2145 1137 2200 Dei
1187 2143 1422 2199 Verbum
1473 2159 1707 2216 negave-

145 2233 257 2286 rint.
295 2234 569 2288 Dulcetius
606 2250 734 2288 vero
766 2252 780 2287 :
818 2235 1076 2300 Quisnam
1112 2234 1206 2290 tibi
1255 2247 1445 2291 auctor
1481 2236 1601 2304 fuit,
1649 2247 1709 2292 ut

148 2325 476 2378 membranas
513 2325 647 2382 istas
687 2337 848 2396 atque
885 2325 1198 2397 Scripturas
1260 2329 1325 2380 ad
1387 2329 1705 2385 hodiernum

144 2432 298 2487 usque
369 2421 514 2472 diem
558 2421 896 2475 custodires!
931 2419 1044 2483 Ille,
1104 2418 1279 2488 inquit
1331 2419 1504 2488 lrene,
1568 2423 1706 2478 Deus

139 2511 496 2578 omnipotens,
539 2513 810 2579 quijussit
835 2526 934 2564 nos
968 2513 1033 2564 ad
1060 2525 1287 2569 mortem
1323 2529 1493 2582 usque
1528 2516 1705 2585 ipsum

142 2602 345 2668 diligere
379 2621 393 2655 :
427 2620 534 2672 qua
579 2605 644 2657 de
678 2619 841 2658 causa
871 2620 974 2658 non
1003 2621 1147 2661 ausa:
1174 2625 1359 2662 smnus
1392 2625 1513 2662 eum
1578 2626 1704 2681 pro-

139 2691 301 2746 dere:
339 2695 432 2749 sed
477 2695 768 2751 maluimus
834 2708 928 2751 aut
975 2701 1219 2754 viventes
1269 2701 1535 2766 comburi,
1589 2711 1703 2769 aut,

140 2799 458 2853 quaecunque
491 2787 597 2841 alia
626 2789 780 2844 nobis
806 2789 1127 2855 acciderint,
1163 2793 1391 2863 perpeti,
1425 2808 1587 2862 quam
1624 2803 1706 2846 ta-

141 2875 202 2930 lia
233 2880 433 2941 scripta
473 2883 724 2949 prodere.

209 2969 269 3026 ν.
303 2972 441 3024 Tum
474 2989 677 3039 praeses
708 2991 721 3026 :
750 2975 1032 3040 Quisnam,
1063 2977 1254 3044 inquit,
1289 2980 1535 3032 conscius
1588 2986 1707 3032 erat

140 3065 240 3116 haec
267 3063 318 3116 in
351 3065 512 3117 domo
545 3065 630 3118 illa
662 3080 779 3120 esse
830 3067 880 3119 in
917 3083 1023 3136 qua
1052 3069 1381 3123 habitabas?
1410 3069 1706 3137 Respondit

1809 1979 1915 2033 quo
1939 1964 2358 2032 essejussimus,
2393 1976 2517 2022 tunc
2578 1981 2672 2022 vos
2720 1978 2982 2034 suprema:
3028 1977 3202 2033 poenae
3255 1963 3387 2017 sub-

1805 2053 1936 2123 jecti
1972 2055 2150 2110 eritis.
2189 2053 2400 2121 Scripta
2434 2071 2564 2110 vero
2596 2057 2710 2124 ipsa
2755 2071 2784 2108 a
2820 2054 3041 2108 scriniis
3095 2063 3148 2106 et
3184 2051 3385 2104 arculis

1811 2145 1992 2200 lrenes
2023 2147 2390 2215 proferantur.
2445 2146 2578 2201 Cum
2629 2146 2792 2216 igitur
2834 2143 3294 2215 quemadmodum
3356 2157 3383 2194 ι

1813 2241 2040 2308 praeside
2080 2240 2216 2309 jussi
2248 2239 2485 2304 fuerant,
2523 2254 2642 2294 eam
2677 2238 2752 2292 illi
2809 2240 2874 2291 ad
2909 2238 3178 2307 publicum
3230 2236 3386 2302 lupa-

1814 2347 1910 2384 nar
1936 2332 2241 2395 duxissent,
2279 2341 2333 2386 et
2363 2340 2577 2401 propter
2633 2329 2868 2398 Spiritus
2911 2327 3082 2382 sancti
3134 2326 3384 2395 gratiam,

1811 2438 1928 2490 quae
1959 2425 2127 2492 ipsam
2156 2424 2491 2493 protegebat,
2527 2431 2580 2478 et
2609 2421 2980 2476 universorum
3015 2418 3244 2476 Domino
3277 2418 3386 2472 Deo

1808 2530 1999 2584 puram
2037 2525 2197 2583 atque
2229 2516 2483 2568 intactam
2517 2516 2789 2577 servabat,
2845 2528 2913 2569 ne
2969 2528 3109 2570 unus
3165 2511 3383 2582 quidem

1812 2608 1877 2660 ad
1913 2622 2030 2660 eam
2061 2605 2344 2669 accedere,
2373 2607 2451 2660 vel
2489 2615 2642 2675 turpe
2665 2603 2866 2672 aliquid
2917 2605 2970 2657 in
3023 2619 3141 2656 eam
3202 2603 3386 2656 facere

1809 2697 2107 2753 autdicere
2139 2712 2304 2752 ausus
2352 2695 2563 2761 fuisset,
2608 2693 3010 2751 sancrissimam
3043 2692 3187 2748 illam
3223 2691 3378 2750 femi-

1810 2805 1933 2844 nam
1970 2791 2242 2846 Dulcetius
2278 2807 2477 2861 praeses
2522 2789 2816 2853 revocavit,
2863 2798 2918 2845 et
2963 2797 3089 2844 ante
3143 2783 3378 2842 tribunal

1807 2883 2176 2950 sistijussam,
2217 2884 2299 2938 sic
2346 2880 2540 2938 aﬂatus
2595 2892 2678 2935 est
2713 2898 2726 2934 :
2763 2879 3031 2950 Numquid
3087 2879 3139 2934 in
3190 2878 3380 2934 eadem

1809 2971 1986 3027 adhuc
2025 2975 2329 3026 temeritate
2355 2971 2639 3041 persistis?
2689 2969 2929 3035 Minime,
2975 2970 3148 3039 inquit
3202 2969 3382 3034 lrene,

1813 3066 2111 3142 temeritas,
2145 3068 2236 3119 sed
2265 3063 2356 3118 Dei
2391 3064 2564 3135 pietas
2593 3072 2698 3127 est,
2731 3061 2915 3131 inqua
2974 3063 3228 3132 persisto.
3283 3058 3382 3115 Cui

139 3151 314 3207 lreue:
347 3154 478 3210 Hac
503 3156 640 3210 vidit
673 3157 811 3212 Deus
840 3161 1200 3226 omnipotens,
1222 3162 1309 3229 qui
1333 3163 1510 3216 omnia
1567 3164 1700 3230 scit;
1731 3191 1774 3253 ρ
1812 3161 2088 3225 respondit
2124 3159 2391 3212 Dulcelius
2417 3171 2618 3226 prases
2651 3173 2665 3209 ε
2695 3153 2761 3208 Ei
2806 3170 2869 3209 εἰ
2925 3156 3104 3225 priore
3151 3164 3238 3208 ιυο
3303 3167 3386 3207 τε-

137 3261 378 3316 prteterea
407 3267 590 3304 nemo.
628 3251 847 3308 Nostros
870 3255 1012 3308 enim
1046 3256 1292 3312 homines
1330 3259 1560 3313 inimicis
1605 3273 1701 3328 pe-

133 3340 262 3406 jores
289 3342 547 3396 duximus
580 3359 645 3395 ne
674 3343 810 3398 forte
858 3361 953 3397 nos
979 3347 1271 3402 deferrent.
1326 3349 1514 3419 Itaque
1571 3352 1702 3407 nulli

139 3432 238 3486 lite
279 3433 645 3486 ostendimus.
690 3432 981 3500 Superiore
1026 3452 1190 3500 anno,
1252 3437 1427 3507 inquit
1481 3456 1702 3509 praeses,

139 3536 243 3571 cum
270 3523 510 3576 edictum
547 3523 673 3578 illud
701 3525 824 3590 tale,
857 3541 918 3580 ac
944 3529 1088 3596 pium
1112 3528 1327 3600 jussum
1363 3531 1702 3589 dominorum

137 3613 518 3678 imperatorum
555 3632 619 3672 ac
655 3619 925 3673 Caesarum
978 3622 1152 3690 primo
1199 3623 1298 3678 fuit
1342 3624 1702 3696 divulgatum,

137 3703 340 3759 ubinam
368 3725 467 3763 vos
504 3710 754 3764 latuisti?
787 3713 866 3765 Ad
897 3714 1010 3767 haec
1046 3716 1201 3770 lrene
1238 3731 1252 3772 :
1289 3717 1424 3782 Illic,
1448 3720 1536 3773 ubi
1567 3722 1706 3777 Deus

135 3798 307 3852 voluit.
344 3800 398 3852 In
439 3802 722 3856 montibus
749 3803 874 3872 (scit
897 3802 1054 3874 Deus)
1077 3807 1176 3860 sub
1197 3808 1284 3861 dio
1310 3807 1528 3865 fuimus.
1561 3810 1706 3866 Prae-

134 3897 212 3938 ses
234 3902 399 3943 vero:
429 3891 592 3957 Apud
627 3907 784 3960 quem
815 3893 1068 3947 vixistis?
1100 3893 1213 3949 Sub
1244 3898 1352 3956 dio.
1387 3899 1559 3967 inquit
1591 3900 1702 3964 illa,

133 3976 255 4030 alias
287 3979 340 4032 in
375 3980 501 4034 aliis
539 3984 814 4037 montibus
846 3999 1150 4040 versantes.
1190 3988 1252 4040 At
1277 4004 1479 4058 praeses
1518 4008 1533 4046 :
1572 3993 1707 4060 Qui-

137 4081 246 4121 nam
270 4083 454 4135 erant,
483 4077 580 4141 qui
611 4078 764 4131 vobis
793 4092 986 4146 panem
1019 4082 1479 4149 suppeditabant?
1541 4083 1704 4151 Deus,

133 4159 290 4227 inquit
336 4163 520 4230 lrene,
560 4165 649 4231 qui
672 4169 921 4220 omnibus
977 4183 1152 4221 escam
1197 4175 1522 4239 suppeditat.
1569 4173 1705 4229 Tum

131 4264 362 4320 praeses:
405 4257 618 4310 Eratne
654 4265 806 4326 pater
840 4267 1018 4314 vester
1103 4262 1293 4318 harum
1343 4281 1522 4320 rerum
1572 4283 1708 4322 con-

130 4348 296 4401 scius?
321 4352 392 4404 At
423 4350 589 4404 lrene
618 4367 631 4404 :
673 4351 912 4418 Minime,
937 4369 1030 4422 per
1056 4354 1222 4410 Deum
1255 4360 1705 4431 omnipotentem,

131 4441 365 4494 conscius
394 4454 519 4493 erat
553 4443 663 4506 ille,
688 4445 779 4510 qui
811 4458 877 4498 ne
899 4446 1043 4497 novit
1069 4447 1282 4512 quidem
1318 4449 1430 4501 haec
1462 4451 1705 4505 omnino.

1809 3265 2005 3322 sponso
2039 3249 2323 3303 manifeste
2356 3250 2646 3303 ostendisti
2683 3260 2733 3304 te
2767 3250 3154 3316 imperatorum
3205 3245 3381 3313 jttssui

1810 3344 1952 3400 nolle
1975 3359 2126 3415 aequo
2156 3344 2335 3398 animo
2362 3358 2575 3414 parere,
2610 3351 2666 3398 et
2692 3357 2833 3397 nunc
2861 3355 3076 3412 quoque
3102 3339 3156 3394 in
3189 3337 3377 3394 eadem

1809 3439 2117 3507 arrogantia
2147 3438 2526 3507 persistentem
2584 3445 2638 3490 te
2680 3435 2834 3490 video
2886 3451 2899 3488 :
2951 3447 3122 3502 quare
3167 3433 3380 3497 dignam

1810 3547 2025 3602 poenam
2059 3533 2353 3600 persolves.
2388 3528 2634 3598 Cumque
2660 3530 2904 3582 chartam
2957 3525 3226 3594 petiisset,
3258 3539 3381 3579 scn-

1811 3621 2035 3675 teutiam
2069 3621 2206 3675 hanc
2224 3630 2409 3674 contra
2437 3621 2608 3687 ipsam
2643 3617 2864 3685 scripsit
2893 3630 2908 3669 :
2938 3614 3204 3682 Quoniam
3231 3611 3384 3666 lrene

1812 3715 2197 3783 imperatorum
2226 3713 2400 3784 jussui
2435 3725 2643 3780 parere,
2677 3710 2887 3778 diisque
2939 3705 3223 3760 iuunulare
3283 3717 3382 3757 no-

1814 3793 1932 3869 luit,
1962 3806 2206 3876 quinimo
2243 3818 2384 3860 nunc
2436 3817 2648 3873 quoque
2702 3801 2756 3855 in
2810 3798 3245 3854 Christianorum
3293 3809 3385 3850 or-

1811 3898 1936 3951 dine
1967 3913 2029 3948 ac
2059 3897 2316 3965 religione
2351 3904 2662 3965 perseverat
2697 3911 2711 3948 :
2747 3893 2848 3947 hac
2876 3893 2939 3945 de
2962 3905 3146 3953 causa,
3181 3877 3242 3942 ut
3288 3901 3386 3941 an-

1812 3999 1892 4042 tea
1917 3985 2050 4041 duas
2080 3988 2196 4052 eius
2224 4000 2477 4052 sorores,
2503 3984 2577 4039 ita
2623 3993 2678 4038 et
2711 3984 2885 4054 ipsam
2917 3983 3191 4036 viventem
3241 3993 3386 4035 nunc

1811 4080 2056 4138 comburi
2084 4080 2269 4150 jubeo.

1885 4173 1994 4226 V'll.
2024 4173 2146 4228 Haec
2187 4173 2453 4228 sententia
2501 4184 2624 4223 cum
2665 4184 2692 4222 a
2733 4171 2962 4240 praeside
3001 4169 3110 4222 lata
3157 4168 3375 4230 fuisset,

1813 4261 2013 4321 milites
2042 4264 2230 4320 lrenen
2287 4263 2733 4330 comprehensam
2769 4261 2820 4316 in
2865 4260 3155 4330 quemdam
3213 4258 3384 4316 subli-

1814 4375 1954 4415 mem
1983 4360 2158 4413 locum
2213 4358 2506 4418 duxerunt,
2539 4356 2628 4410 ubi
2676 4366 2728 4410 et
2782 4354 2901 4424 ejus
2960 4369 3178 4411 sorores
3227 4365 3385 4411 antea

1814 4451 2131 4520 martyrium
2163 4463 2334 4517 passa:
2368 4449 2599 4502 fuerant.
2636 4449 2770 4502 Cum
2797 4459 2974 4501 autem
3014 4463 3263 4517 magnum
3294 4461 3384 4502 ro-

129 4528 319 4586 Prasses
344 4535 428 4586 ait
457 4551 471 4585 :
501 4533 642 4598 Quis
673 4535 834 4602 igitur
863 4548 1167 4590 vestrorum
1203 4538 1501 4593 vicinorum
1528 4540 1578 4594 id
1604 4557 1703 4595 no-
1739 4535 1783 4591 D
1814 4559 1938 4616 gum
1960 4541 2358 4601 accendissent.
2383 4539 2658 4608 iusserunt
2680 4539 2850 4609 ipsam
2883 4539 2937 4595 in
2962 4553 3084 4594 eum
3121 4551 3390 4599 conscen-

133 4627 298 4678 verat!
331 4624 586 4690 Vicinos,
613 4625 790 4696 inquit
816 4628 994 4692 lrene,
1024 4630 1318 4703 interroga,
1360 4639 1412 4684 et
1456 4632 1572 4686 loca
1629 4634 1709 4687 in-

129 4719 288 4785 quire,
319 4719 404 4771 vel
441 4735 542 4773 eos
578 4721 670 4787 qui
707 4732 924 4784 norunt,
967 4723 1052 4773 ubi
1081 4738 1176 4774 nos
1219 4737 1456 4778 eramus.
1505 4723 1710 4782 Prteses

131 4812 288 4864 dixit:
327 4813 638 4883 Postquam
673 4828 702 4867 e
729 4825 909 4866 monte
943 4829 1172 4869 reversa:
1209 4814 1409 4883 fuisus,
1445 4828 1504 4872 ut
1529 4829 1583 4872 tu
1630 4820 1714 4873 di-

125 4907 212 4964 cis.
243 4905 591 4974 legebatisne
625 4907 825 4974 scripta
852 4907 977 4973 ista,
1013 4921 1273 4978 prtesente
1300 4912 1520 4983 aliquo?
1554 4912 1707 4968 Domi

130 5008 310 5052 nostra:
341 5008 536 5064 erant,
581 4999 760 5070 inquit
796 4999 968 5067 lrene,
1004 5019 1181 5072 neque
1233 5005 1565 5059 audebamus
1618 5005 1706 5059 illa

128 5088 302 5143 cllerre
333 5109 347 5144 :
384 5093 758 5162 quamobrem
795 5109 1119 5165 magnopere
1167 5096 1517 5165 angebamur.
1565 5098 1707 5168 quod

129 5195 222 5234 non
248 5195 583 5255 poteramus
617 5195 781 5241 nocte
814 5201 876 5241 ac
909 5187 997 5244 die
1023 5187 1134 5244 illis
1161 5202 1380 5258 operam
1433 5189 1586 5257 dare,
1633 5191 1704 5246 si-

1817 4637 1965 4690 dere.
1999 4634 2184 4702 Itaque
2207 4645 2393 4687 sancta
2432 4634 2588 4688 lrene
2618 4633 2853 4703 psalmos
2909 4649 3132 4696 canens,
3191 4644 3244 4687 et
3294 4631 3386 4686 Dei

1816 4726 2040 4798 gloriam
2108 4724 2404 4787 celebrans,
2443 4726 2495 4777 in
2549 4741 2736 4794 rogum
2795 4738 2857 4777 se
2896 4723 3134 4794 coniecit
3171 4741 3184 4776 :
3220 4732 3389 4784 atque

1814 4822 1891 4876 ita
1918 4831 2291 4876 consummata
2316 4829 2399 4872 est
2424 4819 2476 4871 in
2508 4817 2791 4873 consnlatu
2820 4817 3134 4874 Diocletiani
3163 4815 3388 4888 Augusti

1816 4930 1979 4978 nono,
2029 4911 2337 4970 Maximiani
2373 4923 2553 4968 autem
2590 4911 2814 4980 Augusti
2864 4920 3078 4976 octavo,
3130 4907 3390 4964 Kalendis

1816 5005 2039 5074 Aprilis,
2076 5015 2335 5073 regnante
2371 5005 2422 5057 in
2461 5003 2655 5058 saecula
2709 5002 2928 5058 Christo
2976 5001 3101 5055 Jesu
3159 4999 3388 5055 Domino

1813 5110 1999 5154 nostro
2027 5139 2042 5166 ,
2077 5115 2201 5153 eum
2237 5113 2346 5168 quo
2366 5097 2513 5151 Patri
2547 5105 2629 5151 est
2676 5097 2847 5164 gloria
2891 5106 3192 5166 sanctoque
3260 5093 3390 5165 Spi-

1812 5191 1939 5246 ritui
1967 5193 2016 5246 in
2054 5189 2248 5247 secula
2279 5190 2621 5247 saculorum.
2667 5188 2863 5245 Amen.
