  <div class='ocr_page' id='page_1' title='image "/cluster/home/n/w/nwhite01/storage/ocr_20150623/115/pst.000005714285/063.png"; bbox 0 0 4208 6300; ppageno 0'>
   <div class='ocr_carea' id='block_1_1' title="bbox 837 368 4083 441">
    <p class='ocr_par' dir='ltr' id='par_1_1' title="bbox 837 368 4083 441">
     <span class='ocr_line' id='line_1_1' title="bbox 837 368 4083 441; baseline 0.004 -20"><span class='ocrx_word' id='word_1_1' title='bbox 837 370 907 430; x_wconf 82' lang='lat'><strong>83</strong></span> <span class='ocrx_word' id='word_1_2' title='bbox 2136 368 2415 426; x_wconf 80' lang='lat' dir='ltr'><strong>MENSIS</strong></span> <span class='ocrx_word' id='word_1_3' title='bbox 2457 368 2785 431; x_wconf 82' lang='lat' dir='ltr'><strong>APRlLlS.</strong></span> <span class='ocrx_word' id='word_1_4' title='bbox 4017 383 4083 441; x_wconf 73' lang='grc'><strong>84</strong></span> 
     </span>
    </p>
   </div>
   <div class='ocr_carea' id='block_1_2' title="bbox 1434 526 1894 541">
    <p class='ocr_par' dir='ltr' id='par_1_2' title="bbox 1434 526 1894 541">
     <span class='ocr_line' id='line_1_2' title="bbox 1434 526 1894 541; baseline -0.004 -3"><span class='ocrx_word' id='word_1_5' title='bbox 1434 526 1894 541; x_wconf 47' lang='grc' dir='ltr'><strong>ψ*-</strong></span> 
     </span>
    </p>
   </div>
   <div class='ocr_carea' id='block_1_3' title="bbox 1900 525 4062 551">
    <p class='ocr_par' dir='ltr' id='par_1_3' title="bbox 1900 525 4062 551">
     <span class='ocr_line' id='line_1_3' title="bbox 1900 525 4062 551; baseline -0 0"><span class='ocrx_word' id='word_1_6' title='bbox 1900 525 4062 551; x_wconf 54' lang='lat' dir='ltr'><strong>mm</strong></span> 
     </span>
    </p>
   </div>
   <div class='ocr_carea' id='block_1_4' title="bbox 1343 692 3548 810">
    <p class='ocr_par' dir='ltr' id='par_1_4' title="bbox 1343 692 3548 810">
     <span class='ocr_line' id='line_1_4' title="bbox 1343 692 3548 810; baseline -0 0"><span class='ocrx_word' id='word_1_7' title='bbox 1343 695 1690 810; x_wconf 86' lang='lat' dir='ltr'><strong>VlTA</strong></span> <span class='ocrx_word' id='word_1_8' title='bbox 1776 694 1895 805; x_wconf 89' lang='lat' dir='ltr'><strong>S.</strong></span> <span class='ocrx_word' id='word_1_9' title='bbox 1990 692 2643 806; x_wconf 80' lang='lat' dir='ltr'><strong>VIRGINIS</strong></span> <span class='ocrx_word' id='word_1_10' title='bbox 2726 692 3548 809; x_wconf 58' lang='lat' dir='ltr'><strong>THEODORXE</strong></span> 
     </span>
    </p>
   </div>
   <div class='ocr_carea' id='block_1_5' title="bbox 1989 916 2950 979">
    <p class='ocr_par' dir='ltr' id='par_1_5' title="bbox 1989 916 2950 979">
     <span class='ocr_line' id='line_1_5' title="bbox 1989 916 2950 979; baseline 0.002 -2"><span class='ocrx_word' id='word_1_11' title='bbox 1989 916 2092 977; x_wconf 86' lang='lat' dir='ltr'><strong>ET</strong></span> <span class='ocrx_word' id='word_1_12' title='bbox 2144 916 2436 977; x_wconf 81' lang='lat' dir='ltr'><strong>DlDYMl</strong></span> <span class='ocrx_word' id='word_1_13' title='bbox 2480 919 2898 979; x_wconf 75' lang='lat' dir='ltr'><strong>MARTYIHS</strong></span> <span class='ocrx_word' id='word_1_14' title='bbox 2942 971 2950 979; x_wconf 94' lang='lat'><strong>.</strong></span> 
     </span>
    </p>
   </div>
   <div class='ocr_carea' id='block_1_6' title="bbox 841 1084 4081 1156">
    <p class='ocr_par' dir='ltr' id='par_1_6' title="bbox 841 1084 4081 1156">
     <span class='ocr_line' id='line_1_6' title="bbox 841 1084 4081 1156; baseline -0.002 -11"><span class='ocrx_word' id='word_1_15' title='bbox 841 1098 1002 1156; x_wconf 73' lang='lat' dir='ltr'><strong>(Anno</strong></span> <span class='ocrx_word' id='word_1_16' title='bbox 1021 1094 1128 1147; x_wconf 69' lang='lat'><strong>980,</strong></span> <span class='ocrx_word' id='word_1_17' title='bbox 1152 1092 1341 1152; x_wconf 70' lang='lat' dir='ltr'><strong>Aprilis</strong></span> <span class='ocrx_word' id='word_1_18' title='bbox 1367 1092 1413 1139; x_wconf 79' lang='grc'><strong>5.</strong></span> <span class='ocrx_word' id='word_1_19' title='bbox 1440 1116 1499 1126; x_wconf 93' lang='grc'><strong>-</strong></span> <span class='ocrx_word' id='word_1_20' title='bbox 1522 1089 1691 1156; x_wconf 75' lang='lat' dir='ltr'><strong>Latina</strong></span> <span class='ocrx_word' id='word_1_21' title='bbox 1713 1088 1911 1156; x_wconf 66' lang='lat' dir='ltr'><strong>quidem</strong></span> <span class='ocrx_word' id='word_1_22' title='bbox 1937 1087 2282 1156; x_wconf 73' lang='lat' dir='ltr'><strong>Martyrologia</strong></span> <span class='ocrx_word' id='word_1_23' title='bbox 2304 1084 2531 1156; x_wconf 42' lang='lat' dir='ltr'><strong>.habent</strong></span> <span class='ocrx_word' id='word_1_24' title='bbox 2555 1086 2679 1133; x_wconf 90' lang='lat' dir='ltr'><strong>hanc</strong></span> <span class='ocrx_word' id='word_1_25' title='bbox 2723 1086 2978 1156; x_wconf 70' lang='lat' dir='ltr'><strong>hjstnriam</strong></span> <span class='ocrx_word' id='word_1_26' title='bbox 3089 1090 3290 1149; x_wconf 72' lang='lat' dir='ltr'><strong>Aprilis,</strong></span> <span class='ocrx_word' id='word_1_27' title='bbox 3329 1092 3583 1156; x_wconf 50' lang='lat' dir='ltr'><strong>fiuntque</strong></span> <span class='ocrx_word' id='word_1_28' title='bbox 3630 1095 3941 1144; x_wconf 60' lang='lat' dir='ltr'><strong>Theodoram</strong></span> <span class='ocrx_word' id='word_1_29' title='bbox 3990 1112 4081 1145; x_wconf 69' lang='lat' dir='ltr'><strong>un.</strong></span> 
     </span>
    </p>
   </div>
   <div class='ocr_carea' id='block_1_7' title="bbox 895 1147 4079 1216">
    <p class='ocr_par' dir='ltr' id='par_1_7' title="bbox 895 1147 4079 1216">
     <span class='ocr_line' id='line_1_7' title="bbox 895 1147 4079 1216; baseline -0.002 -11"><span class='ocrx_word' id='word_1_30' title='bbox 895 1172 1003 1206; x_wconf 91' lang='lat' dir='ltr'><strong>cum</strong></span> <span class='ocrx_word' id='word_1_31' title='bbox 1032 1147 1237 1216; x_wconf 72' lang='lat' dir='ltr'><strong>Didyme</strong></span> <span class='ocrx_word' id='word_1_32' title='bbox 1264 1152 1691 1216; x_wconf 83' lang='lat' dir='ltr'><strong>percussam;_sed</strong></span> <span class='ocrx_word' id='word_1_33' title='bbox 1719 1147 2422 1216; x_wconf 68' lang='lat' dir='ltr'><strong>eum_Metaphrasteshabeat</strong></span> <span class='ocrx_word' id='word_1_34' title='bbox 2444 1149 2703 1216; x_wconf 73' lang='lat' dir='ltr'><strong>Didymum</strong></span> <span class='ocrx_word' id='word_1_35' title='bbox 2731 1147 2883 1216; x_wconf 70' lang='lat' dir='ltr'><strong>Nonis</strong></span> <span class='ocrx_word' id='word_1_36' title='bbox 2904 1152 2936 1196; x_wconf 71' lang='grc' dir='ltr'>Α</span> <span class='ocrx_word' id='word_1_37' title='bbox 2950 1153 3087 1216; x_wconf 61' lang='lat' dir='ltr'><strong>priijs</strong></span> <span class='ocrx_word' id='word_1_38' title='bbox 3111 1147 3634 1216; x_wconf 57' lang='lat' dir='ltr'><strong>caesumﬂ&#39;heodoram</strong></span> <span class='ocrx_word' id='word_1_39' title='bbox 3659 1168 3821 1206; x_wconf 64' lang='lat' dir='ltr'><strong>iunoni</strong></span> <span class='ocrx_word' id='word_1_40' title='bbox 3849 1162 4079 1212; x_wconf 60' lang='lat' dir='ltr'><strong>evasisse,</strong></span> 
     </span>
    </p>
   </div>
   <div class='ocr_carea' id='block_1_8' title="bbox 896 1211 4082 1276">
    <p class='ocr_par' dir='ltr' id='par_1_8' title="bbox 896 1211 4082 1276">
     <span class='ocr_line' id='line_1_8' title="bbox 896 1211 4082 1276; baseline 0.001 -13"><span class='ocrx_word' id='word_1_41' title='bbox 896 1234 985 1268; x_wconf 85' lang='lat' dir='ltr'><strong>nos</strong></span> <span class='ocrx_word' id='word_1_42' title='bbox 1014 1211 1321 1276; x_wconf 31' lang='lat' dir='ltr'><strong>eam‘quin&#39;to</strong></span> <span class='ocrx_word' id='word_1_43' title='bbox 1348 1212 1527 1275; x_wconf 81' lang='lat' dir='ltr'><strong>Aprilis</strong></span> <span class='ocrx_word' id='word_1_44' title='bbox 1555 1211 1635 1263; x_wconf 87' lang='lat' dir='ltr'><strong>die</strong></span> <span class='ocrx_word' id='word_1_45' title='bbox 1661 1226 1772 1263; x_wconf 84' lang='lat' dir='ltr'><strong>cum</strong></span> <span class='ocrx_word' id='word_1_46' title='bbox 1798 1212 2136 1274; x_wconf 78' lang='lat' dir='ltr'><strong>Metapbraste</strong></span> <span class='ocrx_word' id='word_1_47' title='bbox 2170 1211 2539 1259; x_wconf 85' lang='lat' dir='ltr'><strong>collocavimus.</strong></span> <span class='ocrx_word' id='word_1_48' title='bbox 2565 1234 2624 1243; x_wconf 90' lang='lat'><strong><em>—</em></strong></span> <span class='ocrx_word' id='word_1_49' title='bbox 2650 1211 2821 1259; x_wconf 85' lang='lat' dir='ltr'><strong>Latine</strong></span> <span class='ocrx_word' id='word_1_50' title='bbox 2849 1212 2976 1272; x_wconf 85' lang='lat' dir='ltr'><strong>apud</strong></span> <span class='ocrx_word' id='word_1_51' title='bbox 3022 1212 3235 1262; x_wconf 86' lang='lat' dir='ltr'><strong>Surium.</strong></span> <span class='ocrx_word' id='word_1_52' title='bbox 3296 1214 3454 1263; x_wconf 79' lang='lat' dir='ltr'><strong>Deest</strong></span> <span class='ocrx_word' id='word_1_53' title='bbox 3505 1218 3553 1263; x_wconf 90' lang='lat' dir='ltr'><strong>in</strong></span> <span class='ocrx_word' id='word_1_54' title='bbox 3596 1219 3851 1267; x_wconf 73' lang='lat' dir='ltr'><strong>codicibus</strong></span> <span class='ocrx_word' id='word_1_55' title='bbox 3904 1211 4082 1269; x_wconf 60' lang='lat' dir='ltr'><strong>Crateri</strong></span> 
     </span>
    </p>
   </div>
   <div class='ocr_carea' id='block_1_9' title="bbox 898 1277 1313 1339">
    <p class='ocr_par' dir='ltr' id='par_1_9' title="bbox 898 1277 1313 1339">
     <span class='ocr_line' id='line_1_9' title="bbox 898 1277 1313 1339; baseline -0.019 -9"><span class='ocrx_word' id='word_1_56' title='bbox 898 1277 1313 1339; x_wconf 75' lang='lat' dir='ltr'><strong>Parisiensibus.)</strong></span> 
     </span>
    </p>
   </div>
   <div class='ocr_carea' id='block_1_10' title="bbox 2405 1411 2476 1422">
    <p class='ocr_par' dir='ltr' id='par_1_10' title="bbox 2405 1411 2476 1422">
     <span class='ocr_line' id='line_1_10' title="bbox 2405 1411 2476 1422; baseline -0.028 0"><span class='ocrx_word' id='word_1_57' title='bbox 2405 1411 2476 1422; x_wconf 74' lang='grc' dir='ltr'><strong>-ιο</strong></span> 
     </span>
    </p>
   </div>
   <div class='ocr_carea' id='block_1_11' title="bbox 902 1535 4077 1607">
    <p class='ocr_par' dir='ltr' id='par_1_11' title="bbox 902 1535 4077 1607">
     <span class='ocr_line' id='line_1_11' title="bbox 902 1535 4077 1607; baseline 0.001 -16"><span class='ocrx_word' id='word_1_58' title='bbox 902 1539 942 1592; x_wconf 90' lang='grc' dir='ltr'><strong>ι.</strong></span> <span class='ocrx_word' id='word_1_59' title='bbox 1004 1538 1337 1592; x_wconf 70' lang='lat' dir='ltr'><strong>Diocletiano</strong></span> <span class='ocrx_word' id='word_1_60' title='bbox 1387 1545 1441 1590; x_wconf 89' lang='lat' dir='ltr'><strong>et</strong></span> <span class='ocrx_word' id='word_1_61' title='bbox 1494 1535 1823 1591; x_wconf 74' lang='lat' dir='ltr'><strong>Maximiano</strong></span> <span class='ocrx_word' id='word_1_62' title='bbox 1882 1536 2299 1605; x_wconf 81' lang='lat' dir='ltr'><strong>imperatoribus</strong></span> <span class='ocrx_word' id='word_1_63' title='bbox 2350 1544 2403 1590; x_wconf 89' lang='lat' dir='ltr'><strong>et</strong></span> <span class='ocrx_word' id='word_1_64' title='bbox 2433 1542 2475 1596; x_wconf 74' lang='grc' dir='ltr'>Α</span> <span class='ocrx_word' id='word_1_65' title='bbox 2508 1538 2607 1592; x_wconf 88' lang='lat' dir='ltr'><strong>hoc</strong></span> <span class='ocrx_word' id='word_1_66' title='bbox 2642 1539 2854 1606; x_wconf 82' lang='lat' dir='ltr'><strong>quidem</strong></span> <span class='ocrx_word' id='word_1_67' title='bbox 2903 1554 2991 1605; x_wconf 86' lang='lat' dir='ltr'><strong>per</strong></span> <span class='ocrx_word' id='word_1_68' title='bbox 3020 1541 3121 1592; x_wconf 68' lang='lat' dir='ltr'><strong>vim</strong></span> <span class='ocrx_word' id='word_1_69' title='bbox 3184 1555 3243 1593; x_wconf 90' lang='lat' dir='ltr'><strong>ac</strong></span> <span class='ocrx_word' id='word_1_70' title='bbox 3288 1551 3605 1607; x_wconf 64' lang='lat' dir='ltr'><strong>pore-starem</strong></span> <span class='ocrx_word' id='word_1_71' title='bbox 3636 1581 3650 1605; x_wconf 91' lang='lat'><strong>,</strong></span> <span class='ocrx_word' id='word_1_72' title='bbox 3683 1557 3841 1607; x_wconf 72' lang='lat' dir='ltr'><strong>iniam</strong></span> <span class='ocrx_word' id='word_1_73' title='bbox 3872 1542 4036 1597; x_wconf 81' lang='lat' dir='ltr'><strong>habes</strong></span> <span class='ocrx_word' id='word_1_74' title='bbox 4064 1587 4077 1607; x_wconf 82' lang='lat'><strong>,</strong></span> 
     </span>
    </p>
   </div>
   <div class='ocr_carea' id='block_1_12' title="bbox 832 1626 2398 1699">
    <p class='ocr_par' dir='ltr' id='par_1_12' title="bbox 832 1626 2398 1699">
     <span class='ocr_line' id='line_1_12' title="bbox 832 1626 2398 1699; baseline -0.003 -16"><span class='ocrx_word' id='word_1_75' title='bbox 832 1632 1058 1699; x_wconf 65' lang='lat' dir='ltr'><strong>praeside</strong></span> <span class='ocrx_word' id='word_1_76' title='bbox 1104 1629 1479 1685; x_wconf 67' lang='lat' dir='ltr'><strong>Alexandrina:</strong></span> <span class='ocrx_word' id='word_1_77' title='bbox 1514 1627 1745 1681; x_wconf 89' lang='lat' dir='ltr'><strong>civitatis</strong></span> <span class='ocrx_word' id='word_1_78' title='bbox 1791 1627 2126 1693; x_wconf 84' lang='lat' dir='ltr'><strong>Eustrathio,</strong></span> <span class='ocrx_word' id='word_1_79' title='bbox 2163 1626 2398 1681; x_wconf 89' lang='lat' dir='ltr'><strong>edictum</strong></span> 
     </span>
    </p>
   </div>
   <div class='ocr_carea' id='block_1_13' title="bbox 830 1717 2397 1792">
    <p class='ocr_par' dir='ltr' id='par_1_13' title="bbox 830 1717 2397 1792">
     <span class='ocr_line' id='line_1_13' title="bbox 830 1717 2397 1792; baseline -0.001 -20"><span class='ocrx_word' id='word_1_80' title='bbox 830 1724 1097 1792; x_wconf 84' lang='lat' dir='ltr'><strong>quoddam</strong></span> <span class='ocrx_word' id='word_1_81' title='bbox 1199 1721 1460 1774; x_wconf 89' lang='lat' dir='ltr'><strong>adversus</strong></span> <span class='ocrx_word' id='word_1_82' title='bbox 1524 1718 1866 1773; x_wconf 85' lang='lat' dir='ltr'><strong>Christianos</strong></span> <span class='ocrx_word' id='word_1_83' title='bbox 1943 1718 2166 1770; x_wconf 86' lang='lat' dir='ltr'><strong>missum</strong></span> <span class='ocrx_word' id='word_1_84' title='bbox 2256 1717 2397 1778; x_wconf 80' lang='lat' dir='ltr'><strong>fuit.</strong></span> 
     </span>
    </p>
   </div>
   <div class='ocr_carea' id='block_1_14' title="bbox 834 1805 2401 1874">
    <p class='ocr_par' dir='ltr' id='par_1_14' title="bbox 834 1805 2401 1874">
     <span class='ocr_line' id='line_1_14' title="bbox 834 1805 2401 1874; baseline -0.004 -7"><span class='ocrx_word' id='word_1_85' title='bbox 834 1823 889 1866; x_wconf 90' lang='lat' dir='ltr'><strong>ut</strong></span> <span class='ocrx_word' id='word_1_86' title='bbox 923 1812 1003 1867; x_wconf 82' lang='lat' dir='ltr'><strong>vel</strong></span> <span class='ocrx_word' id='word_1_87' title='bbox 1036 1810 1139 1865; x_wconf 85' lang='lat' dir='ltr'><strong>diis</strong></span> <span class='ocrx_word' id='word_1_88' title='bbox 1172 1810 1519 1864; x_wconf 87' lang='lat' dir='ltr'><strong>immolarent</strong></span> <span class='ocrx_word' id='word_1_89' title='bbox 1549 1849 1564 1873; x_wconf 93' lang='lat'><strong>,</strong></span> <span class='ocrx_word' id='word_1_90' title='bbox 1602 1808 1685 1859; x_wconf 68' lang='lat' dir='ltr'><strong>vel</strong></span> <span class='ocrx_word' id='word_1_91' title='bbox 1728 1806 1988 1874; x_wconf 87' lang='lat' dir='ltr'><strong>supplicio</strong></span> <span class='ocrx_word' id='word_1_92' title='bbox 2038 1805 2401 1861; x_wconf 84' lang='lat' dir='ltr'><strong>aﬁiccrentur.</strong></span> 
     </span>
    </p>
   </div>
   <div class='ocr_carea' id='block_1_15' title="bbox 832 1898 2405 1971">
    <p class='ocr_par' dir='ltr' id='par_1_15' title="bbox 832 1898 2405 1971">
     <span class='ocr_line' id='line_1_15' title="bbox 832 1898 2405 1971; baseline -0.006 -11"><span class='ocrx_word' id='word_1_93' title='bbox 832 1907 967 1960; x_wconf 85' lang='lat' dir='ltr'><strong>Cum</strong></span> <span class='ocrx_word' id='word_1_94' title='bbox 1000 1919 1128 1959; x_wconf 84' lang='lat' dir='ltr'><strong>vero</strong></span> <span class='ocrx_word' id='word_1_95' title='bbox 1160 1917 1360 1971; x_wconf 67' lang='lat' dir='ltr'><strong>praeses</strong></span> <span class='ocrx_word' id='word_1_96' title='bbox 1392 1900 1479 1953; x_wconf 92' lang='lat' dir='ltr'><strong>ille</strong></span> <span class='ocrx_word' id='word_1_97' title='bbox 1512 1915 1609 1968; x_wconf 89' lang='lat' dir='ltr'><strong>pro</strong></span> <span class='ocrx_word' id='word_1_98' title='bbox 1644 1899 1894 1953; x_wconf 78' lang='lat' dir='ltr'><strong>tribunali</strong></span> <span class='ocrx_word' id='word_1_99' title='bbox 1924 1898 2136 1952; x_wconf 81' lang='lat' dir='ltr'><strong>sederet</strong></span> <span class='ocrx_word' id='word_1_100' title='bbox 2182 1898 2234 1951; x_wconf 93' lang='lat' dir='ltr'><strong>in</strong></span> <span class='ocrx_word' id='word_1_101' title='bbox 2290 1914 2405 1953; x_wconf 88' lang='lat' dir='ltr'><strong>ma-</strong></span> 
     </span>
    </p>
   </div>
   <div class='ocr_carea' id='block_1_16' title="bbox 829 1990 2404 2066">
    <p class='ocr_par' dir='ltr' id='par_1_16' title="bbox 829 1990 2404 2066">
     <span class='ocr_line' id='line_1_16' title="bbox 829 1990 2404 2066; baseline -0.004 -16"><span class='ocrx_word' id='word_1_102' title='bbox 829 2011 933 2066; x_wconf 88' lang='lat' dir='ltr'><strong>gna</strong></span> <span class='ocrx_word' id='word_1_103' title='bbox 970 1992 1459 2049; x_wconf 81' lang='lat' dir='ltr'><strong>Alexandrinorum</strong></span> <span class='ocrx_word' id='word_1_104' title='bbox 1494 1990 1735 2053; x_wconf 78' lang='lat' dir='ltr'><strong>civitate,</strong></span> <span class='ocrx_word' id='word_1_105' title='bbox 1777 1990 1937 2059; x_wconf 82' lang='lat' dir='ltr'><strong>jussit</strong></span> <span class='ocrx_word' id='word_1_106' title='bbox 1984 1992 2261 2043; x_wconf 82' lang='lat' dir='ltr'><strong>cohortem</strong></span> <span class='ocrx_word' id='word_1_107' title='bbox 2313 2005 2404 2043; x_wconf 90' lang='lat' dir='ltr'><strong>ac-</strong></span> 
     </span>
    </p>
   </div>
   <div class='ocr_carea' id='block_1_17' title="bbox 830 2083 2401 2151">
    <p class='ocr_par' dir='ltr' id='par_1_17' title="bbox 830 2083 2401 2151">
     <span class='ocr_line' id='line_1_17' title="bbox 830 2083 2401 2151; baseline -0.006 -7"><span class='ocrx_word' id='word_1_108' title='bbox 830 2086 1031 2144; x_wconf 81' lang='lat' dir='ltr'><strong>ccrsire</strong></span> <span class='ocrx_word' id='word_1_109' title='bbox 1079 2083 1418 2138; x_wconf 83' lang='lat' dir='ltr'><strong>Theodoram</strong></span> <span class='ocrx_word' id='word_1_110' title='bbox 1468 2083 1731 2151; x_wconf 84' lang='lat' dir='ltr'><strong>virginem</strong></span> <span class='ocrx_word' id='word_1_111' title='bbox 1780 2124 1793 2147; x_wconf 93' lang='lat'><strong>,</strong></span> <span class='ocrx_word' id='word_1_112' title='bbox 1849 2098 1968 2150; x_wconf 81' lang='lat' dir='ltr'><strong>quae</strong></span> <span class='ocrx_word' id='word_1_113' title='bbox 2020 2098 2191 2151; x_wconf 85' lang='lat' dir='ltr'><strong>nuper</strong></span> <span class='ocrx_word' id='word_1_114' title='bbox 2245 2091 2401 2151; x_wconf 87' lang='lat' dir='ltr'><strong>capta</strong></span> 
     </span>
    </p>
   </div>
   <div class='ocr_carea' id='block_1_18' title="bbox 832 2175 2405 2240">
    <p class='ocr_par' dir='ltr' id='par_1_18' title="bbox 832 2175 2405 2240">
     <span class='ocr_line' id='line_1_18' title="bbox 832 2175 2405 2240; baseline -0.001 -10"><span class='ocrx_word' id='word_1_115' title='bbox 832 2178 1029 2240; x_wconf 76' lang='lat' dir='ltr'><strong>fuerat,</strong></span> <span class='ocrx_word' id='word_1_116' title='bbox 1065 2186 1119 2230; x_wconf 87' lang='lat' dir='ltr'><strong>et</strong></span> <span class='ocrx_word' id='word_1_117' title='bbox 1150 2177 1203 2229; x_wconf 91' lang='lat' dir='ltr'><strong>in</strong></span> <span class='ocrx_word' id='word_1_118' title='bbox 1238 2190 1460 2229; x_wconf 79' lang='lat' dir='ltr'><strong>carcere</strong></span> <span class='ocrx_word' id='word_1_119' title='bbox 1487 2175 1823 2228; x_wconf 70' lang='lat' dir='ltr'><strong>servabatur.</strong></span> <span class='ocrx_word' id='word_1_120' title='bbox 1858 2176 2027 2240; x_wconf 91' lang='lat' dir='ltr'><strong>Quam</strong></span> <span class='ocrx_word' id='word_1_121' title='bbox 2059 2192 2179 2229; x_wconf 88' lang='lat' dir='ltr'><strong>cum</strong></span> <span class='ocrx_word' id='word_1_122' title='bbox 2218 2176 2405 2229; x_wconf 81' lang='lat' dir='ltr'><strong>duxis-</strong></span> 
     </span>
    </p>
   </div>
   <div class='ocr_carea' id='block_1_19' title="bbox 828 2265 2400 2338">
    <p class='ocr_par' dir='ltr' id='par_1_19' title="bbox 828 2265 2400 2338">
     <span class='ocr_line' id='line_1_19' title="bbox 828 2265 2400 2338; baseline -0.003 -14"><span class='ocrx_word' id='word_1_123' title='bbox 828 2281 944 2324; x_wconf 84' lang='lat' dir='ltr'><strong>set:</strong></span> <span class='ocrx_word' id='word_1_124' title='bbox 978 2269 1203 2332; x_wconf 61' lang='lat' dir='ltr'><strong>Praesto,</strong></span> <span class='ocrx_word' id='word_1_125' title='bbox 1234 2269 1406 2338; x_wconf 87' lang='lat' dir='ltr'><strong>inquit</strong></span> <span class='ocrx_word' id='word_1_126' title='bbox 1458 2268 1701 2331; x_wconf 85' lang='lat' dir='ltr'><strong>cohors,</strong></span> <span class='ocrx_word' id='word_1_127' title='bbox 1750 2276 1829 2321; x_wconf 88' lang='lat' dir='ltr'><strong>est</strong></span> <span class='ocrx_word' id='word_1_128' title='bbox 1878 2266 2182 2323; x_wconf 83' lang='lat' dir='ltr'><strong>Theodora.</strong></span> <span class='ocrx_word' id='word_1_129' title='bbox 2234 2265 2400 2319; x_wconf 82' lang='lat' dir='ltr'><strong>Judex</strong></span> 
     </span>
    </p>
   </div>
   <div class='ocr_carea' id='block_1_20' title="bbox 831 2358 2403 2430">
    <p class='ocr_par' dir='ltr' id='par_1_20' title="bbox 831 2358 2403 2430">
     <span class='ocr_line' id='line_1_20' title="bbox 831 2358 2403 2430; baseline -0.001 -16"><span class='ocrx_word' id='word_1_130' title='bbox 831 2361 1027 2430; x_wconf 77' lang='lat' dir='ltr'><strong>igitur:</strong></span> <span class='ocrx_word' id='word_1_131' title='bbox 1067 2360 1360 2429; x_wconf 87' lang='lat' dir='ltr'><strong>Cujusnam</strong></span> <span class='ocrx_word' id='word_1_132' title='bbox 1388 2361 1551 2414; x_wconf 81' lang='lat' dir='ltr'><strong>sortis</strong></span> <span class='ocrx_word' id='word_1_133' title='bbox 1575 2374 1659 2422; x_wconf 89' lang='lat' dir='ltr'><strong>es,</strong></span> <span class='ocrx_word' id='word_1_134' title='bbox 1690 2358 1925 2412; x_wconf 86' lang='lat' dir='ltr'><strong>mulier?</strong></span> <span class='ocrx_word' id='word_1_135' title='bbox 1966 2358 2291 2423; x_wconf 87' lang='lat' dir='ltr'><strong>Christiana,</strong></span> <span class='ocrx_word' id='word_1_136' title='bbox 2324 2360 2403 2412; x_wconf 86' lang='lat' dir='ltr'><strong>in-</strong></span> 
     </span>
    </p>
   </div>
   <div class='ocr_carea' id='block_1_21' title="bbox 826 2450 2397 2522">
    <p class='ocr_par' dir='ltr' id='par_1_21' title="bbox 826 2450 2397 2522">
     <span class='ocr_line' id='line_1_21' title="bbox 826 2450 2397 2522; baseline 0.004 -19"><span class='ocrx_word' id='word_1_137' title='bbox 826 2451 941 2519; x_wconf 86' lang='lat' dir='ltr'><strong>quit</strong></span> <span class='ocrx_word' id='word_1_138' title='bbox 964 2450 1271 2518; x_wconf 83' lang='lat' dir='ltr'><strong>Theodora,</strong></span> <span class='ocrx_word' id='word_1_139' title='bbox 1300 2466 1399 2522; x_wconf 82' lang='lat' dir='ltr'><strong>ego</strong></span> <span class='ocrx_word' id='word_1_140' title='bbox 1430 2467 1569 2506; x_wconf 91' lang='lat' dir='ltr'><strong>sum.</strong></span> <span class='ocrx_word' id='word_1_141' title='bbox 1602 2452 1672 2506; x_wconf 82' lang='lat' dir='ltr'><strong>At</strong></span> <span class='ocrx_word' id='word_1_142' title='bbox 1692 2451 1797 2506; x_wconf 91' lang='lat' dir='ltr'><strong>ille:</strong></span> <span class='ocrx_word' id='word_1_143' title='bbox 1825 2452 2107 2521; x_wconf 81' lang='lat' dir='ltr'><strong>Liberane,</strong></span> <span class='ocrx_word' id='word_1_144' title='bbox 2129 2471 2194 2508; x_wconf 92' lang='lat' dir='ltr'><strong>an</strong></span> <span class='ocrx_word' id='word_1_145' title='bbox 2221 2470 2397 2510; x_wconf 87' lang='lat' dir='ltr'><strong>serva.</strong></span> 
     </span>
    </p>
   </div>
   <div class='ocr_carea' id='block_1_22' title="bbox 828 2544 2404 2616">
    <p class='ocr_par' dir='ltr' id='par_1_22' title="bbox 828 2544 2404 2616">
     <span class='ocr_line' id='line_1_22' title="bbox 828 2544 2404 2616; baseline 0 -17"><span class='ocrx_word' id='word_1_146' title='bbox 828 2544 949 2599; x_wconf 82' lang='lat' dir='ltr'><strong>Dixi</strong></span> <span class='ocrx_word' id='word_1_147' title='bbox 976 2545 1113 2615; x_wconf 87' lang='lat' dir='ltr'><strong>jam,</strong></span> <span class='ocrx_word' id='word_1_148' title='bbox 1152 2546 1326 2615; x_wconf 89' lang='lat' dir='ltr'><strong>inquit</strong></span> <span class='ocrx_word' id='word_1_149' title='bbox 1365 2546 1501 2616; x_wconf 88' lang='lat' dir='ltr'><strong>ipsa,</strong></span> <span class='ocrx_word' id='word_1_150' title='bbox 1534 2544 1900 2601; x_wconf 83' lang='lat' dir='ltr'><strong>Christianam</strong></span> <span class='ocrx_word' id='word_1_151' title='bbox 1936 2563 2019 2601; x_wconf 90' lang='lat' dir='ltr'><strong>me</strong></span> <span class='ocrx_word' id='word_1_152' title='bbox 2061 2563 2216 2603; x_wconf 88' lang='lat' dir='ltr'><strong>esse:</strong></span> <span class='ocrx_word' id='word_1_153' title='bbox 2246 2548 2404 2601; x_wconf 89' lang='lat' dir='ltr'><strong>Chri-</strong></span> 
     </span>
    </p>
   </div>
   <div class='ocr_carea' id='block_1_23' title="bbox 827 2637 2401 2706">
    <p class='ocr_par' dir='ltr' id='par_1_23' title="bbox 827 2637 2401 2706">
     <span class='ocr_line' id='line_1_23' title="bbox 827 2637 2401 2706; baseline 0 -13"><span class='ocrx_word' id='word_1_154' title='bbox 827 2648 945 2693; x_wconf 83' lang='lat' dir='ltr'><strong>stus</strong></span> <span class='ocrx_word' id='word_1_155' title='bbox 992 2637 1136 2693; x_wconf 89' lang='lat' dir='ltr'><strong>enim</strong></span> <span class='ocrx_word' id='word_1_156' title='bbox 1183 2639 1445 2705; x_wconf 86' lang='lat' dir='ltr'><strong>veniens,</strong></span> <span class='ocrx_word' id='word_1_157' title='bbox 1486 2652 1516 2691; x_wconf 87' lang='lat' dir='ltr'><strong>a</strong></span> <span class='ocrx_word' id='word_1_158' title='bbox 1559 2650 1777 2706; x_wconf 79' lang='lat' dir='ltr'><strong>peccato</strong></span> <span class='ocrx_word' id='word_1_159' title='bbox 1818 2653 1903 2693; x_wconf 89' lang='lat' dir='ltr'><strong>me</strong></span> <span class='ocrx_word' id='word_1_160' title='bbox 1947 2639 2210 2694; x_wconf 81' lang='lat' dir='ltr'><strong>liberavit.</strong></span> <span class='ocrx_word' id='word_1_161' title='bbox 2250 2640 2401 2706; x_wconf 85' lang='lat' dir='ltr'><strong>Quod</strong></span> 
     </span>
    </p>
   </div>
   <div class='ocr_carea' id='block_1_24' title="bbox 824 2730 2404 2801">
    <p class='ocr_par' dir='ltr' id='par_1_24' title="bbox 824 2730 2404 2801">
     <span class='ocr_line' id='line_1_24' title="bbox 824 2730 2404 2801; baseline -0.001 -17"><span class='ocrx_word' id='word_1_162' title='bbox 824 2744 957 2785; x_wconf 77' lang='lat' dir='ltr'><strong>vero</strong></span> <span class='ocrx_word' id='word_1_163' title='bbox 986 2740 1040 2783; x_wconf 92' lang='lat' dir='ltr'><strong>et</strong></span> <span class='ocrx_word' id='word_1_164' title='bbox 1073 2730 1138 2785; x_wconf 90' lang='lat' dir='ltr'><strong>ad</strong></span> <span class='ocrx_word' id='word_1_165' title='bbox 1171 2745 1365 2785; x_wconf 89' lang='lat' dir='ltr'><strong>vanam</strong></span> <span class='ocrx_word' id='word_1_166' title='bbox 1395 2740 1558 2800; x_wconf 87' lang='lat' dir='ltr'><strong>atque</strong></span> <span class='ocrx_word' id='word_1_167' title='bbox 1589 2730 1805 2784; x_wconf 91' lang='lat' dir='ltr'><strong>inanem</strong></span> <span class='ocrx_word' id='word_1_168' title='bbox 1862 2731 2047 2783; x_wconf 87' lang='lat' dir='ltr'><strong>mundi</strong></span> <span class='ocrx_word' id='word_1_169' title='bbox 2082 2731 2240 2799; x_wconf 87' lang='lat' dir='ltr'><strong>hujus</strong></span> <span class='ocrx_word' id='word_1_170' title='bbox 2294 2733 2404 2801; x_wconf 76' lang='lat' dir='ltr'><strong>glo-</strong></span> 
     </span>
    </p>
   </div>
   <div class='ocr_carea' id='block_1_25' title="bbox 830 2822 2399 2892">
    <p class='ocr_par' dir='ltr' id='par_1_25' title="bbox 830 2822 2399 2892">
     <span class='ocr_line' id='line_1_25' title="bbox 830 2822 2399 2892; baseline 0.001 -15"><span class='ocrx_word' id='word_1_171' title='bbox 830 2822 965 2877; x_wconf 83' lang='lat' dir='ltr'><strong>riam</strong></span> <span class='ocrx_word' id='word_1_172' title='bbox 991 2822 1203 2888; x_wconf 86' lang='lat' dir='ltr'><strong>attinet,</strong></span> <span class='ocrx_word' id='word_1_173' title='bbox 1234 2822 1393 2876; x_wconf 88' lang='lat' dir='ltr'><strong>claris</strong></span> <span class='ocrx_word' id='word_1_174' title='bbox 1425 2822 1742 2892; x_wconf 88' lang='lat' dir='ltr'><strong>parentibus</strong></span> <span class='ocrx_word' id='word_1_175' title='bbox 1764 2830 1880 2876; x_wconf 86' lang='lat' dir='ltr'><strong>orta</strong></span> <span class='ocrx_word' id='word_1_176' title='bbox 1905 2838 2045 2876; x_wconf 90' lang='lat' dir='ltr'><strong>smn.</strong></span> <span class='ocrx_word' id='word_1_177' title='bbox 2072 2822 2399 2889; x_wconf 84' lang='lat' dir='ltr'><strong>Tuncjndex</strong></span> 
     </span>
    </p>
   </div>
   <div class='ocr_carea' id='block_1_26' title="bbox 830 2915 2399 2986">
    <p class='ocr_par' dir='ltr' id='par_1_26' title="bbox 830 2915 2399 2986">
     <span class='ocr_line' id='line_1_26' title="bbox 830 2915 2399 2986; baseline 0.002 -19"><span class='ocrx_word' id='word_1_178' title='bbox 830 2924 1157 2985; x_wconf 68' lang='lat' dir='ltr'><strong>quaestorem</strong></span> <span class='ocrx_word' id='word_1_179' title='bbox 1191 2915 1446 2970; x_wconf 87' lang='lat' dir='ltr'><strong>accersiri</strong></span> <span class='ocrx_word' id='word_1_180' title='bbox 1482 2915 1660 2985; x_wconf 83' lang='lat' dir='ltr'><strong>jussit.</strong></span> <span class='ocrx_word' id='word_1_181' title='bbox 1694 2916 1861 2981; x_wconf 85' lang='lat' dir='ltr'><strong>Quem</strong></span> <span class='ocrx_word' id='word_1_182' title='bbox 1896 2930 2016 2969; x_wconf 90' lang='lat' dir='ltr'><strong>cum</strong></span> <span class='ocrx_word' id='word_1_183' title='bbox 2044 2918 2239 2970; x_wconf 85' lang='lat' dir='ltr'><strong>cohors</strong></span> <span class='ocrx_word' id='word_1_184' title='bbox 2269 2932 2399 2986; x_wconf 71' lang='lat' dir='ltr'><strong>pne-</strong></span> 
     </span>
    </p>
   </div>
   <div class='ocr_carea' id='block_1_27' title="bbox 826 3007 2398 3076">
    <p class='ocr_par' dir='ltr' id='par_1_27' title="bbox 826 3007 2398 3076">
     <span class='ocr_line' id='line_1_27' title="bbox 826 3007 2398 3076; baseline 0 -14"><span class='ocrx_word' id='word_1_185' title='bbox 826 3016 909 3062; x_wconf 81' lang='lat' dir='ltr'><strong>sto</strong></span> <span class='ocrx_word' id='word_1_186' title='bbox 940 3021 1058 3061; x_wconf 88' lang='lat' dir='ltr'><strong>esse</strong></span> <span class='ocrx_word' id='word_1_187' title='bbox 1089 3008 1347 3061; x_wconf 84' lang='lat' dir='ltr'><strong>dixisset:</strong></span> <span class='ocrx_word' id='word_1_188' title='bbox 1377 3008 1489 3071; x_wconf 85' lang='lat' dir='ltr'><strong>Dic,</strong></span> <span class='ocrx_word' id='word_1_189' title='bbox 1526 3008 1716 3076; x_wconf 87' lang='lat' dir='ltr'><strong>inquit,</strong></span> <span class='ocrx_word' id='word_1_190' title='bbox 1752 3007 1882 3062; x_wconf 85' lang='lat' dir='ltr'><strong>Luci</strong></span> <span class='ocrx_word' id='word_1_191' title='bbox 1920 3025 1932 3059; x_wconf 91' lang='lat'><strong>:</strong></span> <span class='ocrx_word' id='word_1_192' title='bbox 1973 3008 2189 3061; x_wconf 89' lang='lat' dir='ltr'><strong>nostine</strong></span> <span class='ocrx_word' id='word_1_193' title='bbox 2221 3007 2398 3062; x_wconf 85' lang='lat' dir='ltr'><strong>Theo-</strong></span> 
     </span>
    </p>
   </div>
   <div class='ocr_carea' id='block_1_28' title="bbox 825 3096 2396 3167">
    <p class='ocr_par' dir='ltr' id='par_1_28' title="bbox 825 3096 2396 3167">
     <span class='ocr_line' id='line_1_28' title="bbox 825 3096 2396 3167; baseline 0 -16"><span class='ocrx_word' id='word_1_194' title='bbox 825 3097 1012 3151; x_wconf 87' lang='lat' dir='ltr'><strong>doram</strong></span> <span class='ocrx_word' id='word_1_195' title='bbox 1055 3098 1358 3167; x_wconf 78' lang='lat' dir='ltr'><strong>virginem?</strong></span> <span class='ocrx_word' id='word_1_196' title='bbox 1401 3097 1494 3151; x_wconf 90' lang='lat' dir='ltr'><strong>Cui</strong></span> <span class='ocrx_word' id='word_1_197' title='bbox 1545 3096 1777 3151; x_wconf 88' lang='lat' dir='ltr'><strong>Lucius:</strong></span> <span class='ocrx_word' id='word_1_198' title='bbox 1814 3098 1916 3152; x_wconf 87' lang='lat' dir='ltr'><strong>Per</strong></span> <span class='ocrx_word' id='word_1_199' title='bbox 1949 3108 2114 3160; x_wconf 81' lang='lat' dir='ltr'><strong>luant,</strong></span> <span class='ocrx_word' id='word_1_200' title='bbox 2156 3112 2355 3166; x_wconf 79' lang='lat' dir='ltr'><strong>praeses</strong></span> <span class='ocrx_word' id='word_1_201' title='bbox 2384 3138 2396 3161; x_wconf 91' lang='lat'><strong>,</strong></span> 
     </span>
    </p>
   </div>
   <div class='ocr_carea' id='block_1_29' title="bbox 822 3189 2399 3256">
    <p class='ocr_par' dir='ltr' id='par_1_29' title="bbox 822 3189 2399 3256">
     <span class='ocr_line' id='line_1_29' title="bbox 822 3189 2399 3256; baseline 0.001 -15"><span class='ocrx_word' id='word_1_202' title='bbox 822 3189 1090 3243; x_wconf 89' lang='lat' dir='ltr'><strong>valentem</strong></span> <span class='ocrx_word' id='word_1_203' title='bbox 1117 3192 1277 3243; x_wconf 87' lang='lat' dir='ltr'><strong>vitam</strong></span> <span class='ocrx_word' id='word_1_204' title='bbox 1302 3206 1362 3243; x_wconf 90' lang='lat' dir='ltr'><strong>ac</strong></span> <span class='ocrx_word' id='word_1_205' title='bbox 1388 3189 1750 3254; x_wconf 83' lang='lat' dir='ltr'><strong>splendorem,</strong></span> <span class='ocrx_word' id='word_1_206' title='bbox 1777 3190 2107 3246; x_wconf 79' lang='lat' dir='ltr'><strong>nobilissima</strong></span> <span class='ocrx_word' id='word_1_207' title='bbox 2131 3202 2233 3256; x_wconf 90' lang='lat' dir='ltr'><strong>est,</strong></span> <span class='ocrx_word' id='word_1_208' title='bbox 2260 3191 2399 3244; x_wconf 84' lang='lat' dir='ltr'><strong>mul-</strong></span> 
     </span>
    </p>
   </div>
   <div class='ocr_carea' id='block_1_30' title="bbox 823 3283 2395 3352">
    <p class='ocr_par' dir='ltr' id='par_1_30' title="bbox 823 3283 2395 3352">
     <span class='ocr_line' id='line_1_30' title="bbox 823 3283 2395 3352; baseline 0 -15"><span class='ocrx_word' id='word_1_209' title='bbox 823 3292 998 3351; x_wconf 65' lang='lat' dir='ltr'><strong>taeque</strong></span> <span class='ocrx_word' id='word_1_210' title='bbox 1019 3283 1437 3337; x_wconf 82' lang='lat' dir='ltr'><strong>existimationis</strong></span> <span class='ocrx_word' id='word_1_211' title='bbox 1465 3291 1518 3336; x_wconf 93' lang='lat' dir='ltr'><strong>et</strong></span> <span class='ocrx_word' id='word_1_212' title='bbox 1543 3284 1697 3352; x_wconf 82' lang='lat' dir='ltr'><strong>primi</strong></span> <span class='ocrx_word' id='word_1_213' title='bbox 1723 3286 1932 3352; x_wconf 82' lang='lat' dir='ltr'><strong>generis</strong></span> <span class='ocrx_word' id='word_1_214' title='bbox 1963 3284 2172 3341; x_wconf 87' lang='lat' dir='ltr'><strong>mulier.</strong></span> <span class='ocrx_word' id='word_1_215' title='bbox 2196 3284 2395 3351; x_wconf 88' lang='lat' dir='ltr'><strong>Quare,</strong></span> 
     </span>
    </p>
   </div>
   <div class='ocr_carea' id='block_1_31' title="bbox 828 3376 2401 3444">
    <p class='ocr_par' dir='ltr' id='par_1_31' title="bbox 828 3376 2401 3444">
     <span class='ocr_line' id='line_1_31' title="bbox 828 3376 2401 3444; baseline 0 -15"><span class='ocrx_word' id='word_1_216' title='bbox 828 3377 1006 3444; x_wconf 82' lang='lat' dir='ltr'><strong>inquit</strong></span> <span class='ocrx_word' id='word_1_217' title='bbox 1038 3376 1231 3444; x_wconf 84' lang='lat' dir='ltr'><strong>judex,</strong></span> <span class='ocrx_word' id='word_1_218' title='bbox 1263 3391 1382 3433; x_wconf 84' lang='lat' dir='ltr'><strong>cum</strong></span> <span class='ocrx_word' id='word_1_219' title='bbox 1414 3376 1490 3430; x_wconf 85' lang='lat' dir='ltr'><strong>sis</strong></span> <span class='ocrx_word' id='word_1_220' title='bbox 1531 3378 1600 3429; x_wconf 88' lang='lat' dir='ltr'><strong>ita</strong></span> <span class='ocrx_word' id='word_1_221' title='bbox 1631 3377 1844 3438; x_wconf 87' lang='lat' dir='ltr'><strong>nobilis,</strong></span> <span class='ocrx_word' id='word_1_222' title='bbox 1873 3378 2083 3443; x_wconf 89' lang='lat' dir='ltr'><strong>nuptias</strong></span> <span class='ocrx_word' id='word_1_223' title='bbox 2115 3378 2401 3429; x_wconf 82' lang='lat' dir='ltr'><strong>recusasti?</strong></span> 
     </span>
    </p>
   </div>
   <div class='ocr_carea' id='block_1_32' title="bbox 824 3464 2395 3537">
    <p class='ocr_par' dir='ltr' id='par_1_32' title="bbox 824 3464 2395 3537">
     <span class='ocr_line' id='line_1_32' title="bbox 824 3464 2395 3537; baseline 0.002 -18"><span class='ocrx_word' id='word_1_224' title='bbox 824 3464 1111 3521; x_wconf 85' lang='lat' dir='ltr'><strong>Theodora</strong></span> <span class='ocrx_word' id='word_1_225' title='bbox 1146 3469 1458 3537; x_wconf 86' lang='lat' dir='ltr'><strong>respondit:</strong></span> <span class='ocrx_word' id='word_1_226' title='bbox 1492 3468 1692 3522; x_wconf 84' lang='lat' dir='ltr'><strong>Christi</strong></span> <span class='ocrx_word' id='word_1_227' title='bbox 1749 3483 1910 3519; x_wconf 84' lang='lat' dir='ltr'><strong>causa</strong></span> <span class='ocrx_word' id='word_1_228' title='bbox 1967 3469 2169 3522; x_wconf 87' lang='lat' dir='ltr'><strong>nubere</strong></span> <span class='ocrx_word' id='word_1_229' title='bbox 2228 3468 2395 3522; x_wconf 91' lang='lat' dir='ltr'><strong>nolui.</strong></span> 
     </span>
    </p>
   </div>
   <div class='ocr_carea' id='block_1_33' title="bbox 826 3559 2396 3627">
    <p class='ocr_par' dir='ltr' id='par_1_33' title="bbox 826 3559 2396 3627">
     <span class='ocr_line' id='line_1_33' title="bbox 826 3559 2396 3627; baseline 0.001 -13"><span class='ocrx_word' id='word_1_230' title='bbox 826 3559 963 3614; x_wconf 87' lang='lat' dir='ltr'><strong>Cum</strong></span> <span class='ocrx_word' id='word_1_231' title='bbox 995 3562 1136 3614; x_wconf 85' lang='lat' dir='ltr'><strong>enim</strong></span> <span class='ocrx_word' id='word_1_232' title='bbox 1181 3562 1268 3615; x_wconf 90' lang='lat' dir='ltr'><strong>ille</strong></span> <span class='ocrx_word' id='word_1_233' title='bbox 1321 3562 1482 3615; x_wconf 78' lang='lat' dir='ltr'><strong>hcino</strong></span> <span class='ocrx_word' id='word_1_234' title='bbox 1514 3560 1688 3615; x_wconf 80' lang='lat' dir='ltr'><strong>factos</strong></span> <span class='ocrx_word' id='word_1_235' title='bbox 1722 3561 1772 3613; x_wconf 92' lang='lat' dir='ltr'><strong>in</strong></span> <span class='ocrx_word' id='word_1_236' title='bbox 1809 3564 2007 3614; x_wconf 86' lang='lat' dir='ltr'><strong>ruundo</strong></span> <span class='ocrx_word' id='word_1_237' title='bbox 2039 3575 2348 3615; x_wconf 78' lang='lat' dir='ltr'><strong>versaretur</strong></span> <span class='ocrx_word' id='word_1_238' title='bbox 2381 3604 2396 3627; x_wconf 93' lang='lat'><strong>,</strong></span> 
     </span>
    </p>
   </div>
   <div class='ocr_carea' id='block_1_34' title="bbox 825 3652 2395 3723">
    <p class='ocr_par' dir='ltr' id='par_1_34' title="bbox 825 3652 2395 3723">
     <span class='ocr_line' id='line_1_34' title="bbox 825 3652 2395 3723; baseline 0 -17"><span class='ocrx_word' id='word_1_239' title='bbox 825 3652 895 3707; x_wconf 81' lang='lat' dir='ltr'><strong>ab</strong></span> <span class='ocrx_word' id='word_1_240' title='bbox 925 3665 1011 3718; x_wconf 89' lang='lat' dir='ltr'><strong>ea,</strong></span> <span class='ocrx_word' id='word_1_241' title='bbox 1052 3668 1170 3721; x_wconf 72' lang='lat' dir='ltr'><strong>qua:</strong></span> <span class='ocrx_word' id='word_1_242' title='bbox 1203 3669 1419 3722; x_wconf 82' lang='lat' dir='ltr'><strong>semper</strong></span> <span class='ocrx_word' id='word_1_243' title='bbox 1469 3654 1617 3723; x_wconf 81' lang='lat' dir='ltr'><strong>virgo</strong></span> <span class='ocrx_word' id='word_1_244' title='bbox 1648 3666 1701 3707; x_wconf 88' lang='lat' dir='ltr'><strong>et</strong></span> <span class='ocrx_word' id='word_1_245' title='bbox 1732 3653 1823 3706; x_wconf 86' lang='lat' dir='ltr'><strong>Dei</strong></span> <span class='ocrx_word' id='word_1_246' title='bbox 1872 3653 2040 3706; x_wconf 79' lang='lat' dir='ltr'><strong>Mater</strong></span> <span class='ocrx_word' id='word_1_247' title='bbox 2076 3654 2172 3706; x_wconf 73' lang='lat' dir='ltr'><strong>iuit</strong></span> <span class='ocrx_word' id='word_1_248' title='bbox 2196 3693 2210 3717; x_wconf 94' lang='lat'><strong>,</strong></span> <span class='ocrx_word' id='word_1_249' title='bbox 2244 3656 2395 3721; x_wconf 76' lang='lat' dir='ltr'><strong>geni-</strong></span> 
     </span>
    </p>
   </div>
   <div class='ocr_carea' id='block_1_35' title="bbox 824 3745 2395 3812">
    <p class='ocr_par' dir='ltr' id='par_1_35' title="bbox 824 3745 2395 3812">
     <span class='ocr_line' id='line_1_35' title="bbox 824 3745 2395 3812; baseline -0.003 -12"><span class='ocrx_word' id='word_1_250' title='bbox 824 3754 914 3800; x_wconf 85' lang='lat' dir='ltr'><strong>tus</strong></span> <span class='ocrx_word' id='word_1_251' title='bbox 939 3786 956 3811; x_wconf 94' lang='lat'><strong>,</strong></span> <span class='ocrx_word' id='word_1_252' title='bbox 992 3761 1018 3797; x_wconf 92' lang='lat' dir='ltr'><strong>a</strong></span> <span class='ocrx_word' id='word_1_253' title='bbox 1048 3745 1396 3811; x_wconf 87' lang='lat' dir='ltr'><strong>corruptione</strong></span> <span class='ocrx_word' id='word_1_254' title='bbox 1436 3760 1531 3797; x_wconf 90' lang='lat' dir='ltr'><strong>nos</strong></span> <span class='ocrx_word' id='word_1_255' title='bbox 1575 3745 1842 3807; x_wconf 85' lang='lat' dir='ltr'><strong>removit,</strong></span> <span class='ocrx_word' id='word_1_256' title='bbox 1894 3755 1948 3798; x_wconf 88' lang='lat' dir='ltr'><strong>et</strong></span> <span class='ocrx_word' id='word_1_257' title='bbox 2014 3746 2395 3812; x_wconf 85' lang='lat' dir='ltr'><strong>sempiternam</strong></span> 
     </span>
    </p>
   </div>
   <div class='ocr_carea' id='block_1_36' title="bbox 825 3834 2394 3906">
    <p class='ocr_par' dir='ltr' id='par_1_36' title="bbox 825 3834 2394 3906">
     <span class='ocr_line' id='line_1_36' title="bbox 825 3834 2394 3906; baseline 0.001 -14"><span class='ocrx_word' id='word_1_258' title='bbox 825 3838 992 3892; x_wconf 80' lang='lat' dir='ltr'><strong>vitam</strong></span> <span class='ocrx_word' id='word_1_259' title='bbox 1026 3836 1179 3892; x_wconf 87' lang='lat' dir='ltr'><strong>nobis</strong></span> <span class='ocrx_word' id='word_1_260' title='bbox 1210 3836 1477 3905; x_wconf 76' lang='lat' dir='ltr'><strong>promisit.</strong></span> <span class='ocrx_word' id='word_1_261' title='bbox 1512 3834 1695 3905; x_wconf 90' lang='lat' dir='ltr'><strong>Itaque</strong></span> <span class='ocrx_word' id='word_1_262' title='bbox 1746 3837 1860 3890; x_wconf 81' lang='lat' dir='ltr'><strong>fore</strong></span> <span class='ocrx_word' id='word_1_263' title='bbox 1893 3837 2021 3890; x_wconf 90' lang='lat' dir='ltr'><strong>mihi</strong></span> <span class='ocrx_word' id='word_1_264' title='bbox 2052 3842 2347 3906; x_wconf 88' lang='lat' dir='ltr'><strong>persuadeo</strong></span> <span class='ocrx_word' id='word_1_265' title='bbox 2381 3880 2394 3902; x_wconf 87' lang='lat'><strong>,</strong></span> 
     </span>
    </p>
   </div>
   <div class='ocr_carea' id='block_1_37' title="bbox 825 3926 2395 3997">
    <p class='ocr_par' dir='ltr' id='par_1_37' title="bbox 825 3926 2395 3997">
     <span class='ocr_line' id='line_1_37' title="bbox 825 3926 2395 3997; baseline 0.001 -13"><span class='ocrx_word' id='word_1_266' title='bbox 825 3930 958 3984; x_wconf 88' lang='lat' dir='ltr'><strong>utin</strong></span> <span class='ocrx_word' id='word_1_267' title='bbox 987 3930 1102 3997; x_wconf 87' lang='lat' dir='ltr'><strong>ejus</strong></span> <span class='ocrx_word' id='word_1_268' title='bbox 1134 3928 1237 3981; x_wconf 86' lang='lat' dir='ltr'><strong>ﬁde</strong></span> <span class='ocrx_word' id='word_1_269' title='bbox 1272 3942 1598 3995; x_wconf 86' lang='lat' dir='ltr'><strong>permanens</strong></span> <span class='ocrx_word' id='word_1_270' title='bbox 1620 3966 1635 3992; x_wconf 95' lang='lat'><strong>,</strong></span> <span class='ocrx_word' id='word_1_271' title='bbox 1667 3926 1731 3981; x_wconf 89' lang='lat' dir='ltr'><strong>ad</strong></span> <span class='ocrx_word' id='word_1_272' title='bbox 1756 3926 1917 3981; x_wconf 88' lang='lat' dir='ltr'><strong>ﬁnem</strong></span> <span class='ocrx_word' id='word_1_273' title='bbox 1952 3944 2121 3997; x_wconf 86' lang='lat' dir='ltr'><strong>usque</strong></span> <span class='ocrx_word' id='word_1_274' title='bbox 2151 3932 2395 3987; x_wconf 82' lang='lat' dir='ltr'><strong>incorru-</strong></span> 
     </span>
    </p>
   </div>
   <div class='ocr_carea' id='block_1_38' title="bbox 826 4019 1391 4090">
    <p class='ocr_par' dir='ltr' id='par_1_38' title="bbox 826 4019 1391 4090">
     <span class='ocr_line' id='line_1_38' title="bbox 826 4019 1391 4090; baseline -0.004 -17"><span class='ocrx_word' id='word_1_275' title='bbox 826 4029 913 4090; x_wconf 86' lang='lat' dir='ltr'><strong>pta</strong></span> <span class='ocrx_word' id='word_1_276' title='bbox 951 4031 1002 4073; x_wconf 91' lang='lat' dir='ltr'><strong>et</strong></span> <span class='ocrx_word' id='word_1_277' title='bbox 1032 4020 1233 4074; x_wconf 89' lang='lat' dir='ltr'><strong>intacta</strong></span> <span class='ocrx_word' id='word_1_278' title='bbox 1266 4019 1391 4073; x_wconf 89' lang='lat' dir='ltr'><strong>sim.</strong></span> 
     </span>
    </p>
   </div>
   <div class='ocr_carea' id='block_1_39' title="bbox 894 4110 2394 4181">
    <p class='ocr_par' dir='ltr' id='par_1_39' title="bbox 894 4110 2394 4181">
     <span class='ocr_line' id='line_1_39' title="bbox 894 4110 2394 4181; baseline 0.002 -17"><span class='ocrx_word' id='word_1_279' title='bbox 894 4110 955 4165; x_wconf 94' lang='lat' dir='ltr'><strong>Il.</strong></span> <span class='ocrx_word' id='word_1_280' title='bbox 988 4112 1137 4165; x_wconf 83' lang='lat' dir='ltr'><strong>Tunc</strong></span> <span class='ocrx_word' id='word_1_281' title='bbox 1162 4112 1323 4179; x_wconf 72' lang='lat' dir='ltr'><strong>judet</strong></span> <span class='ocrx_word' id='word_1_282' title='bbox 1352 4111 1527 4165; x_wconf 82' lang='lat' dir='ltr'><strong>dixit:</strong></span> <span class='ocrx_word' id='word_1_283' title='bbox 1558 4112 1914 4181; x_wconf 88' lang='lat' dir='ltr'><strong>Imperatores</strong></span> <span class='ocrx_word' id='word_1_284' title='bbox 1945 4114 2237 4181; x_wconf 84' lang='lat' dir='ltr'><strong>jusserunt,</strong></span> <span class='ocrx_word' id='word_1_285' title='bbox 2278 4130 2394 4181; x_wconf 87' lang='lat' dir='ltr'><strong>vos,</strong></span> 
     </span>
    </p>
   </div>
   <div class='ocr_carea' id='block_1_40' title="bbox 2509 1625 4078 1696">
    <p class='ocr_par' dir='ltr' id='par_1_40' title="bbox 2509 1625 4078 1696">
     <span class='ocr_line' id='line_1_40' title="bbox 2509 1625 4078 1696; baseline 0.005 -21"><span class='ocrx_word' id='word_1_286' title='bbox 2509 1625 2683 1679; x_wconf 76' lang='lat' dir='ltr'><strong>facere</strong></span> <span class='ocrx_word' id='word_1_287' title='bbox 2714 1628 2935 1695; x_wconf 85' lang='lat' dir='ltr'><strong>poteris.</strong></span> <span class='ocrx_word' id='word_1_288' title='bbox 2970 1625 3232 1681; x_wconf 89' lang='lat' dir='ltr'><strong>Similiter</strong></span> <span class='ocrx_word' id='word_1_289' title='bbox 3260 1628 3501 1696; x_wconf 79' lang='lat' dir='ltr'><strong>lupanari</strong></span> <span class='ocrx_word' id='word_1_290' title='bbox 3551 1629 3767 1690; x_wconf 80' lang='lat' dir='ltr'><strong>tradar.</strong></span> <span class='ocrx_word' id='word_1_291' title='bbox 3802 1645 3993 1692; x_wconf 79' lang='lat' dir='ltr'><strong>necne,</strong></span> <span class='ocrx_word' id='word_1_292' title='bbox 4030 1633 4078 1684; x_wconf 90' lang='lat' dir='ltr'><strong>in</strong></span> 
     </span>
    </p>
   </div>
   <div class='ocr_carea' id='block_1_41' title="bbox 2506 1718 4077 1788">
    <p class='ocr_par' dir='ltr' id='par_1_41' title="bbox 2506 1718 4077 1788">
     <span class='ocr_line' id='line_1_41' title="bbox 2506 1718 4077 1788; baseline 0.003 -17"><span class='ocrx_word' id='word_1_293' title='bbox 2506 1718 2716 1773; x_wconf 87' lang='lat' dir='ltr'><strong>arbitrii</strong></span> <span class='ocrx_word' id='word_1_294' title='bbox 2752 1720 2853 1772; x_wconf 87' lang='lat' dir='ltr'><strong>tnei</strong></span> <span class='ocrx_word' id='word_1_295' title='bbox 2894 1728 3158 1788; x_wconf 76' lang='lat' dir='ltr'><strong>potestate</strong></span> <span class='ocrx_word' id='word_1_296' title='bbox 3186 1736 3289 1774; x_wconf 91' lang='lat' dir='ltr'><strong>non</strong></span> <span class='ocrx_word' id='word_1_297' title='bbox 3323 1732 3423 1785; x_wconf 87' lang='lat' dir='ltr'><strong>est,</strong></span> <span class='ocrx_word' id='word_1_298' title='bbox 3459 1720 3551 1773; x_wconf 88' lang='lat' dir='ltr'><strong>sed</strong></span> <span class='ocrx_word' id='word_1_299' title='bbox 3582 1721 3632 1773; x_wconf 91' lang='lat' dir='ltr'><strong>in</strong></span> <span class='ocrx_word' id='word_1_300' title='bbox 3661 1737 3819 1775; x_wconf 88' lang='lat' dir='ltr'><strong>manu</strong></span> <span class='ocrx_word' id='word_1_301' title='bbox 3852 1733 3963 1783; x_wconf 91' lang='lat' dir='ltr'><strong>tua,</strong></span> <span class='ocrx_word' id='word_1_302' title='bbox 3997 1726 4077 1777; x_wconf 78' lang='lat' dir='ltr'><strong>cui</strong></span> 
     </span>
    </p>
   </div>
   <div class='ocr_carea' id='block_1_42' title="bbox 2504 1812 4077 1883">
    <p class='ocr_par' dir='ltr' id='par_1_42' title="bbox 2504 1812 4077 1883">
     <span class='ocr_line' id='line_1_42' title="bbox 2504 1812 4077 1883; baseline 0.001 -17"><span class='ocrx_word' id='word_1_303' title='bbox 2504 1828 2601 1883; x_wconf 84' lang='lat' dir='ltr'><strong>per</strong></span> <span class='ocrx_word' id='word_1_304' title='bbox 2632 1814 2915 1881; x_wconf 90' lang='lat' dir='ltr'><strong>imperium</strong></span> <span class='ocrx_word' id='word_1_305' title='bbox 2950 1814 3051 1866; x_wconf 86' lang='lat' dir='ltr'><strong>vim</strong></span> <span class='ocrx_word' id='word_1_306' title='bbox 3087 1815 3209 1869; x_wconf 82' lang='lat' dir='ltr'><strong>licet</strong></span> <span class='ocrx_word' id='word_1_307' title='bbox 3245 1814 3462 1868; x_wconf 76' lang='lat' dir='ltr'><strong>inferre.</strong></span> <span class='ocrx_word' id='word_1_308' title='bbox 3490 1812 3640 1878; x_wconf 90' lang='lat' dir='ltr'><strong>Quod</strong></span> <span class='ocrx_word' id='word_1_309' title='bbox 3674 1830 3802 1867; x_wconf 89' lang='lat' dir='ltr'><strong>vero</strong></span> <span class='ocrx_word' id='word_1_310' title='bbox 3826 1816 3890 1866; x_wconf 88' lang='lat' dir='ltr'><strong>ad</strong></span> <span class='ocrx_word' id='word_1_311' title='bbox 3915 1816 4077 1867; x_wconf 89' lang='lat' dir='ltr'><strong>animi</strong></span> 
     </span>
    </p>
   </div>
   <div class='ocr_carea' id='block_1_43' title="bbox 2507 1908 4082 1978">
    <p class='ocr_par' dir='ltr' id='par_1_43' title="bbox 2507 1908 4082 1978">
     <span class='ocr_line' id='line_1_43' title="bbox 2507 1908 4082 1978; baseline 0 -17"><span class='ocrx_word' id='word_1_312' title='bbox 2507 1908 2613 1962; x_wconf 87' lang='lat' dir='ltr'><strong>mei</strong></span> <span class='ocrx_word' id='word_1_313' title='bbox 2650 1913 2985 1978; x_wconf 88' lang='lat' dir='ltr'><strong>propositmn</strong></span> <span class='ocrx_word' id='word_1_314' title='bbox 3020 1910 3233 1973; x_wconf 88' lang='lat' dir='ltr'><strong>attinet,</strong></span> <span class='ocrx_word' id='word_1_315' title='bbox 3272 1918 3476 1964; x_wconf 87' lang='lat' dir='ltr'><strong>certum</strong></span> <span class='ocrx_word' id='word_1_316' title='bbox 3506 1920 3584 1963; x_wconf 87' lang='lat' dir='ltr'><strong>est</strong></span> <span class='ocrx_word' id='word_1_317' title='bbox 3623 1908 3730 1963; x_wconf 87' lang='lat' dir='ltr'><strong>Deo</strong></span> <span class='ocrx_word' id='word_1_318' title='bbox 3760 1911 3855 1978; x_wconf 85' lang='lat' dir='ltr'><strong>ipsi</strong></span> <span class='ocrx_word' id='word_1_319' title='bbox 3911 1909 4082 1964; x_wconf 88' lang='lat' dir='ltr'><strong>casti-</strong></span> 
     </span>
    </p>
   </div>
   <div class='ocr_carea' id='block_1_44' title="bbox 2508 2002 4077 2073">
    <p class='ocr_par' dir='ltr' id='par_1_44' title="bbox 2508 2002 4077 2073">
     <span class='ocr_line' id='line_1_44' title="bbox 2508 2002 4077 2073; baseline 0 -17"><span class='ocrx_word' id='word_1_320' title='bbox 2508 2004 2631 2057; x_wconf 90' lang='lat' dir='ltr'><strong>tatis</strong></span> <span class='ocrx_word' id='word_1_321' title='bbox 2658 2019 2786 2057; x_wconf 77' lang='lat' dir='ltr'><strong>mea:</strong></span> <span class='ocrx_word' id='word_1_322' title='bbox 2819 2002 3208 2073; x_wconf 80' lang='lat' dir='ltr'><strong>professionem</strong></span> <span class='ocrx_word' id='word_1_323' title='bbox 3242 2017 3497 2058; x_wconf 84' lang='lat' dir='ltr'><strong>servare:</strong></span> <span class='ocrx_word' id='word_1_324' title='bbox 3529 2004 3599 2057; x_wconf 90' lang='lat' dir='ltr'><strong>illi</strong></span> <span class='ocrx_word' id='word_1_325' title='bbox 3634 2003 3775 2056; x_wconf 90' lang='lat' dir='ltr'><strong>enim</strong></span> <span class='ocrx_word' id='word_1_326' title='bbox 3804 2005 4077 2071; x_wconf 77' lang='lat' dir='ltr'><strong>virginitas</strong></span> 
     </span>
    </p>
   </div>
   <div class='ocr_carea' id='block_1_45' title="bbox 2506 2095 4076 2163">
    <p class='ocr_par' dir='ltr' id='par_1_45' title="bbox 2506 2095 4076 2163">
     <span class='ocr_line' id='line_1_45' title="bbox 2506 2095 4076 2163; baseline -0.001 -15"><span class='ocrx_word' id='word_1_327' title='bbox 2506 2110 2620 2149; x_wconf 88' lang='lat' dir='ltr'><strong>mea</strong></span> <span class='ocrx_word' id='word_1_328' title='bbox 2660 2096 2829 2149; x_wconf 86' lang='lat' dir='ltr'><strong>dicata</strong></span> <span class='ocrx_word' id='word_1_329' title='bbox 2859 2106 2973 2163; x_wconf 89' lang='lat' dir='ltr'><strong>est;</strong></span> <span class='ocrx_word' id='word_1_330' title='bbox 3005 2095 3092 2149; x_wconf 84' lang='lat' dir='ltr'><strong>ille</strong></span> <span class='ocrx_word' id='word_1_331' title='bbox 3132 2106 3311 2149; x_wconf 89' lang='lat' dir='ltr'><strong>certus</strong></span> <span class='ocrx_word' id='word_1_332' title='bbox 3350 2095 3511 2161; x_wconf 83' lang='lat' dir='ltr'><strong>hujus</strong></span> <span class='ocrx_word' id='word_1_333' title='bbox 3556 2096 3630 2150; x_wconf 87' lang='lat' dir='ltr'><strong>rei</strong></span> <span class='ocrx_word' id='word_1_334' title='bbox 3667 2096 3917 2151; x_wconf 85' lang='lat' dir='ltr'><strong>dominus</strong></span> <span class='ocrx_word' id='word_1_335' title='bbox 3955 2107 4076 2149; x_wconf 87' lang='lat' dir='ltr'><strong>est:</strong></span> 
     </span>
    </p>
   </div>
   <div class='ocr_carea' id='block_1_46' title="bbox 2507 2188 4081 2255">
    <p class='ocr_par' dir='ltr' id='par_1_46' title="bbox 2507 2188 4081 2255">
     <span class='ocr_line' id='line_1_46' title="bbox 2507 2188 4081 2255; baseline -0.001 -14"><span class='ocrx_word' id='word_1_336' title='bbox 2507 2188 2611 2252; x_wconf 89' lang='lat' dir='ltr'><strong>ille,</strong></span> <span class='ocrx_word' id='word_1_337' title='bbox 2648 2190 2689 2240; x_wconf 88' lang='lat' dir='ltr'><strong>si</strong></span> <span class='ocrx_word' id='word_1_338' title='bbox 2720 2188 2964 2251; x_wconf 86' lang='lat' dir='ltr'><strong>voluerit,</strong></span> <span class='ocrx_word' id='word_1_339' title='bbox 2998 2189 3362 2255; x_wconf 77' lang='lat' dir='ltr'><strong>virginitatem</strong></span> <span class='ocrx_word' id='word_1_340' title='bbox 3391 2189 3529 2241; x_wconf 78' lang='lat' dir='ltr'><strong>hanc</strong></span> <span class='ocrx_word' id='word_1_341' title='bbox 3559 2202 3751 2251; x_wconf 91' lang='lat' dir='ltr'><strong>meam,</strong></span> <span class='ocrx_word' id='word_1_342' title='bbox 3780 2189 4081 2254; x_wconf 79' lang='lat' dir='ltr'><strong>possessio-</strong></span> 
     </span>
    </p>
   </div>
   <div class='ocr_carea' id='block_1_47' title="bbox 2507 2280 3977 2348">
    <p class='ocr_par' dir='ltr' id='par_1_47' title="bbox 2507 2280 3977 2348">
     <span class='ocr_line' id='line_1_47' title="bbox 2507 2280 3977 2348; baseline -0.001 -14"><span class='ocrx_word' id='word_1_343' title='bbox 2507 2296 2625 2334; x_wconf 81' lang='lat' dir='ltr'><strong>nem</strong></span> <span class='ocrx_word' id='word_1_344' title='bbox 2664 2296 2838 2343; x_wconf 86' lang='lat' dir='ltr'><strong>suam,</strong></span> <span class='ocrx_word' id='word_1_345' title='bbox 2878 2281 3199 2335; x_wconf 86' lang='lat' dir='ltr'><strong>incolumem</strong></span> <span class='ocrx_word' id='word_1_346' title='bbox 3228 2290 3389 2348; x_wconf 88' lang='lat' dir='ltr'><strong>atque</strong></span> <span class='ocrx_word' id='word_1_347' title='bbox 3429 2280 3686 2333; x_wconf 81' lang='lat' dir='ltr'><strong>intactam</strong></span> <span class='ocrx_word' id='word_1_348' title='bbox 3719 2280 3977 2333; x_wconf 83' lang='lat' dir='ltr'><strong>servabit.</strong></span> 
     </span>
    </p>
   </div>
   <div class='ocr_carea' id='block_1_48' title="bbox 2576 2370 4076 2435">
    <p class='ocr_par' dir='ltr' id='par_1_48' title="bbox 2576 2370 4076 2435">
     <span class='ocr_line' id='line_1_48' title="bbox 2576 2370 4076 2435; baseline -0.002 -9"><span class='ocrx_word' id='word_1_349' title='bbox 2576 2372 2664 2427; x_wconf 90' lang='grc' dir='ltr'><strong>ΙΙΙ.</strong></span> <span class='ocrx_word' id='word_1_350' title='bbox 2697 2371 2866 2427; x_wconf 74' lang='lat' dir='ltr'><strong>Iudex</strong></span> <span class='ocrx_word' id='word_1_351' title='bbox 2894 2390 3021 2427; x_wconf 83' lang='lat' dir='ltr'><strong>vero</strong></span> <span class='ocrx_word' id='word_1_352' title='bbox 3049 2375 3156 2427; x_wconf 79' lang='lat' dir='ltr'><strong>ait:</strong></span> <span class='ocrx_word' id='word_1_353' title='bbox 3187 2374 3325 2433; x_wconf 65' lang='lat' dir='ltr'><strong>Noli.</strong></span> <span class='ocrx_word' id='word_1_354' title='bbox 3353 2370 3657 2435; x_wconf 76' lang='lat' dir='ltr'><strong>Theodoro,</strong></span> <span class='ocrx_word' id='word_1_355' title='bbox 3690 2382 3896 2425; x_wconf 66' lang='lat' dir='ltr'><strong>mtatem</strong></span> <span class='ocrx_word' id='word_1_356' title='bbox 3931 2381 4076 2425; x_wconf 86' lang='lat' dir='ltr'><strong>tuam</strong></span> 
     </span>
    </p>
   </div>
   <div class='ocr_carea' id='block_1_49' title="bbox 2506 2464 4074 2535">
    <p class='ocr_par' dir='ltr' id='par_1_49' title="bbox 2506 2464 4074 2535">
     <span class='ocr_line' id='line_1_49' title="bbox 2506 2464 4074 2535; baseline -0.002 -16"><span class='ocrx_word' id='word_1_357' title='bbox 2506 2467 2732 2520; x_wconf 89' lang='lat' dir='ltr'><strong>honeste</strong></span> <span class='ocrx_word' id='word_1_358' title='bbox 2770 2475 2964 2531; x_wconf 85' lang='lat' dir='ltr'><strong>actam,</strong></span> <span class='ocrx_word' id='word_1_359' title='bbox 3002 2476 3165 2521; x_wconf 82' lang='lat' dir='ltr'><strong>totam</strong></span> <span class='ocrx_word' id='word_1_360' title='bbox 3197 2467 3402 2535; x_wconf 70' lang='lat' dir='ltr'><strong>injurize</strong></span> <span class='ocrx_word' id='word_1_361' title='bbox 3439 2478 3491 2519; x_wconf 89' lang='lat' dir='ltr'><strong>et</strong></span> <span class='ocrx_word' id='word_1_362' title='bbox 3539 2465 3755 2533; x_wconf 90' lang='lat' dir='ltr'><strong>probris</strong></span> <span class='ocrx_word' id='word_1_363' title='bbox 3805 2464 4074 2533; x_wconf 86' lang='lat' dir='ltr'><strong>objicore;</strong></span> 
     </span>
    </p>
   </div>
   <div class='ocr_carea' id='block_1_50' title="bbox 2505 2556 4078 2626">
    <p class='ocr_par' dir='ltr' id='par_1_50' title="bbox 2505 2556 4078 2626">
     <span class='ocr_line' id='line_1_50' title="bbox 2505 2556 4078 2626; baseline -0.002 -16"><span class='ocrx_word' id='word_1_364' title='bbox 2505 2572 2627 2610; x_wconf 88' lang='lat' dir='ltr'><strong>nam</strong></span> <span class='ocrx_word' id='word_1_365' title='bbox 2660 2568 2715 2611; x_wconf 87' lang='lat' dir='ltr'><strong>ut</strong></span> <span class='ocrx_word' id='word_1_366' title='bbox 2746 2558 2892 2612; x_wconf 86' lang='lat' dir='ltr'><strong>urbis</strong></span> <span class='ocrx_word' id='word_1_367' title='bbox 2927 2569 3161 2626; x_wconf 56' lang='lat' dir='ltr'><strong>quaestor</strong></span> <span class='ocrx_word' id='word_1_368' title='bbox 3193 2562 3419 2611; x_wconf 80' lang='lat' dir='ltr'><strong>testatus</strong></span> <span class='ocrx_word' id='word_1_369' title='bbox 3457 2564 3539 2609; x_wconf 77' lang='lat' dir='ltr'><strong>est</strong></span> <span class='ocrx_word' id='word_1_370' title='bbox 3570 2596 3582 2619; x_wconf 90' lang='lat'><strong>,</strong></span> <span class='ocrx_word' id='word_1_371' title='bbox 3640 2558 3722 2610; x_wconf 88' lang='lat' dir='ltr'><strong>his</strong></span> <span class='ocrx_word' id='word_1_372' title='bbox 3764 2556 4078 2624; x_wconf 77' lang='lat' dir='ltr'><strong>parentibus</strong></span> 
     </span>
    </p>
   </div>
   <div class='ocr_carea' id='block_1_51' title="bbox 2503 2648 4075 2718">
    <p class='ocr_par' dir='ltr' id='par_1_51' title="bbox 2503 2648 4075 2718">
     <span class='ocr_line' id='line_1_51' title="bbox 2503 2648 4075 2718; baseline -0.004 -13"><span class='ocrx_word' id='word_1_373' title='bbox 2503 2660 2621 2705; x_wconf 87' lang='lat' dir='ltr'><strong>orta</strong></span> <span class='ocrx_word' id='word_1_374' title='bbox 2646 2666 2721 2713; x_wconf 83' lang='lat' dir='ltr'><strong>es,</strong></span> <span class='ocrx_word' id='word_1_375' title='bbox 2748 2652 2833 2718; x_wconf 89' lang='lat' dir='ltr'><strong>qui</strong></span> <span class='ocrx_word' id='word_1_376' title='bbox 2874 2652 3150 2705; x_wconf 87' lang='lat' dir='ltr'><strong>nobilitate</strong></span> <span class='ocrx_word' id='word_1_377' title='bbox 3183 2661 3342 2717; x_wconf 90' lang='lat' dir='ltr'><strong>atque</strong></span> <span class='ocrx_word' id='word_1_378' title='bbox 3372 2650 3773 2705; x_wconf 79' lang='lat' dir='ltr'><strong>existimatione</strong></span> <span class='ocrx_word' id='word_1_379' title='bbox 3804 2664 3925 2702; x_wconf 88' lang='lat' dir='ltr'><strong>cum</strong></span> <span class='ocrx_word' id='word_1_380' title='bbox 3963 2648 4075 2714; x_wconf 87' lang='lat' dir='ltr'><strong>pri-</strong></span> 
     </span>
    </p>
   </div>
   <div class='ocr_carea' id='block_1_52' title="bbox 2505 2738 4078 2799">
    <p class='ocr_par' dir='ltr' id='par_1_52' title="bbox 2505 2738 4078 2799">
     <span class='ocr_line' id='line_1_52' title="bbox 2505 2738 4078 2799; baseline -0.004 -5"><span class='ocrx_word' id='word_1_381' title='bbox 2505 2741 2607 2794; x_wconf 90' lang='lat' dir='ltr'><strong>mis</strong></span> <span class='ocrx_word' id='word_1_382' title='bbox 2634 2742 2921 2794; x_wconf 82' lang='lat' dir='ltr'><strong>excellunt.</strong></span> <span class='ocrx_word' id='word_1_383' title='bbox 2969 2742 3047 2793; x_wconf 77' lang='lat' dir='ltr'><strong>Ad</strong></span> <span class='ocrx_word' id='word_1_384' title='bbox 3105 2742 3218 2794; x_wconf 66' lang='lat' dir='ltr'><strong>haec</strong></span> <span class='ocrx_word' id='word_1_385' title='bbox 3272 2738 3595 2793; x_wconf 84' lang='lat' dir='ltr'><strong>Theodora:</strong></span> <span class='ocrx_word' id='word_1_386' title='bbox 3642 2738 3960 2799; x_wconf 89' lang='lat' dir='ltr'><strong>Christum,</strong></span> <span class='ocrx_word' id='word_1_387' title='bbox 3999 2738 4078 2787; x_wconf 81' lang='lat' dir='ltr'><strong>in—</strong></span> 
     </span>
    </p>
   </div>
   <div class='ocr_carea' id='block_1_53' title="bbox 2508 2828 4083 2901">
    <p class='ocr_par' dir='ltr' id='par_1_53' title="bbox 2508 2828 4083 2901">
     <span class='ocr_line' id='line_1_53' title="bbox 2508 2828 4083 2901; baseline -0.004 -18"><span class='ocrx_word' id='word_1_388' title='bbox 2508 2833 2624 2900; x_wconf 91' lang='lat' dir='ltr'><strong>quit</strong></span> <span class='ocrx_word' id='word_1_389' title='bbox 2654 2872 2667 2894; x_wconf 89' lang='lat'><strong>,</strong></span> <span class='ocrx_word' id='word_1_390' title='bbox 2700 2834 2931 2901; x_wconf 88' lang='lat' dir='ltr'><strong>primum</strong></span> <span class='ocrx_word' id='word_1_391' title='bbox 2963 2830 3207 2884; x_wconf 90' lang='lat' dir='ltr'><strong>conﬁteri</strong></span> <span class='ocrx_word' id='word_1_392' title='bbox 3240 2832 3407 2883; x_wconf 87' lang='lat' dir='ltr'><strong>debeo</strong></span> <span class='ocrx_word' id='word_1_393' title='bbox 3434 2869 3447 2890; x_wconf 88' lang='lat'><strong>,</strong></span> <span class='ocrx_word' id='word_1_394' title='bbox 3486 2829 3651 2896; x_wconf 87' lang='lat' dir='ltr'><strong>quiet</strong></span> <span class='ocrx_word' id='word_1_395' title='bbox 3706 2828 3840 2879; x_wconf 84' lang='lat' dir='ltr'><strong>Deus</strong></span> <span class='ocrx_word' id='word_1_396' title='bbox 3874 2836 3989 2890; x_wconf 86' lang='lat' dir='ltr'><strong>est,</strong></span> <span class='ocrx_word' id='word_1_397' title='bbox 4025 2837 4083 2879; x_wconf 90' lang='lat' dir='ltr'><strong>et</strong></span> 
     </span>
    </p>
   </div>
   <div class='ocr_carea' id='block_1_54' title="bbox 2506 2918 4077 2988">
    <p class='ocr_par' dir='ltr' id='par_1_54' title="bbox 2506 2918 4077 2988">
     <span class='ocr_line' id='line_1_54' title="bbox 2506 2918 4077 2988; baseline -0.006 -9"><span class='ocrx_word' id='word_1_398' title='bbox 2506 2924 2685 2979; x_wconf 90' lang='lat' dir='ltr'><strong>omnis</strong></span> <span class='ocrx_word' id='word_1_399' title='bbox 2757 2920 3049 2979; x_wconf 65' lang='lat' dir='ltr'><strong>nobilitatis</strong></span> <span class='ocrx_word' id='word_1_400' title='bbox 3120 2922 3451 2988; x_wconf 90' lang='lat' dir='ltr'><strong>honorisque</strong></span> <span class='ocrx_word' id='word_1_401' title='bbox 3498 2928 3727 2984; x_wconf 86' lang='lat' dir='ltr'><strong>auctor,</strong></span> <span class='ocrx_word' id='word_1_402' title='bbox 3775 2920 3865 2987; x_wconf 88' lang='lat' dir='ltr'><strong>qui</strong></span> <span class='ocrx_word' id='word_1_403' title='bbox 3901 2918 3999 2971; x_wconf 90' lang='lat' dir='ltr'><strong>scit</strong></span> <span class='ocrx_word' id='word_1_404' title='bbox 4026 2929 4077 2971; x_wconf 85' lang='lat' dir='ltr'><strong>et</strong></span> 
     </span>
    </p>
   </div>
   <div class='ocr_carea' id='block_1_55' title="bbox 2504 3011 4075 3082">
    <p class='ocr_par' dir='ltr' id='par_1_55' title="bbox 2504 3011 4075 3082">
     <span class='ocr_line' id='line_1_55' title="bbox 2504 3011 4075 3082; baseline -0.005 -12"><span class='ocrx_word' id='word_1_405' title='bbox 2504 3032 2589 3070; x_wconf 88' lang='lat' dir='ltr'><strong>me</strong></span> <span class='ocrx_word' id='word_1_406' title='bbox 2622 3014 2924 3072; x_wconf 78' lang='lat' dir='ltr'><strong>columbam</strong></span> <span class='ocrx_word' id='word_1_407' title='bbox 2959 3031 3111 3069; x_wconf 84' lang='lat' dir='ltr'><strong>suam</strong></span> <span class='ocrx_word' id='word_1_408' title='bbox 3165 3031 3351 3082; x_wconf 89' lang='lat' dir='ltr'><strong>puram</strong></span> <span class='ocrx_word' id='word_1_409' title='bbox 3382 3023 3433 3067; x_wconf 91' lang='lat' dir='ltr'><strong>et</strong></span> <span class='ocrx_word' id='word_1_410' title='bbox 3485 3013 3785 3066; x_wconf 83' lang='lat' dir='ltr'><strong>incolumen</strong></span> <span class='ocrx_word' id='word_1_411' title='bbox 3817 3012 3880 3064; x_wconf 87' lang='lat' dir='ltr'><strong>ad</strong></span> <span class='ocrx_word' id='word_1_412' title='bbox 3917 3011 4075 3064; x_wconf 88' lang='lat' dir='ltr'><strong>ﬁnem</strong></span> 
     </span>
    </p>
   </div>
   <div class='ocr_carea' id='block_1_56' title="bbox 2504 3107 4078 3178">
    <p class='ocr_par' dir='ltr' id='par_1_56' title="bbox 2504 3107 4078 3178">
     <span class='ocr_line' id='line_1_56' title="bbox 2504 3107 4078 3178; baseline -0.004 -15"><span class='ocrx_word' id='word_1_413' title='bbox 2504 3125 2674 3176; x_wconf 87' lang='lat' dir='ltr'><strong>usque</strong></span> <span class='ocrx_word' id='word_1_414' title='bbox 2710 3127 2945 3163; x_wconf 81' lang='lat' dir='ltr'><strong>servare.</strong></span> <span class='ocrx_word' id='word_1_415' title='bbox 2982 3108 3114 3161; x_wconf 90' lang='lat' dir='ltr'><strong>Tum</strong></span> <span class='ocrx_word' id='word_1_416' title='bbox 3144 3109 3303 3178; x_wconf 74' lang='lat' dir='ltr'><strong>judex</strong></span> <span class='ocrx_word' id='word_1_417' title='bbox 3335 3108 3503 3160; x_wconf 75' lang='lat' dir='ltr'><strong>dixit:</strong></span> <span class='ocrx_word' id='word_1_418' title='bbox 3535 3107 3767 3159; x_wconf 81' lang='lat' dir='ltr'><strong>Curuam</strong></span> <span class='ocrx_word' id='word_1_419' title='bbox 3818 3121 3969 3158; x_wconf 87' lang='lat' dir='ltr'><strong>erras</strong></span> <span class='ocrx_word' id='word_1_420' title='bbox 3998 3146 4012 3165; x_wconf 89' lang='lat'><strong>,</strong></span> <span class='ocrx_word' id='word_1_421' title='bbox 4045 3120 4078 3156; x_wconf 92' lang='grc' dir='ltr'>ο</span> 
     </span>
    </p>
   </div>
   <div class='ocr_carea' id='block_1_57' title="bbox 2504 3197 4078 3264">
    <p class='ocr_par' dir='ltr' id='par_1_57' title="bbox 2504 3197 4078 3264">
     <span class='ocr_line' id='line_1_57' title="bbox 2504 3197 4078 3264; baseline -0.004 -7"><span class='ocrx_word' id='word_1_422' title='bbox 2504 3202 2830 3257; x_wconf 85' lang='lat' dir='ltr'><strong>Theodora?</strong></span> <span class='ocrx_word' id='word_1_423' title='bbox 2866 3203 3070 3257; x_wconf 67' lang='lat' dir='ltr'><strong>[Sumne</strong></span> <span class='ocrx_word' id='word_1_424' title='bbox 3106 3201 3267 3253; x_wconf 85' lang='lat' dir='ltr'><strong>Deum</strong></span> <span class='ocrx_word' id='word_1_425' title='bbox 3295 3199 3471 3253; x_wconf 80' lang='lat' dir='ltr'><strong>credis</strong></span> <span class='ocrx_word' id='word_1_426' title='bbox 3500 3240 3513 3261; x_wconf 93' lang='lat'><strong>,</strong></span> <span class='ocrx_word' id='word_1_427' title='bbox 3551 3198 3636 3264; x_wconf 83' lang='lat' dir='ltr'><strong>qui</strong></span> <span class='ocrx_word' id='word_1_428' title='bbox 3687 3197 3787 3251; x_wconf 78' lang='lat' dir='ltr'><strong>fuit</strong></span> <span class='ocrx_word' id='word_1_429' title='bbox 3832 3197 3883 3249; x_wconf 86' lang='lat' dir='ltr'><strong>in</strong></span> <span class='ocrx_word' id='word_1_430' title='bbox 3917 3210 4078 3249; x_wconf 79' lang='lat' dir='ltr'><strong>cruce</strong></span> 
     </span>
    </p>
   </div>
   <div class='ocr_carea' id='block_1_58' title="bbox 2504 3288 4074 3360">
    <p class='ocr_par' dir='ltr' id='par_1_58' title="bbox 2504 3288 4074 3360">
     <span class='ocr_line' id='line_1_58' title="bbox 2504 3288 4074 3360; baseline -0.006 -14"><span class='ocrx_word' id='word_1_431' title='bbox 2504 3293 2765 3347; x_wconf 80' lang='lat' dir='ltr'><strong>suiﬁxus?</strong></span> <span class='ocrx_word' id='word_1_432' title='bbox 2798 3294 2877 3345; x_wconf 81' lang='lat' dir='ltr'><strong>An</strong></span> <span class='ocrx_word' id='word_1_433' title='bbox 2911 3294 2999 3360; x_wconf 86' lang='lat' dir='ltr'><strong>qui</strong></span> <span class='ocrx_word' id='word_1_434' title='bbox 3041 3290 3161 3346; x_wconf 82' lang='lat' dir='ltr'><strong>talis</strong></span> <span class='ocrx_word' id='word_1_435' title='bbox 3192 3302 3293 3355; x_wconf 83' lang='lat' dir='ltr'><strong>est,</strong></span> <span class='ocrx_word' id='word_1_436' title='bbox 3326 3299 3375 3342; x_wconf 90' lang='lat' dir='ltr'><strong>te</strong></span> <span class='ocrx_word' id='word_1_437' title='bbox 3409 3288 3459 3341; x_wconf 90' lang='lat' dir='ltr'><strong>in</strong></span> <span class='ocrx_word' id='word_1_438' title='bbox 3493 3290 3716 3354; x_wconf 82' lang='lat' dir='ltr'><strong>lupanar</strong></span> <span class='ocrx_word' id='word_1_439' title='bbox 3750 3288 4074 3353; x_wconf 72' lang='lat' dir='ltr'><strong>conjec-tam,</strong></span> 
     </span>
    </p>
   </div>
   <div class='ocr_carea' id='block_1_59' title="bbox 2505 3377 4053 3449">
    <p class='ocr_par' dir='ltr' id='par_1_59' title="bbox 2505 3377 4053 3449">
     <span class='ocr_line' id='line_1_59' title="bbox 2505 3377 4053 3449; baseline -0.005 -12"><span class='ocrx_word' id='word_1_440' title='bbox 2505 3386 2763 3437; x_wconf 85' lang='lat' dir='ltr'><strong>intactam</strong></span> <span class='ocrx_word' id='word_1_441' title='bbox 2790 3398 3003 3436; x_wconf 75' lang='lat' dir='ltr'><strong>servare</strong></span> <span class='ocrx_word' id='word_1_442' title='bbox 3037 3383 3275 3449; x_wconf 86' lang='lat' dir='ltr'><strong>poterit,</strong></span> <span class='ocrx_word' id='word_1_443' title='bbox 3316 3380 3383 3434; x_wconf 83' lang='lat' dir='ltr'><strong>ab</strong></span> <span class='ocrx_word' id='word_1_444' title='bbox 3432 3380 3511 3431; x_wconf 82' lang='lat' dir='ltr'><strong>his</strong></span> <span class='ocrx_word' id='word_1_445' title='bbox 3554 3378 3849 3447; x_wconf 71' lang='lat' dir='ltr'><strong>pnescrtiut</strong></span> <span class='ocrx_word' id='word_1_446' title='bbox 3897 3377 4053 3449; x_wconf 80' lang='lat' dir='ltr'><strong>vitis,</strong></span> 
     </span>
    </p>
   </div>
   <div class='ocr_carea' id='block_1_60' title="bbox 2504 3466 4078 3545">
    <p class='ocr_par' dir='ltr' id='par_1_60' title="bbox 2504 3466 4078 3545">
     <span class='ocr_line' id='line_1_60' title="bbox 2504 3466 4078 3545; baseline 0.001 -25"><span class='ocrx_word' id='word_1_447' title='bbox 2504 3474 2591 3545; x_wconf 77' lang='lat' dir='ltr'><strong>qui</strong></span> <span class='ocrx_word' id='word_1_448' title='bbox 2650 3473 2933 3525; x_wconf 81' lang='lat' dir='ltr'><strong>mulierum</strong></span> <span class='ocrx_word' id='word_1_449' title='bbox 2991 3471 3265 3524; x_wconf 86' lang='lat' dir='ltr'><strong>amoribus</strong></span> <span class='ocrx_word' id='word_1_450' title='bbox 3310 3469 3544 3523; x_wconf 83' lang='lat' dir='ltr'><strong>insanire</strong></span> <span class='ocrx_word' id='word_1_451' title='bbox 3591 3470 3735 3522; x_wconf 74' lang='lat' dir='ltr'><strong>soliti</strong></span> <span class='ocrx_word' id='word_1_452' title='bbox 3789 3469 3954 3521; x_wconf 85' lang='lat' dir='ltr'><strong>sunt?</strong></span> <span class='ocrx_word' id='word_1_453' title='bbox 3992 3466 4078 3521; x_wconf 72' lang='lat' dir='ltr'><strong>Fi~</strong></span> 
     </span>
    </p>
   </div>
   <div class='ocr_carea' id='block_1_61' title="bbox 2502 3561 4057 3635">
    <p class='ocr_par' dir='ltr' id='par_1_61' title="bbox 2502 3561 4057 3635">
     <span class='ocr_line' id='line_1_61' title="bbox 2502 3561 4057 3635; baseline -0.003 -16"><span class='ocrx_word' id='word_1_454' title='bbox 2502 3568 2644 3627; x_wconf 89' lang='lat' dir='ltr'><strong>dem,</strong></span> <span class='ocrx_word' id='word_1_455' title='bbox 2683 3566 2853 3635; x_wconf 85' lang='lat' dir='ltr'><strong>inquit</strong></span> <span class='ocrx_word' id='word_1_456' title='bbox 2890 3564 3169 3619; x_wconf 71' lang='lat' dir='ltr'><strong>Theodoro</strong></span> <span class='ocrx_word' id='word_1_457' title='bbox 3201 3606 3214 3627; x_wconf 94' lang='lat'><strong>,</strong></span> <span class='ocrx_word' id='word_1_458' title='bbox 3244 3574 3296 3618; x_wconf 84' lang='lat' dir='ltr'><strong>ct</strong></span> <span class='ocrx_word' id='word_1_459' title='bbox 3326 3579 3473 3631; x_wconf 85' lang='lat' dir='ltr'><strong>spem</strong></span> <span class='ocrx_word' id='word_1_460' title='bbox 3514 3562 3685 3616; x_wconf 83' lang='lat' dir='ltr'><strong>habeo</strong></span> <span class='ocrx_word' id='word_1_461' title='bbox 3719 3564 3769 3614; x_wconf 88' lang='lat' dir='ltr'><strong>itt</strong></span> <span class='ocrx_word' id='word_1_462' title='bbox 3804 3561 4057 3632; x_wconf 84' lang='lat' dir='ltr'><strong>Christo,</strong></span> 
     </span>
    </p>
   </div>
   <div class='ocr_carea' id='block_1_62' title="bbox 2502 3648 4076 3723">
    <p class='ocr_par' dir='ltr' id='par_1_62' title="bbox 2502 3648 4076 3723">
     <span class='ocr_line' id='line_1_62' title="bbox 2502 3648 4076 3723; baseline -0.003 -18"><span class='ocrx_word' id='word_1_463' title='bbox 2502 3656 2590 3723; x_wconf 90' lang='lat' dir='ltr'><strong>qui</strong></span> <span class='ocrx_word' id='word_1_464' title='bbox 2626 3670 2838 3707; x_wconf 84' lang='lat' dir='ltr'><strong>crucem</strong></span> <span class='ocrx_word' id='word_1_465' title='bbox 2874 3670 3161 3722; x_wconf 66' lang='lat' dir='ltr'><strong>perpessus</strong></span> <span class='ocrx_word' id='word_1_466' title='bbox 3193 3653 3292 3705; x_wconf 82' lang='lat' dir='ltr'><strong>fuit</strong></span> <span class='ocrx_word' id='word_1_467' title='bbox 3322 3654 3419 3705; x_wconf 89' lang='lat' dir='ltr'><strong>sub</strong></span> <span class='ocrx_word' id='word_1_468' title='bbox 3451 3653 3639 3703; x_wconf 80' lang='lat' dir='ltr'><strong>Pontio</strong></span> <span class='ocrx_word' id='word_1_469' title='bbox 3690 3651 3859 3702; x_wconf 80' lang='lat' dir='ltr'><strong>Pilato</strong></span> <span class='ocrx_word' id='word_1_470' title='bbox 3886 3689 3899 3710; x_wconf 92' lang='lat'><strong>,</strong></span> <span class='ocrx_word' id='word_1_471' title='bbox 3963 3648 4076 3701; x_wconf 74' lang='lat' dir='ltr'><strong>fore</strong></span> 
     </span>
    </p>
   </div>
   <div class='ocr_carea' id='block_1_63' title="bbox 2504 3743 4075 3817">
    <p class='ocr_par' dir='ltr' id='par_1_63' title="bbox 2504 3743 4075 3817">
     <span class='ocr_line' id='line_1_63' title="bbox 2504 3743 4075 3817; baseline -0.004 -16"><span class='ocrx_word' id='word_1_472' title='bbox 2504 3760 2555 3801; x_wconf 79' lang='lat' dir='ltr'><strong>ut</strong></span> <span class='ocrx_word' id='word_1_473' title='bbox 2582 3764 2668 3802; x_wconf 89' lang='lat' dir='ltr'><strong>me</strong></span> <span class='ocrx_word' id='word_1_474' title='bbox 2703 3748 2769 3801; x_wconf 82' lang='lat' dir='ltr'><strong>ab</strong></span> <span class='ocrx_word' id='word_1_475' title='bbox 2804 3749 3004 3817; x_wconf 86' lang='lat' dir='ltr'><strong>iniquis</strong></span> <span class='ocrx_word' id='word_1_476' title='bbox 3035 3747 3153 3801; x_wconf 85' lang='lat' dir='ltr'><strong>istis</strong></span> <span class='ocrx_word' id='word_1_477' title='bbox 3179 3748 3308 3800; x_wconf 87' lang='lat' dir='ltr'><strong>viris</strong></span> <span class='ocrx_word' id='word_1_478' title='bbox 3333 3746 3547 3808; x_wconf 81' lang='lat' dir='ltr'><strong>eripiat,</strong></span> <span class='ocrx_word' id='word_1_479' title='bbox 3572 3749 3619 3795; x_wconf 86' lang='lat' dir='ltr'><strong>et</strong></span> <span class='ocrx_word' id='word_1_480' title='bbox 3652 3759 3677 3795; x_wconf 89' lang='lat' dir='ltr'><strong>a</strong></span> <span class='ocrx_word' id='word_1_481' title='bbox 3709 3745 3824 3795; x_wconf 85' lang='lat' dir='ltr'><strong>iabe</strong></span> <span class='ocrx_word' id='word_1_482' title='bbox 3854 3743 4075 3796; x_wconf 88' lang='lat' dir='ltr'><strong>omnino</strong></span> 
     </span>
    </p>
   </div>
   <div class='ocr_carea' id='block_1_64' title="bbox 2501 3835 4078 3905">
    <p class='ocr_par' dir='ltr' id='par_1_64' title="bbox 2501 3835 4078 3905">
     <span class='ocr_line' id='line_1_64' title="bbox 2501 3835 4078 3905; baseline -0.004 -11"><span class='ocrx_word' id='word_1_483' title='bbox 2501 3840 2724 3894; x_wconf 83' lang='lat' dir='ltr'><strong>liberam</strong></span> <span class='ocrx_word' id='word_1_484' title='bbox 2766 3845 2943 3891; x_wconf 64' lang='lat' dir='ltr'><strong>servet</strong></span> <span class='ocrx_word' id='word_1_485' title='bbox 2971 3878 2985 3903; x_wconf 95' lang='lat'><strong>,</strong></span> <span class='ocrx_word' id='word_1_486' title='bbox 3026 3836 3076 3891; x_wconf 89' lang='lat' dir='ltr'><strong>in</strong></span> <span class='ocrx_word' id='word_1_487' title='bbox 3118 3835 3235 3905; x_wconf 87' lang='lat' dir='ltr'><strong>ejus</strong></span> <span class='ocrx_word' id='word_1_488' title='bbox 3280 3835 3383 3889; x_wconf 82' lang='lat' dir='ltr'><strong>ﬁde</strong></span> <span class='ocrx_word' id='word_1_489' title='bbox 3429 3844 3867 3903; x_wconf 78' lang='lat' dir='ltr'><strong>permanentem,</strong></span> <span class='ocrx_word' id='word_1_490' title='bbox 3902 3848 4078 3901; x_wconf 89' lang='lat' dir='ltr'><strong>neque</strong></span> 
     </span>
    </p>
   </div>
   <div class='ocr_carea' id='block_1_65' title="bbox 2500 3927 4074 4001">
    <p class='ocr_par' dir='ltr' id='par_1_65' title="bbox 2500 3927 4074 4001">
     <span class='ocr_line' id='line_1_65' title="bbox 2500 3927 4074 4001; baseline -0.006 -17"><span class='ocrx_word' id='word_1_491' title='bbox 2500 3947 2735 4001; x_wconf 75' lang='lat' dir='ltr'><strong>linquam</strong></span> <span class='ocrx_word' id='word_1_492' title='bbox 2770 3946 2889 3983; x_wconf 88' lang='lat' dir='ltr'><strong>eum</strong></span> <span class='ocrx_word' id='word_1_493' title='bbox 2921 3940 3226 3999; x_wconf 78' lang='lat' dir='ltr'><strong>negantem.</strong></span> <span class='ocrx_word' id='word_1_494' title='bbox 3257 3928 3426 3985; x_wconf 70' lang='lat' dir='ltr'><strong>ludes</strong></span> <span class='ocrx_word' id='word_1_495' title='bbox 3476 3943 3634 3981; x_wconf 85' lang='lat' dir='ltr'><strong>vero:</strong></span> <span class='ocrx_word' id='word_1_496' title='bbox 3670 3927 3855 3979; x_wconf 77' lang='lat' dir='ltr'><strong>Adhuc</strong></span> <span class='ocrx_word' id='word_1_497' title='bbox 3886 3937 3937 3979; x_wconf 86' lang='lat' dir='ltr'><strong>te</strong></span> <span class='ocrx_word' id='word_1_498' title='bbox 3975 3941 4074 3978; x_wconf 83' lang='lat' dir='ltr'><strong>nu-</strong></span> 
     </span>
    </p>
   </div>
   <div class='ocr_carea' id='block_1_66' title="bbox 2500 4016 4069 4090">
    <p class='ocr_par' dir='ltr' id='par_1_66' title="bbox 2500 4016 4069 4090">
     <span class='ocr_line' id='line_1_66' title="bbox 2500 4016 4069 4090; baseline -0.001 -19"><span class='ocrx_word' id='word_1_499' title='bbox 2500 4031 2713 4090; x_wconf 78' lang='lat' dir='ltr'><strong>ganlem</strong></span> <span class='ocrx_word' id='word_1_500' title='bbox 2765 4021 2980 4088; x_wconf 82' lang='lat' dir='ltr'><strong>patior,</strong></span> <span class='ocrx_word' id='word_1_501' title='bbox 3036 4022 3262 4071; x_wconf 88' lang='lat' dir='ltr'><strong>necdum</strong></span> <span class='ocrx_word' id='word_1_502' title='bbox 3312 4018 3479 4085; x_wconf 83' lang='lat' dir='ltr'><strong>jubeo</strong></span> <span class='ocrx_word' id='word_1_503' title='bbox 3524 4017 3806 4069; x_wconf 78' lang='lat' dir='ltr'><strong>tormentis</strong></span> <span class='ocrx_word' id='word_1_504' title='bbox 3858 4016 4069 4084; x_wconf 81' lang='lat' dir='ltr'><strong>subjici.</strong></span> 
     </span>
    </p>
   </div>
   <div class='ocr_carea' id='block_1_67' title="bbox 2499 4109 4073 4177">
    <p class='ocr_par' dir='ltr' id='par_1_67' title="bbox 2499 4109 4073 4177">
     <span class='ocr_line' id='line_1_67' title="bbox 2499 4109 4073 4177; baseline -0.004 -11"><span class='ocrx_word' id='word_1_505' title='bbox 2499 4112 2628 4166; x_wconf 78' lang='grc' dir='ltr'><strong>Λιδὶ</strong></span> <span class='ocrx_word' id='word_1_506' title='bbox 2660 4112 2984 4165; x_wconf 79' lang='lat' dir='ltr'><strong>contendere</strong></span> <span class='ocrx_word' id='word_1_507' title='bbox 3019 4128 3120 4165; x_wconf 90' lang='lat' dir='ltr'><strong>non</strong></span> <span class='ocrx_word' id='word_1_508' title='bbox 3153 4112 3447 4175; x_wconf 72' lang='lat' dir='ltr'><strong>desriteris,</strong></span> <span class='ocrx_word' id='word_1_509' title='bbox 3484 4120 3539 4163; x_wconf 92' lang='lat' dir='ltr'><strong>ut</strong></span> <span class='ocrx_word' id='word_1_510' title='bbox 3572 4110 3816 4163; x_wconf 75' lang='lat' dir='ltr'><strong>ancillam</strong></span> <span class='ocrx_word' id='word_1_511' title='bbox 3840 4109 4073 4177; x_wconf 78' lang='lat' dir='ltr'><strong>aliquam</strong></span> 
     </span>
    </p>
   </div>
   <div class='ocr_carea' id='block_1_68' title="bbox 824 4203 4077 4283">
    <p class='ocr_par' dir='ltr' id='par_1_68' title="bbox 824 4203 4077 4283">
     <span class='ocr_line' id='line_1_68' title="bbox 824 4203 4077 4283; baseline -0.002 -25"><span class='ocrx_word' id='word_1_512' title='bbox 824 4219 944 4274; x_wconf 64' lang='lat' dir='ltr'><strong>qum</strong></span> <span class='ocrx_word' id='word_1_513' title='bbox 979 4205 1340 4275; x_wconf 80' lang='lat' dir='ltr'><strong>virginitatem</strong></span> <span class='ocrx_word' id='word_1_514' title='bbox 1368 4219 1583 4274; x_wconf 82' lang='lat' dir='ltr'><strong>semper</strong></span> <span class='ocrx_word' id='word_1_515' title='bbox 1630 4208 1856 4261; x_wconf 84' lang='lat' dir='ltr'><strong>servatis</strong></span> <span class='ocrx_word' id='word_1_516' title='bbox 1881 4246 1894 4270; x_wconf 89' lang='lat'><strong>,</strong></span> <span class='ocrx_word' id='word_1_517' title='bbox 1940 4216 2034 4262; x_wconf 83' lang='lat' dir='ltr'><strong>aut</strong></span> <span class='ocrx_word' id='word_1_518' title='bbox 2065 4208 2168 4261; x_wconf 91' lang='lat' dir='ltr'><strong>diis</strong></span> <span class='ocrx_word' id='word_1_519' title='bbox 2199 4209 2390 4260; x_wconf 86' lang='lat' dir='ltr'><strong>immo-</strong></span> <span class='ocrx_word' id='word_1_520' title='bbox 2420 4220 2463 4283; x_wconf 74' lang='grc' dir='ltr'><strong>ρ</strong></span> <span class='ocrx_word' id='word_1_521' title='bbox 2498 4218 2548 4263; x_wconf 89' lang='lat' dir='ltr'><strong>te</strong></span> <span class='ocrx_word' id='word_1_522' title='bbox 2578 4218 2946 4275; x_wconf 79' lang='lat' dir='ltr'><strong>prosternens,</strong></span> <span class='ocrx_word' id='word_1_523' title='bbox 2985 4206 3179 4260; x_wconf 75' lang='lat' dir='ltr'><strong>faciam</strong></span> <span class='ocrx_word' id='word_1_524' title='bbox 3213 4208 3353 4277; x_wconf 84' lang='lat' dir='ltr'><strong>quod</strong></span> <span class='ocrx_word' id='word_1_525' title='bbox 3391 4206 3591 4258; x_wconf 84' lang='lat' dir='ltr'><strong>domini</strong></span> <span class='ocrx_word' id='word_1_526' title='bbox 3647 4215 3806 4269; x_wconf 86' lang='lat' dir='ltr'><strong>atque</strong></span> <span class='ocrx_word' id='word_1_527' title='bbox 3843 4203 4077 4266; x_wconf 78' lang='lat' dir='ltr'><strong>impera-</strong></span> 
     </span>
    </p>
   </div>
   <div class='ocr_carea' id='block_1_69' title="bbox 829 4296 2394 4367">
    <p class='ocr_par' dir='ltr' id='par_1_69' title="bbox 829 4296 2394 4367">
     <span class='ocr_line' id='line_1_69' title="bbox 829 4296 2394 4367; baseline 0.002 -17"><span class='ocrx_word' id='word_1_528' title='bbox 829 4297 965 4363; x_wconf 86' lang='lat' dir='ltr'><strong>lare,</strong></span> <span class='ocrx_word' id='word_1_529' title='bbox 989 4306 1081 4349; x_wconf 88' lang='lat' dir='ltr'><strong>aut</strong></span> <span class='ocrx_word' id='word_1_530' title='bbox 1112 4296 1425 4363; x_wconf 84' lang='lat' dir='ltr'><strong>injuriosius</strong></span> <span class='ocrx_word' id='word_1_531' title='bbox 1455 4296 1693 4349; x_wconf 79' lang='lat' dir='ltr'><strong>tractari.</strong></span> <span class='ocrx_word' id='word_1_532' title='bbox 1722 4297 1989 4359; x_wconf 80' lang='lat' dir='ltr'><strong>Arbitror,</strong></span> <span class='ocrx_word' id='word_1_533' title='bbox 2029 4298 2196 4367; x_wconf 83' lang='lat' dir='ltr'><strong>inquit</strong></span> <span class='ocrx_word' id='word_1_534' title='bbox 2217 4298 2394 4353; x_wconf 64' lang='lat' dir='ltr'><strong>Theov</strong></span> 
     </span>
    </p>
   </div>
   <div class='ocr_carea' id='block_1_70' title="bbox 824 4388 2395 4459">
    <p class='ocr_par' dir='ltr' id='par_1_70' title="bbox 824 4388 2395 4459">
     <span class='ocr_line' id='line_1_70' title="bbox 824 4388 2395 4459; baseline 0 -17"><span class='ocrx_word' id='word_1_535' title='bbox 824 4390 974 4453; x_wconf 90' lang='lat' dir='ltr'><strong>dora,</strong></span> <span class='ocrx_word' id='word_1_536' title='bbox 1013 4395 1064 4442; x_wconf 89' lang='lat' dir='ltr'><strong>te</strong></span> <span class='ocrx_word' id='word_1_537' title='bbox 1101 4403 1204 4442; x_wconf 91' lang='lat' dir='ltr'><strong>non</strong></span> <span class='ocrx_word' id='word_1_538' title='bbox 1276 4388 1563 4459; x_wconf 86' lang='lat' dir='ltr'><strong>ignorare,</strong></span> <span class='ocrx_word' id='word_1_539' title='bbox 1618 4388 1851 4442; x_wconf 87' lang='lat' dir='ltr'><strong>hominis</strong></span> <span class='ocrx_word' id='word_1_540' title='bbox 1895 4392 2229 4456; x_wconf 84' lang='lat' dir='ltr'><strong>propositum</strong></span> <span class='ocrx_word' id='word_1_541' title='bbox 2290 4393 2395 4444; x_wconf 75' lang='lat' dir='ltr'><strong>Deo</strong></span> 
     </span>
    </p>
   </div>
   <div class='ocr_carea' id='block_1_71' title="bbox 824 4481 2391 4551">
    <p class='ocr_par' dir='ltr' id='par_1_71' title="bbox 824 4481 2391 4551">
     <span class='ocr_line' id='line_1_71' title="bbox 824 4481 2391 4551; baseline 0.002 -17"><span class='ocrx_word' id='word_1_542' title='bbox 824 4481 927 4549; x_wconf 90' lang='lat' dir='ltr'><strong>ipsi</strong></span> <span class='ocrx_word' id='word_1_543' title='bbox 970 4483 1021 4535; x_wconf 91' lang='lat' dir='ltr'><strong>in</strong></span> <span class='ocrx_word' id='word_1_544' title='bbox 1058 4483 1247 4551; x_wconf 88' lang='lat' dir='ltr'><strong>primis</strong></span> <span class='ocrx_word' id='word_1_545' title='bbox 1277 4494 1489 4551; x_wconf 79' lang='lat' dir='ltr'><strong>gratum</strong></span> <span class='ocrx_word' id='word_1_546' title='bbox 1522 4497 1640 4535; x_wconf 85' lang='lat' dir='ltr'><strong>esse</strong></span> <span class='ocrx_word' id='word_1_547' title='bbox 1672 4500 1683 4535; x_wconf 91' lang='lat'><strong>:</strong></span> <span class='ocrx_word' id='word_1_548' title='bbox 1717 4483 1762 4535; x_wconf 89' lang='lat' dir='ltr'><strong>is</strong></span> <span class='ocrx_word' id='word_1_549' title='bbox 1790 4498 1915 4536; x_wconf 87' lang='lat' dir='ltr'><strong>vero</strong></span> <span class='ocrx_word' id='word_1_550' title='bbox 1948 4484 2188 4537; x_wconf 77' lang='lat' dir='ltr'><strong>animum</strong></span> <span class='ocrx_word' id='word_1_551' title='bbox 2217 4500 2391 4537; x_wconf 88' lang='lat' dir='ltr'><strong>meum</strong></span> 
     </span>
    </p>
   </div>
   <div class='ocr_carea' id='block_1_72' title="bbox 826 4574 2394 4642">
    <p class='ocr_par' dir='ltr' id='par_1_72' title="bbox 826 4574 2394 4642">
     <span class='ocr_line' id='line_1_72' title="bbox 826 4574 2394 4642; baseline 0.002 -17"><span class='ocrx_word' id='word_1_552' title='bbox 826 4583 985 4641; x_wconf 83' lang='lat' dir='ltr'><strong>atque</strong></span> <span class='ocrx_word' id='word_1_553' title='bbox 1010 4574 1341 4642; x_wconf 87' lang='lat' dir='ltr'><strong>propositum</strong></span> <span class='ocrx_word' id='word_1_554' title='bbox 1376 4584 1583 4626; x_wconf 86' lang='lat' dir='ltr'><strong>castum</strong></span> <span class='ocrx_word' id='word_1_555' title='bbox 1617 4590 1733 4627; x_wconf 88' lang='lat' dir='ltr'><strong>esse</strong></span> <span class='ocrx_word' id='word_1_556' title='bbox 1759 4574 2027 4642; x_wconf 71' lang='lat' dir='ltr'><strong>cognovit.</strong></span> <span class='ocrx_word' id='word_1_557' title='bbox 2061 4576 2211 4640; x_wconf 86' lang='lat' dir='ltr'><strong>Quod</strong></span> <span class='ocrx_word' id='word_1_558' title='bbox 2238 4576 2280 4628; x_wconf 82' lang='lat' dir='ltr'><strong>si</strong></span> <span class='ocrx_word' id='word_1_559' title='bbox 2311 4591 2394 4628; x_wconf 83' lang='lat' dir='ltr'><strong>me</strong></span> 
     </span>
    </p>
   </div>
   <div class='ocr_carea' id='block_1_73' title="bbox 827 4664 2392 4735">
    <p class='ocr_par' dir='ltr' id='par_1_73' title="bbox 827 4664 2392 4735">
     <span class='ocr_line' id='line_1_73' title="bbox 827 4664 2392 4735; baseline 0.003 -17"><span class='ocrx_word' id='word_1_560' title='bbox 827 4665 879 4720; x_wconf 90' lang='lat' dir='ltr'><strong>id</strong></span> <span class='ocrx_word' id='word_1_561' title='bbox 913 4666 1043 4734; x_wconf 90' lang='lat' dir='ltr'><strong>pati,</strong></span> <span class='ocrx_word' id='word_1_562' title='bbox 1070 4664 1211 4735; x_wconf 91' lang='lat' dir='ltr'><strong>quod</strong></span> <span class='ocrx_word' id='word_1_563' title='bbox 1242 4665 1399 4732; x_wconf 89' lang='lat' dir='ltr'><strong>dicis,</strong></span> <span class='ocrx_word' id='word_1_564' title='bbox 1428 4673 1480 4720; x_wconf 89' lang='lat' dir='ltr'><strong>et</strong></span> <span class='ocrx_word' id='word_1_565' title='bbox 1508 4666 1689 4718; x_wconf 83' lang='lat' dir='ltr'><strong>violari</strong></span> <span class='ocrx_word' id='word_1_566' title='bbox 1722 4668 1984 4735; x_wconf 78' lang='lat' dir='ltr'><strong>coegeris,</strong></span> <span class='ocrx_word' id='word_1_567' title='bbox 2013 4682 2117 4719; x_wconf 82' lang='lat' dir='ltr'><strong>non</strong></span> <span class='ocrx_word' id='word_1_568' title='bbox 2153 4669 2256 4721; x_wconf 76' lang='lat' dir='ltr'><strong>erit</strong></span> <span class='ocrx_word' id='word_1_569' title='bbox 2279 4671 2392 4724; x_wconf 60' lang='lat' dir='ltr'><strong>hac</strong></span> 
     </span>
    </p>
   </div>
   <div class='ocr_carea' id='block_1_74' title="bbox 825 4759 2392 4830">
    <p class='ocr_par' dir='ltr' id='par_1_74' title="bbox 825 4759 2392 4830">
     <span class='ocr_line' id='line_1_74' title="bbox 825 4759 2392 4830; baseline 0.004 -19"><span class='ocrx_word' id='word_1_570' title='bbox 825 4759 1185 4827; x_wconf 82' lang='lat' dir='ltr'><strong>impudicitia,</strong></span> <span class='ocrx_word' id='word_1_571' title='bbox 1219 4760 1312 4814; x_wconf 83' lang='lat' dir='ltr'><strong>sed</strong></span> <span class='ocrx_word' id='word_1_572' title='bbox 1357 4760 1437 4814; x_wconf 82' lang='lat' dir='ltr'><strong>vis</strong></span> <span class='ocrx_word' id='word_1_573' title='bbox 1476 4769 1526 4814; x_wconf 78' lang='lat' dir='ltr'><strong>et</strong></span> <span class='ocrx_word' id='word_1_574' title='bbox 1554 4762 1767 4830; x_wconf 87' lang='lat' dir='ltr'><strong>injuria.</strong></span> <span class='ocrx_word' id='word_1_575' title='bbox 1802 4760 1968 4815; x_wconf 76' lang='lat' dir='ltr'><strong>Judex</strong></span> <span class='ocrx_word' id='word_1_576' title='bbox 2016 4772 2222 4817; x_wconf 88' lang='lat' dir='ltr'><strong>autem:</strong></span> <span class='ocrx_word' id='word_1_577' title='bbox 2259 4763 2392 4817; x_wconf 83' lang='lat' dir='ltr'><strong>Cum</strong></span> 
     </span>
    </p>
   </div>
   <div class='ocr_carea' id='block_1_75' title="bbox 826 4851 2393 4922">
    <p class='ocr_par' dir='ltr' id='par_1_75' title="bbox 826 4851 2393 4922">
     <span class='ocr_line' id='line_1_75' title="bbox 826 4851 2393 4922; baseline 0.004 -20"><span class='ocrx_word' id='word_1_578' title='bbox 826 4860 879 4922; x_wconf 65' lang='lat' dir='ltr'><strong>te</strong></span> <span class='ocrx_word' id='word_1_579' title='bbox 902 4851 1185 4920; x_wconf 81' lang='lat' dir='ltr'><strong>ingenuam</strong></span> <span class='ocrx_word' id='word_1_580' title='bbox 1217 4866 1336 4908; x_wconf 88' lang='lat' dir='ltr'><strong>esse</strong></span> <span class='ocrx_word' id='word_1_581' title='bbox 1368 4852 1607 4905; x_wconf 83' lang='lat' dir='ltr'><strong>noverim</strong></span> <span class='ocrx_word' id='word_1_582' title='bbox 1638 4892 1653 4917; x_wconf 91' lang='lat'><strong>,</strong></span> <span class='ocrx_word' id='word_1_583' title='bbox 1686 4864 1736 4906; x_wconf 87' lang='lat' dir='ltr'><strong>et</strong></span> <span class='ocrx_word' id='word_1_584' title='bbox 1774 4854 1847 4905; x_wconf 88' lang='lat' dir='ltr'><strong>tui</strong></span> <span class='ocrx_word' id='word_1_585' title='bbox 1881 4856 2137 4909; x_wconf 84' lang='lat' dir='ltr'><strong>rationem</strong></span> <span class='ocrx_word' id='word_1_586' title='bbox 2195 4858 2393 4911; x_wconf 83' lang='lat' dir='ltr'><strong>habere</strong></span> 
     </span>
    </p>
   </div>
   <div class='ocr_carea' id='block_1_76' title="bbox 824 4940 2390 5017">
    <p class='ocr_par' dir='ltr' id='par_1_76' title="bbox 824 4940 2390 5017">
     <span class='ocr_line' id='line_1_76' title="bbox 824 4940 2390 5017; baseline 0.005 -23"><span class='ocrx_word' id='word_1_587' title='bbox 824 4940 1062 5009; x_wconf 88' lang='lat' dir='ltr'><strong>cupiam,</strong></span> <span class='ocrx_word' id='word_1_588' title='bbox 1086 4942 1373 5005; x_wconf 89' lang='lat' dir='ltr'><strong>admoneo,</strong></span> <span class='ocrx_word' id='word_1_589' title='bbox 1398 4958 1463 4995; x_wconf 89' lang='lat' dir='ltr'><strong>ne</strong></span> <span class='ocrx_word' id='word_1_590' title='bbox 1492 4945 1933 4999; x_wconf 83' lang='lat' dir='ltr'><strong>contumeliosius</strong></span> <span class='ocrx_word' id='word_1_591' title='bbox 1965 4953 2013 4999; x_wconf 85' lang='lat' dir='ltr'><strong>te</strong></span> <span class='ocrx_word' id='word_1_592' title='bbox 2045 4963 2233 5017; x_wconf 78' lang='lat' dir='ltr'><strong>geras;</strong></span> <span class='ocrx_word' id='word_1_593' title='bbox 2263 4950 2390 5002; x_wconf 82' lang='lat' dir='ltr'><strong>nihil</strong></span> 
     </span>
    </p>
   </div>
   <div class='ocr_carea' id='block_1_77' title="bbox 824 5032 2389 5104">
    <p class='ocr_par' dir='ltr' id='par_1_77' title="bbox 824 5032 2389 5104">
     <span class='ocr_line' id='line_1_77' title="bbox 824 5032 2389 5104; baseline 0.003 -17"><span class='ocrx_word' id='word_1_594' title='bbox 824 5035 967 5087; x_wconf 86' lang='lat' dir='ltr'><strong>enim</strong></span> <span class='ocrx_word' id='word_1_595' title='bbox 1001 5032 1269 5104; x_wconf 85' lang='lat' dir='ltr'><strong>proﬁcies.</strong></span> <span class='ocrx_word' id='word_1_596' title='bbox 1306 5034 1434 5088; x_wconf 86' lang='lat' dir='ltr'><strong>Nam</strong></span> <span class='ocrx_word' id='word_1_597' title='bbox 1467 5049 1561 5103; x_wconf 91' lang='lat' dir='ltr'><strong>per</strong></span> <span class='ocrx_word' id='word_1_598' title='bbox 1602 5034 1734 5087; x_wconf 87' lang='lat' dir='ltr'><strong>deos</strong></span> <span class='ocrx_word' id='word_1_599' title='bbox 1786 5052 1973 5089; x_wconf 75' lang='lat' dir='ltr'><strong>omnes</strong></span> <span class='ocrx_word' id='word_1_600' title='bbox 2000 5081 2012 5101; x_wconf 85' lang='lat'><strong>,</strong></span> <span class='ocrx_word' id='word_1_601' title='bbox 2069 5039 2389 5091; x_wconf 81' lang='lat' dir='ltr'><strong>sententiam</strong></span> 
     </span>
    </p>
   </div>
   <div class='ocr_carea' id='block_1_78' title="bbox 824 5124 2393 5195">
    <p class='ocr_par' dir='ltr' id='par_1_78' title="bbox 824 5124 2393 5195">
     <span class='ocr_line' id='line_1_78' title="bbox 824 5124 2393 5195; baseline 0.006 -19"><span class='ocrx_word' id='word_1_602' title='bbox 824 5124 967 5179; x_wconf 82' lang='lat' dir='ltr'><strong>hanc</strong></span> <span class='ocrx_word' id='word_1_603' title='bbox 999 5127 1352 5195; x_wconf 82' lang='lat' dir='ltr'><strong>imperatores</strong></span> <span class='ocrx_word' id='word_1_604' title='bbox 1387 5127 1644 5181; x_wconf 87' lang='lat' dir='ltr'><strong>tulerunt.</strong></span> <span class='ocrx_word' id='word_1_605' title='bbox 1686 5126 1836 5181; x_wconf 92' lang='lat' dir='ltr'><strong>Tunc</strong></span> <span class='ocrx_word' id='word_1_606' title='bbox 1865 5130 1937 5181; x_wconf 92' lang='lat' dir='ltr'><strong>illi</strong></span> <span class='ocrx_word' id='word_1_607' title='bbox 1975 5128 2251 5184; x_wconf 83' lang='lat' dir='ltr'><strong>Theodora</strong></span> <span class='ocrx_word' id='word_1_608' title='bbox 2282 5148 2294 5187; x_wconf 88' lang='lat'><strong>:</strong></span> <span class='ocrx_word' id='word_1_609' title='bbox 2327 5131 2393 5185; x_wconf 75' lang='lat' dir='ltr'><strong>Et</strong></span> 
     </span>
    </p>
   </div>
   <div class='ocr_carea' id='block_1_79' title="bbox 826 5216 2393 5291">
    <p class='ocr_par' dir='ltr' id='par_1_79' title="bbox 826 5216 2393 5291">
     <span class='ocr_line' id='line_1_79' title="bbox 826 5216 2393 5291; baseline 0.004 -20"><span class='ocrx_word' id='word_1_610' title='bbox 826 5216 1000 5284; x_wconf 88' lang='lat' dir='ltr'><strong>prius,</strong></span> <span class='ocrx_word' id='word_1_611' title='bbox 1030 5218 1202 5283; x_wconf 91' lang='lat' dir='ltr'><strong>inquit</strong></span> <span class='ocrx_word' id='word_1_612' title='bbox 1232 5259 1246 5283; x_wconf 91' lang='lat'><strong>,</strong></span> <span class='ocrx_word' id='word_1_613' title='bbox 1286 5216 1376 5278; x_wconf 89' lang='lat' dir='ltr'><strong>tibi</strong></span> <span class='ocrx_word' id='word_1_614' title='bbox 1415 5218 1563 5280; x_wconf 77' lang='lat' dir='ltr'><strong>dixi,</strong></span> <span class='ocrx_word' id='word_1_615' title='bbox 1593 5220 1827 5274; x_wconf 87' lang='lat' dir='ltr'><strong>hominis</strong></span> <span class='ocrx_word' id='word_1_616' title='bbox 1871 5224 2196 5289; x_wconf 76' lang='lat' dir='ltr'><strong>propositum</strong></span> <span class='ocrx_word' id='word_1_617' title='bbox 2233 5236 2393 5291; x_wconf 82' lang='lat' dir='ltr'><strong>:thth</strong></span> 
     </span>
    </p>
   </div>
   <div class='ocr_carea' id='block_1_80' title="bbox 827 5308 2394 5377">
    <p class='ocr_par' dir='ltr' id='par_1_80' title="bbox 827 5308 2394 5377">
     <span class='ocr_line' id='line_1_80' title="bbox 827 5308 2394 5377; baseline 0.003 -13"><span class='ocrx_word' id='word_1_618' title='bbox 827 5310 1066 5369; x_wconf 80' lang='lat' dir='ltr'><strong>animum</strong></span> <span class='ocrx_word' id='word_1_619' title='bbox 1104 5308 1209 5365; x_wconf 87' lang='lat' dir='ltr'><strong>Dco</strong></span> <span class='ocrx_word' id='word_1_620' title='bbox 1247 5320 1453 5377; x_wconf 79' lang='lat' dir='ltr'><strong>gratum</strong></span> <span class='ocrx_word' id='word_1_621' title='bbox 1507 5324 1646 5365; x_wconf 84' lang='lat' dir='ltr'><strong>esse.</strong></span> <span class='ocrx_word' id='word_1_622' title='bbox 1694 5311 1826 5365; x_wconf 90' lang='lat' dir='ltr'><strong>Cum</strong></span> <span class='ocrx_word' id='word_1_623' title='bbox 1882 5315 2024 5367; x_wconf 88' lang='lat' dir='ltr'><strong>enim</strong></span> <span class='ocrx_word' id='word_1_624' title='bbox 2075 5315 2254 5367; x_wconf 87' lang='lat' dir='ltr'><strong>omnia</strong></span> <span class='ocrx_word' id='word_1_625' title='bbox 2307 5314 2394 5368; x_wconf 63' lang='lat' dir='ltr'><strong>ille</strong></span> 
     </span>
    </p>
   </div>
   <div class='ocr_carea' id='block_1_81' title="bbox 826 5402 2393 5473">
    <p class='ocr_par' dir='ltr' id='par_1_81' title="bbox 826 5402 2393 5473">
     <span class='ocr_line' id='line_1_81' title="bbox 826 5402 2393 5473; baseline 0.002 -16"><span class='ocrx_word' id='word_1_626' title='bbox 826 5412 1137 5472; x_wconf 88' lang='lat' dir='ltr'><strong>pernoscat,</strong></span> <span class='ocrx_word' id='word_1_627' title='bbox 1157 5402 1383 5469; x_wconf 82' lang='lat' dir='ltr'><strong>cogitata</strong></span> <span class='ocrx_word' id='word_1_628' title='bbox 1404 5404 1565 5457; x_wconf 89' lang='lat' dir='ltr'><strong>etiam</strong></span> <span class='ocrx_word' id='word_1_629' title='bbox 1591 5412 1769 5459; x_wconf 88' lang='lat' dir='ltr'><strong>nostra</strong></span> <span class='ocrx_word' id='word_1_630' title='bbox 1796 5404 1919 5466; x_wconf 82' lang='lat' dir='ltr'><strong>scit,</strong></span> <span class='ocrx_word' id='word_1_631' title='bbox 1946 5416 1997 5457; x_wconf 83' lang='lat' dir='ltr'><strong>et</strong></span> <span class='ocrx_word' id='word_1_632' title='bbox 2023 5417 2228 5459; x_wconf 81' lang='lat' dir='ltr'><strong>mentes</strong></span> <span class='ocrx_word' id='word_1_633' title='bbox 2248 5407 2393 5473; x_wconf 86' lang='lat' dir='ltr'><strong>ipsas</strong></span> 
     </span>
    </p>
   </div>
   <div class='ocr_carea' id='block_1_82' title="bbox 824 5494 2391 5567">
    <p class='ocr_par' dir='ltr' id='par_1_82' title="bbox 824 5494 2391 5567">
     <span class='ocr_line' id='line_1_82' title="bbox 824 5494 2391 5567; baseline 0.003 -19"><span class='ocrx_word' id='word_1_634' title='bbox 824 5494 1103 5564; x_wconf 84' lang='lat' dir='ltr'><strong>perspicit.</strong></span> <span class='ocrx_word' id='word_1_635' title='bbox 1135 5494 1492 5560; x_wconf 85' lang='lat' dir='ltr'><strong>Quamobrem</strong></span> <span class='ocrx_word' id='word_1_636' title='bbox 1546 5496 1587 5549; x_wconf 91' lang='lat' dir='ltr'><strong>si</strong></span> <span class='ocrx_word' id='word_1_637' title='bbox 1625 5507 1810 5550; x_wconf 85' lang='lat' dir='ltr'><strong>coacta</strong></span> <span class='ocrx_word' id='word_1_638' title='bbox 1842 5496 1993 5550; x_wconf 81' lang='lat' dir='ltr'><strong>{uero</strong></span> <span class='ocrx_word' id='word_1_639' title='bbox 2028 5496 2205 5552; x_wconf 79' lang='lat' dir='ltr'><strong>facere</strong></span> <span class='ocrx_word' id='word_1_640' title='bbox 2249 5500 2391 5567; x_wconf 86' lang='lat' dir='ltr'><strong>quod</strong></span> 
     </span>
    </p>
   </div>
   <div class='ocr_carea' id='block_1_83' title="bbox 2502 4293 4073 4363">
    <p class='ocr_par' dir='ltr' id='par_1_83' title="bbox 2502 4293 4073 4363">
     <span class='ocr_line' id='line_1_83' title="bbox 2502 4293 4073 4363; baseline -0.004 -11"><span class='ocrx_word' id='word_1_641' title='bbox 2502 4310 2644 4352; x_wconf 87' lang='lat' dir='ltr'><strong>tores</strong></span> <span class='ocrx_word' id='word_1_642' title='bbox 2699 4297 2864 4349; x_wconf 91' lang='lat' dir='ltr'><strong>nostri</strong></span> <span class='ocrx_word' id='word_1_643' title='bbox 2920 4297 3240 4363; x_wconf 82' lang='lat' dir='ltr'><strong>jusserunt,</strong></span> <span class='ocrx_word' id='word_1_644' title='bbox 3294 4304 3425 4347; x_wconf 86' lang='lat' dir='ltr'><strong>utet</strong></span> <span class='ocrx_word' id='word_1_645' title='bbox 3475 4294 3694 4362; x_wconf 84' lang='lat' dir='ltr'><strong>reliquis</strong></span> <span class='ocrx_word' id='word_1_646' title='bbox 3756 4293 4073 4346; x_wconf 80' lang='lat' dir='ltr'><strong>mulieribus</strong></span> 
     </span>
    </p>
   </div>
   <div class='ocr_carea' id='block_1_84' title="bbox 2500 4386 4070 4456">
    <p class='ocr_par' dir='ltr' id='par_1_84' title="bbox 2500 4386 4070 4456">
     <span class='ocr_line' id='line_1_84' title="bbox 2500 4386 4070 4456; baseline -0.006 -12"><span class='ocrx_word' id='word_1_647' title='bbox 2500 4388 2800 4456; x_wconf 78' lang='lat' dir='ltr'><strong>exemplum</strong></span> <span class='ocrx_word' id='word_1_648' title='bbox 2856 4386 2971 4443; x_wconf 86' lang='lat' dir='ltr'><strong>ﬁas.</strong></span> <span class='ocrx_word' id='word_1_649' title='bbox 3033 4387 3113 4442; x_wconf 81' lang='lat' dir='ltr'><strong>Ad</strong></span> <span class='ocrx_word' id='word_1_650' title='bbox 3175 4388 3289 4443; x_wconf 60' lang='lat' dir='ltr'><strong>hate</strong></span> <span class='ocrx_word' id='word_1_651' title='bbox 3341 4388 3619 4440; x_wconf 75' lang='lat' dir='ltr'><strong>&#39;l&#39;heodora</strong></span> <span class='ocrx_word' id='word_1_652' title='bbox 3662 4406 3672 4441; x_wconf 92' lang='lat'><strong>:</strong></span> <span class='ocrx_word' id='word_1_653' title='bbox 3716 4386 3905 4439; x_wconf 76' lang='lat' dir='ltr'><strong>Parata</strong></span> <span class='ocrx_word' id='word_1_654' title='bbox 3955 4400 4070 4439; x_wconf 88' lang='lat' dir='ltr'><strong>sum</strong></span> 
     </span>
    </p>
   </div>
   <div class='ocr_carea' id='block_1_85' title="bbox 2503 4479 4073 4552">
    <p class='ocr_par' dir='ltr' id='par_1_85' title="bbox 2503 4479 4073 4552">
     <span class='ocr_line' id='line_1_85' title="bbox 2503 4479 4073 4552; baseline -0.004 -17"><span class='ocrx_word' id='word_1_655' title='bbox 2503 4496 2695 4551; x_wconf 87' lang='lat' dir='ltr'><strong>corpus</strong></span> <span class='ocrx_word' id='word_1_656' title='bbox 2729 4496 2946 4545; x_wconf 89' lang='lat' dir='ltr'><strong>meum,</strong></span> <span class='ocrx_word' id='word_1_657' title='bbox 2980 4482 3134 4552; x_wconf 82' lang='lat' dir='ltr'><strong>cujus</strong></span> <span class='ocrx_word' id='word_1_658' title='bbox 3180 4491 3502 4549; x_wconf 79' lang='lat' dir='ltr'><strong>potestatem</strong></span> <span class='ocrx_word' id='word_1_659' title='bbox 3556 4481 3718 4532; x_wconf 79' lang='lat' dir='ltr'><strong>habes</strong></span> <span class='ocrx_word' id='word_1_660' title='bbox 3744 4519 3757 4543; x_wconf 95' lang='lat'><strong>,</strong></span> <span class='ocrx_word' id='word_1_661' title='bbox 3810 4479 3901 4533; x_wconf 80' lang='lat' dir='ltr'><strong>tibi</strong></span> <span class='ocrx_word' id='word_1_662' title='bbox 3960 4489 4073 4531; x_wconf 74' lang='lat' dir='ltr'><strong>tra-</strong></span> 
     </span>
    </p>
   </div>
   <div class='ocr_carea' id='block_1_86' title="bbox 2499 4570 4072 4639">
    <p class='ocr_par' dir='ltr' id='par_1_86' title="bbox 2499 4570 4072 4639">
     <span class='ocr_line' id='line_1_86' title="bbox 2499 4570 4072 4639; baseline -0.003 -10"><span class='ocrx_word' id='word_1_663' title='bbox 2499 4576 2667 4629; x_wconf 80' lang='lat' dir='ltr'><strong>dere:</strong></span> <span class='ocrx_word' id='word_1_664' title='bbox 2708 4577 2884 4627; x_wconf 86' lang='lat' dir='ltr'><strong>anima</strong></span> <span class='ocrx_word' id='word_1_665' title='bbox 2916 4588 3041 4626; x_wconf 81' lang='lat' dir='ltr'><strong>vero</strong></span> <span class='ocrx_word' id='word_1_666' title='bbox 3091 4574 3204 4639; x_wconf 86' lang='lat' dir='ltr'><strong>ipsa</strong></span> <span class='ocrx_word' id='word_1_667' title='bbox 3240 4574 3290 4625; x_wconf 93' lang='lat' dir='ltr'><strong>in</strong></span> <span class='ocrx_word' id='word_1_668' title='bbox 3324 4572 3487 4625; x_wconf 87' lang='lat' dir='ltr'><strong>solius</strong></span> <span class='ocrx_word' id='word_1_669' title='bbox 3524 4570 3613 4623; x_wconf 76' lang='lat' dir='ltr'><strong>Dei</strong></span> <span class='ocrx_word' id='word_1_670' title='bbox 3654 4586 3811 4623; x_wconf 89' lang='lat' dir='ltr'><strong>manu</strong></span> <span class='ocrx_word' id='word_1_671' title='bbox 3865 4581 3949 4624; x_wconf 78' lang='lat' dir='ltr'><strong>est</strong></span> <span class='ocrx_word' id='word_1_672' title='bbox 4011 4588 4072 4624; x_wconf 89' lang='lat' dir='ltr'><strong>ac</strong></span> 
     </span>
    </p>
   </div>
   <div class='ocr_carea' id='block_1_87' title="bbox 2501 4665 4072 4740">
    <p class='ocr_par' dir='ltr' id='par_1_87' title="bbox 2501 4665 4072 4740">
     <span class='ocr_line' id='line_1_87' title="bbox 2501 4665 4072 4740; baseline -0.003 -20"><span class='ocrx_word' id='word_1_673' title='bbox 2501 4678 2791 4740; x_wconf 75' lang='lat' dir='ltr'><strong>potestate.</strong></span> <span class='ocrx_word' id='word_1_674' title='bbox 2828 4666 2964 4717; x_wconf 86' lang='lat' dir='ltr'><strong>Tum</strong></span> <span class='ocrx_word' id='word_1_675' title='bbox 2997 4665 3196 4734; x_wconf 78' lang='lat' dir='ltr'><strong>jndex:</strong></span> <span class='ocrx_word' id='word_1_676' title='bbox 3244 4666 3523 4720; x_wconf 62' lang='lat' dir='ltr'><strong>[ixcaeeate</strong></span> <span class='ocrx_word' id='word_1_677' title='bbox 3560 4665 3705 4720; x_wconf 69' lang='lat' dir='ltr'><strong>illam</strong></span> <span class='ocrx_word' id='word_1_678' title='bbox 3757 4666 3963 4729; x_wconf 85' lang='lat' dir='ltr'><strong>statim,</strong></span> <span class='ocrx_word' id='word_1_679' title='bbox 3998 4667 4072 4716; x_wconf 86' lang='lat' dir='ltr'><strong>ei-</strong></span> 
     </span>
    </p>
   </div>
   <div class='ocr_carea' id='block_1_88' title="bbox 2499 4758 4072 4829">
    <p class='ocr_par' dir='ltr' id='par_1_88' title="bbox 2499 4758 4072 4829">
     <span class='ocr_line' id='line_1_88' title="bbox 2499 4758 4072 4829; baseline -0.003 -17"><span class='ocrx_word' id='word_1_680' title='bbox 2499 4774 2601 4829; x_wconf 88' lang='lat' dir='ltr'><strong>que</strong></span> <span class='ocrx_word' id='word_1_681' title='bbox 2632 4760 2811 4821; x_wconf 88' lang='lat' dir='ltr'><strong>dicitc,</strong></span> <span class='ocrx_word' id='word_1_682' title='bbox 2844 4772 2909 4811; x_wconf 88' lang='lat' dir='ltr'><strong>ne</strong></span> <span class='ocrx_word' id='word_1_683' title='bbox 2947 4759 3182 4812; x_wconf 84' lang='lat' dir='ltr'><strong>insanire</strong></span> <span class='ocrx_word' id='word_1_684' title='bbox 3219 4758 3446 4829; x_wconf 83' lang='lat' dir='ltr'><strong>amplius</strong></span> <span class='ocrx_word' id='word_1_685' title='bbox 3480 4758 3645 4820; x_wconf 85' lang='lat' dir='ltr'><strong>velit,</strong></span> <span class='ocrx_word' id='word_1_686' title='bbox 3679 4758 3768 4809; x_wconf 88' lang='lat' dir='ltr'><strong>scd</strong></span> <span class='ocrx_word' id='word_1_687' title='bbox 3800 4758 3988 4809; x_wconf 83' lang='lat' dir='ltr'><strong>cedere</strong></span> <span class='ocrx_word' id='word_1_688' title='bbox 4021 4767 4072 4809; x_wconf 90' lang='lat' dir='ltr'><strong>et</strong></span> 
     </span>
    </p>
   </div>
   <div class='ocr_carea' id='block_1_89' title="bbox 2498 4848 4073 4920">
    <p class='ocr_par' dir='ltr' id='par_1_89' title="bbox 2498 4848 4073 4920">
     <span class='ocr_line' id='line_1_89' title="bbox 2498 4848 4073 4920; baseline -0.003 -12"><span class='ocrx_word' id='word_1_689' title='bbox 2498 4854 2599 4908; x_wconf 84' lang='lat' dir='ltr'><strong>diis</strong></span> <span class='ocrx_word' id='word_1_690' title='bbox 2636 4852 2762 4920; x_wconf 77' lang='lat' dir='ltr'><strong>ipsis</strong></span> <span class='ocrx_word' id='word_1_691' title='bbox 2800 4850 3099 4905; x_wconf 75' lang='lat' dir='ltr'><strong>imnzolarc.</strong></span> <span class='ocrx_word' id='word_1_692' title='bbox 3132 4849 3369 4912; x_wconf 83' lang='lat' dir='ltr'><strong>Minime,</strong></span> <span class='ocrx_word' id='word_1_693' title='bbox 3416 4849 3587 4917; x_wconf 91' lang='lat' dir='ltr'><strong>inquit</strong></span> <span class='ocrx_word' id='word_1_694' title='bbox 3618 4848 3897 4902; x_wconf 84' lang='lat' dir='ltr'><strong>Theodora</strong></span> <span class='ocrx_word' id='word_1_695' title='bbox 3927 4892 3941 4914; x_wconf 96' lang='lat'><strong>,</strong></span> <span class='ocrx_word' id='word_1_696' title='bbox 3978 4866 4073 4919; x_wconf 83' lang='lat' dir='ltr'><strong>per</strong></span> 
     </span>
    </p>
   </div>
   <div class='ocr_carea' id='block_1_90' title="bbox 2501 4942 4071 5013">
    <p class='ocr_par' dir='ltr' id='par_1_90' title="bbox 2501 4942 4071 5013">
     <span class='ocr_line' id='line_1_90' title="bbox 2501 4942 4071 5013; baseline -0.003 -14"><span class='ocrx_word' id='word_1_697' title='bbox 2501 4946 2668 5000; x_wconf 83' lang='lat' dir='ltr'><strong>Deum</strong></span> <span class='ocrx_word' id='word_1_698' title='bbox 2715 4946 2888 5013; x_wconf 90' lang='lat' dir='ltr'><strong>ipsum</strong></span> <span class='ocrx_word' id='word_1_699' title='bbox 2946 4943 3279 4997; x_wconf 75' lang='lat' dir='ltr'><strong>daemonibus</strong></span> <span class='ocrx_word' id='word_1_700' title='bbox 3328 4942 3652 4995; x_wconf 83' lang='lat' dir='ltr'><strong>sacriﬁcium</strong></span> <span class='ocrx_word' id='word_1_701' title='bbox 3714 4952 3803 4995; x_wconf 92' lang='lat' dir='ltr'><strong>aut</strong></span> <span class='ocrx_word' id='word_1_702' title='bbox 3862 4944 4071 4995; x_wconf 88' lang='lat' dir='ltr'><strong>cultum</strong></span> 
     </span>
    </p>
   </div>
   <div class='ocr_carea' id='block_1_91' title="bbox 2499 5033 4072 5102">
    <p class='ocr_par' dir='ltr' id='par_1_91' title="bbox 2499 5033 4072 5102">
     <span class='ocr_line' id='line_1_91' title="bbox 2499 5033 4072 5102; baseline -0.003 -9"><span class='ocrx_word' id='word_1_703' title='bbox 2499 5038 2694 5093; x_wconf 71' lang='lat' dir='ltr'><strong>aﬂerre</strong></span> <span class='ocrx_word' id='word_1_704' title='bbox 2747 5036 2901 5102; x_wconf 84' lang='lat' dir='ltr'><strong>volo,</strong></span> <span class='ocrx_word' id='word_1_705' title='bbox 2960 5050 3079 5089; x_wconf 88' lang='lat' dir='ltr'><strong>cum</strong></span> <span class='ocrx_word' id='word_1_706' title='bbox 3128 5034 3292 5089; x_wconf 88' lang='lat' dir='ltr'><strong>Deum</strong></span> <span class='ocrx_word' id='word_1_707' title='bbox 3351 5035 3649 5101; x_wconf 75' lang='lat' dir='ltr'><strong>adjutorem</strong></span> <span class='ocrx_word' id='word_1_708' title='bbox 3710 5033 3957 5091; x_wconf 82' lang='lat' dir='ltr'><strong>habeam.</strong></span> <span class='ocrx_word' id='word_1_709' title='bbox 3992 5036 4072 5088; x_wconf 85' lang='lat' dir='ltr'><strong>Ad</strong></span> 
     </span>
    </p>
   </div>
   <div class='ocr_carea' id='block_1_92' title="bbox 2501 5127 4073 5200">
    <p class='ocr_par' dir='ltr' id='par_1_92' title="bbox 2501 5127 4073 5200">
     <span class='ocr_line' id='line_1_92' title="bbox 2501 5127 4073 5200; baseline -0.004 -14"><span class='ocrx_word' id='word_1_710' title='bbox 2501 5128 2613 5186; x_wconf 81' lang='lat' dir='ltr'><strong>haec</strong></span> <span class='ocrx_word' id='word_1_711' title='bbox 2644 5130 2839 5200; x_wconf 83' lang='lat' dir='ltr'><strong>judex:</strong></span> <span class='ocrx_word' id='word_1_712' title='bbox 2878 5128 3013 5195; x_wconf 87' lang='lat' dir='ltr'><strong>Quid</strong></span> <span class='ocrx_word' id='word_1_713' title='bbox 3048 5144 3131 5181; x_wconf 87' lang='lat' dir='ltr'><strong>me</strong></span> <span class='ocrx_word' id='word_1_714' title='bbox 3188 5129 3335 5196; x_wconf 74' lang='lat' dir='ltr'><strong>Cung</strong></span> <span class='ocrx_word' id='word_1_715' title='bbox 3365 5128 3457 5181; x_wconf 87' lang='lat' dir='ltr'><strong>tibi</strong></span> <span class='ocrx_word' id='word_1_716' title='bbox 3496 5127 3885 5181; x_wconf 84' lang='lat' dir='ltr'><strong>honestissimae</strong></span> <span class='ocrx_word' id='word_1_717' title='bbox 3919 5127 4073 5180; x_wconf 78' lang='lat' dir='ltr'><strong>leun—</strong></span> 
     </span>
    </p>
   </div>
   <div class='ocr_carea' id='block_1_93' title="bbox 2499 5219 4069 5292">
    <p class='ocr_par' dir='ltr' id='par_1_93' title="bbox 2499 5219 4069 5292">
     <span class='ocr_line' id='line_1_93' title="bbox 2499 5219 4069 5292; baseline -0.004 -15"><span class='ocrx_word' id='word_1_718' title='bbox 2499 5241 2579 5278; x_wconf 67' lang='lat' dir='ltr'><strong>litt}</strong></span> <span class='ocrx_word' id='word_1_719' title='bbox 2610 5224 2860 5292; x_wconf 84' lang='lat' dir='ltr'><strong>injuriam</strong></span> <span class='ocrx_word' id='word_1_720' title='bbox 2902 5221 3115 5274; x_wconf 77' lang='lat' dir='ltr'><strong>facere?</strong></span> <span class='ocrx_word' id='word_1_721' title='bbox 3148 5221 3401 5272; x_wconf 76' lang='lat' dir='ltr'><strong>Auscuita</strong></span> <span class='ocrx_word' id='word_1_722' title='bbox 3438 5220 3587 5281; x_wconf 88' lang='lat' dir='ltr'><strong>mihi,</strong></span> <span class='ocrx_word' id='word_1_723' title='bbox 3622 5235 3653 5273; x_wconf 92' lang='grc' dir='ltr'>ο</span> <span class='ocrx_word' id='word_1_724' title='bbox 3685 5219 3868 5282; x_wconf 83' lang='lat' dir='ltr'><strong>stulta,</strong></span> <span class='ocrx_word' id='word_1_725' title='bbox 3903 5236 3969 5271; x_wconf 82' lang='lat' dir='ltr'><strong>ne</strong></span> <span class='ocrx_word' id='word_1_726' title='bbox 4019 5219 4069 5271; x_wconf 92' lang='lat' dir='ltr'><strong>in</strong></span> 
     </span>
    </p>
   </div>
   <div class='ocr_carea' id='block_1_94' title="bbox 2501 5310 4074 5375">
    <p class='ocr_par' dir='ltr' id='par_1_94' title="bbox 2501 5310 4074 5375">
     <span class='ocr_line' id='line_1_94' title="bbox 2501 5310 4074 5375; baseline -0.003 -7"><span class='ocrx_word' id='word_1_727' title='bbox 2501 5324 2703 5368; x_wconf 77' lang='lat' dir='ltr'><strong>tantum</strong></span> <span class='ocrx_word' id='word_1_728' title='bbox 2744 5313 2950 5364; x_wconf 87' lang='lat' dir='ltr'><strong>turbam</strong></span> <span class='ocrx_word' id='word_1_729' title='bbox 3005 5310 3205 5363; x_wconf 86' lang='lat' dir='ltr'><strong>incidas</strong></span> <span class='ocrx_word' id='word_1_730' title='bbox 3231 5326 3416 5363; x_wconf 84' lang='lat' dir='ltr'><strong>eorum</strong></span> <span class='ocrx_word' id='word_1_731' title='bbox 3441 5350 3453 5373; x_wconf 95' lang='lat'><strong>,</strong></span> <span class='ocrx_word' id='word_1_732' title='bbox 3489 5311 3576 5375; x_wconf 91' lang='lat' dir='ltr'><strong>qui</strong></span> <span class='ocrx_word' id='word_1_733' title='bbox 3621 5310 3948 5364; x_wconf 75' lang='lat' dir='ltr'><strong>sententiam</strong></span> <span class='ocrx_word' id='word_1_734' title='bbox 3980 5326 4074 5365; x_wconf 80' lang='lat' dir='ltr'><strong>ex-</strong></span> 
     </span>
    </p>
   </div>
   <div class='ocr_carea' id='block_1_95' title="bbox 2500 5401 4068 5475">
    <p class='ocr_par' dir='ltr' id='par_1_95' title="bbox 2500 5401 4068 5475">
     <span class='ocr_line' id='line_1_95' title="bbox 2500 5401 4068 5475; baseline 0 -16"><span class='ocrx_word' id='word_1_735' title='bbox 2500 5414 2744 5475; x_wconf 88' lang='lat' dir='ltr'><strong>spectant</strong></span> <span class='ocrx_word' id='word_1_736' title='bbox 2792 5419 2911 5472; x_wconf 74' lang='lat' dir='ltr'><strong>quze</strong></span> <span class='ocrx_word' id='word_1_737' title='bbox 2968 5413 3151 5457; x_wconf 86' lang='lat' dir='ltr'><strong>contra</strong></span> <span class='ocrx_word' id='word_1_738' title='bbox 3190 5414 3239 5454; x_wconf 84' lang='lat' dir='ltr'><strong>te</strong></span> <span class='ocrx_word' id='word_1_739' title='bbox 3281 5401 3504 5456; x_wconf 82' lang='lat' dir='ltr'><strong>ferat-ur.</strong></span> <span class='ocrx_word' id='word_1_740' title='bbox 3538 5402 3650 5456; x_wconf 76' lang='lat' dir='ltr'><strong>Non</strong></span> <span class='ocrx_word' id='word_1_741' title='bbox 3687 5417 3802 5455; x_wconf 91' lang='lat' dir='ltr'><strong>sum</strong></span> <span class='ocrx_word' id='word_1_742' title='bbox 3842 5419 4068 5467; x_wconf 86' lang='lat' dir='ltr'><strong>amens,</strong></span> 
     </span>
    </p>
   </div>
   <div class='ocr_carea' id='block_1_96' title="bbox 2502 5496 4069 5567">
    <p class='ocr_par' dir='ltr' id='par_1_96' title="bbox 2502 5496 4069 5567">
     <span class='ocr_line' id='line_1_96' title="bbox 2502 5496 4069 5567; baseline -0.003 -14"><span class='ocrx_word' id='word_1_743' title='bbox 2502 5500 2675 5567; x_wconf 85' lang='lat' dir='ltr'><strong>inquit</strong></span> <span class='ocrx_word' id='word_1_744' title='bbox 2728 5496 3007 5551; x_wconf 82' lang='lat' dir='ltr'><strong>Tltcodora</strong></span> <span class='ocrx_word' id='word_1_745' title='bbox 3033 5537 3047 5559; x_wconf 92' lang='lat'><strong>,</strong></span> <span class='ocrx_word' id='word_1_746' title='bbox 3102 5512 3219 5564; x_wconf 80' lang='lat' dir='ltr'><strong>qua:</strong></span> <span class='ocrx_word' id='word_1_747' title='bbox 3257 5498 3417 5549; x_wconf 80' lang='lat' dir='ltr'><strong>Deum</strong></span> <span class='ocrx_word' id='word_1_748' title='bbox 3455 5500 3721 5549; x_wconf 83' lang='lat' dir='ltr'><strong>conﬁteor</strong></span> <span class='ocrx_word' id='word_1_749' title='bbox 3748 5536 3762 5559; x_wconf 93' lang='lat'><strong>,</strong></span> <span class='ocrx_word' id='word_1_750' title='bbox 3796 5509 3848 5551; x_wconf 86' lang='lat' dir='ltr'><strong>et</strong></span> <span class='ocrx_word' id='word_1_751' title='bbox 3897 5498 4069 5566; x_wconf 90' lang='lat' dir='ltr'><strong>ipsum</strong></span> 
     </span>
    </p>
   </div>
   <div class='ocr_carea' id='block_1_97' title="bbox 826 5566 4073 5657">
    <p class='ocr_par' dir='ltr' id='par_1_97' title="bbox 826 5566 4073 5657">
     <span class='ocr_line' id='line_1_97' title="bbox 826 5566 4073 5657; baseline 0 -16"><span class='ocrx_word' id='word_1_752' title='bbox 826 5586 984 5651; x_wconf 85' lang='lat' dir='ltr'><strong>dicis,</strong></span> <span class='ocrx_word' id='word_1_753' title='bbox 1019 5586 1342 5656; x_wconf 83' lang='lat' dir='ltr'><strong>impudicam</strong></span> <span class='ocrx_word' id='word_1_754' title='bbox 1379 5600 1463 5639; x_wconf 87' lang='lat' dir='ltr'><strong>me</strong></span> <span class='ocrx_word' id='word_1_755' title='bbox 1490 5587 1681 5641; x_wconf 78' lang='lat' dir='ltr'><strong>factam</strong></span> <span class='ocrx_word' id='word_1_756' title='bbox 1722 5603 1993 5657; x_wconf 81' lang='lat' dir='ltr'><strong>nunquam</strong></span> <span class='ocrx_word' id='word_1_757' title='bbox 2049 5566 2387 5644; x_wconf 78' lang='lat' dir='ltr'><strong>exisrimabo.</strong></span> <span class='ocrx_word' id='word_1_758' title='bbox 2425 5566 2469 5623; x_wconf 75' lang='grc' dir='ltr'><strong>θ</strong></span> <span class='ocrx_word' id='word_1_759' title='bbox 2497 5566 2795 5657; x_wconf 84' lang='lat' dir='ltr'><strong>adjutorem</strong></span> <span class='ocrx_word' id='word_1_760' title='bbox 2828 5589 3017 5643; x_wconf 83' lang='lat' dir='ltr'><strong>habeo.</strong></span> <span class='ocrx_word' id='word_1_761' title='bbox 3055 5587 3225 5653; x_wconf 82' lang='lat' dir='ltr'><strong>Quam</strong></span> <span class='ocrx_word' id='word_1_762' title='bbox 3263 5590 3404 5642; x_wconf 85' lang='lat' dir='ltr'><strong>cnim</strong></span> <span class='ocrx_word' id='word_1_763' title='bbox 3462 5590 3712 5657; x_wconf 84' lang='lat' dir='ltr'><strong>injuriam</strong></span> <span class='ocrx_word' id='word_1_764' title='bbox 3774 5592 3903 5644; x_wconf 90' lang='lat' dir='ltr'><strong>mihi</strong></span> <span class='ocrx_word' id='word_1_765' title='bbox 3958 5589 4073 5644; x_wconf 78' lang='lat' dir='ltr'><strong>fore</strong></span> 
     </span>
    </p>
   </div>
   <div class='ocr_carea' id='block_1_98' title="bbox 826 5680 2391 5750">
    <p class='ocr_par' dir='ltr' id='par_1_98' title="bbox 826 5680 2391 5750">
     <span class='ocr_line' id='line_1_98' title="bbox 826 5680 2391 5750; baseline 0.001 -14"><span class='ocrx_word' id='word_1_766' title='bbox 826 5682 954 5737; x_wconf 81' lang='lat' dir='ltr'><strong>Sive</strong></span> <span class='ocrx_word' id='word_1_767' title='bbox 997 5680 1142 5737; x_wconf 87' lang='lat' dir='ltr'><strong>enim</strong></span> <span class='ocrx_word' id='word_1_768' title='bbox 1183 5690 1343 5749; x_wconf 81' lang='lat' dir='ltr'><strong>caput</strong></span> <span class='ocrx_word' id='word_1_769' title='bbox 1370 5694 1549 5735; x_wconf 89' lang='lat' dir='ltr'><strong>meum</strong></span> <span class='ocrx_word' id='word_1_770' title='bbox 1576 5721 1591 5745; x_wconf 92' lang='lat'><strong>,</strong></span> <span class='ocrx_word' id='word_1_771' title='bbox 1648 5682 1760 5737; x_wconf 86' lang='lat' dir='ltr'><strong>sive</strong></span> <span class='ocrx_word' id='word_1_772' title='bbox 1813 5696 2004 5736; x_wconf 84' lang='lat' dir='ltr'><strong>manus</strong></span> <span class='ocrx_word' id='word_1_773' title='bbox 2035 5722 2048 5747; x_wconf 88' lang='lat'><strong>,</strong></span> <span class='ocrx_word' id='word_1_774' title='bbox 2082 5682 2194 5736; x_wconf 91' lang='lat' dir='ltr'><strong>sive</strong></span> <span class='ocrx_word' id='word_1_775' title='bbox 2231 5686 2391 5750; x_wconf 83' lang='lat' dir='ltr'><strong>pedes</strong></span> 
     </span>
    </p>
   </div>
   <div class='ocr_carea' id='block_1_99' title="bbox 823 5772 2388 5847">
    <p class='ocr_par' dir='ltr' id='par_1_99' title="bbox 823 5772 2388 5847">
     <span class='ocr_line' id='line_1_99' title="bbox 823 5772 2388 5847; baseline 0.001 -18"><span class='ocrx_word' id='word_1_776' title='bbox 823 5772 1137 5832; x_wconf 79' lang='lat' dir='ltr'><strong>abscindere</strong></span> <span class='ocrx_word' id='word_1_777' title='bbox 1158 5818 1171 5840; x_wconf 87' lang='lat'><strong>,</strong></span> <span class='ocrx_word' id='word_1_778' title='bbox 1204 5774 1317 5833; x_wconf 81' lang='lat' dir='ltr'><strong>sive</strong></span> <span class='ocrx_word' id='word_1_779' title='bbox 1350 5784 1517 5833; x_wconf 84' lang='lat' dir='ltr'><strong>tomm</strong></span> <span class='ocrx_word' id='word_1_780' title='bbox 1548 5788 1751 5847; x_wconf 82' lang='lat' dir='ltr'><strong>corpus</strong></span> <span class='ocrx_word' id='word_1_781' title='bbox 1778 5776 2069 5833; x_wconf 85' lang='lat' dir='ltr'><strong>dilacerare</strong></span> <span class='ocrx_word' id='word_1_782' title='bbox 2112 5776 2345 5830; x_wconf 77' lang='lat' dir='ltr'><strong>volueris</strong></span> <span class='ocrx_word' id='word_1_783' title='bbox 2375 5816 2388 5839; x_wconf 89' lang='lat'><strong>.</strong></span> 
     </span>
    </p>
   </div>
   <div class='ocr_carea' id='block_1_100' title="bbox 2501 5682 4070 5754">
    <p class='ocr_par' dir='ltr' id='par_1_100' title="bbox 2501 5682 4070 5754">
     <span class='ocr_line' id='line_1_100' title="bbox 2501 5682 4070 5754; baseline 0.003 -19"><span class='ocrx_word' id='word_1_784' title='bbox 2501 5695 2693 5754; x_wconf 83' lang='lat' dir='ltr'><strong>putas,</strong></span> <span class='ocrx_word' id='word_1_785' title='bbox 2755 5698 2816 5735; x_wconf 87' lang='lat' dir='ltr'><strong>ea</strong></span> <span class='ocrx_word' id='word_1_786' title='bbox 2872 5700 2957 5736; x_wconf 82' lang='lat' dir='ltr'><strong>res</strong></span> <span class='ocrx_word' id='word_1_787' title='bbox 3006 5682 3260 5736; x_wconf 83' lang='lat' dir='ltr'><strong>honorem</strong></span> <span class='ocrx_word' id='word_1_788' title='bbox 3306 5693 3356 5736; x_wconf 86' lang='lat' dir='ltr'><strong>et</strong></span> <span class='ocrx_word' id='word_1_789' title='bbox 3403 5684 3626 5753; x_wconf 88' lang='lat' dir='ltr'><strong>gloriam</strong></span> <span class='ocrx_word' id='word_1_790' title='bbox 3684 5685 4070 5753; x_wconf 84' lang='lat' dir='ltr'><strong>sempiternam</strong></span> 
     </span>
    </p>
   </div>
   <div class='ocr_carea' id='block_1_101' title="bbox 2506 5772 4078 5848">
    <p class='ocr_par' dir='ltr' id='par_1_101' title="bbox 2506 5772 4078 5848">
     <span class='ocr_line' id='line_1_101' title="bbox 2506 5772 4078 5848; baseline 0 -15"><span class='ocrx_word' id='word_1_791' title='bbox 2506 5776 2633 5833; x_wconf 87' lang='lat' dir='ltr'><strong>mihi</strong></span> <span class='ocrx_word' id='word_1_792' title='bbox 2665 5774 3015 5845; x_wconf 80' lang='lat' dir='ltr'><strong>comparabit.</strong></span> <span class='ocrx_word' id='word_1_793' title='bbox 3058 5772 3191 5827; x_wconf 89' lang='lat' dir='ltr'><strong>Tum</strong></span> <span class='ocrx_word' id='word_1_794' title='bbox 3232 5774 3426 5844; x_wconf 74' lang='lat' dir='ltr'><strong>iudex:</strong></span> <span class='ocrx_word' id='word_1_795' title='bbox 3470 5775 3576 5847; x_wconf 76' lang='lat' dir='ltr'><strong>Ego</strong></span> <span class='ocrx_word' id='word_1_796' title='bbox 3624 5791 3728 5830; x_wconf 81' lang='lat' dir='ltr'><strong>non</strong></span> <span class='ocrx_word' id='word_1_797' title='bbox 3766 5776 4001 5848; x_wconf 80' lang='lat' dir='ltr'><strong>amplius</strong></span> <span class='ocrx_word' id='word_1_798' title='bbox 4027 5788 4078 5833; x_wconf 75' lang='lat' dir='ltr'><strong>te</strong></span> 
     </span>
    </p>
   </div>
  </div>
