4208 6300
188 360 243 420 85
1374 356 1551 418 VlTA
1589 354 1629 414 S
1687 352 2150 416 THEODOBAI.
3347 359 3415 420 86

186 480 343 539 feram,
368 475 465 529 sed
501 475 888 543 imperatorum
934 474 1087 543 jussa
1139 488 1444 545 exsequar:
1499 474 1735 529 futurum
1767 470 1815 528 Δ
1917 470 1981 527 ν.
2011 470 2202 526 Turba:
2228 480 2405 525 autem
2428 470 2532 525 illa:
2553 485 2696 536 eam,
2723 481 2779 524 ut
2806 470 2916 541 lupi
2940 487 3153 539 agnam,
3182 474 3417 532 circnma

182 568 300 623 enim
333 568 654 622 exiSIituaus
701 577 759 623 ut
818 570 1130 637 persuaderi
1173 584 1358 637 posses
1386 613 1400 637 ,
1440 569 1637 626 diutius
1686 580 1736 625 te

182 661 412 716 ferebam.
448 661 604 728 Quod
638 662 681 715 si
719 662 811 717 tibi
866 677 1099 730 parcens
1127 704 1141 727 ,
1177 663 1228 717 id
1279 664 1452 717 minus
1497 664 1731 730 curabo,

185 755 306 821 quod
335 755 518 824 jussus
567 754 665 818 fui,
695 754 1053 823 imperatores
1101 766 1450 813 contemnere
1492 758 1733 812 videbor.

180 845 243 901 illi
270 857 437 901 autem
472 848 757 902 Theodora
800 849 876 901 ita
910 852 1223 919 respondit:
1282 850 1438 906 Sicut
1491 854 1603 921 ipse
1634 853 1734 906 im—

177 951 425 1008 peratores
462 942 682 1005 metuis,
739 942 991 1011 quodque
1029 944 1097 999 ab
1150 944 1253 1000 illis
1297 946 1480 1015 jussus
1529 950 1624 1012 est,
1683 946 1733 1001 id

178 1029 334 1084 facere
355 1031 564 1095 studes;
612 1031 684 1086 ita
721 1043 774 1086 et
807 1048 906 1102 ego
937 1033 1127 1087 studeo
1172 1051 1278 1088 non
1332 1052 1529 1107 negare
1569 1038 1733 1091 Deum

177 1138 351 1187 meum,
377 1124 543 1177 timeo
571 1126 715 1178 enim
748 1135 803 1178 et
829 1127 939 1192 ipsa
965 1141 1147 1180 verum
1177 1127 1324 1180 illum
1352 1128 1731 1195 imperatorem

175 1214 324 1270 Deum
357 1228 727 1273 contemnere.
757 1217 1111 1273 Contentiosc
1138 1261 1152 1282 ,
1187 1222 1360 1289 inquit
1388 1221 1584 1288 judex,
1620 1238 1734 1277 me-

174 1321 279 1361 cum
304 1309 436 1377 agis,
466 1319 523 1385 et
541 1318 868 1365 aeternorum
890 1313 1275 1380 imperatorum
1298 1313 1449 1381 jnssa
1480 1316 1729 1385 negligis,

174 1409 345 1461 etme,
379 1411 651 1469 tamquam
684 1402 949 1456 imbellem
973 1403 1204 1473 aliquem
1232 1405 1489 1474 despicis.
1543 1407 1734 1461 Adhuc

174 1491 317 1545 trium
354 1493 565 1548 dierum
611 1503 828 1564 tempus
862 1496 956 1551 tibi
1007 1497 1257 1551 condono
1286 1538 1302 1564 ,
1349 1514 1408 1554 ac
1460 1515 1555 1569 per
1606 1500 1734 1555 deos

170 1598 361 1647 omnes,
386 1586 490 1639 nisi
519 1587 758 1640 animum
792 1598 969 1641 mutes
1002 1597 1057 1641 et
1086 1589 1381 1652 sacriﬁces,
1421 1590 1475 1644 in
1503 1590 1734 1657 lupanar

174 1678 217 1729 te
245 1680 467 1742 tradam,
504 1688 563 1733 ut
596 1680 852 1732 mulieres
882 1694 1071 1734 omnes
1098 1688 1148 1734 te
1178 1681 1250 1734 ita
1293 1683 1510 1736 tractari
1542 1683 1734 1739 viden-

1844 564 2031 620 dantes
2056 607 2070 632 ,
2103 565 2351 620 certatim
2382 562 2675 619 studebant
2722 579 2819 633 pro
2849 579 2909 619 se
2938 566 3167 634 quisque
3195 567 3263 622 ad
3296 584 3413 623 eam

1843 658 2075 728 ingredi,
2112 667 2165 712 et
2198 667 2255 711 ut
2282 672 2445 714 canes
2472 656 2523 710 in
2555 656 2725 712 feram
2758 656 3018 726 aliquam,
3050 668 3105 713 et
3128 661 3419 730 accipitres

1844 752 1894 805 in
1926 751 2230 806 columbam
2259 793 2273 817 ,
2310 753 2383 805 ita
2414 751 2465 805 in
2494 766 2610 805 eam
2661 752 2832 806 turba:
2885 753 3155 809 inhiantes
3212 754 3417 821 ingredi

1841 844 2192 899 festinabant.
2220 844 2485 900 Caeterum
2518 858 2695 913 neque
2728 852 2855 898 tunc
2882 844 3133 899 Christus
3160 847 3272 914 ipse
3300 861 3419 904 ces-

1840 939 2013 1004 sabat,
2046 941 2138 995 sed
2167 956 2287 995 cum
2311 939 2601 1008 quemdam
2628 954 2691 992 ex
2726 935 3005 991 Fratribus
3033 952 3416 1007 praeparasset,

1845 1034 1911 1086 ad
1945 1048 2062 1085 eam
2097 1034 2243 1086 illum
2276 1032 2442 1086 misit.
2492 1031 2721 1096 Quidam
2780 1032 2925 1085 enim
2983 1031 3421 1101 religiosissimus

1840 1121 2052 1183 Frater.
2084 1125 2175 1192 qui
2213 1123 2306 1178 Dei
2344 1123 2557 1189 negotia
2593 1132 2829 1176 tractare
2879 1124 3080 1191 optime
3114 1124 3415 1189 didicerat,

1839 1224 1892 1268 et
1926 1218 2382 1283 quemadmodum
2411 1216 2644 1286 aliquem
2673 1232 2735 1269 ex
2772 1216 2861 1270 Dei
2899 1217 3176 1272 voluntate
3199 1218 3417 1275 divitem

1842 1307 1954 1361 fieri
1987 1307 2227 1373 deceret,
2261 1307 2398 1363 bene
2433 1319 2697 1374 noverat,
2736 1308 2823 1363 ille
2844 1325 2967 1366 cum
2999 1325 3029 1364 e
3054 1311 3212 1365 rebus
3261 1310 3420 1367 bonis

1840 1415 2050 1469 semper
2072 1402 2269 1471 aliquid
2298 1400 2526 1470 amplius
2553 1410 2851 1469 appeteret.
2893 1402 3058 1457 etsibi
3092 1418 3411 1472 comparare

1840 1495 2103 1555 studeret,
2125 1494 2390 1563 duplicem
2417 1494 2659 1564 martyrii
2687 1508 2940 1547 coronam
2965 1495 3062 1548 sibi
3087 1497 3419 1560 conciliavit,

1839 1593 1893 1638 et
1932 1601 2160 1653 regnum
2212 1585 2474 1640 caelorum
2530 1586 2632 1640 hoc
2682 1587 2841 1640 modo
2882 1588 3079 1655 rapuit.
3116 1586 3249 1642 Cum
3278 1590 3421 1643 enim

1837 1676 2055 1730 militari
2090 1677 2275 1732 habitu
2309 1693 2364 1731 se
2409 1678 2695 1740 induisset,
2727 1680 2933 1747 primus
2969 1680 3035 1733 ad
3070 1694 3188 1734 eam
3216 1682 3423 1751 ingres-

172 1773 261 1833 tes,
307 1772 637 1838 turpitudine
694 1784 781 1827 tua
826 1774 1177 1844 castigentur.
1234 1776 1303 1830 At
1346 1778 1631 1835 Thodora:
1669 1778 1735 1833 Et
1766 1812 1811 1873 Β
1841 1788 1932 1827 sus
1953 1786 2056 1837 est,
2095 1776 2248 1844 quasi
2284 1790 2422 1829 unus
2454 1790 2519 1828 ex
2550 1774 2943 1843 impudentinm
2972 1785 3023 1829 et
3054 1774 3423 1843 intemperan-

170 1876 302 1915 nunc
332 1863 474 1917 idem
514 1866 652 1919 Deus
680 1876 783 1931 est,
821 1879 873 1922 et
898 1883 1133 1939 semper,
1166 1871 1257 1941 qui
1291 1887 1394 1925 non
1429 1874 1730 1942 permittet,

169 1961 219 2007 ut
245 1969 359 2008 eum
391 1958 783 2027 derelinquam.
836 1960 968 2015 Peto
998 1973 1177 2017 autem
1248 1974 1308 2018 ut
1350 1967 1606 2020 intactam
1669 1984 1732 2024 ac

168 2060 339 2113 puram
374 2062 459 2103 me
490 2049 693 2102 servari
728 2048 935 2115 iubeas,
962 2053 1138 2121 quoad
1164 2056 1494 2110 sententiam
1521 2058 1731 2113 tuleris.

172 2137 313 2194 Tune
341 2139 508 2208 judex
542 2140 618 2194 ait
645 2160 659 2196 :
689 2139 1031 2198 Theodoram
1067 2147 1168 2200 sub
1196 2156 1307 2200 tuta
1348 2149 1591 2203 custodia
1620 2165 1734 2204 ser-

168 2246 278 2288 vato
304 2251 474 2303 usque
502 2238 567 2289 ad
601 2248 715 2292 tres
746 2240 862 2294 dies
884 2279 897 2302 .
950 2239 994 2293 si
1018 2239 1162 2295 forte
1217 2242 1545 2310 resipiscens
1572 2286 1587 2309 ,
1631 2245 1733 2299 sibi

167 2329 269 2393 ipsa
299 2332 651 2395 persuaserit,
685 2340 795 2383 uta
821 2332 913 2385 tali
945 2333 1287 2388 contentione
1318 2336 1562 2391 desistat.
1593 2334 1733 2402 Quin

170 2428 223 2470 et-
248 2420 515 2488 praecipio,
554 2437 619 2474 ne
652 2426 973 2490 permittatis
1006 2426 1239 2492 aliquem
1273 2428 1338 2481 ad
1365 2442 1482 2479 eam
1522 2428 1729 2495 ingredi

164 2519 213 2562 et
244 2525 364 2563 cum
424 2512 539 2580 ipsa
576 2517 802 2581 versari,
834 2524 1117 2583 propterea
1160 2515 1303 2585 quod
1339 2516 1539 2570 familia
1569 2517 1733 2573 nobili

169 2610 218 2655 el
241 2602 462 2657 honesta
504 2616 626 2658 nata
666 2617 770 2661 est.

224 2690 311 2748 IV.
355 2692 484 2749 Post
523 2704 635 2751 tres
668 2698 785 2752 dies
811 2713 932 2752 cum
965 2699 1128 2769 judex
1173 2703 1227 2757 in
1275 2706 1531 2763 tribunali
1586 2712 1741 2766 sede-

165 2793 278 2839 ret:
308 2784 644 2854 Adducatur,
678 2789 875 2859 inquit,
911 2790 1213 2848 Theodoro.
1253 2796 1460 2857 Cohors
1493 2804 1608 2854 ait:
1642 2803 1744 2857 Do-

164 2876 320 2942 mine,
361 2889 561 2953 prmsto
588 2891 672 2937 est
700 2880 1012 2939 Theodoro.
1042 2886 1178 2940 Tum
1211 2888 1332 2944 ille:
1358 2888 1413 2944 Si
1445 2892 1742 2961 resipuisti,

161 2979 208 3022 et
232 2972 328 3024 tibi
363 2972 479 3039 jam
513 2976 854 3040 persuasisti,
887 2994 1030 3032 nunc
1081 2982 1367 3048 sacrifica,
1418 2996 1471 3041 et
1514 2997 1631 3041 esto
1676 2987 1742 3042 li-

160 3058 317 3125 bera;
373 3071 504 3128 puto
533 3066 681 3119 enim
714 3075 767 3120 te
799 3084 1136 3141 nequaquam
1164 3088 1355 3141 sapere
1378 3119 1393 3143 ,
1467 3080 1519 3132 iu
1547 3084 1737 3138 eodem

1844 1868 1975 1921 tium
2013 1869 2291 1922 hominum
2320 1883 2544 1922 numero
2587 1877 2755 1923 esset.
2800 1867 2933 1936 Ejus
2978 1868 3143 1938 igitur
3185 1869 3423 1924 hominis

1836 1973 2030 2015 novam
2061 1970 2110 2014 et
2136 1961 2475 2029 peregrinam
2506 1958 2730 2030 figuram
2756 1971 2943 2014 sancta
2966 1961 3054 2015 illa
3075 1962 3226 2031 virgo
3247 1960 3427 2018 Theo-

1837 2052 1968 2105 dora
1994 2069 2115 2105 eum
2166 2054 2434 2115 vidisset,
2487 2051 2589 2105 fuit
2638 2053 2962 2118 perterrita;
3009 2068 3073 2107 ea
3125 2054 3267 2108 enim
3332 2068 3417 2109 res

1838 2145 2062 2197 multum
2078 2143 2283 2211 injuriae
2303 2160 2365 2196 ac
2384 2143 2735 2210 turpitudinis
2754 2159 2864 2211 pne
2886 2159 2944 2199 se
2968 2144 3196 2200 ferebat.
3217 2144 3421 2213 Quam-

1838 2236 2023 2291 obrem
2072 2236 2292 2307 ancipiti
2339 2244 2394 2289 et
2445 2235 2609 2291 dubio
2664 2236 2847 2290 animo
2907 2241 3145 2292 carceris
3197 2238 3423 2307 angulos

1843 2326 2161 2380 circumibat
2185 2367 2198 2388 .
2234 2342 2416 2382 secum
2460 2327 2706 2397 cOgitans
2734 2368 2749 2392 ,
2811 2342 2938 2382 num
2989 2341 3018 2381 a
3055 2326 3276 2383 Christo
3305 2328 3425 2398 ipso

1844 2420 2029 2472 relicta
2057 2428 2223 2477 esset.

1922 2513 2003 2566 Ἠ.
2044 2514 2115 2565 At
2139 2524 2362 2568 sanctus
2392 2511 2650 2583 Didymus
2684 2512 2796 2583 (ita
2827 2510 2971 2567 enim
3004 2512 3342 2583 vocabatur)
3364 2521 3424 2569 ut

1840 2620 2137 2679 germanus
2194 2606 2380 2669 frater,
2430 2605 2695 2671 incipiens
2726 2621 2848 2657 eam
2882 2605 3038 2659 aﬂ'ari
3072 2621 3086 2660 :
3116 2605 3232 2660 Non
3280 2621 3423 2670 sum,

1844 2696 2038 2764 inquit,
2100 2696 2176 2760 id,
2232 2696 2375 2764 quod
2442 2697 2609 2751 vides.
2672 2697 3054 2752 Exstriusecus
3086 2700 3229 2752 enim
3268 2700 3426 2770 lupus

1844 2788 2048 2854 videor,
2075 2789 2219 2843 intus
2247 2804 2380 2842 vero
2411 2805 2528 2845 sum
2564 2790 2681 2845 ovis
2719 2798 3021 2846 mansueta.
3079 2790 3159 2847 Ne
3211 2804 3424 2859 spectes

1844 2882 2174 2934 exteriorem
2221 2881 2363 2935 hanc
2421 2892 2651 2945 vestem,
2682 2881 2775 2935 sed
2809 2881 3123 2935 interiorem
3156 2892 3209 2937 et
3244 2898 3423 2953 prom-

1844 2985 1994 3045 ptum
2028 2975 2191 3028 animi
2244 2974 2495 3030 aﬂ'ecxum
2534 2974 2880 3028 consideres.
2912 2971 3106 3028 Frater
3130 2977 3271 3028 enim
3300 2993 3421 3032 sum

1850 3070 1902 3123 in
1939 3069 2111 3122 aliena
2148 3068 2341 3137 figura,
2388 3076 2576 3122 eontra
2620 3067 2889 3121 diabolum
2951 3069 3186 3136 sapiens,
3235 3084 3422 3124 eorum

162 3149 436 3219 ντοροείιο
466 3156 870 3222 persistentetn.
898 3160 1497 3230 ResponditTheodora
1522 3184 1535 3222 :
1563 3172 1737 3226 Antea
1770 3178 1813 3236 ο
1846 3162 2060 3230 quidem
2089 3172 2236 3214 veste
2279 3160 2520 3224 indutus,
2554 3160 2647 3227 qui
2680 3167 2810 3212 sunt
2856 3157 2999 3214 illius
3056 3161 3288 3215 minisu-i
3315 3204 3330 3227 ,
3365 3171 3425 3217 ut

162 3242 267 3297 dixi
298 3246 416 3310 tibi,
449 3256 505 3301 et
532 3266 672 3303 nunc
709 3254 899 3307 eadem
935 3255 1117 3311 dicere
1153 3273 1259 3315 non
1310 3277 1501 3317 recuso
1527 3304 1542 3329 ,
1577 3266 1740 3320 caSIi-

165 3336 283 3388 tatis
322 3351 459 3391 mea:
498 3342 890 3415 professionem
915 3387 929 3410 ,
977 3346 1177 3404 Christi
1220 3368 1382 3407 causa
1432 3368 1737 3425 susceptam

167 3439 304 3488 esse,
328 3429 427 3495 qui
466 3428 566 3481 fuit
590 3432 919 3502 incorrupta:
949 3439 1073 3494 vim
1100 3445 1437 3511 praedicator,
1462 3464 1740 3517 meamque

156 3516 557 3574 confessionem
620 3522 790 3592 ipsius
846 3528 935 3581 Dei
991 3534 1162 3598 gratia
1213 3534 1348 3591 ﬁeri.
1399 3537 1531 3607 Ejus
1580 3516 1742 3609 igitur

159 3607 365 3662 Domini
403 3624 457 3663 et
493 3612 585 3667 Dei
620 3616 893 3673 confessio
924 3637 1020 3689 per
1048 3639 1133 3677 me
1164 3630 1506 3694 praedicetur,
1540 3607 1739 3699 etipse

154 3699 333 3756 videat
367 3702 513 3773 (scit
542 3708 721 3776 enim)
758 3713 1028 3779 quomodo
1062 3731 1213 3770 suam
1260 3718 1516 3789 virginem
1551 3738 1737 3790 puram

155 3808 469 3850 conservet.
507 3798 608 3852 Per
634 3800 767 3856 deos
800 3804 966 3872 ipsos,
988 3807 1371 3880 inquitjudex,
1400 3813 1740 3870 dominorum

151 3884 301 3953 jussa
342 3892 576 3953 veritus,
616 3908 683 3945 ne
711 3892 848 3948 forte
882 3897 988 3951 illis
1011 3916 1116 3953 non
1149 3904 1428 3968 obediens,
1450 3894 1738 3970 pericliter,

154 3979 423 4034 adversus
458 3990 510 4033 te
545 3982 734 4037 faciam
782 3989 924 4055 quod
949 4004 1065 4042 sum
1086 3991 1290 4061 jussus.
1315 3994 1579 4061 Quoniam
1610 4013 1739 4053 vero

148 4069 199 4125 in
241 4071 486 4141 lupanar
523 4077 661 4129 tradi
696 4080 971 4149 maluisti,
1000 4100 1160 4150 quam
1211 4088 1314 4142 diis
1361 4090 1488 4161 ipsis
1527 4095 1741 4149 sacriﬁ—

146 4176 273 4218 care
300 4202 319 4227 ,
351 4166 639 4219 videamus
664 4206 679 4230 ,
713 4182 921 4250 num_te
959 4188 1138 4230 servet
1167 4178 1417 4233 Christus
1458 4184 1545 4235 ille
1578 4189 1696 4239 tuus
1724 4225 1739 4250 ,

144 4263 375 4336 propter
399 4270 566 4320 quem
593 4256 648 4310 in
680 4246 1028 4318 contentione
1055 4266 1152 4319 ista
1182 4269 1470 4336 persistere
1496 4272 1733 4331 voluisti.

141 4335 197 4391 Id
221 4357 353 4394 cum
387 4344 560 4413 judex
602 4353 847 4417 dixisset,
880 4358 947 4410 ad
981 4335 1257 4416 collortem
1290 4378 1509 4422 versos:
1538 4364 1741 4420 Trada-

141 4440 255 4526 ξιτ,
289 4438 492 4504 inquit,
529 4441 630 4494 ista
663 4445 713 4495 in
741 4445 982 4513 lupanar.
1018 4451 1170 4506 Tunc
1198 4454 1602 4515 ait'l‘heodora:
1640 4460 1740 4526 Tu,

1845 3253 1915 3305 ita
1944 3253 2048 3306 huc
2094 3249 2402 3321 ingrediens
2427 3264 2533 3303 non
2573 3263 2900 3319 agnoseerer
2934 3249 3131 3318 (erant
3156 3252 3296 3305 enim
3334 3254 3424 3321 qui

1845 3344 1950 3397 huc
1990 3343 2293 3398 venientem
2330 3342 2783 3409 speculabantur)
2818 3352 2873 3393 et
2906 3339 3121 3395 Domini
3158 3342 3263 3396 mei
3294 3359 3423 3409 pre-

1844 3438 2032 3491 tiosam
2078 3434 2494 3505 possessionem,
2522 3443 2576 3487 et
2603 3434 2693 3489 Dei
2722 3433 3028 3489 columbam
3051 3450 3170 3489 eam
3201 3450 3424 3492 servare

1843 3548 2077 3604 possem.
2118 3530 2224 3587 Sed
2260 3545 2359 3599 age
2400 3540 2608 3585 vestem
2651 3539 2964 3603 mutemus;
3001 3530 3096 3583 tibi
3134 3529 3276 3583 Deus
3308 3532 3423 3599 ipso

1844 3625 2128 3676 victoriam
2183 3623 2410 3689 largitur
2443 3638 2458 3676 :
2491 3637 2575 3675 me
2620 3637 2750 3676 vero
2805 3631 3033 3677 coronat
3066 3633 3310 3684 sanctus,
3372 3634 3426 3678 et

1844 3716 1932 3785 qui
1966 3715 2080 3769 sine
2118 3714 2323 3767 macula
2360 3722 2462 3779 est,
2502 3714 2685 3783 Agnus
2744 3716 2850 3779 ille,
2877 3715 2967 3783 qui
3021 3714 3158 3767 tollit
3208 3725 3426 3782 peccata

1844 3808 2052 3862 mundi.
2093 3808 2189 3862 Exi
2220 3817 2297 3874 tu,
2333 3816 2411 3871 et,
2444 3808 2509 3860 ad
2547 3805 2832 3860 Dominum
2870 3806 2990 3860 ito:
3044 3805 3158 3874 Ego
3206 3818 3426 3876 propter

1845 3897 2131 3951 Dmuinum
2162 3898 2247 3951 hic
2276 3899 2593 3952 remanebo.
2628 3900 2741 3952 Hae
2779 3913 2896 3952 mea
2928 3910 3103 3963 veste,
3160 3915 3322 3965 quam
3352 3901 3423 3956 ti-

1847 3990 2053 4053 mebas,
2092 3990 2354 4046 induaris.
2382 3988 2512 4043 Esto
2543 3999 2596 4042 tu
2627 4004 2846 4057 prome,
2879 4000 2936 4041 ut
2968 4000 3049 4043 est
3077 3992 3144 4043 ab
3164 3993 3424 4059 Apostolo

1846 4080 2086 4136 dictum‘
2120 4099 2134 4136 :
2171 4100 2189 4133 ‹
2227 4082 2412 4137 Estote
2438 4091 2494 4135 ut
2523 4096 2639 4150 ego,
2668 4081 2925 4151 quoniam
2961 4092 3016 4136 et
3040 4095 3139 4149 ego
3170 4092 3227 4135 ut
3255 4096 3370 4137 vos.
3398 4103 3419 4138 ι

1848 4171 1940 4225 Ille
1967 4174 2181 4238 quidem
2216 4173 2331 4225 haec
2374 4173 2589 4225 dicebat
2628 4187 2642 4223 :
2678 4171 2960 4223 Theodoro
3014 4185 3144 4226 vero
3191 4173 3427 4228 libenter

1845 4265 1893 4318 ei
1935 4263 2364 4332 obtemperabat.
2394 4262 2551 4318 Novit
2584 4264 2727 4319 enim
2760 4263 2828 4318 ab
2861 4261 2950 4315 illo
2983 4262 3101 4331 ipso
3148 4262 3279 4327 Deo,
3328 4267 3421 4332 qui

1850 4356 1990 4410 misit
2026 4357 2079 4410 iu
2112 4357 2285 4409 larunt
2326 4358 2540 4411 leonum
2575 4356 2887 4425 prophetam
2925 4353 3197 4418 llabacuc,
3234 4366 3290 4409 ut
3319 4358 3424 4412 Da-

1851 4447 1973 4503 nieli
1996 4433 2046 4513 ’³,
2079 4450 2170 4516 qui
2207 4458 2257 4503 et
2289 4450 2403 4518 ipse
2430 4449 2691 4518 prOpheta
2714 4460 2851 4511 erat,
2884 4449 3061 4501 cibum
3090 4449 3419 4518 impartiret,

145 4519 316 4591 Deus,
347 4530 442 4595 qui
469 4532 714 4589 occultas
746 4551 831 4590 res
859 4538 1100 4609 inspicis,
1133 4546 1221 4610 qui
1276 4550 1473 4604 ηονίειί
1516 4552 1695 4606 (mnia
1770 4526 1824 4586 D
1852 4540 2050 4609 quique
2080 4549 2131 4592 et
2163 4539 2378 4593 leonum
2407 4554 2500 4592 ora
2526 4538 2820 4603 obstruxit,
2848 4538 3070 4593 militem
3099 4539 3247 4593 illum
3292 4549 3420 4596 tunc

142 4619 474 4688 priusQuam
512 4623 601 4677 illa
628 4624 777 4693 ﬁant,
809 4630 899 4697 qui
948 4633 1011 4686 ad
1038 4634 1357 4691 hodiernqu
1402 4655 1569 4709 usque
1594 4619 1733 4697 diem

144 4709 281 4764 mihi
303 4713 537 4777 aiTnisti,
559 4728 614 4770 et
636 4717 894 4773 intactam
928 4722 979 4776 in
1003 4741 1063 4779 ea
1092 4742 1150 4782 re
1182 4745 1266 4784 me
1298 4733 1544 4798 servasti,
1575 4749 1734 4803 quam

144 4798 239 4889 tibi
269 4804 527 4867 promisi,
561 4806 675 4872 ipse
710 4818 763 4863 et
791 4811 1015 4879 posthac
1043 4829 1126 4868 me
1156 4817 1454 4883 custodias,
1481 4830 1535 4874 et
1566 4798 1741 4889 a-pro-

147 4884 293 4942 fanis
337 4901 399 4944 et
446 4895 647 4962 iniquis
694 4914 881 4955 eorum
941 4906 1189 4960 manibus
1216 4945 1229 4969 ,
1268 4909 1356 4975 qui
1393 4913 1564 4979 parati
1616 4884 1743 4967 sunt

139 4982 358 5036 ancilla:
387 4985 761 5055 tttatinjuriam
790 4992 1010 5059 inferre,
1042 4998 1362 5055 incolumem
1391 5011 1442 5055 et
1467 5004 1729 5076 integram

138 5086 354 5129 serves.
393 5076 519 5133 Haec
546 5096 667 5135 cum
704 5083 791 5138 illa
816 5086 1059 5153 dixisset,
1094 5094 1160 5146 ad
1195 5095 1419 5163 lupanar
1440 5097 1595 5151 ducta
1622 5113 1732 5169 est;

140 5166 207 5255 ad
223 5172 375 5235 quod
404 5172 671 5238 ingressa,
698 5179 883 5235 oculos
899 5182 963 5237 ad
987 5183 1184 5238 emlum
1209 5188 1402 5250 erexit,
1429 5198 1480 5242 et
1501 5192 1575 5241 ait
1594 5207 1613 5242 :
1632 5166 1732 5255 Tu,

144 5252 311 5313 Pater
356 5263 567 5318 Domini
596 5270 763 5321 nostri
789 5268 916 5325 Iesu
946 5271 1173 5341 Christi,
1204 5292 1288 5330 me
1320 5279 1534 5349 adjuva,
1577 5292 1636 5335 ut
1666 5252 1734 5339 ab

142 5346 228 5403 bis
271 5356 512 5411 canibus
545 5358 766 5427 eripior.
804 5363 880 5416 Tu
911 5405 924 5428 ,
950 5367 1039 5436 qui
1070 5366 1288 5423 Petrum
1315 5373 1366 5425 iu
1388 5346 1612 5429 carcere
1640 5377 1735 5430 ad-

136 5438 360 5510 iuvisti,
397 5461 631 5517 etunque
670 5452 737 5505 ab
767 5451 965 5521 injuria
999 5459 1226 5515 liberum
1266 5462 1412 5517 illinc
1456 5463 1688 5520 eduxisti
1721 5507 1736 5533 ,

131 5542 185 5583 et
221 5549 314 5589 me
348 5538 478 5594 hinc
503 5541 574 5596 ab
605 5544 800 5612 injuria
830 5545 1155 5619 incolumem
1185 5553 1403 5619 educas,
1443 5562 1499 5609 ut
1547 5572 1735 5614 omnes

131 5625 390 5697 Videant,
420 5648 615 5704 meque
651 5652 861 5693 servam
901 5648 1045 5700 tuam
1093 5658 1213 5699 esse
1236 5659 1583 5715 cognoscant.

188 5802 209 5828 ¹
252 5794 447 5855 Calat.
485 5816 557 5868 tv,
601 5801 685 5859 l2.
765 5806 784 5837 '
814 5806 952 5859 Dan.
990 5824 1098 5875 xiv,
1126 5809 1194 5864 39
1223 5826 1381 5884 seqq.

1838 4636 1904 4687 ad
1934 4647 1993 4687 se
2028 4634 2271 4698 missum,
2325 4640 2384 4687 ut
2413 4631 2586 4703 ipsius
2618 4632 2802 4687 habitu
2837 4633 3126 4700 occultata,
3177 4642 3231 4687 et
3263 4632 3417 4689 illinc

1838 4736 2019 4791 erepta
2048 4727 2254 4779 servari
2292 4735 2496 4794 posset.

1912 4814 2023 4870 VII.
2084 4816 2179 4872 ma
2212 4816 2377 4884 igitur
2417 4818 2568 4885 virgo
2619 4817 2807 4870 militis
2858 4813 3099 4868 habitum
3161 4819 3416 4886 sumpsit,

1839 4910 2143 4979 ocreisque,
2171 4910 2364 4979 quibus
2385 4922 2540 4964 antea
2566 4908 2721 4963 miles
2742 4908 2819 4962 uti
2842 4917 3226 4975 consueverat,
3252 4924 3414 4967 crura

1844 5016 1941 5056 sua
1973 5004 2211 5057 contexit
2247 5021 2260 5057 :
2313 5017 2545 5071 cumque
2582 5003 2787 5071 reliqua
2823 5012 2974 5057 veste
3024 5016 3083 5055 se
3132 5001 3413 5069 induisset,

1842 5094 2003 5161 capiti
2039 5093 2244 5164 galeam
2278 5094 2556 5164 imposuit,
2589 5095 2811 5164 ejusque
2842 5094 3009 5147 armis
3034 5094 3292 5161 acceptis,
3323 5093 3416 5151 illo

1842 5188 1981 5257 ipso,
2015 5201 2195 5257 quem,
2229 5187 2321 5256 qui
2344 5189 2393 5242 ei
2424 5190 2668 5242 astiterat
2695 5186 2971 5256 praecepit,
3003 5195 3194 5239 ornatu
3230 5188 3412 5239 induta

1840 5293 2057 5347 egressa
2093 5289 2196 5335 est.
2230 5280 2521 5336 Admonita
2552 5280 2715 5333 etiam
2763 5276 2883 5343 fuit,
2918 5293 2985 5331 ne
3009 5292 3177 5347 quem
3207 5277 3414 5346 aspice-

1840 5383 1943 5435 ret,
1971 5383 2190 5441 propter
2246 5389 2432 5428 eorum
2498 5374 2743 5440 luporum
2806 5371 3195 5442 impudentiam
3252 5379 3413 5440 atque

1838 5466 2142 5529 audaciam,
2193 5481 2329 5520 neve
2379 5466 2615 5533 aliquem
2662 5464 3078 5533 alloqneretur:
3120 5463 3214 5517 sed
3266 5470 3414 5517 recta

1833 5558 1900 5611 ad
1962 5565 2169 5625 portam
2224 5558 2470 5612 tenderet
2503 5598 2516 5622 ,
2581 5568 2635 5611 et
2692 5557 2874 5613 Iesum
2932 5556 3109 5626 ipsum
3160 5554 3261 5606 vim
3313 5549 3414 5605 du-

1832 5665 1948 5705 cem
1983 5650 2082 5705 sibi
2122 5659 2465 5719 proponeret.
2500 5646 2689 5733 Etilla
2717 5647 2938 5718 quidem
2984 5643 3138 5700 illinc
3168 5652 3415 5711 egressa,
