4208 6300
766 359 834 421 87
2064 358 2347 422 MBNSIS
2380 357 2716 421 APRILIS.
2931 436 2945 448 ,
3950 356 4011 419 88

766 483 824 526 ut
859 469 1106 529 columba
1135 470 1377 540 quaedam
1415 470 1531 529 alas
1562 470 1836 538 quatiens,
1867 479 2028 543 atque
2062 469 2115 526 in
2148 473 2339 527 cretum
2375 470 2421 529 A
2451 469 2616 527 Deum
2644 472 2819 542 ipsum
2852 472 2984 545 satis
3014 471 3262 527 confessa
3291 468 3477 535 fuerit,
3506 469 3708 525 intacta
3761 486 4009 542 perman-

771 564 1019 626 tendens,
1063 577 1127 617 ex
1161 564 1437 633 accipitris
1472 580 1590 629 ore,
1639 564 1720 621 vel
1754 580 1887 636 agna
1917 579 1947 621 e
1977 566 2192 619 leonum
2224 562 2342 618 fau-

767 656 940 720 cibus,
968 655 1163 710 evasit.
1198 654 1391 711 Frater
1423 672 1554 712 vero
1582 657 1672 712 ille
1722 657 1964 725 sedebat,
2024 659 2091 712 de
2150 670 2340 713 sorore

769 760 872 800 non
903 746 1135 815 amplius
1164 746 1453 812 sollicitus,
1495 757 1548 803 et
1577 749 1862 819 spirituale
1912 748 2203 820 prandium
2247 761 2341 802 ex-

769 847 1047 906 apectaus.
1078 835 1327 905 Cumque
1380 852 1439 893 se
1477 839 1670 909 capitis
1710 849 2019 910 legumento
2053 839 2339 902 induisset,

770 941 835 978 eo
872 928 921 979 in
951 927 1071 981 loco
1101 927 1343 983 sedebat.
1384 928 1515 983 Erat
1547 939 1728 984 autem
1755 931 1833 984 ita
1875 940 2189 993 coronatus,
2215 938 2274 982 ut
2295 929 2340 984 si

771 1019 1143 1073 adversarium
1178 1019 1348 1089 ipsum
1384 1020 1624 1076 vicisset.
1674 1019 1962 1076 Intervallo
1992 1028 2172 1076 autem
2206 1029 2345 1073 tem-

772 1111 943 1179 poris,
973 1111 1187 1179 quidam
1220 1127 1285 1166 ex
1311 1112 1698 1167 insanientium
1728 1128 1955 1169 numero
1978 1116 2347 1180 intemperan-

774 1202 862 1256 tia:
897 1217 1104 1267 servus,
1136 1202 1211 1257 ita
1238 1215 1293 1257 ut
1325 1215 1442 1259 erat
1489 1206 1797 1276 impudens,
1835 1206 1961 1259 illuc
1994 1215 2246 1274 tanquam
2276 1207 2342 1259 ad

772 1292 1033 1362 virginem
1070 1295 1281 1365 ingredi
1318 1311 1504 1361 ausus,
1565 1311 1685 1349 cum
1753 1297 1926 1351 virum
1980 1313 2075 1366 pro
2137 1296 2345 1365 virgine

769 1383 1111 1451 oﬂendisset,
1160 1398 1340 1441 mente
1387 1388 1668 1457 perculsus
1697 1401 1875 1444 secum
1924 1388 2035 1455 ipse
2080 1375 2341 1445 dicebat:

771 1475 1021 1545 Nunquid
1058 1478 1295 1546 virgines
1322 1480 1373 1531 in
1403 1478 1546 1534 viros
1601 1478 1858 1533 transfert
1885 1478 2040 1534 Jesus
2074 1479 2219 1534 iste?
2254 1478 2349 1532 Mi-

773 1568 848 1623 les
880 1570 992 1635 ille,
1017 1572 1260 1641 quiante
1296 1588 1379 1627 me
1401 1572 1510 1629 huc
1539 1573 1815 1643 ingressus
1842 1585 1948 1639 est,
2000 1572 2154 1626 exiit.
2187 1570 2347 1639 Quis-

771 1676 894 1715 nam
929 1663 1204 1731 igiturhic
1240 1672 1344 1728 est,
1396 1664 1486 1733 qui
1521 1665 1714 1719 sedet?
1749 1664 1981 1719 Ubinam
2033 1664 2182 1734 virgo
2233 1663 2344 1727 illa,

772 1767 893 1821 quae
952 1755 1038 1808 hic
1073 1755 1282 1809 inclusa
1318 1756 1487 1811 erat?
1526 1756 1726 1809 Audivi
1790 1755 2083 1824 aliquando
2132 1771 2161 1810 a
2218 1754 2345 1809 Jesu

772 1845 888 1912 ipso
915 1858 1111 1911 aquam
1132 1846 1184 1898 in
1209 1846 1393 1899 vinum
1421 1861 1735 1900 conversam
1772 1862 1787 1900 :
1818 1863 1959 1900 nunc
1985 1847 2161 1915 majus
2196 1846 2350 1915 quid-

772 1936 894 1989 dam
932 1935 1130 1990 video:
1173 1934 1438 2007 virginem
1471 1938 1614 1991 enim
1648 1937 1701 1992 in
1738 1938 1913 1991 virum
1965 1938 2217 1992 mutavit.
2244 1937 2347 1991 ⁷Τὶ-

772 2040 893 2080 meo
927 2042 994 2082 ne
1028 2036 1085 2081 et
1112 2042 1195 2083 me
1219 2028 1269 2081 in
1302 2027 1583 2084 mulierem
1609 2039 1910 2085 convertat.
1941 2029 2033 2084 llle
2066 2045 2193 2085 vero
2224 2045 2345 2085 cum

770 2127 1073 2187 opportune
1100 2133 1343 2173 sororem
1401 2120 1724 2190 eripuisset,
1780 2119 1979 2174 factum
2035 2134 2189 2174 suum
2242 2136 2346 2173 non

770 2209 1070 2265 occultavit
1102 2227 1117 2265 :
1150 2213 1246 2267 sed
1279 2212 1423 2267 clara
1472 2228 1645 2268 voce:
1681 2211 1800 2268 Non
1855 2215 2102 2277 mutavit,
2150 2214 2345 2281 inquit,

774 2317 860 2357 me
912 2302 1195 2366 Dominus,
1257 2303 1351 2357 sed
1404 2310 1458 2358 et
1490 2302 1621 2358 mihi
1655 2312 1708 2359 et
1768 2303 1840 2357 illi
1882 2318 2135 2357 coronam
2182 2304 2344 2360 dedit.

770 2393 940 2456 Quam
970 2394 1131 2463 igitur
1186 2394 1470 2449 habebatis
1496 2433 1511 2462 ,
1543 2410 1663 2449 eam
1696 2410 1800 2451 non
1840 2397 2049 2450 habetis
2076 2412 2090 2460 ;
2150 2397 2349 2466 quique

772 2484 927 2539 vobis
983 2499 1089 2538 non
1142 2494 1282 2551 erat,
1348 2501 1469 2542 eum
1523 2502 1667 2543 nunc
1726 2489 1956 2543 habetis.
2018 2486 2180 2558 Virgo
2234 2488 2344 2554 illa,

770 2580 920 2647 virgo
953 2586 1058 2644 est,
1082 2586 1140 2633 ut
1160 2587 1317 2633 antea
1355 2616 1371 2643 ,
1404 2579 1560 2636 miles
1590 2594 1719 2637 vero
1747 2581 1949 2638 Christi
1981 2579 2108 2639 JcSu
2144 2581 2344 2636 athleta

776 2683 921 2724 nunc
952 2680 1058 2725 CSI.

840 2760 980 2819 Vill.
1014 2761 1279 2837 Egressus
1310 2764 1493 2835 igitur,
1528 2764 1619 2834 qui
1646 2762 1823 2819 fuerat
1876 2763 2036 2834 paulo
2095 2773 2218 2818 ante
2258 2764 2344 2819 in-

769 2870 1012 2926 gressus,
1053 2857 1193 2923 quod
1237 2853 1439 2910 factum
1472 2866 1610 2921 erat,
1641 2856 1927 2911 nuntiavit.
1963 2854 2016 2908 ld
2046 2865 2226 2910 autem
2248 2856 2338 2925 ju-

774 2952 873 3004 dex
900 2949 1151 3014 audiens,
1176 2948 1340 3012 jussit
1376 2964 1499 3003 eum
1548 2956 1675 3004 ante
1705 2948 1942 3005 tribunal
2000 2949 2142 3004 sisti.
2176 2948 2344 3015 Quem

772 3050 1093 3110 praesentem
1150 3056 1285 3095 cum
1346 3041 1595 3107 vidisset,
1660 3056 1781 3095 eum
1838 3042 2179 3107 interrogans
2223 3041 2344 3094 ait:

2443 563 2533 630 sit,
2563 578 2725 634 quam
2780 562 2924 620 Deus
2984 565 3097 633 ipse
3156 563 3482 619 incolumem
3521 572 3576 618 et
3608 578 3638 617 a
3676 561 3794 617 labe
3831 579 4012 632 puram

2445 657 2701 712 servavit.
2736 656 2919 726 Itaque
2948 658 3092 727 quod
3147 660 3346 712 factum
3401 667 3505 721 est,
3563 672 3667 711 non
3716 657 3873 723 mihi,
3926 660 4013 711 sed

2446 748 2552 802 Deo
2579 748 2675 818 ipsi
2720 749 2933 815 tribuo;
2988 750 3241 817 quoniam
3273 750 3569 805 seetutdum
3625 749 3783 803 ﬁdem
3851 750 4013 817 ipsius

2444 837 2573 893 fecit
2602 839 2675 893 illi
2710 839 2868 904 Deus,
2896 841 3348 907 quemadmodum
3382 849 3435 895 et
3464 842 3576 911 ipse
3600 842 3765 908 nosti,
3793 842 3834 896 si
3868 841 4015 896 fateri

2446 929 2600 984 velis.
2641 929 2791 985 Tunc
2823 931 3085 1001 ajtjudex
3121 948 3134 986 :
3183 930 3483 999 Cuiusnam
3553 932 3715 986 sortis
3766 932 3930 985 homo
3965 942 4015 984 tu

2445 1020 2548 1074 es?
2578 1020 2942 1087 Christianus,
2971 1022 3147 1092 inquit
3176 1022 3461 1092 Didymus,
3484 1037 3583 1093 ego
3604 1038 3720 1076 sum
3747 1039 3774 1076 a
3803 1023 4015 1078 Christo

2454 1111 2588 1166 liber
2620 1111 2813 1169 factus.
2843 1115 2910 1166 At
2934 1114 3097 1182 judex
3124 1133 3137 1168 ε
3170 1110 3423 1169 Cruciate
3473 1116 3635 1168 istum
3668 1115 4013 1170 vehementer

2449 1201 2656 1256 duobus
2683 1204 2878 1269 modis,
2921 1214 3140 1274 propter
3171 1206 3286 1273 ejus
3327 1204 3703 1275 petulantiam.
3739 1206 3905 1271 Peto,
3936 1210 4017 1261 in-

2448 1295 2565 1365 quit
2601 1295 2880 1365 Didymus,
2916 1305 2974 1352 ut
3001 1300 3145 1367 quod
3173 1298 3240 1351 ab
3267 1298 3682 1366 imperatoribus
3709 1297 3814 1352 tuis
3841 1299 4023 1364 jussus

2448 1402 2526 1451 es,
2555 1387 2806 1443 celeriter
2835 1389 3109 1456 expedias.
3148 1388 3248 1443 Cui
3298 1388 3467 1457 judex
3502 1408 3514 1441 :
3549 1388 3651 1443 Per
3697 1389 3824 1443 deos
3854 1388 4023 1457 dupli-

2451 1479 2531 1533 cia
2566 1486 2832 1533 tormenta
2872 1482 2965 1534 tibi
2998 1481 3230 1547 reposita
3264 1490 3392 1534 sunt
3418 1482 3519 1535 nisi
3559 1480 3662 1536 diis
3691 1481 3821 1550 ipsis
3850 1481 4020 1535 sacri-

2453 1568 2604 1625 lices.
2642 1571 2793 1636 Quod
2829 1573 2872 1625 si
2906 1571 3124 1637 feceris,
3158 1572 3306 1640 prius
3344 1571 3474 1625 illud
3509 1572 3723 1626 facinus
3752 1580 3903 1625 tuum
3928 1586 4023 1624 au-

2451 1664 2551 1718 dax
2576 1664 2995 1721 condonabitur.
3029 1664 3157 1732 Ego,
3194 1664 3366 1733 inquit
3398 1663 3683 1733 Didymus,
3717 1664 3895 1732 reipsa
3932 1664 4023 1716 tibi

2451 1757 2685 1822 ostendi,
2726 1770 2811 1811 me
2838 1758 2929 1811 Dei
2957 1757 3214 1811 athletam
3239 1772 3360 1811 esse
3394 1773 3408 1810 ε
3445 1754 3662 1825 propter
3691 1755 3851 1809 finem
3880 1754 4023 1809 enim

2455 1849 2583 1904 mihi
2606 1850 2897 1918 repositum
2923 1851 3026 1903 hoe
3054 1849 3233 1903 facere
3258 1863 3546 1918 aggressus
3577 1847 3673 1912 fui,
3710 1856 3767 1899 ut
3793 1855 3846 1901 et
3875 1847 4027 1913 virgo

2452 1941 2586 2011 ipsa,
2614 1941 2764 2010 virgo
2793 1948 3121 2001 remaneret,
3157 1948 3209 1992 et
3243 1954 3343 2006 ego
3374 1939 3464 1991 Dei
3490 1937 3882 1993 confessionem
3914 1950 4027 1987 ma-

2450 2034 2644 2089 nifeste
2677 2033 2996 2103 profiterer;
3032 2047 3158 2086 nam
3190 2031 3244 2085 in
3285 2030 3373 2085 Dei
3415 2030 3517 2085 fide
3536 2044 3884 2098 permanens,
3922 2036 4027 2081 tur-

2453 2138 2630 2182 menta
2681 2141 2784 2180 non
2815 2127 3067 2181 sentiam.
3103 2124 3288 2191 Itaque
3331 2123 3580 2177 celeriter
3614 2122 3718 2184 fac,
3755 2122 3899 2191 quod
3941 2122 4025 2173 vi-

2453 2219 2609 2272 detur
2633 2260 2647 2283 ,
2684 2236 2791 2271 non
2821 2218 2961 2273 enim
3002 2217 3332 2271 daemonibus
3375 2214 3616 2268 immolo.
3650 2212 3781 2266 Nam
3813 2221 3866 2266 et
3889 2212 3931 2266 si
3970 2212 4023 2265 in

2453 2310 2630 2379 ignem
2667 2325 2749 2362 me
2786 2310 2999 2365 tradere
3026 2308 3281 2374 volueris,
3314 2307 3460 2361 illinc
3510 2307 3673 2361 etiam
3736 2306 3878 2359 Deus
3942 2318 4027 2358 me

2450 2412 2624 2471 pOtest
2654 2402 2886 2469 eripere.

2520 2492 2611 2548 IX.
2644 2493 2796 2547 Tunc
2832 2492 2907 2547 illi
2943 2492 3111 2561 judcx
3153 2488 3382 2546 :Tanta:
3408 2487 3647 2543 audaciae
3679 2501 3840 2541 causa
3866 2496 4028 2553 caput

2452 2586 2546 2639 tibi
2608 2586 2963 2639 abscindetur
3007 2596 3102 2638 :et
3143 2584 3396 2653 quoniam
3461 2582 3804 2635 dominorum
3870 2584 4030 2648 atque

2451 2675 2845 2744 imperatorum
2906 2682 3220 2728 nostrorum
3254 2682 3595 2740 praeceptum,
3622 2668 4027 2738 contempsisti,

2451 2768 2692 2834 reliquiae
2720 2779 2821 2823 tua:
2848 2768 2898 2821 in
2921 2767 3097 2834 ignem
3124 2766 3427 2818 tradentur.
3464 2763 3541 2816 Ad
3574 2762 3685 2815 hrcc
3727 2760 3985 2829 Didymus
4014 2776 4029 2809 :

2452 2857 2794 2921 Benedictus,
2843 2858 3038 2926 inquit,
3090 2857 3231 2909 Deus
3287 2862 3340 2907 et
3376 2852 3535 2905 Pater
3588 2848 3801 2904 Domini
3859 2849 4031 2902 nostri

2449 2946 2574 3003 Jesu
2607 2949 2831 3014 Christi,
2881 2948 2967 3018 qui
3010 2945 3298 3001 consilium
3359 2957 3534 2999 meum
3592 2958 3696 2995 non
3756 2940 4033 3009 despexit,

2452 3043 2545 3099 sed
2566 3051 2618 3096 et
2645 3041 2982 3095 Theodoram
3008 3040 3258 3094 ancillam
3293 3052 3441 3095 suam
3471 3036 3736 3105 integram
3769 3033 4034 3093 servavit.

778 3132 1062 3198 Quodnam
1113 3132 1205 3187 tibi
1265 3148 1458 3187 nomen
1506 3133 1635 3187 est?
1669 3132 1949 3204 Didymus,
2014 3133 2188 3204 inquit
2237 3134 2350 3199 ille,
2381 3163 2423 3221 ο
2453 3142 2507 3186 et
2538 3148 2621 3186 me
2650 3146 2745 3201 per
2772 3132 2876 3184 duo
2910 3140 3176 3183 tormenta
3241 3126 3543 3182 coronabit.
3599 3122 3843 3190 Cumque
3903 3136 4037 3175 sen-

774 3240 873 3291 ego
900 3225 1161 3293 appellor.
1201 3223 1335 3279 Tum
1366 3225 1538 3295 judex
1567 3244 1580 3279 :
1608 3223 1672 3279 Et
1704 3225 1960 3295 quisnam
1993 3227 2087 3281 tibi
2122 3242 2346 3296 sugges-

774 3316 865 3380 sit,
899 3324 957 3369 ut
988 3317 1129 3370 istud
1162 3315 1392 3381 faceres,
1426 3330 1488 3372 ae
1534 3333 1619 3373 me
1651 3319 2077 3374 contemneres?
2109 3319 2204 3373 Cui
2249 3318 2340 3372 Di-

774 3407 969 3475 dymus
1005 3424 1017 3459 :
1056 3406 1197 3462 Deus
1232 3421 1317 3462 me
1344 3406 1512 3474 misit,
1541 3410 1728 3464 uthoe
1767 3410 2023 3465 facerem.
2055 3410 2349 3471 Confitere,

778 3495 952 3564 inquit
980 3498 1165 3565 iudex,
1208 3506 1499 3564 antequam
1545 3500 1828 3554 tormentis
1853 3498 2182 3566 subjiciaris.
2217 3499 2350 3555 Ubi-

779 3605 902 3644 nam
927 3600 1010 3644 est
1038 3579 1327 3643 Thcodora
1384 3587 1473 3643 illa
1524 3588 1717 3660 virgo?
1754 3589 2048 3661 Respondit
2091 3591 2166 3645 illi
2203 3608 2216 3646 :
2255 3590 2355 3645 Per

777 3680 1048 3736 Christum
1091 3681 1183 3737 Dei
1210 3681 1431 3750 Filium,
1469 3683 1557 3736 ubi
1594 3696 1655 3737 ea
1690 3683 1782 3746 sit,
1817 3685 2021 3739 nescio.
2058 3684 2188 3738 Illud
2218 3684 2353 3746 scio,

776 3788 842 3831 ac
878 3789 1198 3844 persuasum
1252 3775 1445 3844 habeo,
1478 3776 1622 3848 quod
1652 3790 1775 3831 cum
1810 3775 1905 3832 Dei
1949 3778 2022 3831 sit
2072 3792 2252 3839 serva,
2304 3784 2359 3830 et

2465 3223 2686 3278 tentiam
2713 3238 2739 3274 a
2765 3222 2948 3290 judice
2985 3220 3146 3272 latam
3173 3216 3490 3284 accepisset,
3529 3212 3703 3266 securi
3741 3224 4037 3280 percussus

2457 3325 2560 3372 est.
2588 3315 2704 3381 Quo
2722 3313 2888 3379 facto,
2913 3312 3029 3380 ejus
3047 3323 3243 3380 corpus
3268 3307 3319 3362 in
3355 3307 3531 3376 ignem
3562 3303 3661 3357 fuit
3692 3304 4034 3371 conjectum.

2455 3406 2713 3474 Martyrio
2739 3414 2917 3458 autem
2952 3406 3171 3459 functus
3210 3410 3292 3455 est
3322 3406 3543 3455 sanctus
3580 3394 3839 3463 Didymus
3865 3391 4040 3447 Nonis

2455 3498 2679 3566 Aprilis,
2738 3506 3002 3565 regnante
3056 3495 3108 3548 in
3172 3494 3321 3552 ccelis
3384 3492 3613 3546 Domino
3664 3494 3850 3542 nostro
3905 3482 4036 3539 Jesu

2456 3589 2676 3646 Christo
2712 3605 2724 3641 :
2757 3586 3010 3656 quoniam
3046 3586 3144 3657 ipsi
3174 3596 3225 3640 et
3255 3585 3421 3656 gloria
3457 3598 3580 3637 cum
3630 3579 3787 3633 Patre
3830 3586 3886 3633 et
3911 3590 4042 3631 sam-

2454 3692 2543 3740 cto
2575 3682 2780 3753 Spiritu
2811 3696 2973 3748 nunc,
3004 3691 3056 3735 et
3076 3694 3311 3747 semper,
3345 3685 3402 3731 et
3454 3675 3506 3728 in
3555 3671 3749 3727 saecula
3803 3669 4040 3725 saeculo-

2458 3792 2600 3828 rum.
2637 3776 2828 3829 Amen.

1485 4074 2358 4191 MARTYBIUM
2449 4076 2569 4189 S.
2662 4078 3338 4192 THERMES

1331 4289 1433 4350 ET
1516 4286 1957 4349 PHERBUT/E
2030 4286 2215 4346 EJUS
2277 4287 2617 4350 SORORIS
2677 4289 3022 4361 EJUSQUE
3088 4285 3473 4350 ANCILLIE.

1239 4439 1405 4507 (Anno
1436 4438 1548 4491 510.
1575 4465 1633 4477 —-
1656 4437 1801 4500 Apud
1824 4437 2025 4487 Surium
2059 4434 2117 4487 ad
2144 4436 2276 4487 diem
2303 4436 2332 4487 5
2366 4436 2569 4499 Aprilis.
2604 4436 2773 4489 Graece
2797 4449 2893 4487 non
2922 4440 3091 4488 exstat
3120 4435 3171 4486 in
3209 4434 3350 4486 codd.
3385 4432 3568 4495 Paris.)

854 4700 891 4747 l.
921 4692 1188 4759 Tempore
1220 4694 1418 4743 nostra)
1453 4686 1869 4758 persecutionis,
1900 4685 2082 4757 regina
2129 4696 2350 4755 repente
2384 4693 2430 4752 ο
2460 4689 2801 4745 constitutus.
2838 4686 2970 4740 Cum
2999 4691 3176 4737 autem
3204 4687 3387 4735 saneta
3416 4676 3648 4732 Thermo
3672 4690 3792 4730 cum
3824 4674 4047 4729 duabus

780 4791 832 4842 in
874 4785 1118 4840 morbum
1174 4781 1397 4847 incidit;
1455 4795 1574 4851 qua:
1621 4794 1742 4835 cum
1800 4779 2108 4835 Judaeorum
2174 4781 2352 4834 crucis

780 4879 1116 4935 inimicorum
1144 4884 1288 4931 esset
1310 4873 1574 4941 studiosa,
1630 4886 1829 4939 eosque
1862 4872 2088 4923 libenter
2118 4871 2350 4934 audiret,

780 4975 1127 5024 accesserunt
1155 4966 1219 5017 ad
1253 4979 1370 5017 eam
1400 4971 1559 5031 atque
1602 4962 1873 5025 dixerunt,
1929 4958 2201 5014 Simeoitis
2234 4961 2353 5027 epi-

781 5061 951 5131 scopi,
988 5067 1344 5130 cognomento
1400 5055 1713 5126 Jombapba:
1772 5070 2007 5120 sorores,
2064 5065 2121 5107 ut
2169 5054 2352 5108 fratris

783 5165 969 5207 necem
996 5153 1405 5214 ulciscerentur,
1441 5160 1701 5203 venenum
1755 5148 1875 5216 ipsi,
1930 5163 2039 5218 quo
2086 5148 2352 5211 interiret,

786 5247 1090 5302 miscuisse.
1126 5245 1277 5311 Quod
1309 5259 1429 5297 cum
1462 5245 1527 5298 ad
1580 5243 1723 5311 regis
1781 5255 1940 5294 aures
1999 5240 2358 5310 pervenisset,

784 5350 972 5395 sancta
1000 5336 1232 5390 Therme
1267 5335 1447 5391 statim
1480 5349 1599 5388 cum
1637 5347 1822 5387 sorore
1871 5342 1924 5385 et
1986 5331 2177 5385 ancilla
2210 5344 2359 5383 com-

786 5434 1050 5503 prehensa
1097 5437 1199 5487 est,
1230 5427 1355 5482 Erat
1386 5437 1562 5482 autem
1590 5430 1702 5482 hate
1733 5426 1883 5494 virgo
1916 5426 2088 5480 sam-is
2121 5425 2169 5477 iu
2202 5424 2358 5478 rebus

787 5526 1078 5580 exercitata
1110 5542 1123 5578 :
1158 5524 1267 5578 imo
1298 5540 1421 5581 vero
1453 5540 1639 5578 omnes
1694 5530 1848 5575 erant
1888 5521 1937 5571 in
1989 5517 2115 5571 Jcsu
2154 5519 2355 5572 Christi

790 5613 893 5672 ﬁde
928 5618 1128 5685 Optime
1158 5615 1441 5671 institutte.
1475 5616 1663 5669 Habita
1689 5615 1754 5669 de
1782 5614 1885 5667 illis
1912 5612 2136 5680 quaestio
2170 5608 2267 5661 fuit
2302 5609 2351 5662 in

790 5710 1013 5781 palatio.
1049 5709 1260 5778 Maupta
1296 5710 1442 5769 enirn
1471 5709 1746 5778 Magorum
1787 5709 2035 5778 princeps
2070 5719 2192 5759 cum
2220 5702 2356 5755 duo-

793 5810 889 5863 bus
952 5804 1068 5861 aliis
1122 5803 1453 5875 principibus
1520 5800 1659 5876 regis
1691 5801 1943 5859 mandato
1984 5799 2145 5867 iudex
2184 5795 2357 5852 fuerat

2466 4779 2692 4847 reliquis
2722 4779 2775 4829 in
2821 4775 3081 4844 judicium
3112 4781 3259 4829 esset
3292 4771 3545 4832 adducta,
3578 4774 3860 4835 perSpeeta
3891 4762 4047 4833 judi—

2462 4887 2553 4927 ces
2588 4870 2980 4941 pulchritudine
3017 4869 3185 4935 ipsius
3210 4868 3347 4934 (erat
3376 4862 3516 4917 enim
3552 4860 3721 4913 forma
3745 4857 4047 4917 admodum

2462 4962 2710 5037 venusta)
2750 4963 2992 5032 improbo
3023 4959 3213 5028 singuli
3263 4969 3447 5011 amore
3483 4954 3829 5009 vehementer
3872 4966 4047 5005 exar-

2463 5067 2653 5111 serunt
2694 5074 2706 5109 :
2740 5068 2896 5107 nemo
2922 5062 3102 5105 tamen
3139 5050 3259 5104 aliis
3286 5063 3395 5101 rem
3421 5046 3701 5101 indicavit.
3732 5042 3823 5097 Sic
3866 5043 4044 5113 igitur

2468 5152 2583 5206 illas
2616 5159 2743 5205 sunt
2772 5149 3013 5201 allocuti.

2542 5244 2601 5298 ll.
2637 5242 2746 5297 Cur
2772 5241 2921 5295 orbis
2959 5254 3225 5293 terrarum
3258 5237 3455 5304 reginae
3484 5250 3547 5289 ac
3576 5233 3809 5287 dominae
3839 5233 4051 5286 veneti-

2461 5339 2600 5393 cium
2638 5331 2917 5405 parastis?
2968 5332 3084 5399 Quo
3140 5329 3351 5396 quidem
3395 5325 3620 5379 crimine
3680 5325 3855 5389 dignm
3906 5321 4053 5378 estis

2465 5429 2652 5483 mortis
2680 5424 2945 5496 supplicio
3004 5422 3101 5476 Hie
3135 5430 3319 5475 sancta
3376 5418 3613 5473 Thermo
3649 5417 3993 5485 respondens
4032 5432 4048 5466 :

2461 5522 2569 5576 Cur
2597 5534 2713 5579 nos,
2750 5519 2940 5586 inquit,
2975 5516 3026 5569 in
3062 5513 3268 5568 crimen
3306 5513 3531 5566 vocatis.
3563 5508 3704 5589 quod
3750 5524 3777 5560 a
3806 5508 4051 5561 veritate

2465 5609 2620 5662 abest
2655 5621 2815 5674 quam
2852 5599 3205 5673 longissime?
3234 5598 3342 5654 Cur
3369 5600 3520 5654 nobis
3554 5597 3850 5651 calumnias
3874 5594 4053 5648 strui-

2468 5702 2578 5757 tis?
2608 5698 2661 5754 Si
2698 5698 3015 5767 sanguinem
3072 5703 3313 5750 nostrum
3362 5692 3542 5755 sititis,
3593 5680 3718 5759 quid
3750 5686 3900 5741 vobis
3938 5686 4050 5737 im-

2470 5794 2778 5864 pedimento
2808 5797 2907 5845 est.
2945 5786 3231 5857 quominus
3266 5783 3407 5837 illum
3440 5781 3679 5840 bibatis?
3713 5778 3768 5833 Si
3803 5784 4042 5831 mortem
