4208 6300
178 390 246 454 89
1168 391 1351 451 VlI‘A
1391 395 1448 451 S.
1492 393 1839 453 THERM/E
1874 396 1969 457 ET
2013 398 2438 461 SOCIARUM.
3369 407 3441 469 90

176 513 413 559 nostram
446 497 676 569 optatis,
707 512 835 554 ecce
865 512 1055 553 manus
1086 509 1280 553 vestrae
1314 501 1558 569 quotidie
1601 504 1760 557 caadi-
1786 504 1836 563 Α
1864 525 1892 563 e
1925 519 2066 564 terra
2106 512 2372 568 tollendas
2406 514 2842 580 pronuntiarunt,
2879 518 3019 582 quod
3046 521 3245 585 regina:
3278 522 3439 588 phar-

174 600 272 652 bus
302 593 731 661 coinquinantnr
760 608 773 645 :
808 601 858 645 et
897 606 995 645 nos
1017 602 1238 661 propter
1284 592 1451 649 Deum
1512 605 1755 648 nostrum

177 687 449 741 malumus
492 685 656 748 mori,
706 698 864 751 quam
903 682 1077 752 ipsum
1134 682 1440 749 abnegarc:
1479 696 1565 739 est
1612 686 1757 738 enim

171 782 281 835 vita
315 791 529 833 nostra.
585 778 651 831 Et
710 774 1167 845 quemadmodum
1227 777 1487 845 scriptum
1538 784 1639 836 est,
1699 785 1756 830 ut

171 888 340 927 unum
374 868 543 924 Deum
580 867 889 931 adoremus,
918 877 971 920 et
1002 865 1077 919 illi
1108 866 1207 920 soli
1257 865 1561 919 serviamus
1603 867 1640 931 ',
1679 868 1757 922 sic

170 961 335 1015 etiam
369 960 621 1013 facimus.
658 956 861 1010 Etcum
892 955 1016 1009 alibi
1042 956 1301 1022 scriptum
1335 956 1403 1015 sit
1438 972 1452 1009 :
1494 974 1513 1006 ι
1558 956 1758 1009 Malefi-

170 1070 267 1110 cos
298 1068 405 1107 non
454 1053 601 1105 sines
651 1049 875 1102 vivere’
904 1089 918 1114 ,
960 1066 978 1100 ι
1008 1046 1277 1115 quomodo
1338 1062 1435 1100 nos
1477 1047 1755 1113 maleﬁca,

171 1162 294 1217 quae
327 1146 510 1199 scelus
541 1144 591 1196 id
650 1142 870 1212 gravius
896 1154 1061 1210 prope
1092 1137 1185 1191 Dei
1222 1138 1583 1207 abnegatione
1610 1140 1755 1205 judi-

173 1235 410 1303 camus?
445 1234 673 1303 Utrique
713 1232 955 1303 profecto
1009 1230 1225 1285 crimini
1284 1246 1430 1284 mors
1479 1231 1753 1300 proposita

171 1341 277 1385 est.
310 1330 624 1384 Audiebant
663 1326 874 1395 judices
906 1324 1170 1395 virginem
1228 1338 1350 1378 cum
1380 1324 1655 1393 voluptate
1702 1332 1787 1379 et

174 1440 287 1495 pra:
323 1422 751 1494 pulchritudinis
772 1432 936 1488 atque
964 1421 1244 1488 sapientiae
1291 1420 1461 1491 ipsius
1516 1420 1756 1480 admira-

173 1517 322 1569 tione
359 1514 507 1582 loqui
557 1529 660 1567 non
694 1523 969 1582 poterant.
1000 1513 1106 1566 Sed
1139 1511 1371 1580 quisque
1406 1527 1591 1566 secum
1644 1512 1758 1580 ipse

170 1605 250 1659 sic
278 1604 560 1673 cogitabat
606 1620 620 1657 :
652 1601 852 1672 Regem
884 1602 1173 1664 hortabor,
1210 1612 1270 1655 ut
1299 1601 1415 1653 illas
1447 1601 1661 1665 liberet,
1702 1610 1761 1654 et

170 1695 317 1750 hanc
374 1695 508 1749 mihi
547 1708 771 1749 uxorem
831 1693 1049 1746 ducam.
1095 1690 1342 1760 Mauptas
1394 1704 1572 1746 autem
1608 1709 1621 1746 :
1656 1691 1756 1747 Vix

170 1787 392 1842 tandem
432 1797 601 1849 recte,
642 1786 837 1853 inquit,
875 1785 1076 1849 dixisti,
1109 1784 1267 1839 vobis
1296 1800 1402 1840 non
1435 1784 1601 1840 licere
1638 1799 1757 1841 esse

173 1878 442 1935 ntaleficis
473 1895 488 1943 ;
518 1893 704 1931 verum
736 1875 993 1931 fraternae
1023 1878 1212 1930 mortis
1242 1876 1564 1931 ulciscendae
1591 1892 1753 1931 causa

172 1971 222 2023 id
272 1971 652 2038 perpetrastis.
704 1968 786 2020 Ad
821 1968 933 2020 hate
974 1967 1122 2035 virgo
1163 1977 1351 2020 sancta
1422 1970 1703 2035 respondit
1738 1987 1751 2022 :

173 2062 312 2128 Quid
352 2061 481 2114 mali
541 2060 697 2113 fratri
761 2067 951 2112 nostro
1009 2059 1227 2123 accidit,
1281 2067 1341 2111 ut
1394 2074 1493 2114 nos
1540 2073 1759 2129 propter

172 2156 351 2225 ipsum
382 2170 410 2206 a
446 2153 556 2206 Deo
586 2151 800 2205 vivente
845 2149 1010 2203 vitam
1071 2158 1309 2203 nostram
1347 2150 1628 2219 seiungere
1663 2153 1758 2205 de-

175 2246 449 2302 beamus?
483 2245 743 2311 Quamvis
771 2243 915 2298 enim
945 2257 1039 2296 vos
1085 2241 1233 2295 illum
1277 2242 1625 2309 improbitate
1666 2256 1758 2296 ve-

175 2350 289 2398 atra
326 2350 383 2394 et
432 2338 780 2398 aemulatione
834 2335 1243 2400 interfeceritis,
1301 2344 1476 2389 tamen
1525 2337 1672 2402 vivit,
1708 2344 1762 2390 et

174 2433 375 2503 gaudet
400 2432 453 2485 in
477 2446 641 2500 regno
665 2428 871 2484 ct'elesti
907 2446 920 2482 :
957 2428 1095 2494 quod
1119 2427 1335 2494 quidem
1376 2442 1621 2493 regnum,
1652 2431 1759 2492 po-

173 2528 401 2579 tentiam
432 2534 487 2576 et
509 2522 800 2588 imperium
837 2528 1075 2570 vestrum
1106 2526 1334 2570 evertet.
1366 2516 1491 2581 Qua:
1528 2517 1612 2568 illa
1634 2532 1754 2569 cum

172 2617 407 2679 diceret,
436 2612 723 2682 jusserunt
761 2623 853 2664 eas
885 2609 936 2664 in
979 2620 1257 2664 carcerem
1294 2609 1439 2675 duci,
1483 2618 1537 2665 et
1582 2622 1761 2665 συείο-

171 2709 297 2763 diri.

245 2800 336 2855 lll.
369 2797 618 2855 Diluculo
649 2808 827 2853 autem
880 2797 1031 2852 misit
1061 2796 1126 2851 ad
1167 2812 1286 2851 eam
1325 2796 1572 2865 alauptas
1623 2813 1761 2850 nun-

176 2894 335 2959 tium,
380 2893 473 2963 qui
507 2893 756 2947 diceret:
791 2890 847 2945 Si
887 2892 990 2953 vis,
1028 2898 1198 2944 orabo
1228 2878 1431 2958 regem,
1472 2902 1530 2947 ut
1571 2889 1760 2944 liberet

176 3004 275 3041 vos
302 3002 330 3039 a
369 2996 564 3048 morte,
600 2994 654 3037 et
676 2984 785 3037 eris
818 2984 947 3035 mihi
986 2998 1140 3039 uxor.
1168 2982 1374 3047 Quibus
1399 2983 1580 3037 verbis
1605 2982 1757 3037 audi-

175 3084 270 3144 tis,
302 3090 528 3135 strenua
570 3078 744 3146 virgo,
792 3076 892 3129 etsi
918 3091 1025 3129 non
1054 3078 1227 3144 potuit
1262 3092 1370 3129 non
1407 3080 1757 3141 commoveri,

1864 616 2011 653 maca
2048 615 2463 670 prarparassent,
2505 606 2700 671 quibus
2738 608 3005 661 interiret.
3041 609 3235 663 Statim
3279 614 3441 681 igitur

1862 708 1955 746 rex
1984 695 2120 747 hanc
2145 694 2197 747 in
2235 710 2327 749 eas
2353 701 2677 752 sententiam
2710 699 2854 758 tulit,
2891 709 2946 751 ut
2976 716 3080 765 quo
3123 704 3313 755 mortis
3343 717 3440 765 ge-

1863 800 1992 838 nere
2025 785 2163 853 magi
2196 786 2387 839 vellent
2420 787 2785 842 adicerentur.
2825 789 3107 858 Negabant
3153 793 3297 845 enim
3342 795 3443 847 ho-

1860 878 2035 931 mines
2070 877 2217 945 impii
2268 889 2427 947 atqne
2487 882 2707 948 impuri,
2765 882 2879 936 fleri
2922 898 3101 948 posse,
3146 894 3207 935 ut
3253 870 3437 953 regina

1862 967 2288 1033 convalesceret,
2322 969 2424 1023 nisi
2454 971 2723 1040 virginum
2762 989 2988 1043 corpora
3024 974 3159 1028 duas
3183 976 3232 1027 in
3258 987 3440 1047 partes

1864 1057 1935 1111 ita
1969 1059 2392 1124 dissecarentur,
2448 1069 2505 1114 ut
2561 1062 2745 1130 regina
2806 1080 2900 1132 per
2951 1065 3187 1118 medium
3227 1064 3436 1119 illarum

1863 1151 2164 1206 incederet.
2200 1150 2307 1206 Sed
2343 1152 2585 1221 Mauptas
2622 1170 2974 1216 rursus.cum
3009 1156 3074 1209 ad
3117 1156 3439 1223 supplicium

1859 1244 2209 1308 ducerentur,
2236 1245 2300 1298 ad
2339 1254 2583 1299 sanctam
2622 1246 2790 1312 misit,
2820 1247 2910 1314 qui
2946 1246 3175 1310 diceret,
3204 1249 3247 1298 si
3281 1246 3439 1300 vellet

1859 1334 1961 1388 sibi
2003 1334 2253 1402 obsequi,
2304 1346 2649 1399 curaturum,
2685 1348 2740 1389 ttt
2773 1352 2869 1392 nec
2905 1338 3039 1405 ipsa,
3078 1352 3176 1390 nec
3218 1338 3441 1403 reliquae

1862 1424 2047 1495 puellae
2086 1426 2539 1481 interficerentur.
2572 1430 2640 1481 At
2668 1430 2816 1498 virgo
2836 1440 3045 1489 sancta,
3083 1428 3227 1481 clara
3260 1444 3391 1483 voce
3424 1446 3439 1483 :

1861 1517 2042 1583 Canis,
2066 1516 2262 1587 inquit,
2297 1518 2594 1579 immunde,
2621 1535 2719 1572 cur
2754 1520 2869 1573 hch
2897 1519 3158 1588 loqueris,
3191 1535 3310 1588 qua:
3339 1534 3441 1590 ego

1860 1614 2045 1663 audire
2079 1627 2184 1663 non
2216 1610 2475 1679 possum?
2503 1611 2582 1665 Ad
2605 1611 2763 1665 linem
2801 1614 2944 1665 enim
2977 1612 3140 1679 hujus
3167 1616 3287 1665 vitae
3317 1626 3440 1678 per-

1860 1704 2047 1756 venire
2079 1705 2262 1772 cupio,
2305 1714 2355 1755 ut
2384 1715 2645 1772 perpetuo
2684 1705 2883 1757 vivam.
2933 1703 3117 1767 Absit,
3176 1713 3235 1757 ut
3272 1704 3443 1757 cadu-

1863 1811 1980 1850 cam
2033 1797 2171 1849 haue
2210 1796 2339 1849 mihi
2369 1796 2533 1849 vitam
2562 1811 2771 1865 parem,
2835 1810 2940 1865 qua
2997 1807 3174 1851 morte
3224 1810 3439 1865 peream

1863 1891 2214 1959 sempiterna.

1939 1984 2002 2037 V.
2039 1985 2358 2037 Eduxerant
2389 1984 2557 2053 igitur
2593 1982 2713 2051 illas
2747 1991 2898 2038 extra
2927 1982 3227 2045 civitatem,
3261 1992 3317 2035 et
3342 1995 3440 2049 pro

1860 2089 2188 2143 unaquaque
2217 2075 2455 2142 ipSarnm
2501 2076 2656 2130 binos
2694 2076 2846 2143 palos
2898 2077 2969 2129 ita
3012 2076 3340 2138 defixerunt,
3383 2084 3443 2128 ut

1862 2164 1952 2218 uni
1984 2178 2169 2218 eorum
2204 2165 2424 2227 collum,
2454 2165 2606 2218 alteri
2645 2168 2809 2235 pedes
2844 2181 3032 2219 eorum
3088 2166 3373 2235 alligarent
3421 2182 3437 2220 :

1862 2268 1917 2313 et
1943 2273 2062 2312 cum
2085 2272 2177 2311 eas
2218 2259 2297 2311 sic
2322 2260 2717 2321 extendissent,
2750 2271 3027 2323 assumpta
3056 2275 3204 2313 serra
3235 2259 3439 2324 fabrili,

1864 2348 2105 2416 singulas
2140 2349 2190 2400 in
2240 2347 2394 2402 binas
2427 2357 2611 2417 partes
2639 2348 3036 2402 dissecueruut.
3070 2347 3135 2401 Et
3170 2357 3319 2402 terna
3372 2349 3440 2402 li-

1865 2455 1964 2507 gna
2002 2455 2224 2505 procera
2255 2442 2305 2491 in
2333 2456 2435 2494 una
2475 2453 2628 2510 parte
2662 2441 2780 2506 viae,
2815 2450 2969 2496 terna
3014 2442 3065 2493 in
3095 2443 3263 2494 altera
3311 2455 3441 2495 con-

1862 2534 2179 2594 stituerunt,
2251 2530 2466 2597 illisque
2522 2543 2833 2587 sanctarum
2894 2532 3161 2601 virginum
3212 2546 3438 2599 corpora

1862 2622 2282 2689 su5pentlerunt.
2321 2621 2364 2676 Ο
2389 2625 2757 2689 spectaculum
2790 2626 3117 2677 horrendum
3159 2638 3221 2676 ac
3273 2625 3439 2677 mise-

1864 2716 2057 2777 rabile.
2101 2716 2466 2785 spectaculum
2498 2715 2773 2785 lacrymis,
2800 2716 2967 2775 luctu.
3007 2727 3225 2783 stupore
3258 2724 3312 2772 et
3345 2728 3440 2783 ge-

1866 2809 1996 2861 mitu
2046 2810 2508 2877 prosequendum.
2560 2806 2615 2861 Si
2649 2809 2770 2877 quis
2812 2809 3077 2879 lacrymas
3110 2822 3213 2858 non
3248 2807 3434 2866 habet,

1863 2902 2108 2961 accedat,
2140 2910 2192 2951 et
2225 2907 2516 2965 erumpent
2540 2914 2604 2952 ex
2631 2898 2801 2952 oculis
2824 2899 2942 2966 ejus
2972 2897 3148 2951 fontes
3174 2897 3442 2964 lacrytna-

1864 3010 2003 3048 rum.
2032 2992 2170 3046 Ecce
2199 3007 2423 3058 corpora
2472 2992 2699 3044 candida
2753 3002 2805 3045 et
2844 3003 3031 3043 sancta
3071 3001 3330 3056 tropaeum
3384 2990 3437 3041 in

1866 3088 1949 3139 via
1979 3086 2405 3146 constituerunt,
2460 3085 2742 3151 inquibus
2802 3082 2902 3135 illa:
2951 3080 3097 3136 omni
3148 3081 3270 3133 vita:
3326 3095 3439 3133 sua:

177 3186 357 3229 tamen
389 3174 461 3226 ita
498 3170 819 3241 respondit:
855 3169 929 3225 Os
973 3179 1123 3224 tuum
1161 3169 1406 3232 obstrue.
1460 3169 1610 3221 cunis
1659 3169 1761 3220 im-
1788 3198 1830 3254 ο
1868 3189 2105 3245 tempme
2153 3178 2474 3244 gravitatem
2523 3186 2576 3231 et
2611 3177 2971 3243 virginitatem
3006 3174 3311 3229 coluerunt.
3352 3172 3441 3226 Li-

178 3269 403 3330 munde,
437 3266 656 3320 inimice
683 3265 798 3327 Dei,
825 3273 880 3319 et
911 3265 1089 3317 omnis
1117 3264 1361 3317 veritatis
1389 3276 1538 3329 ;,ncc
1560 3263 1759 3317 audeas

180 3364 418 3431 amplius
452 3360 674 3415 verbum
703 3361 969 3427 itnpurum
998 3355 1275 3411 cli'uudere
1308 3357 1357 3408 iu
1396 3339 1556 3410 aures
1590 3369 1755 3408 meas.

176 3455 371 3525 Neque
408 3456 553 3510 enim
584 3454 689 3507 ista
732 3451 996 3520 cogitatio
1030 3450 1175 3505 cadit
1204 3450 1256 3503 itt
1293 3451 1524 3503 mentem
1562 3464 1758 3504 meam.

176 3554 359 3605 Absit.
390 3547 571 3602 Semel
597 3547 742 3600 enim
778 3546 951 3599 dicata
978 3560 1094 3596 sum
1128 3544 1348 3597 Christo
1393 3540 1646 3604 Domino.
1674 3544 1759 3597 cui

178 3643 555 3715 virginitatem
610 3654 784 3694 meam
840 3652 1020 3702 servo,
1072 3646 1124 3691 et
1163 3634 1322 3690 tidem
1372 3648 1437 3688 ac
1476 3640 1757 3692 veritatem

178 3734 324 3790 tueri
365 3732 600 3798 studeo;
636 3731 783 3787 solus
809 3731 954 3784 enim
1000 3736 1081 3783 est
1114 3729 1232 3783 sine
1269 3734 1511 3797 peccato,
1538 3736 1593 3780 et
1628 3726 1760 3781 libe-

179 3842 306 3883 rare
343 3843 430 3880 me
461 3834 638 3897 potest
668 3825 735 3880 ab
768 3822 1062 3878 immundis
1111 3822 1385 3883 manibus,
1438 3832 1491 3875 et
1537 3821 1759 3890 impuris

176 3920 603 3990 cogitationibus
635 3919 849 3972 vestris.
885 3916 1019 3969 Mori
1056 3931 1160 3969 non
1214 3915 1402 3980 timeo,
1451 3929 1550 3969 nec
1592 3915 1755 3967 ullum

173 4012 345 4067 cadis
368 4023 536 4075 genus
573 4007 894 4062 reformido.
928 4005 1052 4058 Haec
1083 4005 1226 4058 enim
1261 4004 1374 4070 via,
1418 4019 1578 4073 quam
1626 3993 1762 4057 mihi

176 4100 487 4163 adornatis,
514 4115 599 4153 me
624 4098 783 4151 duret
817 4098 882 4151 ad
914 4097 1292 4151 charissimutn
1326 4096 1549 4152 fratrem
1577 4114 1756 4153 meum

175 4197 521 4258 Simeonem,
556 4201 611 4248 ut
638 4192 886 4245 dolorum
922 4198 977 4244 et
1002 4191 1322 4260 gemituum,
1352 4205 1484 4257 quos
1513 4201 1628 4258 post
1660 4206 1757 4244 ne-

173 4303 297 4344 cem
328 4289 504 4356 ipsius
524 4286 745 4355 pertulit
775 4284 956 4338 anima
983 4298 1125 4346 mea,
1148 4281 1401 4337 solatium
1431 4290 1486 4334 et
1509 4281 1756 4337 consola-

172 4381 383 4433 tionem
420 4378 705 4445 aeeipiam.
752 4373 1011 4426 Miserunt
1064 4373 1248 4426 itidem
1300 4370 1366 4425 ad
1413 4386 1530 4425 eam
1564 4370 1753 4437 reliqui

172 4471 286 4523 duo
320 4469 593 4538 principes
637 4464 854 4518 nuntios
888 4480 902 4517 :
933 4464 1190 4533 quoslilla
1226 4465 1432 4532 pariter
1463 4479 1583 4519 cum
1611 4464 1753 4518 indi-

1865 3271 2047 3322 bertas
2079 3269 2129 3320 itt
2165 3269 2515 3333 ignominiam
2559 3284 2713 3320 versa
2744 3278 2827 3319 est
2861 3283 3070 3329 earum,
3107 3281 3224 3332 qua:
3253 3267 3439 3318 mode-

1862 3361 2018 3414 stiam
2045 3370 2097 3413 et
2122 3364 2435 3428 aequitatem
2475 3360 2526 3412 io
2555 3360 2774 3427 prOprin
2810 3359 3046 3411 thalamo
3081 3363 3433 3412 exercebant.

1864 3452 2002 3507 Ecce
2031 3454 2197 3525 gloria
2225 3462 2429 3507 mutata
2491 3463 2572 3505 est
2617 3456 2669 3505 in
2722 3452 3133 3505 contumeliam.
3185 3448 3439 3515 Quandiu

1864 3551 2107 3615 quiescet
2129 3557 2179 3600 et
2208 3545 2547 3615 exspectabit
2578 3545 2759 3597 divina
2792 3544 3047 3612 jostitia?
3084 3544 3187 3597 Sed
3216 3561 3335 3597 cum
3372 3544 3437 3596 ad

1857 3636 2207 3709 judicandnm
2266 3647 2542 3705 exsurget,
2610 3652 2716 3690 non
2777 3649 2963 3705 parcet
3024 3636 3279 3701 amplius,
3340 3650 3439 3688 nec

1864 3731 2230 3786 miserebitur.
2271 3730 2444 3793 Quam
2485 3731 2649 3781 multa
2682 3733 2848 3781 audet
2882 3732 3132 3798 superbia
3165 3744 3321 3797 :qum
3358 3738 3440 3779 ta-

1863 3838 1987 3878 men
2024 3837 2144 3874 cum
2176 3820 2458 3881 ceciderit,
2489 3834 2591 3873 nec
2619 3828 2933 3884 consurget,
2963 3834 3060 3873 nec
3100 3819 3317 3873 habebit
3350 3819 3441 3874 ubi

1863 3914 2147 3967 consistat.
2203 3912 2325 3965 Haec
2354 3912 2597 3977 profecto
2656 3921 2965 3967 sanctarum
3026 3913 3165 3977 ligna
3236 3913 3441 3966 fructus

1855 4006 2083 4070 justitiae
2109 4001 2308 4055 ferunt.
2345 4000 2483 4056 Vere
2514 4004 2599 4055 isti
2632 4014 2759 4055 sunt
2788 4004 3001 4058 Arabiae
3030 4004 3132 4070 lupi
3168 4003 3439 4063 crudeles,

1863 4097 2219 4162 bibentesque
2244 4094 2586 4163 sanguinem,
2621 4095 2712 4164 qui
2748 4094 2987 4158 virgines
3017 4096 3115 4147 has
3141 4102 3440 4148 secuerunt

1860 4206 1923 4243 ac
1951 4188 2370 4257 suspenderunt.
2394 4184 2471 4239 De
2496 4185 2626 4254 ipsis
2660 4186 2928 4251 cogitabat
2959 4189 3147 4236 beatus
3168 4183 3439 4250 Propheta

1859 4298 1982 4338 cum
2007 4280 2209 4335 diceret
2246 4296 2259 4334 :
2294 4297 2313 4330 ι
2356 4276 2611 4331 Viventes
2646 4278 2830 4345 utique
2861 4274 3268 4330 absorbuissent
3308 4289 3428 4327 nos.

1862 4377 1996 4431 (lum
2032 4375 2360 4428 irasceretur
2393 4370 2545 4424 furor
2576 4384 2763 4423 eorum
2810 4369 2863 4422 iu
2916 4385 3034 4433 nos,
3067 4371 3313 4422 viventes
3375 4366 3443 4421 ad

1864 4468 2067 4522 inferos
2094 4466 2408 4519 deduxisset
2441 4477 2539 4516 nos
2570 4463 2612 4516 ⁸.
2653 4480 2670 4514 ›
2709 4462 2840 4529 Quis
2883 4470 2992 4516 tam
3030 4462 3277 4515 horribili
3311 4460 3445 4514 faci-

170 4561 435 4629 gnatione
468 4557 675 4627 rejecil.
719 4555 1084 4622 Quamobrem
1119 4570 1241 4608 cum
1275 4571 1334 4609 se
1370 4557 1544 4611 victos
1576 4559 1641 4613 ab
1668 4556 1754 4608 illa

1867 4575 1996 4616 uorc
2026 4559 2194 4612 ltetari
2234 4559 2447 4625 potuit?
2492 4555 2624 4621 Quis
2658 4563 2765 4606 tam
2800 4553 3035 4606 immane
3062 4556 3437 4619 spectaculum

173 4652 578 4724 perspicerent,
632 4660 687 4703 et
745 4650 1095 4718 cupiditatem
1158 4662 1308 4702 suam
1369 4646 1585 4700 inanem
1638 4663 1759 4703 esse

171 4745 703 4805 animadverterent,
740 4742 1025 4798 consilium
1057 4742 1317 4805 inierunt,
1354 4749 1409 4796 et
1442 4741 1638 4795 falsum
1677 4751 1759 4794 at-

169 4854 281 4908 que
311 4838 558 4907 iniquum
597 4835 662 4887 ad
694 4850 872 4902 regem
907 4835 1271 4889 tesrimonium
1300 4835 1631 4899 detulerunt,
1662 4850 1756 4889 eas

169 4950 295 4993 esse
324 4936 621 4998 maleﬁcos,
652 4942 982 4985 asserentes.

246 5024 339 5083 IV.
375 5027 493 5092 Quo
527 5040 617 5078 rex
655 5022 860 5084 audito,
900 5021 1160 5083 decrevit,
1192 5030 1250 5074 ut
1286 5019 1387 5073 nisi
1416 5018 1528 5074 Soli
1560 5020 1753 5074 immo-

171 5118 379 5180 larent,
422 5117 825 5171 occiderentur.
860 5112 1012 5180 Quod
1061 5112 1278 5180 quidem
1313 5112 1589 5166 decretum
1628 5128 1750 5166 cum

172 5212 241 5267 ad
273 5225 367 5265 eas
406 5208 671 5279 perlatum
709 5218 872 5271 esset,
915 5206 1326 5275 respoiidcrunt,
1353 5220 1411 5260 se
1440 5205 1602 5258 Deum
1624 5206 1747 5260 coeli

167 5321 237 5360 ac
271 5316 433 5360 terra:
462 5302 771 5358 elfectorem
803 5300 1066 5367 adorare;
1103 5298 1246 5353 nolle
1274 5308 1453 5351 autem
1484 5299 1744 5353 honorem

168 5396 284 5451 Deo
308 5398 573 5459 debitum,
599 5392 714 5448 Soli
740 5394 807 5447 ab
845 5378 959 5461 ipso
997 5400 1285 5461 procreato
1326 5394 1565 5445 tribuere
1601 5407 1613 5443 :
1654 5406 1753 5445 nec

171 5486 296 5540 ullis
340 5489 501 5543 minis
530 5500 691 5557 posse
725 5499 753 5539 a
785 5486 1049 5539 charitate
1085 5483 1384 5537 Salvatoris
1426 5493 1479 5537 et
1533 5483 1743 5537 Domini

177 5578 265 5636 sui
293 5577 419 5634 Jesu
452 5578 656 5635 Christi
686 5579 953 5633 revocari.
986 5576 1117 5645 Quae
1143 5591 1266 5630 cum
1307 5576 1577 5630 dixissent
1626 5591 1754 5630 san-

174 5686 274 5729 cte
306 5672 566 5743 virgines,
601 5685 708 5727 uno
758 5671 898 5743 magi
936 5684 1209 5727 consensu
1272 5684 1571 5739 magnaque
1621 5684 1753 5725 voce

245 5850 260 5876 τ
290 5847 447 5904 Deut.
479 5862 557 5916 vi,
592 5861 647 5901 x.
730 5847 748 5878 ³
780 5846 952 5904 Exod.
978 5862 1161 5915 xxvm,
1194 5848 1275 5903 18.

1359 5844 1374 5881 ³
1405 5845 1546 5903 Psal.
1583 5862 1764 5912 exxut,
1792 5849 1842 5903 i.

1859 4655 1976 4709 sine
2016 4653 2271 4723 lact-ymis
2317 4649 2558 4704 intueri?
2588 4646 2756 4703 Nemo
2790 4646 3055 4715 profecto.
3094 4648 3203 4701 Aur
3244 4649 3288 4699 si
3317 4647 3444 4715 quis

1858 4748 2051 4816 potuit,
2087 4747 2129 4799 is
2159 4747 2224 4797 ab
2252 4746 2490 4799 hominis
2518 4752 2715 4797 natura
2749 4752 2831 4798 est
2854 4742 3088 4809 alienus,
3122 4756 3223 4796 nec
3250 4756 3317 4795 ex
3349 4755 3442 4811 ge-

1860 4858 1985 4899 nere
2007 4843 2175 4895 Adam
2209 4845 2478 4913 profectus
2510 4851 2614 4895 est.

1929 4933 2012 4988 Vl.
2048 4932 2308 4986 Tulerunt
2361 4932 2522 5001 igitur
2586 4933 2851 4987 infelicem
2919 4929 3201 4999 Reginam,
3232 4944 3352 4997 qua:
3385 4929 3441 4986 in

1863 5040 1924 5081 ea
1954 5026 2036 5077 via
2065 5040 2159 5093 per
2184 5033 2497 5078 sanctarum
2528 5040 2754 5088 corpora
2793 5024 3030 5087 transiit,
3065 5038 3257 5089 magna
3292 5023 3440 5076 illam

1863 5129 2073 5172 caterva
2111 5127 2490 5183 prosequente.
2528 5117 2635 5170 Rex
2669 5119 2812 5171 enim
2847 5119 2986 5169 diem
3012 5117 3158 5171 illum
3193 5114 3438 5168 celebra-

1859 5208 1967 5262 bat.
2021 5206 2281 5279 Martyrio
2330 5219 2586 5263 coronata
2632 5218 2715 5261 est
2756 5215 2942 5261 sancta
2975 5204 3254 5268 Therme,
3313 5220 3436 5259 cum

1857 5316 2044 5357 sorore
2074 5312 2128 5353 et
2152 5301 2370 5359 ancilla.
2406 5299 2575 5354 Nonis
2600 5301 2800 5369 Aprilis
2829 5301 2882 5354 in
2914 5298 3131 5353 Christo
3165 5297 3291 5352 Jesu
3330 5297 3439 5352 D0-

1856 5395 2002 5447 mino
2033 5404 2217 5446 nostro
2248 5409 2261 5459 ;
2300 5393 2384 5445 cui
2430 5395 2599 5465 gloria
2637 5410 2760 5446 cum
2794 5391 3139 5445 sanctissimo
3173 5389 3352 5451 Patre,
3379 5397 3435 5443 et

1856 5485 2246 5553 benignissimo
2307 5487 2474 5553 ipsius
2535 5485 2738 5552 Spiritu
2775 5484 2897 5537 vitae
2943 5484 3220 5551 largitore,
3261 5494 3429 5547 nunc,

1853 5587 1907 5632 ct
1933 5592 2169 5650 semper,
2201 5588 2252 5635 et
2307 5579 2359 5631 in
2387 5577 2582 5632 saecula
2611 5576 2956 5633 saeCulorum.
2985 5575 3179 5629 Amen.
