4208 6300
743 372 803 437 91
2047 375 2329 435 MENSIS
2364 375 2695 434 APRILIS.
3938 369 4006 431 91

750 531 2482 555 ww

2493 525 3978 551 Μ

1464 714 1620 868 S.
1755 711 2714 868 CALLIOPII
2825 707 3288 863 VlTA

1875 1000 2024 1088 ET
2099 998 2879 1088 MARTYRIUM.

1284 1199 1481 1264 (Latine
1506 1199 1636 1263 apud
1659 1195 1858 1248 Surium
1880 1196 1940 1248 ad
1963 1198 2096 1246 diem
2120 1199 2147 1247 7
2183 1196 2389 1259 Aprilis.
2427 1199 2598 1249 Grzece
2635 1198 2684 1246 lu
2711 1195 2819 1245 cod.
2845 1193 3004 1244 Paris.
3031 1208 3131 1243 non
3154 1194 3476 1254 invenlmus.)

2338 1374 2410 1386 ρ-

829 1506 871 1558 Ι.
904 1502 1156 1556 Theoclia
1214 1502 1408 1557 mulier
1427 1503 1674 1572 quaedam
1706 1504 1811 1570 pia.
1839 1517 1902 1557 ac
1929 1503 2123 1557 timens
2156 1501 2324 1556 Deum
2357 1504 2403 1562 Α
2434 1502 2535 1556 lem
2562 1516 2626 1555 ac
2655 1501 2786 1556 deos
2817 1514 3024 1565 omnes,
3089 1499 3379 1570 praefectus
3426 1499 3625 1570 inquit,
3675 1502 3718 1556 sl
3771 1503 3853 1554 vis
3902 1517 4024 1557 esse

753 1610 879 1650 cum
915 1605 1024 1647 tota
1055 1593 1256 1647 famiiia
1294 1610 1414 1658 sua,
1456 1593 1659 1648 multas
1693 1593 2334 1664 faciebatelecmosynas,

758 1696 812 1738 et
865 1693 1052 1739 sancte
1106 1687 1341 1740 vivebat.
1377 1685 1505 1740 Haec
1543 1685 1658 1741 viro
1706 1688 1887 1755 nupsit
1918 1687 2214 1750 senatorio,
2243 1687 2337 1757 qui

757 1778 938 1833 nullos
981 1795 1045 1833 ex
1077 1794 1162 1844 ea,
1193 1780 1451 1848 quoniam
1513 1789 1635 1834 erat
1666 1782 1891 1845 sterilis,
1935 1781 2133 1836 liberos
2161 1781 2339 1835 susci-

754 1873 940 1942 piebat
970 1890 985 1926 :
1029 1873 1124 1927 Dei
1178 1885 1361 1929 tamen
1422 1888 1652 1928 munere
1683 1876 1901 1928 tandem
1934 1875 2200 1941 concepit.
2235 1874 2340 1928 Sed

753 1979 876 2017 cum
917 1965 1092 2019 adhuc
1131 1976 1348 2018 uterqu
1382 1975 1618 2034 gereret,
1657 1966 1883 2020 maritus
1911 1965 2028 2034 ejus
2059 1963 2344 2019 defunctus

755 2065 863 2108 est.
901 2054 1270 2121 Quamobrem
1300 2058 1352 2111 in
1386 2072 1577 2126 magna
1609 2058 1886 2127 0puleutia
1914 2057 2084 2111 filium
2110 2060 2339 2126 peperit,

753 2156 807 2199 et
839 2146 1155 2216 Calliopium
1181 2150 1491 2217 appellavit,
1511 2151 1602 2217 qui
1630 2152 1683 2203 in
1715 2150 1862 2203 omni
1888 2149 2198 2203 divinarum
2224 2150 2341 2204 Lit-

757 2246 1000 2290 terarum
1052 2238 1322 2306 sapientia
1353 2239 1615 2294 educatus
1648 2249 1752 2294 est.
1787 2240 1919 2293 Erat
1944 2251 2124 2295 autem
2160 2240 2344 2311 Perga:

757 2328 1090 2400 Pamphylia:
1113 2333 1376 2398 patricius
1399 2348 1414 2398 ;
1435 2348 1623 2389 verum
1659 2348 1780 2388 cum
1807 2350 1872 2388 eo
1901 2345 2143 2399 tempore
2173 2335 2347 2390 coxiti-

756 2422 950 2490 gisset,
983 2433 1039 2476 ut
1071 2425 1389 2482 idololatriae
1421 2441 1578 2480 error
1601 2429 1832 2496 vigeret,
1879 2435 1934 2480 et
1989 2428 2192 2482 veritas
2219 2443 2348 2482 con-

759 2514 1006 2580 deretur,
1039 2526 1094 2569 et
1132 2517 1285 2569 multi
1313 2517 1694 2574 sacriﬁcarent
1729 2519 1912 2582 idolis,
1944 2531 2169 2575 sanctus
2217 2521 2348 2576 Cal-

761 2604 962 2672 liopius
979 2606 1198 2662 assidue
1210 2608 1440 2679 jejuniis
1464 2621 1517 2667 et
1547 2612 1953 2681 precationibus
1973 2613 2341 2668 incumbebat.

759 2696 918 2763 Quod
947 2714 1069 2754 cum
1093 2700 1160 2754 ad
1177 2701 1387 2771 judices
1406 2704 1640 2758 delatum
1661 2715 1830 2769 esset,
1857 2705 2012 2760 beata
2044 2715 2215 2761 mater
2231 2705 2351 2774 ejus

2441 1596 2563 1666 pius
2586 1603 2640 1649 et
2669 1595 2771 1649 diis
2823 1592 3127 1658 immolare,
3157 1593 3346 1658 filiam,
3381 1609 3540 1662 quam
3570 1595 3786 1649 unicam
3825 1595 4022 1663 habeo,

2444 1687 2537 1740 tibi
2572 1702 2793 1741 uxorem
2820 1685 2979 1739 dabo.
3016 1684 3070 1737 Si
3100 1700 3347 1749 uxorem,
3380 1686 3555 1753 inquit
3582 1685 3904 1754 Calliopius,
3926 1691 4024 1741 du-

2444 1793 2567 1833 cere
2591 1777 2973 1840 decrevissem,
2993 1792 3098 1831 non
3133 1778 3280 1844 prius
3321 1778 3482 1831 filiam
3515 1789 3657 1831 tuam
3684 1783 3985 1846 acciperem
4009 1822 4022 1842 ,

2448 1883 2611 1940 quam
2639 1879 2810 1924 mater
2836 1885 2950 1923 mea
2980 1870 3032 1923 id
3064 1870 3229 1924 sciret
3255 1881 3308 1925 et
3333 1870 3680 1937 approbaret.
3711 1872 3914 1926 Verum
3949 1873 4026 1924 sic

2450 1963 2670 2026 habeto,
2710 1979 2798 2018 me
2854 1962 3077 2017 Christo
3129 1977 3253 2016 meo
3281 1963 3602 2028 credidisse,
3640 1969 3696 2017 ct
3750 1963 4026 2033 pulverem

2447 2055 2611 2123 hunc,
2664 2071 2825 2126 quem
2884 2056 3025 2111 Deus
3077 2056 3354 2118 conﬂavit,
3383 2065 3435 2108 et
3487 2055 3551 2108 ad
3614 2057 4027 2112 similitudinem

2447 2164 2600 2202 suam
2636 2148 2785 2212 fecit,
2821 2162 3015 2214 purum
3044 2156 3099 2199 et
3126 2147 3246 2199 sine
3275 2145 3479 2197 macula
3531 2155 3651 2197 ante
3680 2144 3882 2198 Christi
3928 2146 4026 2196 tri-

2448 2241 2611 2296 bunal
2650 2241 2946 2294 sistendum
2978 2254 3114 2292 esse.
3154 2237 3518 2302 Quamobrem
3555 2236 3658 2300 fac,
3687 2252 3804 2301 qua:
3833 2238 3927 2290 tibi
3961 2239 4033 2288 vi-

2451 2336 2648 2389 dentur
2680 2353 2692 2388 :
2730 2348 2829 2402 ego
2858 2333 2998 2387 enim
3026 2331 3373 2387 Christianus
3411 2346 3554 2385 sum.

2521 2427 2611 2481 Ill.
2662 2426 3095 2491 Scelestissime,
3151 2425 3326 2496 inquit
3384 2424 3652 2479 Maximus
3713 2424 4030 2492 praefectus,

2452 2519 2756 2575 istiusmodi
2808 2520 2988 2575 verbis
3029 2517 3268 2571 futurum
3301 2530 3475 2586 putas,
3507 2529 3563 2572 ut
3587 2519 3665 2572 ira
3704 2527 4032 2580 commotus,

2454 2621 2508 2665 te
2544 2611 2703 2665 celeri
2736 2611 3002 2680 supplicio
3044 2612 3346 2664 necandum
3394 2626 3575 2666 curem
3601 2613 3624 2666 ?
3649 2611 3898 2667 Falleris.
3930 2610 4036 2665 Nc-

2455 2721 2562 2775 que
2603 2707 2747 2761 enim
2783 2705 2834 2758 id
2868 2703 3061 2758 faciam
3095 2721 3109 2756 :
3145 2704 3236 2758 sed
3271 2717 3467 2772 corpus
3519 2715 3668 2758 tuum
3705 2705 3854 2757 omni
3911 2719 4040 2756 cru-

763 2789 1022 2848 Theoclia
1081 2796 1356 2849 consuluit
1393 2797 1526 2861 lilio,
1568 2806 1626 2850 ut
1684 2800 1889 2854 vitandi
1936 2799 2126 2870 judicii
2159 2814 2346 2868 causa,
2379 2796 2694 2896 Bciatuum
2755 2811 2953 2866 genere
3008 2795 3336 2857 confectum,
3381 2795 3433 2847 in
3489 2794 3666 2862 ignem
3727 2795 4039 2860 conjiciam.

765 2900 984 2952 aurum,
1055 2889 1401 2956 vestimenta,
1461 2905 1758 2963 servosque
1801 2905 2061 2962 sumeret,
2109 2905 2164 2950 et
2200 2896 2347 2952 illinc

762 2979 1070 3049 navigaret.
1098 2981 1517 3054 Pompeiopolim
1568 2985 1733 3054 igitur
1765 2986 1968 3044 Cilicia:
2002 3005 2062 3045 se
2095 2991 2346 3057 contulit,

767 3073 857 3125 ubi
910 3087 1034 3127 cum
1092 3074 1289 3145 impius
1335 3077 1628 3147 praefectus
1679 3079 1948 3136 Maximus
1973 3080 2348 3152 Bacchanalia,

764 3172 820 3216 et
845 3163 1023 3228 ludos,
1057 3174 1113 3216 et
1137 3167 1392 3232 choreas,
1422 3177 1478 3222 et
1536 3168 1785 3223 convivia
1843 3171 2001 3227 idolis
2030 3174 2350 3244 celebraret,

763 3255 1144 3312 admirabatur
1189 3259 1312 3327 pius
1348 3260 1688 3330 adolescens,
1737 3279 1984 3334 quaenam
2027 3267 2115 3320 illa
2145 3277 2349 3326 essent.

766 3347 890 3416 Ipse
922 3353 1067 3405 enim
1089 3353 1314 3422 jejuniis
1353 3369 1614 3425 perpetuo
1663 3362 1908 3414 vacabat.
1933 3361 2137 3417 Abillis
2167 3363 2349 3431 igitur,

767 3441 860 3507 qui
891 3442 1140 3508 aderant,
1183 3456 1535 3512 percontatus
1594 3459 1697 3512 est,
1731 3451 1856 3517 quid
1893 3451 2020 3502 illud
2055 3463 2219 3505 esset.
2251 3452 2353 3517 Qui

766 3547 892 3584 cum
922 3533 1359 3601 respondissent,
1385 3525 1607 3590 deorum
1622 3551 1743 3591 esse
1769 3538 2171 3596 celebritatem:
2201 3541 2353 3608 Veni,

769 3625 1046 3692 inquiunt,
1080 3637 1138 3680 et
1192 3637 1265 3694 tu,
1304 3635 1361 3682 ut
1393 3629 1629 3684 convivii
1667 3634 1938 3701 particeps
1965 3632 2083 3687 fias.
2118 3635 2185 3686 At
2218 3634 2302 3688 ille
2339 3651 2352 3688 :

771 3716 1136 3784 Christianus,
1179 3720 1368 3790 inquit,
1407 3739 1547 3783 sum,
1594 3734 1649 3777 et
1686 3724 1960 3777 Christum
1989 3727 2211 3796 jejuuiis
2266 3743 2355 3784 ce-

773 3811 950 3875 lchro,
982 3826 1080 3865 nec
1110 3827 1229 3878 quae
1277 3823 1402 3866 sunt
1429 3812 1710 3884 ﬂagitiosis
1742 3827 1904 3885 atque
1939 3818 2167 3888 impuris
2200 3820 2360 3874 idolis

778 3898 1055 3954 immolata
1120 3901 1247 3958 licet
1300 3902 1352 3958 iu
1385 3917 1446 3960 os
1477 3919 1688 3972 eorum,
1717 3907 1807 3976 qui
1840 3907 2121 3961 ChriStum
2154 3907 2357 3974 colunt,

777 3989 1010 4057 ingredi.

851 4082 916 4136 ll.
963 4082 1085 4136 Haec
1118 4099 1236 4136 cum
1257 4085 1322 4138 ad
1354 4101 1512 4142 aures
1548 4089 1789 4157 prwfecti
1823 4094 2224 4160 pervenissent,
2249 4094 2361 4150 ira-

2455 2890 2688 2957 Quanto,
2722 2889 2897 2958 inquit
2934 2887 3251 2956 Calliopius,
3310 2888 3556 2957 pluribus
3610 2900 3698 2940 me
3756 2887 4041 2941 tormentis

2458 2984 2817 3048 excruciahis,
2852 2993 2999 3038 tanto
3035 2983 3167 3037 mihi
3190 2997 3252 3036 ea
3300 2982 3594 3052 perferenti
3626 2995 3826 3036 corona
3857 2981 4042 3048 splen-

2459 3075 2637 3132 didior
2677 3085 3018 3132 contexctur.
3049 3075 3220 3130 Nemo
3265 3076 3431 3139 enim,
3465 3085 3526 3129 ut
3565 3075 3828 3143 scriptum
3882 3083 3967 3127 est
4000 3074 4042 3136 ⁸,

2460 3171 2832 3236 coronabitur,
2881 3170 2985 3222 nisi
3042 3168 3285 3237 legitime
3338 3168 3648 3219 certaverit.
3695 3165 3846 3217 Tunc
3878 3165 4047 3218 Maxi-

2460 3279 2580 3319 mus
2615 3262 2776 3331 jussit
2802 3269 2857 3314 ut
2891 3262 2937 3314 ei
2967 3261 3152 3314 vincto
3191 3257 3482 3322 plumbatis
3511 3256 3676 3323 virgis
3703 3253 3883 3307 omnia
3919 3270 4043 3309 ossa

2462 3355 2956 3422 confringerentur.
2997 3351 3198 3406 Beatus
3228 3361 3410 3406 autem
3440 3347 3760 3418 Calliopius,
3799 3347 3924 3400 dum
3956 3361 4047 3397 va—

2460 3448 2676 3516 pularet
2705 3464 2718 3498 :
2749 3445 2988 3506 Gratias,
3023 3446 3216 3513 inquit,
3268 3459 3366 3513 ago
3399 3442 3516 3507 tibi,
3543 3441 3776 3506 Christe,
3806 3440 3930 3510 quia
3964 3439 4048 3494 di-

2465 3556 2598 3610 gnus
2634 3539 2858 3593 effectus
2890 3553 3030 3602 sum,
3065 3537 3153 3604 qui
3175 3547 3398 3605 propter
3430 3551 3626 3589 nomen
3648 3544 3794 3587 tuum
3819 3535 4044 3587 verbera

2465 3633 2813 3690 sustinerem.
2869 3628 3018 3697 Mihi,
3051 3629 3222 3699 inquit
3289 3628 3554 3682 Maximus
3610 3627 3917 3694 przefectus,
3950 3625 4048 3678 ob-

2467 3735 2702 3794 tempera
2732 3734 2786 3779 et
2816 3724 2920 3780 diis
2979 3723 3221 3784 immola,
3248 3732 3302 3774 ut
3334 3721 3569 3787 patriam
3610 3718 3819 3779 videas,
3850 3727 3905 3768 ct
3931 3732 4043 3767 ma-

2467 3829 2605 3870 trem
2641 3827 2809 3878 tuam,
2835 3825 2888 3868 et
2921 3829 2988 3867 ne
3043 3811 3292 3880 spolieris
3329 3810 3530 3862 divitiis
3560 3824 3622 3862 ac
3653 3808 3884 3861 fortunis
3919 3809 4049 3863 tuis.

2467 3909 2894 3966 Tormentorum
2921 3907 3064 3961 enim
3088 3903 3259 3958 sentis
3285 3902 3658 3958 acerbitatem.
3678 3901 4050 3966 Dulcedinem,

2471 4004 2644 4072 inquit
2679 4001 2991 4066 Calliopius,
3022 3998 3300 4067 promissae
3330 4013 3357 4050 a
3392 3995 3613 4052 Christo
3648 3998 3845 4066 quietis
3880 3998 4052 4063 degu-

2470 4107 2574 4161 sto,
2607 4107 2663 4152 et
2693 4103 2958 4150 tormenta
2999 4108 3104 4148 non
3143 4093 3342 4148 sentio.
3376 4091 3485 4145 Nec
3509 4091 3563 4144 iu
3605 4089 3776 4143 aliena
3834 4092 4055 4156 regione

774 4176 974 4229 cundia
1003 4176 1214 4246 plenus,
1248 4178 1410 4245 jussit
1435 4197 1556 4235 eum
1581 4182 1854 4253 injuriicio
1881 4187 2021 4243 sisti.
2054 4187 2205 4255 Quod
2234 4206 2358 4245 cum
2389 4199 2439 4264 ο
2471 4207 2555 4247 me
2585 4207 2705 4247 esse
2741 4199 2892 4261 puto,
2924 4204 3046 4243 cum
3101 4186 3317 4240 Domini
3353 4188 3423 4236 sit
3454 4194 3620 4245 terra,
3659 4193 3712 4236 et
3772 4182 4056 4250 plenitudo

776 4277 926 4320 esset
957 4266 1158 4324 factum
1193 4287 1205 4322 :
1240 4269 1481 4338 Ecquod,
1539 4274 1716 4342 inquit
1743 4277 2026 4340 Maximus,
2060 4297 2254 4335 nomen
2280 4294 2364 4337 est

782 4360 927 4412 tibi?
962 4360 1307 4418 Christianus
1342 4381 1482 4429 sum,
1519 4367 1714 4436 inquit,
1738 4382 1793 4424 et
1845 4371 2137 4440 Calliopius
2178 4391 2362 4434 vocor.

775 4451 912 4518 Cur,
946 4455 1019 4508 ait
1047 4451 1314 4510 Maximus
1340 4455 1650 4527 prefectus,
1677 4477 1798 4515 cum
1831 4478 1924 4531 per
1947 4467 2131 4519 Orbem
2152 4467 2366 4522 univer-

781 4561 905 4599 sum
961 4550 1189 4602 deorum
1216 4551 1506 4610 celebritas
1536 4568 1849 4626 peragatur,
1884 4569 1935 4610 tu
1972 4560 2022 4612 iu
2050 4559 2153 4614 isto
2180 4577 2365 4618 errore

783 4639 1079 4707 persistis'.’
1110 4638 1238 4704 Vos,
1304 4641 1478 4710 inquit
1523 4643 1836 4714 Calliopius,
1875 4665 2061 4703 errore
2095 4652 2367 4706 tenebris-

788 4747 895 4801 que
919 4737 1236 4801 versamini,
1265 4737 1381 4806 qui,
1428 4738 1614 4793 relicto
1643 4739 1749 4794 Deo
1781 4741 2016 4807 vivente,
2045 4745 2132 4810 qui
2167 4745 2364 4801 cmlum

788 4837 843 4879 et
902 4835 1123 4894 terram,
1157 4839 1211 4883 et
1275 4846 1394 4898 qua:
1429 4831 1479 4883 in
1513 4833 1590 4885 eis
1613 4844 1739 4887 sunt
1775 4837 1955 4890 Omnia
2002 4836 2171 4890 verbo
2245 4854 2369 4907 pro-

789 4922 1022 4984 creavit,
1048 4937 1176 4975 saxa
1210 4936 1402 4977 sensus
1432 4926 1702 4994 expertia,
1729 4937 1782 4980 et
1810 4927 1949 4996 ligna
1984 4930 2217 4996 putrida,
2252 4947 2371 5000 qua:

793 5022 922 5066 sunt
953 5028 1211 5070 manuum
1251 5014 1542 5083 impiarum
1591 5033 1778 5086 opera,
1814 5019 1990 5073 colitis
2024 5033 2079 5074 et
2109 5021 2368 5078 adoratis.

797 5105 1200 5169 Adolescentia.
1237 5109 1414 5177 inquit
1452 5110 1761 5180 pra-fectus,
1799 5124 1850 5167 te
1883 5115 2214 5183 petulantem
2248 5118 2371 5173 red-

794 5197 898 5260 dit,
931 5206 985 5250 et
1026 5213 1252 5267 magnos
1310 5201 1404 5254 tibi
1469 5203 1746 5257 cruciatus
1806 5215 1976 5273 parat.
2016 5203 2107 5260 Dic
2132 5206 2316 5276 igitur,
2346 5223 2375 5263 e

792 5305 899 5360 qua
933 5301 1092 5359 gente
1120 5293 1216 5357 sis,
1247 5302 1302 5347 et
1328 5309 1395 5347 ex
1429 5308 1532 5363 quo
1562 5311 1778 5364 genere.
1818 5297 1856 5350 E
1884 5297 2193 5370 Pamphylia
2226 5314 2372 5368 sum,

794 5385 972 5452 inquit
1004 5384 1321 5454 CalliOpius,
1352 5397 1407 5441 et
1449 5388 1707 5457 patricius
1742 5407 1964 5458 genere,
1997 5403 2071 5455 et,
2103 5394 2244 5461 quod
2282 5408 2378 5446 no-

791 5474 1124 5531 bilissimum
1157 5486 1262 5543 est,
1289 5477 1652 5534 Christianus.
1683 5479 1776 5534 Dic
1803 5483 1953 5545 mihi,
1981 5483 2266 5550 praefectus
2295 5484 2377 5537 in-

2466 4285 2648 4353 ejus’.
2683 4283 2750 4336 Et
2784 4282 2870 4336 hic
2919 4292 3138 4348 quoque
3197 4275 3426 4343 patriam
3476 4287 3664 4339 cerno,
3718 4281 4058 4343 matremque

2467 4393 2663 4429 meam.
2717 4373 2851 4426 Nam
2898 4381 3068 4424 mater
3127 4384 3264 4434 mea,
3308 4376 3390 4422 est
3427 4365 3631 4422 Christi
3675 4366 3918 4420 Ecclesia
3967 4380 4057 4420 sa-

2469 4477 2752 4522 crosaucta
2781 4473 2871 4520 :et
2899 4465 3067 4534 patria
3098 4461 3595 4529 mea,estccelestis
3625 4461 3708 4513 illa
3732 4459 4055 4514 Jerusalem.

2471 4561 2667 4615 Nostra
2696 4560 2838 4614 enim
2868 4558 3211 4613 conversatio
3240 4558 3293 4608 in
3331 4556 3483 4609 ccelis
3509 4565 3590 4608 est
3612 4555 3652 4608 ³.
3679 4553 3835 4619 Quod
3858 4555 3899 4606 si
3928 4555 4057 4607 mihi

2470 4669 2788 4724 corpoream
2847 4660 3074 4705 matrem
3137 4647 3382 4718 objicias,
3444 4647 3567 4702 audi
3626 4646 3758 4716 quid
3810 4646 4059 4700 Christus

2471 4744 2614 4798 Deus
2647 4757 2799 4796 meus
2834 4741 3022 4795 dicat:
3058 4760 3075 4793 ι
3111 4737 3212 4806 Qui
3245 4746 3392 4794 amat
3447 4749 3654 4806 patrem
3705 4747 3797 4791 aut
3831 4747 4060 4790 matrem

2473 4835 2758 4906 plusquam
2785 4849 2889 4900 me,
2926 4850 3032 4889 non
3062 4842 3142 4887 est
3170 4848 3254 4886 me
3289 4831 3486 4901 dignus
3517 4830 3559 4885 ⁸.
3596 4847 3615 4882 ι
3652 4827 3786 4882 Nam
3820 4830 3964 4898 quod
3995 4834 4060 4883 ad

2473 4929 2693 4985 divitias
2726 4930 2977 4999 pertinet,
3005 4943 3098 4981 cas
3124 4926 3358 4997 negligo,
3396 4937 3450 4981 et
3490 4926 3632 4982 malo
3658 4926 3862 4981 Christi
3900 4944 4062 4983 cruce

2475 5020 2662 5088 aﬂligi,
2692 5035 2854 5090 quam
2890 5018 3111 5074 caducis
3159 5021 3310 5073 stulti
3363 5021 3549 5072 mundi
3583 5020 3793 5072 deliciis
3825 5017 3953 5073 frui.

2548 5110 2640 5166 IV.
2677 5112 2944 5166 Maximus
2999 5113 3287 5181 praefectus
3321 5129 3334 5165 :
3371 5111 3542 5176 Quam
3588 5120 3695 5175 est,
3733 5109 3929 5188 inquit,
3967 5125 4063 5165 ex-

2477 5219 2618 5260 cors.
2643 5204 2840 5259 Crudis
2872 5204 3049 5258 nervis
3080 5211 3323 5257 ventrem
3370 5203 3489 5270 ejus
3522 5204 3738 5265 caedite,
3769 5203 4014 5257 dicentes
4048 5219 4059 5252 :

2477 5298 2594 5354 Noli
2628 5315 2796 5354 unum
2823 5313 2921 5365 pro
2962 5299 3067 5352 alio
3100 5299 3264 5353 stulte
3315 5300 3660 5362 respondere,
3706 5295 3796 5350 sed
3842 5308 3964 5364 apte
3996 5297 4062 5351 ad

2481 5393 2829 5458 interrogata.
2863 5390 3071 5451 lnsane,
3097 5389 3273 5458 inquit
3315 5388 3918 5457 Calliopius,etquavis
3951 5376 4065 5441 fera

2481 5485 2774 5548 crudelior,
2807 5493 2860 5538 et
2889 5501 2916 5538 a
2945 5483 3145 5538 Christi
3185 5485 3402 5553 pietate,
3421 5482 3510 5551 qui
3540 5483 3593 5535 in
3619 5483 3773 5536 ccelis
3799 5490 3903 5541 est.
3930 5481 4061 5536 alie-

798 5569 919 5638 quit
947 5605 964 5634 ,
997 5580 1253 5638 parentes
1278 5570 1488 5625 habes?
1532 5572 1724 5639 Mater,
1759 5575 2034 5642 respondit
2061 5575 2372 5645 Calliopius,
2401 5551 2457 5612 Ῑ)
2492 5591 2580 5642 ne,
2634 5577 2728 5630 tibi
2787 5576 3034 5630 veritatis
3063 5551 3326 5630 rationem
3358 5588 3590 5643 expono,
3618 5587 3778 5642 quam
3813 5582 3868 5626 tu
3898 5569 4061 5625 animi

800 5674 1094 5735 superest;
1125 5679 1250 5719 nam
1276 5673 1433 5734 pater
1458 5665 1569 5735 jam
1595 5667 1683 5722 diu
1704 5665 1990 5723 defunctus
2019 5677 2120 5723 est.
2156 5665 2258 5721 Per
2291 5684 2380 5724 so-

877 5847 895 5880 ³
925 5843 972 5905 ιι
1004 5845 1147 5910 Tim.
1174 5863 1235 5921 tt,
1271 5847 1325 5905 5.
1404 5853 1423 5885 '
1454 5850 1598 5912 Psal.
1661 5867 1816 5924 mu,
1845 5853 1895 5909 i.

1975 5857 1993 5888 ⁸
2024 5855 2263 5927 Philipp.
2301 5872 2387 5928 ut,
2423 5853 2513 5911 90.

2488 5669 2661 5726 oculis
2722 5684 2827 5725 non
2856 5668 3057 5735 cernis,
3079 5681 3238 5725 aures
3270 5665 3580 5734 occludens,
3617 5678 3683 5722 ne
3713 5664 3925 5723 Domini
3950 5676 4060 5722 ser-

2594 5855 2613 5882 ε
2642 5853 2834 5911 Matth.
2869 5870 2924 5924 ι,
2961 5853 3051 5910 57.
