4208 6300
174 400 239 464 93
1447 391 1625 453 νΙΤΑ
1665 390 1728 451 S.

1855 388 2152 449 .LLlOPI.
3375 383 3444 449 94

174 524 382 567 mortem
422 510 714 576 exaudias,
742 520 793 562 et
823 519 1007 562 contra
1036 509 1215 578 legum
1249 507 1565 577 praescripta
1592 505 1751 574 juhes
1784 503 1828 560 Δ
1858 510 2038 555 autem
2099 502 2393 570 Calliopius
2452 501 2681 563 catenis,
2719 510 2772 554 et
2826 502 3074 569 corporis
3136 510 3347 557 tumore
3376 518 3441 556 ex

178 618 278 667 me,
321 612 582 669 tauquam
640 601 991 669 homicidam,
1042 599 1365 655 verberari?
1398 597 1615 661 Rotam,
1676 598 1757 651 in-

175 694 284 767 quit
325 692 640 763 praefectus,
686 694 943 748 collocate
1003 703 1057 748 et
1102 708 1355 761 magnum
1405 692 1581 761 ignem
1630 704 1756 745 suc-

174 786 403 841 cendite.
462 787 615 842 nota:
672 798 817 841 tanta
868 787 915 840 vi
945 788 1194 856 alligatus
1217 796 1299 842 est
1330 785 1663 845 adolescens,
1702 792 1757 837 nt

178 888 317 933 totus
341 881 771 948 discerperetur.
797 880 913 945 Quo
940 882 1155 949 quidem
1183 882 1427 935 cruciatu
1454 897 1574 935 eum
1606 896 1757 935 acer-

173 969 394 1023 bissime
430 979 721 1037 angeretur
747 986 757 1023 :
786 971 1021 1034 Christe,
1052 971 1246 1040 inquit,
1294 983 1490 1040 praesto
1527 973 1604 1025 sis
1638 986 1757 1024 ser-

173 1074 239 1112 vo
294 1068 408 1121 tuo,
444 1067 508 1111 ut
535 1060 601 1110 ad
640 1059 797 1112 tinem
854 1074 1024 1128 usque
1067 1060 1311 1113 laudetur
1345 1060 1394 1112 in
1432 1076 1516 1114 me
1552 1076 1753 1114 nomen

174 1162 343 1213 tuum,
398 1151 647 1217 quamvis
698 1150 953 1219 indignus
1005 1152 1103 1204 sim
1135 1168 1325 1205 servus
1363 1162 1525 1205 tuus:
1563 1162 1615 1206 et
1658 1168 1754 1207 eo-

171 1253 435 1305 gnoscettt
490 1258 704 1307 omnes,
755 1259 867 1309 eos,
904 1244 992 1311 qui
1054 1246 1104 1298 in
1142 1255 1192 1299 te
1222 1257 1462 1312 sperant,
1500 1263 1601 1299 non
1632 1263 1756 1299 cou-

171 1331 318 1384 lnndi
358 1333 411 1385 in
463 1345 748 1389 aeternum.
788 1337 983 1389 Statim
1048 1338 1209 1406 igitur
1244 1341 1506 1393 acc-edens
1535 1341 1755 1408 angelus

168 1424 302 1487 Dei,
358 1424 633 1480 flammam
690 1428 989 1482 carbonum
1027 1430 1291 1484 exstinxit
1328 1448 1341 1488 :
1380 1441 1435 1485 et
1493 1432 1752 1494 ministri,

170 1530 287 1570 cum
322 1519 525 1574 vellent
554 1531 724 1575 rotam
766 1523 1005 1586 volvere,
1049 1540 1151 1577 non
1202 1534 1471 1592 poterant.
1519 1525 1753 1578 Delicata

167 1618 348 1659 autem
380 1608 546 1677 ipsius
563 1614 803 1665 membra
831 1623 996 1666 totam
1021 1625 1190 1667 rotam
1214 1617 1476 1683 sanguine
1495 1632 1758 1685 consper-

170 1710 383 1753 sernnt.
427 1702 559 1756 Erat
608 1707 751 1758 enim
821 1706 994 1760 acutis
1049 1707 1240 1777 gladiis
1309 1709 1751 1763 circummunita.

167 1788 338 1846 Jussit
392 1806 576 1849 autem
632 1797 919 1866 praefectus
950 1817 1071 1854 eum
1108 1803 1264 1870 solvi,
1294 1812 1347 1855 et
1378 1820 1405 1856 a
1438 1812 1549 1857 rota
1577 1802 1753 1857 dimo-

169 1888 302 1940 veri.
340 1888 692 1958 Spectatores
726 1892 1005 1959 dicebant,
1039 1895 1302 1962 judicium
1344 1897 1473 1952 illud
1509 1900 1751 1965 iniqumn

165 1993 328 2043 esse;
360 1991 417 2033 et
452 1982 729 2047 dolebant,
764 1987 905 2051 quod
933 1988 1056 2038 talis
1077 1988 1392 2041 adolescens
1419 1999 1524 2041 tam
1556 1993 1751 2044 acerbe

169 2084 537 2142 torqueretur.
610 2078 715 2131 Sed
776 2077 1043 2133 Maximus
1078 2098 1088 2132 :
1122 2078 1331 2144 Nonne,
1384 2081 1579 2151 inquit,
1639 2083 1747 2137 dixi

165 2165 283 2228 tibi,
323 2176 377 2220 te
408 2167 777 2223 adolescentia
822 2186 945 2225 esse
991 2171 1420 2237 petulantem,et
1468 2184 1749 2243 propterea

163 2259 510 2325 graviOribus
545 2263 880 2319 cruciatibus
927 2262 1180 2318 allectum
1218 2266 1281 2320 iri
1310 2267 1331 2319 ?
1367 2266 1550 2331 Canis,
1579 2269 1749 2338 inquit

161 2347 479 2417 Calliopius,
542 2350 1032 2421 impudentissime,
1068 2366 1122 2409 tu
1178 2372 1262 2409 me
1319 2358 1399 2411 sic
1428 2360 1746 2425 alloqueris,

162 2441 316 2508 quasi
372 2444 754 2498 crudelissima
803 2462 1045 2499 recusem
1076 2457 1168 2505 aut
1190 2448 1449 2515 deprecer
1478 2459 1745 2504 tormenta

164 2541 271 2585 tua.
299 2533 522 2597 Infelix,
560 2537 731 2604 inquit
770 2537 1080 2604 praefectus,
1110 2540 1288 2594 credis
1322 2549 1372 2592 te
1405 2542 1749 2596 contumeliis

162 2624 512 2693 ell'eeturmn,
570 2637 625 2681 ut
656 2638 706 2682 te
745 2629 976 2685 celerius
1014 2630 1366 2687 occidendum
1394 2648 1601 2688 curem.
1646 2634 1750 2690 \'e-

162 2728 283 2767 rum
313 2717 460 2771 haud
500 2718 574 2772 ita
608 2720 733 2774 erit.
767 2720 879 2775 Diis
917 2722 1081 2788 igitur
1126 2722 1362 2785 imrnola,
1398 2734 1454 2776 ut
1481 2740 1598 2795 qnte
1630 2724 1753 2781 reli-

164 2822 266 2875 qua
297 2820 453 2873 sunt,
487 2820 752 2867 tormenta
805 2814 1137 2869 lucrifacias.
1170 2812 1284 2868 Non
1331 2816 1630 2884 permittet,
1667 2817 1750 2870 in-

163 2902 280 2967 quit
307 2901 636 2971 CalliOpins,
672 2906 925 2962 Christus
951 2923 1126 2971 meus,
1164 2918 1220 2961 ut
1261 2924 1449 2977 puram
1486 2924 1659 2963 meam
1696 2909 1747 2963 in

167 2990 333 3046 Deum
367 2993 529 3047 {idem
555 3002 850 3063 pervertas.
897 3000 1177 3053 Arbitratu
1215 3010 1307 3053 tuo
1336 3017 1531 3070 corpus
1563 3018 1751 3057 exeru-

165 3085 268 3147 cia,
296 3097 624 3155 recepturus
653 3104 680 3142 a
718 3089 824 3146 Deo
855 3091 905 3145 in
938 3092 1024 3146 die
1050 3092 1241 3161 judicii
1276 3094 1465 3147 merita
1502 3098 1748 3163 prmntia.

164 3174 277 3242 Qua
314 3180 464 3235 enim
499 3198 753 3237 mensura
785 3186 1015 3251 metiris,
1055 3188 1241 3243 eadem
1278 3189 1596 3241 remetietur
1631 3189 1749 3243 tibi.

162 3267 401 3333 Ferreis,
422 3272 600 3342 inquit
628 3274 914 3341 Maximus,
943 3279 1149 3331 catenis
1172 3279 1410 3332 vinctum
1440 3280 1489 3332 iu
1526 3279 1749 3332 interio-

163 3377 275 3417 rem
312 3381 597 3420 carcerem
630 3368 884 3436 eonjieite
911 3387 924 3433 ;
961 3384 1116 3423 nemo
1145 3386 1329 3423 curam
1363 3371 1508 3426 illius
1540 3381 1696 3441 gerat
1728 3388 1743 3440 ;

164 3462 329 3508 nemo
390 3456 680 3524 impiorum
730 3459 1032 3512 amicorum
1066 3461 1130 3515 ad
1182 3476 1306 3516 eum
1334 3465 1589 3532 accedat;
1630 3465 1752 3519 hea-

166 3555 279 3597 tum
307 3561 367 3598 se
398 3557 559 3612 putet
582 3546 649 3599 ob
670 3562 732 3600 ea
770 3557 1063 3616 termenta,
1098 3556 1296 3623 quibus
1329 3568 1547 3624 promer
1583 3559 1751 3626 ipsius

164 3634 512 3703 impietatem
554 3638 813 3695 adversus
854 3644 982 3697 deus
1029 3644 1258 3700 affectus
1292 3657 1397 3701 est.
1430 3648 1623 3700 Statim
1656 3649 1751 3718 igi-

166 3732 251 3774 tur
276 3723 495 3779 vinctus
523 3726 575 3779 in
632 3742 907 3785 carcerem
956 3733 1272 3787 interiorem
1327 3737 1600 3802 coniectus
1645 3746 1746 3801 eSl,

165 3813 394 3868 ubisiue
424 3817 827 3874 intermissione
858 3821 1020 3873 Deum
1047 3822 1322 3874 laudabat.

238 3901 305 3958 \'.
347 3906 445 3960 His
506 3910 726 3972 auditis,
765 3919 958 3975 mater,
993 3913 1132 3965 laeto
1166 3921 1512 3977 testamento,
1550 3913 1752 3967 ducen-

166 4006 249 4051 tos
280 3995 681 4067 quinquaginta
709 4013 899 4054 servos
942 4002 1191 4058 libertate
1227 4004 1545 4074 peculioun
1580 4005 1751 4058 dona-

164 4091 237 4144 vit
267 4110 278 4144 :
312 4101 367 4145 et
402 4092 666 4160 quidquid
695 4095 839 4159 auri,
872 4105 968 4148 aut
1013 4096 1245 4166 argenti,
1276 4098 1746 4155 ant‘vestimento-

166 4199 282 4238 rum
308 4185 552 4240 habebat
598 4188 932 4254 pauperibus
964 4188 1220 4256 rcliquiL;
1259 4191 1627 4254 ροςςοςδὶυηες
1653 4206 1751 4240 au-

163 4289 265 4331 tem
321 4278 588 4334 Ecclesia":
622 4290 825 4334 sancta}
875 4280 1068 4347 largita
1103 4291 1205 4335 est.
1234 4281 1370 4334 Tum
1420 4282 1748 4335 celeriterin

157 4368 401 4427 Ciliciam
457 4374 527 4426 ad
581 4376 994 4429 sanctissimum
1027 4377 1193 4431 lilium
1241 4393 1396 4432 suum
1428 4378 1747 4448 Calliopium

155 4465 435 4517 centendit
472 4476 571 4519 :et
608 4465 660 4519 in
698 4482 972 4521 carcerem
1023 4470 1288 4536 ingressa,
1351 4472 1581 4538 procidit
1624 4481 1749 4525 ante

1863 594 2178 649 verberibus
2209 606 2517 657 contracto,
2542 593 2916 659 cohibebatur,
2949 594 3238 662 quominus
3266 604 3444 661 posset

1860 697 2168 750 assurgere,
2206 692 2258 736 ct
2290 683 2353 735 ad
2409 692 2637 737 matrem
2674 684 2953 736 accedere.
2988 682 3093 737 Sed
3127 684 3193 734 ita
3227 679 3445 738 locutus

1858 785 1945 829 est
1973 794 1985 827 :
2011 772 2321 842 Opportune
2352 776 2565 842 venisti,
2584 786 2782 838 mater,
2812 785 2867 828 nt
2896 776 3045 829 testis
3071 790 3219 830 esses
3239 775 3440 829 Christi

1859 866 2224 919 cruciatnnm.
2259 865 2426 919 Mater
2483 876 2662 919 autem
2700 867 2791 919 lilii
2844 881 3041 931 corpus
3067 863 3331 932 aSpicir-ns
3358 864 3442 918 di-

1861 960 2166 1012 laniatum:
2202 958 2360 1011 Beata
2387 974 2507 1028 ego,
2542 960 2716 1027 inquit
2743 962 2808 1015 ad
2836 960 3243 1011 sanctissimum
3277 957 3439 1008 lilium

1859 1069 2011 1107 suum
2073 1052 2419 1121 Calliopium,
2452 1060 2503 1105 ct
2558 1050 2748 1103 beatus
2801 1051 3006 1105 fructus
3073 1048 3271 1102 renti-is
3314 1049 3442 1110 mei,

1858 1144 2137 1212 quoniam,
2174 1156 2229 1196 nt
2263 1143 2438 1205 Anna,
2492 1142 2663 1195 dicari
2726 1154 2774 1195 te
2836 1159 3047 1197 sacrum
3104 1156 3297 1195 munus
3334 1141 3443 1193 Do-

1860 1237 2008 1289 mino
2039 1236 2162 1289 Jesu
2191 1236 2447 1291 Christo:
2487 1246 2544 1289 ut
2575 1235 2707 1288 Sara
2754 1236 2923 1290 obtuli
2958 1247 3007 1287 te
3037 1234 3147 1287 Deo
3187 1233 3444 1285 holocau-

1858 1344 1999 1387 stum
2055 1343 2290 1401 gratum,
2342 1341 2395 1384 et
2465 1341 2742 1399 acceptum
2815 1329 3039 1381 Domino
3090 1327 3440 1381 saeriﬁcium.

1858 1425 2055 1480 Mansit
2109 1435 2283 1477 autem
2343 1433 2507 1476 tutam
2567 1434 2779 1475 noctem
2839 1421 2983 1474 illaut
3017 1420 3068 1472 in
3128 1431 3344 1471 carcere
3375 1419 3439 1470 ad

1861 1518 2030 1584 ipsius
2080 1516 2241 1585 pedes
2294 1524 2585 1582 prostrata.
2619 1513 2790 1567 Simul
2848 1523 3024 1565 autem
3060 1511 3218 1563 ambo
3252 1522 3442 1577 prcca-

1858 1611 2077 1673 bantur,
2118 1618 2169 1662 et
2230 1607 2519 1660 laudabant
2557 1607 2743 1659 Deum.
2784 1604 2847 1657 Et
2889 1604 3033 1657 circa
3065 1604 3294 1655 mediam
3346 1614 3442 1651 no-

1859 1712 1999 1757 ctem
2034 1716 2226 1767 magna
2256 1701 2341 1753 lux
2374 1714 2649 1752 carcerem
2680 1695 2991 1755 illustravit,
3019 1704 3071 1747 et
3104 1708 3205 1746 vox
3235 1706 3327 1745 eos
3357 1689 3441 1743 sic

1860 1794 2087 1847 allocuta
2146 1800 2227 1845 est
2264 1809 2275 1843 :
2321 1789 2427 1843 Vos
2478 1791 2610 1843 estis
2645 1788 2817 1842 sancti
2867 1785 2956 1839 Dei
2987 1798 3037 1840 et
3060 1783 3268 1840 Christi
3303 1797 3439 1836 con-

1791 1869 1832 1924 Β
1862 1888 2119 1947 fessores,
2146 1897 2532 1952 eversoresqne
2561 1882 2849 1945 idolorum,
2876 1880 2966 1948 qui
3004 1881 3230 1947 patriam
3265 1887 3319 1930 et
3349 1892 3441 1945 pe-

1859 1981 2043 2033 Cunias
2083 1977 2412 2046 reliquistis,
2448 1984 2504 2028 ut
2540 1990 2657 2026 cum
2699 1972 2917 2027 Christo
2965 1968 3306 2040 pateret-niui.

1927 2068 2015 2123 VI.
2053 2068 2187 2121 Cum
2225 2078 2403 2119 autem
2460 2067 2746 2128 illuxisset,
2785 2062 3111 2132 praefectus:
3154 2061 3315 2124 Voca,
3359 2059 3441 2113 in-

1856 2163 1993 2233 quit,
2026 2160 2456 2214 Christianorum
2510 2168 2672 2210 sectae
2734 2156 3031 2209 studiosum
3091 2154 3434 2220 Calliopiuut.

1861 2254 2167 2310 Demetrius
2195 2262 2375 2304 autem
2410 2249 2659 2303 centurio
2682 2247 2748 2301 ad
2767 2247 3085 2315 Calliopium
3110 2264 3124 2300 :
3148 2242 3303 2298 Nunc
3326 2242 3437 2298 Sal-

1858 2356 1989 2407 tcm,
2027 2344 2216 2414 inquit,
2251 2343 2317 2397 ab
2345 2343 2550 2395 insania
2585 2342 2819 2403 discede,
2851 2351 2904 2394 et
2931 2341 3317 2406 imperatorum
3348 2337 3439 2389 de—

1855 2442 2018 2493 cretis
2077 2439 2479 2504 obtemperans,
2507 2434 2610 2487 diis
2658 2433 2926 2493 sacriﬁca,
2986 2443 3041 2483 ut
3072 2433 3222 2484 vivas
3259 2449 3270 2484 :
3304 2431 3438 2482 alio-

1852 2531 1979 2597 quin
2003 2541 2053 2582 ut
2084 2527 2345 2594 Magister
2385 2538 2507 2579 tuus
2536 2524 2803 2594 sulligeris
2829 2524 2881 2577 in
2901 2539 3136 2579 crucem.
3166 2518 3436 2585 Admiror,

1853 2620 2024 2689 inquit
2058 2618 2373 2686 Calliopius,
2408 2617 2792 2685 impudentiam
2824 2627 2990 2679 luant,
3026 2617 3117 2684 qui
3147 2631 3267 2669 cum
3298 2628 3440 2684 saepe

1855 2729 1921 2770 ex
1957 2729 2042 2768 me
2074 2712 2312 2767 audieris
2342 2710 2717 2765 Christianum
2765 2725 2850 2762 me
2910 2724 3048 2774 esse,
3076 2719 3129 2762 et
3167 2707 3438 2763 Christia-

1856 2823 1983 2861 num
2017 2821 2137 2859 esse
2167 2804 2515 2865 moriturmn,
2549 2810 2602 2855 et
2654 2800 2707 2853 in
2745 2799 2961 2854 Christo
3014 2798 3301 2861 victurum,
3329 2805 3435 2848 tam

1856 2897 2202 2963 ilttpttdetttcr
2235 2908 2428 2960 pergas
2488 2892 2770 2944 veritatem
2831 2902 3165 2955 Oppugnare.
3219 2886 3439 2941 Festino

1855 2988 2123 3049 eamdem,
2156 3001 2316 3054 quam
2358 2983 2609 3051 Magister
2635 2997 2786 3034 meus
2811 2983 3054 3050 pertulit,
3088 2991 3313 3032 mortem
3340 2996 3437 3047 op-

1854 3091 2059 3150 petere.
2098 3077 2223 3132 Ηωο
2260 3091 2379 3129 cum
2420 3074 2511 3132 ille
2570 3073 2818 3136 dixisSet,
2885 3070 3172 3139 praefectus
3227 3084 3290 3121 ex
3348 3084 3439 3123 τεο»

1860 3177 2074 3243 Sponsis
2101 3175 2351 3242 martyris
2384 3171 2823 3225 animadvertetis
2844 3185 2964 3222 eum
2992 3184 3018 3219 a
3042 3167 3320 3235 preposito
3349 3168 3440 3220 de-

1856 3268 1975 3321 duci
2014 3284 2119 3320 non
2152 3280 2325 3335 posse,
2361 3266 2684 3317 sententiam
2722 3265 2861 3327 tulit,
2920 3270 2977 3316 ut
3011 3262 3198 3331 quinta
3230 3261 3440 3315 Subba-

1859 3369 2032 3413 torum
2067 3358 2287 3412 Pasch-.c
2318 3358 2367 3410 in
2395 3372 2613 3410 crucem
2647 3367 2916 3426 ageretur.
2946 3353 3101 3420 Quod
3133 3366 3305 3407 mater
3324 3353 3439 3421 ejus

1860 3455 2184 3523 intelligens,
2245 3454 2484 3523 quinque
2549 3466 2805 3505 nummos
2863 3449 3128 3502 ministris
3185 3447 3352 3503 dedit.
3381 3457 3438 3498 ut

1856 3563 1977 3602 eum
2031 3550 2303 3602 contraria
2360 3549 2589 3609 ratione,
2643 3560 2804 3613 quam
2878 3544 3127 3597 Christus
3181 3540 3447 3595 Dominus

1858 3642 2152 3695 cruciﬁxus
2212 3639 2331 3701 fuit,
2358 3638 2635 3706 alligerent
2682 3636 2854 3689 cruri.
2892 3635 3279 3702 Quintoigitnr
3302 3631 3441 3685 Sab-

1857 3734 2103 3789 batormn
2141 3746 2345 3800 pronus
2381 3731 2433 3783 in
2471 3739 2631 3797 caput
2675 3728 2968 3783 erui-.ilixns
2999 3736 3103 3787 est.
3137 3735 3192 3779 et
3224 3726 3310 3779 die
3338 3725 3439 3778 Pa-

1858 3840 2109 3882 rasceves
2138 3824 2373 3878 animam
2410 3822 2538 3891 egit.
2580 3820 2642 3873 Et
2680 3836 2778 3872 vox
2813 3822 2880 3873 de
2911 3819 3048 3873 coelo
3104 3818 3286 3871 audita
3338 3823 3442 3881 est,

1859 3920 1928 3974 ita
1968 3936 2169 3973 sonans
2203 3937 2214 3971 :
2252 3917 2411 3981 Veni,
2449 3916 2582 3971 civis
2616 3913 2843 3979 Clnisti,
2878 3922 2930 3967 et
2957 3912 3201 3968 cohaercs
3230 3916 3433 3966 sancto-

1858 4030 1973 4068 rum
2017 4013 2355 4079 angelorum.

1926 4104 2037 4161 \‘ll.
2068 4106 2234 4161 Mater
2263 4119 2389 4159 vero
2412 4103 2739 4159 sanctissimi
2766 4115 2829 4157 ac
2855 4098 3155 4155 beatissimi
3198 4095 3289 4149 lilii
3316 4108 3437 4150 cor-

1856 4214 1956 4266 pus
2015 4199 2316 4265 complexa,
2352 4208 2405 4250 et
2462 4196 2737 4250 Christum
2776 4196 3022 4254 laudans,
3054 4194 3104 4244 itt
3140 4192 3252 4257 ejus
3280 4203 3433 4242 cum-

1854 4294 2015 4360 plcxu
2049 4291 2298 4359 spiritum
2337 4288 2587 4342 reddidit.
2623 4286 2685 4340 Et
2740 4283 3063 4341 accedentes
3092 4281 3307 4343 fratres,
3340 4296 3433 4332 eo-

1858 4400 1974 4435 rum
2004 4398 2231 4449 corpora
2270 4382 2320 4435 in
2359 4382 2472 4433 loco
2501 4394 2654 4433 sacro
2682 4378 3036 4446 sepelierunt,
3063 4374 3437 4430 collaudantes

1859 4472 2069 4526 Patrem
2111 4483 2164 4525 et
2222 4470 2413 4524 Filium
2445 4482 2494 4523 et
2527 4469 2787 4537 Spiritum
2818 4478 3093 4529 sanctum,
3139 4466 3229 4520 cui
3264 4462 3439 4532 gloria

151 4558 308 4623 pedes
336 4557 480 4627 ejus,
518 4572 573 4616 et
598 4560 884 4615 vulnerum
921 4576 1169 4617 cruorem
1207 4563 1482 4618 abstersit.
1517 4566 1751 4621 Sanctus
1780 4571 1830 4629 D
1858 4573 1910 4620 et
1950 4566 2230 4634 imperium
2266 4566 2315 4617 in
2342 4563 2536 4617 saecula
2562 4562 2912 4615 sreculorum.
2956 4559 3149 4611 Amen.
