4208 6300
158 350 231 415 91
1127 346 1309 406 VITA
1343 344 1405 405 S.
1447 340 1733 406 TEREN']

1870 340 1964 401 ET
2006 338 2421 402 SOCIORUM.
3332 342 3404 406 98

154 465 247 516 ενα
300 461 466 532 μόνον
505 460 662 514 ’Θεδν
695 461 1088 532 ὁμολογοῦντες
1113 463 1206 513 τὸν
1241 460 1496 532 Χριστὸν,
1548 461 1731 512 ὅντινα

1836 457 2051 524 spondit
2078 457 2319 510 omnium
2346 455 2561 509 nomine
2588 463 2805 510 sanctus
2832 466 3037 528 martyr
3066 458 3353 515 Terentius
3387 479 3401 514 :

152 551 435 620 ἄνθρωπον
461 550 614 615 ὄντα,
640 549 716 614 ὡς
766 549 1093 619 κακοῦργον,
1132 550 1181 602 οἱ
1233 548 1508 602 Ἰουδαίων
1540 547 1732 610 παῖδες

152 642 525 712 ἐσταύρωσαν.
563 643 695 694 Τότε
725 643 752 694 ὁ
784 641 937 709 ἆγιος
969 643 1179 712 μάρτυς
1210 640 1303 694 τοῦ
1353 638 1591 709 Χριστοῦ
1626 639 1731 689 Τε-

152 738 384 806 ρέντιος,
426 739 602 804 στόμα
629 738 736 788 τῶν
763 738 982 790 πάντων
1006 737 1322 803 γενόμενος,
1353 730 1506 787 εἶπεν
1534 733 1725 791 οὓτως’

151 828 214 879 El
253 829 425 898 ᾔδεις,
449 823 494 882 ὦ
542 831 777 898 ἠγεμον,
823 829 920 898 τὴν
948 829 1156 898 δωρεὰν
1205 829 1298 880 τοῦ
1344 827 1478 880 Θεοῦ
1515 830 1607 879 καὶ
1633 827 1730 895 τὴν

149 919 382 987 δύναμιν
411 920 505 972 τοῦ
555 924 1002 988 ἐσταυρωμένον,
1035 921 1360 989 κατέλειψας
1396 922 1461 973 ἂν
1500 921 1598 986 τὴν
1624 918 1730 968 τῶν

152 1013 401 1078 ματαίων
439 1011 675 1064 εἰδώλων
701 1013 936 1082 πλάνην,
973 1016 1067 1066 καὶ
1090 1015 1243 1082 αὐτῷ
1275 1015 1417 1082 μόνῳ
1460 1010 1730 1080 προσεκύ-

149 1115 256 1160 νεις
296 1101 394 1152 καὶ
431 1101 791 1169 ἐθεράπευες,
856 1103 948 1155 τὸν
981 1105 1109 1156 ὖντα
1167 1104 1292 1155 Υίὸν
1342 1102 1637 1171 εὐεργέτην
1667 1104 1731 1154 ἐκ

151 1191 362 1259 Πατρός
405 1193 618 1259 ἀγαθοῦ
677 1196 772 1247 καὶ
832 1195 1145 1263 εὖεργέτου,
1208 1193 1299 1244 τὸν
1352 1193 1606 1246 πλούσιον
1637 1194 1731 1244 καὶ

144 1283 532 1353 κεῧσπλαγχνον
591 1288 686 1339 καὶ
737 1288 1028 1356 ἐλεήμονα,
1061 1287 1119 1348 ὂς
1143 1285 1375 1355 νεύματι
1408 1289 1500 1339 καὶ
1535 1284 1732 1354 βουλή-

154 1394 280 1444 ματι
311 1377 408 1430 τοῦ
451 1379 663 1450 Πατρὸς
685 1383 762 1441 εἰς
795 1380 896 1449 γῆν
929 1381 1177 1441 καταῦὲις
1223 1382 1318 1432 καὶ
1366 1381 1465 1448 τὴν
1501 1380 1731 1449 θεότητα

150 1469 314 1520 αὑτοῦ
342 1470 666 1540 ἀνθρωπίνῃ
704 1470 863 1540 φύσει
895 1467 1149 1534 ἓνδύσας,
1185 1473 1448 1541 ὑπέμεινε
1501 1473 1734 1539 σταυρὸν

153 1562 242 1610 καὶ
272 1559 508 1611 θάνατον
536 1560 625 1613 δια
655 1562 752 1630 τὴν
782 1563 1066 1631 ἡμετέραν
1093 1564 1392 1633 σωτηρίαν.
1435 1563 1492 1615 '0
1524 1563 1579 1615 δὲ
1607 1565 1735 1630 ἡγε-

153 1647 265 1714 μὼν
293 1651 539 1712 ἀκούσας
567 1649 762 1706 ταῦτα.
785 1651 932 1719 λέγει
955 1653 1092 1722 προς
1119 1655 1244 1714 τοὺς
1270 1653 1460 1716 ἁγίους
1481 1667 1493 1680 ·
1513 1649 1728 1703 Θύσατε

151 1739 490 1805 προθύμωςο
556 1740 587 1809 ἦ
620 1740 896 1810 ἁψάμενος
944 1742 1098 1809 ὑμῶν
1130 1741 1238 1792 τῶν
1276 1742 1477 1810 μελιῐιν,
1510 1741 1733 1804 τελείως

1478 1832 1624 1853 7-”:3'

1838 548 1894 602 Si
1942 562 2148 610 nosses,
2207 547 2484 617 praefecte,
2549 546 2809 602 Cruciiixi
2865 549 3139 615 virtutem,
3195 552 3401 606 relictis

1835 640 2104 694 idolorum
2143 641 2441 701 erroribus,
2482 641 2654 708 ipsum
2685 639 2892 695 coleres
2921 653 2973 694 et
3007 644 3282 696 adorares.
3312 643 3410 698 Est

1833 734 1978 785 enim
2007 731 2174 784 Filius
2213 731 2328 792 Dei,
2361 731 2647 798 benignus,
2681 733 2853 794 dives,
2889 733 3124 787 cletnens
3151 746 3204 787 et
3239 738 3406 790 mise-

1834 826 2029 889 ricors,
2069 825 2158 894 qui
2195 805 2374 878 Pariis
2398 835 2526 878 nutu
2552 836 2606 878 et
2639 826 2917 882 voluntate
2969 827 3022 878 in
3059 837 3253 880 terram
3307 830 3404 880 de-

1834 922 2064 983 scendit,
2103 921 2560 985 divinitatemque
2589 933 2742 972 suam
2769 919 3014 973 humana:
3051 933 3252 973 naturae
3281 936 3408 974 con-

1832 1011 2034 1081 junxit,
2066 1022 2120 1066 et
2165 1027 2260 1079 pro
2288 1012 2458 1065 salute
2483 1023 2666 1065 nostra
2722 1025 2939 1064 crucem
2985 1012 3170 1065 subire
3215 1012 3404 1067 voluit.

1834 1103 2274 1167 Fortunatianus,
2305 1104 2387 1156 his
2417 1103 2637 1161 auditis.
2659 1103 2794 1156 dixit
2829 1104 2894 1155 ad
2922 1117 3016 1156 eos
3044 1121 3058 1156 :
3091 1103 3403 1157 ltiimolate:

1835 1198 2034 1264 alioqui
2064 1200 2304 1250 membra
2331 1206 2508 1251 vestra
2544 1199 2898 1261 comlmrens,
2933 1198 3122 1251 delebo
3159 1212 3271 1251 \‘OS.
3296 1197 3408 1250 Pu-

1836 1298 1942 1354 tas,
1971 1291 2142 1357 inquit
2163 1289 2468 1355 Terentius,
2505 1305 2599 1343 nos
2623 1297 2828 1344 terrore
2862 1300 3162 1346 commotos
3193 1301 3412 1345 senten-

1837 1382 1963 1434 tiam
2000 1390 2305 1436 mutaturus
2331 1382 2354 1435 ?
2382 1382 2497 1435 Non
2537 1387 2672 1435 adeo
2702 1399 2888 1436 sumus
2916 1383 3118 1451 ignavi,
3165 1394 3243 1448 tit,
3283 1384 3406 1436 reli-

1833 1484 1921 1526 cto
1945 1474 2065 1524 vitae
2085 1470 2385 1541 Lurgitore,
2417 1478 2544 1527 deos
2565 1474 2772 1527 alienos
2794 1475 3102 1528 adoremus.
3118 1473 3224 1527 Fac
3249 1475 3411 1544 igitur

1835 1564 2106 1628 celeriter,
2157 1568 2297 1632 quod
2341 1567 2434 1618 tibi
2466 1565 2620 1628 libet,
2656 1565 2943 1619 adversum
2982 1582 3099 1627 nos,
3150 1568 3407 1634 quoniam

1835 1655 2041 1710 strenui
2073 1668 2124 1708 et
2165 1667 2478 1711 constantes
2510 1650 2710 1712 Christi
2745 1659 2979 1714 cultores
3011 1670 3220 1712 sumus.
3265 1656 3410 1710 indi-

1838 1758 2031 1815 gnatus
2055 1749 2360 1816 prtefecms,
2398 1750 2563 1818 jussit
2595 1766 2710 1816 eos,
2756 1753 3096 1806 vestimentis
3149 1750 3410 1805 detractis

151 1827 291 1893 ὑμᾶς
325 1829 600 1895 αφανίσω.
635 1830 694 1882 '0
721 1832 876 1897 ἅγιος
905 1831 1192 1902 Τερέντιος
1224 1829 1380 1884 εἶπεν
1402 1847 1414 1860 ·
1447 1832 1729 1900 Νομίζεις,

1837 1838 1891 1890 in
1921 1840 2183 1892 idolorum
2218 1841 2474 1908 templum
2523 1841 2686 1894 trahi.
2723 1840 2867 1894 Idola
2925 1852 3104 1894 autem
3151 1857 3284 1894 :turo
3320 1857 3408 1894 ar-

152 1917 192 1969 t'a
224 1917 482 1985 τύραννε,
524 1921 673 1990 φόὸῳ
701 1922 954 1974 δελεάσαι
981 1925 1160 1991 ἡμᾶςς
1217 1923 1327 1990 Οὐχ
1358 1922 1525 1984 οὓτως
1574 1924 1735 1975 ἀναν-

149 2002 259 2069 δροέ
289 2008 483 2071 ἐσμεν,
512 2009 595 2058 ἵνα
623 2009 1049 2077 καταλείψαντες
1079 2011 1166 2060 τὸν
1201 2012 1297 2079 τῆς
1329 2011 1470 2079 ζωῆς
1499 2012 1732 2081 χορηγὸν

150 2101 627 2165 προσκυνήσωμεν
675 2098 831 2161 θεοὺς
893 2099 1230 2170 ἀλλοτρίους.
1310 2101 1472 2154 Ἀλλά
1520 2105 1730 2171 πρᾶττε

149 2188 455 2256 συνιόμως,
487 2190 514 2241 ὃ
539 2189 721 2258 βούλει
752 2193 1013 2261 πράττειν
1045 2192 1168 2246 καθὙ
1209 2192 1365 2262 ἡμῶν
1385 2211 1398 2224 ο
1430 2196 1591 2264 ἡμεῖς
1623 2195 1734 2266 γὰρ

148 2278 366 2337 τελείως
405 2279 509 2338 ,τὸν
565 2284 813 2346 γενναῖον
873 2283 1029 2352 ἡμῶν
1083 2285 1344 2353 λογισμὸν
1394 2287 1733 2357 ἡδρασμένον

148 2368 345 2436 ἔχομεν
369 2370 452 2431 είς
497 2371 754 2441 Χριστόν.
789 2375 923 2427 Τότε
963 2375 1241 2445 θυμωθεὶς
1285 2378 1312 2428 ὁ
1344 2372 1575 2447 ήλίεμων
1607 2381 1732 2433 ἐκέ·

149 2458 304 2517 λευσε
361 2464 784 2534 περιαιρεθῆναι
817 2466 997 2517 αὐτῶν
1031 2470 1098 2519 τα
1154 2469 1346 2536 ἱμάτια
1378 2471 1471 2520 καὶ
1503 2471 1732 2536 ἄγεσθαι

151 2553 350 2614 αὐτοὺς
383 2556 481 2605 καὶ
515 2557 592 2622 μὴ
624 2555 984 2624 βουλομένους
1035 2560 1114 2621 είς
1141 2561 1231 2611 τον
1261 2561 1384 2614 ναὸν
1414 2561 1523 2612 τῶν
1560 2561 1729 2614 εἰδώ-

149 2644 275 2698 λων.
312 2641 498 2698 Ἶιααν
532 2648 588 2698 δὲ
615 2651 681 2700 τὰ
716 2650 909 2703 εἴδωλα
939 2653 1156 2705 ἅπαντα
1198 2658 1734 2726 περικεχρυσωμένα

150 2744 241 2794 καὶ
281 2743 654 2814 ὲστολισμὲνα
684 2746 877 2815 κόσμῳ
909 2747 1197 2800 πολυτελεῖ
1229 2752 1318 2800 καὶ
1343 2750 1602 2819 λαμπρῷ.
1626 2751 1736 2804 Καὶ

149 2835 408 2889 εἰσελθὼν
432 2839 460 2890 ὁ
495 2839 719 2909 ἡγεμὼν
747 2835 901 2894 εἶπεν
930 2842 1110 2904 αὐτοῖς
1129 2857 1142 2870 ο
1169 2841 1381 2893 Θύσατε
1403 2842 1480 2909 τῷ
1513 2846 1736 2912 μεγαλῳ

151 2924 254 2994 θεῷ
301 2925 600 2995 Ἡρακλεῖ·
641 2933 841 2992 πάντες
876 2931 1016 2982 ἴδετε
1059 2931 1156 2999 τὴν
1208 2930 1364 2994 δόξαν
1396 2931 1489 2984 καὶ
1523 2932 1619 3001 τὴν
1643 2930 1734 2982 δύ-

151 3033 313 3083 ναμιν
342 3008 537 3072 αὑτοῦ.
586 3019 646 3070 '0
679 3021 830 3086 ἅγιος
863 3021 1148 3090 Τερέντιος
1201 3015 1356 3075 εἶπεν
1384 3039 1398 3052 ·
1433 3023 1734 3088 Πλανᾶσαι,

149 3101 192 3160 ὦ
230 3109 466 3176 ἡγεμον,
514 3108 591 3177 μὴ
645 3109 799 3171 εἰδὼς
830 3109 892 3161 τὸ
953 3109 1231 3178 συμφέρον
1281 3126 1363 3161 σοι
1387 3126 1402 3140 ·
1434 3107 1577 3163 οὗτοι
1604 3113 1732 3181 γὰρ,

1837 1940 2108 1999 gentoque
2168 1942 2222 1984 et
2285 1933 2538 1999 pretiosis
2601 1942 2760 1988 erant
2813 1934 3054 1988 vestibus
3119 1944 3406 1987 exeritum.

1834 2019 2110 2089 ingressus
2175 2021 2624 2086 Fortunatiauus,
2685 2024 2822 2077 dixit
2877 2025 3006 2080 eis:
3056 2025 3250 2094 Magno
3308 2028 3410 2077 deo

1838 2108 2055 2163 Herculi
2095 2112 2425 2165 sacriﬁcate.
2484 2111 2722 2166 Gloriam
2781 2115 2924 2166 enim
2980 2124 3034 2167 et
3079 2125 3404 2182 potestatem

1835 2201 1952 2270 ejus
1972 2204 2312 2272 conspicitis.
2345 2203 2526 2267 Erras,
2553 2205 2728 2276 inquit
2757 2203 3067 2270 Terentius,
3099 2218 3153 2260 et
3188 2209 3407 2274 ignoras

1840 2294 1911 2357 id,
1947 2299 2086 2362 quod
2125 2297 2220 2350 tibi
2253 2298 2384 2350 utile
2413 2310 2518 2352 est.
2554 2297 2645 2350 Dei
2694 2299 2837 2352 enim
2892 2298 2980 2352 isti
3048 2299 3144 2362 tui,
3201 2299 3410 2369 lapides

1838 2397 1986 2450 sunt,
2012 2400 2063 2440 et
2090 2388 2254 2458 ligna,
2287 2401 2340 2443 et
2370 2405 2464 2453 tes,
2495 2399 2546 2443 et
2580 2389 2805 2444 ferrum.
2847 2390 3037 2445 Ornati
3071 2401 3250 2443 autent
3279 2400 3410 2444 sunt

1838 2493 1993 2540 auro,
2026 2491 2081 2532 ut
2113 2481 2362 2536 homines
2387 2483 2676 2551 decipiant,
2723 2493 2778 2535 et
2807 2484 3079 2536 abduCant
3114 2483 3182 2536 ab
3208 2494 3410 2536 αξιοι-ηε

1839 2568 1968 2620 vita.
2004 2566 2137 2621 Nam
2176 2571 2275 2638 ipsi
2327 2572 2542 2638 quidem
2574 2587 2679 2625 n0n
2712 2575 2912 2637 vident,
2963 2588 3062 2628 nec
3094 2574 3408 2642 loquumur,

1838 2673 1937 2712 nec
1967 2659 2212 2725 audiunt,
2245 2676 2340 2714 nec
2373 2664 2654 2717 ambulant
2695 2680 2711 2716 :
2750 2667 2948 2733 quippe
2980 2666 3071 2732 qtti
3121 2668 3188 2717 ab
3228 2665 3398 2718 homi-

1840 2752 1996 2806 nibus
2026 2754 2219 2820 seulpti
2259 2753 2587 2826 conﬂatique
2611 2767 2759 2820 sunt,
2787 2769 2842 2811 et
2877 2761 2927 2810 in
2965 2759 3244 2813 hominum
3277 2775 3406 2827 spe-

1839 2845 1976 2896 ciem
2009 2846 2358 2910 conformati,
2393 2858 2448 2898 nt
2475 2850 2539 2900 ad
2581 2851 2718 2902 hanc
2767 2849 2986 2918 impiam
3028 2853 3407 2918 cogitationem

1839 2947 1952 2995 cos,
2001 2933 2091 3000 qni
2124 2936 2224 2988 sibi
2274 2949 2485 3004 parent,
2526 2951 2893 2994 convertant:
2942 2959 2960 2992 t
2999 2939 3214 2996 Similes
3264 2944 3407 2997 enim

1839 3038 2024 3078 eorum
2060 3035 2206 3090 sunt,
2241 3030 2331 3095 qui
2362 3028 2568 3083 faciunt
2596 3047 2655 3085 ea
2689 3040 2744 3085 et
2777 3047 2987 3092 omnes,
3015 3037 3104 3100 qui
3132 3037 3409 3087 coniidnnt

1841 3113 1892 3166 in
1917 3115 1998 3169 eis
2024 3116 2064 3168 ².
2100 3134 2119 3166 ι
2157 3113 2352 3180 Dicite,
2389 3132 2572 3186 qumso
2609 3134 2622 3170 :
2659 3119 2748 3172 Isti
2787 3134 2923 3187 quos
2969 3119 3102 3174 deos
3129 3121 3406 3186 asseritis,

147 3168 447 3268 οὒς-λέξεις
479 3168 656 3266 θεούς,
681 3168 819 3253 λίθοι
852 3202 959 3254 εἰσὶ
985 3168 1090 3255 καὶ.
1110 3168 1242 3265 ξύλα
1269 3201 1360 3253 καὶ
1404 3168 1732 3270 χαλκὸς-καὶ

1840 3217 2136 3272 possumne
2196 3209 2303 3263 sibi
2334 3211 2463 3278 ipsis
2493 3211 2765 3280 Opitulari,
2789 3223 2847 3266 et
2885 3229 3000 3276 eos,
3038 3230 3068 3266 ιι
3099 3214 3294 3282 quibus
3322 3214 3412 3266 la:-

152 3293 401 3362 σίδηρος·
435 3295 811 3364 κεκόσμηνται
837 3295 892 3347 δὲ
920 3293 1104 3364 χρυσῴ
1137 3295 1230 3346 καὶ
1261 3293 1537 3363 ἱματισμῷ
1565 3292 1732 3346 πολυ-

148 3385 293 3436 τελεί
329 3385 468 3451 πρὸς
490 3386 551 3437 τὸ
596 3385 901 3437 πλανᾶσθαι
955 3386 1081 3447 τοὺς
1119 3386 1376 3453 ἀνοήτους
1410 3384 1730 3453 ἀνθρώπους

1837 3295 2058 3362 duntur,
2109 3298 2341 3351 ulcisci?
2373 3298 2526 3364 Quod
2558 3303 2600 3354 si
2632 3304 2729 3369 ipsi
2769 3301 2870 3356 sibi
2913 3302 3120 3357 auxilio
3143 3316 3263 3356 esse
3293 3317 3403 3356 non

1843 3397 2091 3458 possunt,
2115 3391 2387 3457 quomodo
2415 3390 2572 3444 nobis
2601 3393 3059 3460 opitulabuntur?

149 3479 241 3532 ὑπ’
278 3479 490 3544 αὐτῶν,
543 3478 640 3552 τοῦ
700 3481 1004 3549 ἀποστῆναι
1034 3479 1134 3551 μὲν
1186 3480 1282 3549 τῆς
1311 3479 1530 3532 αἰωνίου
1562 3483 1728 3551 ζωῆς,
1765 3483 1844 3553 τῷ
1900 3486 2033 3554 πυρὶ
2102 3486 2158 3537 δὲ
2227 3488 2736 3560 παραπεμφθῆναι’
2796 3488 2919 3543 οὗτε
2974 3492 3078 3562 γὰρ
3123 3491 3411 3562 βλέπουσιν

147 3574 271 3626 οὗτε
302 3573 564 3626 λαλοῦσιν
600 3573 725 3628 οὕτε
766 3573 1077 3639 ἀκούουσιν,
1140 3573 1245 3626 ὑπὸ
1278 3575 1386 3642 γὰρ
1431 3571 1734 3644 ἀνθρώπων
1770 3573 2065 3644 γλυφέντες
2122 3576 2216 3628 καὶ
2249 3579 2632 3645 χωνευθὲντες,
2667 3581 2761 3633 καὶ
2799 3583 2878 3644 εἰς
2909 3577 3048 3645 εἶδος
3109 3585 3412 3653 ἀνθρώπων

145 3668 522 3732 τυπωθέντες,
581 3671 980 3741 μεταφέρουσιν
1033 3671 1114 3731 εἰς
1162 3672 1262 3739 τὴν
1311 3669 1469 3723 ἄθεον
1528 3669 1734 3725 τούτων
1774 3671 1983 3725 ἔννοιαν
2013 3676 2138 3736 τοὺς
2174 3673 2530 3744 πειθομένους
2577 3676 2794 3738 αὐτοῖς·
2841 3677 3059 3745 Ὅμοιοι
3125 3680 3181 3731 δὲ
3230 3679 3412 3732 αὐτῶν

146 3769 285 3820 εἰσιν
315 3770 364 3820 οἱ
413 3769 697 3829 ποιοῦντες
734 3767 874 3820 αὐτὰ
911 3766 1006 3819 καὶ
1076 3766 1279 3827 πάντες
1323 3767 1372 3816 οἱ
1407 3766 1729 3827 πεποιθότες
1768 3768 1855 3820 ἐπ’
1881 3769 2086 3830 αὐτοῖς.
2130 3787 2151 3820 ι
2208 3770 2413 3822 Εἴπατε
2444 3770 2500 3822 δὲ
2548 3772 2699 3840 ἡμῖν,
2737 3767 2847 3840 ἆρα
2882 3774 2929 3825 οἱ
2960 3772 3071 3825 θεοὶ
3103 3773 3274 3842 ὑμῶν,
3316 3771 3413 3836 οὓς

146 3864 360 3931 λέγετε,
384 3853 645 3916 δύνανται
665 3864 878 3925 ἑαυτοῖς
909 3861 1174 3932 βοηθῆσαι
1205 3861 1239 3930 ἢ
1263 3860 1600 3931 ἀμείψασθαί
1627 3878 1732 3915 τινι
1773 3863 2108 3934 ἀμυνομένῳ
2159 3864 2384 3930 αὑτοῖς;
2422 3864 2485 3916 Εἰ
2549 3863 2641 3917 οὖν
2688 3865 2874 3927 αὐτοῖς
2924 3865 3200 3935 βοηθήσαι-
3219 3869 3279 3919 οὐ
3316 3867 3413 3920 δύ-

145 3977 362 4019 νανται,
390 3960 510 4020 πῶς
543 3961 672 4027 ὑμῖν
698 3960 1008 4027 βοηθήσωσι
1033 3975 1048 4022 ;

216 4054 292 4108 1".
318 4052 514 4107 Ταῦτα
543 4051 784 4113 ἀκούσας
813 4054 840 4103 ὁ
888 4052 1113 4121 ἡγεμὼν
1163 4053 1258 4106 καὶ
1290 4052 1542 4124 ἐμμανὴς
1581 4053 1738 4121 γενά-

151 4165 315 4216 μενος
350 4145 584 4215 σφόδρα,
613 4143 867 4196 ἐκέλευσε
897 4144 988 4196 τὸν
1027 4145 1304 4212 μακάριον
1333 4146 1619 4214 Ἰἐρέντιον
1642 4146 1738 4198 καὶ

160 4235 522 4306 Ἀιρρικανδν,
550 4233 802 4301 Μάξιμὸν
843 4250 903 4286 τε
931 4234 1025 4287 καὶ
1049 4233 1294 4304 Πόμπιον
1332 4235 1389 4285 ἐν
1419 4237 1485 4302 τῇ
1521 4235 1738 4304 φρουρᾷ

147 4330 421 4398 βληθῆναι
455 4325 541 4397 ’τῇ
587 4326 838 4396 ὲ-ιδοτέρᾳ
895 4326 991 4380 καὶ
1024 4329 1162 4396 μετᾶ
1194 4326 1374 4395 πάσης
1427 4324 1731 4394 ἀσφαλείας

146 4420 443 4490 τηρεῖσθαι
475 4418 696 4479 αὐτοὺς,
745 4411 946 4470 εἰπών·
989 4418 1078 4471 Ἐν
1108 4421 1172 4489 τῇ
1218 4419 1488 4490 μελλούσῃ
1528 4421 1736 4490 προόδῳ

148 4513 372 4566 ἀκούσω
404 4509 610 4565 αὐτῶν.
643 4511 780 4572 Τοὺς
815 4511 872 4562 δὲ
908 4513 1038 4580 περὶ
1062 4512 1152 4562 τὸν
1181 4512 1452 4580 μακάριον
1487 4513 1733 4580 Ζήνωνα,

151 4605 249 4657 καὶ
293 4603 674 4674 Ἀλέξανδρον,
711 4601 807 4656 καὶ
834 4601 1110 4670 Θεόδωρον
1140 4643 1156 4668 ,
1184 4602 1344 4662 ὄντας
1382 4603 1472 4654 τὸν
1504 4603 1738 4673 ἀριθμὸν

149 4693 262 4761 λς’,
297 4695 638 4764 προσέταξεν
666 4694 743 4762 τῷ
779 4695 986 4766 βήματι
1039 4695 1272 4764 ἀχθῆναι
1315 4694 1408 4747 καὶ
1464 4693 1610 4760 λέγει
1641 4695 1744 4746 αὑ-

149 4793 300 4851 τοῖς·
349 4787 540 4858 Μηδὲν
591 4785 966 4854 ὠφεληθέντες
1014 4788 1079 4837 ἐκ
1129 4786 1226 4854 τῆς
1262 4787 1532 4857 προτέρας
1583 4784 1736 4854 ὑμῶν

150 4881 474 4951 ὁμολογίας,
533 4880 636 4934 κᾶν
691 4880 785 4932 νῦν
821 4877 1082 4948 πείσθητε
1142 4894 1232 4948 μοι
1292 4881 1383 4930 καὶ
1429 4878 1628 4930 θύσατε
1659 4878 1737 4947 τῷ

157 4973 386 5044 μεγάλῳ
440 4971 562 5040 Θεῷ
625 4970 905 5041 Ἡρακλεῖ.
967 4973 1031 5025 Οἱ
1064 4970 1122 5021 δὲ
1172 4967 1320 5036 ἅγιοι
1349 4969 1739 5037 ἀποκριθέντες

152 5063 344 5118 εἷπον·
412 5065 605 5134 Ἡμεῖς
657 5063 918 5126 πολλάκις
979 5080 1060 5115 σοι
1108 5062 1336 5130 εἴπομεν
1366 5062 1494 5129 περί
1520 5060 1733 5113 τούτου·

151 5160 293 5211 ἀλλὰ
333 5159 430 5211 καὶ
480 5160 547 5210 ἑκ
581 5156 690 5208 τῶν
748 5157 1030 5225 προτέρων
1089 5155 1490 5223 ὲπερωτήσεων
1540 5154 1734 5220 ἔγνως,

151 5252 237 5306 ὅτι
271 5249 593 5324 Χριστιανοί
622 5251 792 5318 ἐσμεν
827 5248 1049 5311 τέλειοι,
1104 5248 1198 5300 καὶ
1235 5247 1297 5299 οὐ
1332 5246 1539 5306 πείθεις
1587 5247 1738 5315 ἡμᾶς

152 5346 541 5414 προσκυνῆσαι
580 5341 822 5405 εἰδώλοις
877 5341 1209 5413 ἀκαθάρτοις
1256 5340 1416 5392 ποτέο
1453 5339 1512 5391 τὸ
1551 5338 1737 5391 λοιπὸν

153 5435 303 5488 παίει
329 5438 388 5487 ἐν
415 5433 638 5503 ταχει,ὃ
669 5433 873 5504 βούλει,
907 5434 986 5497 εἰς
1013 5435 1180 5504 ἡμᾶς.
1215 5432 1275 5485 Ὀ
1306 5428 1531 5501 ήγεμὼν
1559 5426 1733 5482 εἶπεν·

155 5529 230 5581 οὐ
263 5529 519 5582 πείθεσθε
558 5544 653 5596 μοι
684 5527 1096 5596 παρακαλοῦντι
1121 5525 1306 5595 ὑμᾶς;
1355 5523 1738 5594 ἀναγκάζομαι

152 5617 246 5678 οὖν
274 5623 338 5675 τὸ
367 5620 669 5675 κελευσθέν
695 5637 786 5690 μοι
814 5621 963 5690 παρά
995 5619 1104 5674 τῶν
1147 5618 1433 5690 ἀηττήτων
1473 5614 1738 5686 βασιλέων

223 5767 242 5796 ²
273 5765 416 5822 Psal.
469 5777 637 5830 οιιιι,
677 5758 737 5818 Β.

1913 4050 2004 4106 Ill.
2037 4048 2162 4105 "ate
2196 4047 2425 4104 audiens
2449 4049 2945 4119 pr:t:fecttts,jttssit
2978 4050 3315 4116 Terentium,
3357 4061 3413 4107 et

1842 4144 2176 4209 Africanum,
2211 4153 2265 4197 et
2297 4141 2612 4207 Maximum,
2663 4154 2717 4198 ct
2765 4144 3078 4213 Pompeium
3130 4145 3182 4198 in
3229 4162 3416 4200 carce-

1844 4252 1954 4289 rem
1981 4237 2295 4289 interiorem
2333 4240 2568 4298 detrudi,
2613 4244 2667 4288 et
2715 4241 2860 4288 omni
2909 4235 3184 4307 diligentia
3223 4250 3413 4290 cuSto-

1839 4328 1963 4392 diri,
1993 4326 2145 4392 Cras,
2171 4328 2440 4396 inquiens,
2467 4327 2676 4380 audiam
2702 4327 2840 4383 illos.
2869 4325 3087 4382 Beatum
3118 4331 3413 4385 antetule-

1843 4436 2059 4480 nonem,
2086 4431 2137 4472 et
2168 4421 2556 4481 Alexandrum,
2584 4430 2635 4472 et
2667 4417 3010 4474 Theodorum
3041 4440 3159 4474 cum
3192 4423 3412 4491 reliquis

1839 4509 2026 4571 sociis,
2060 4509 2150 4574 qui
2184 4518 2342 4562 erant
2370 4522 2581 4561 omnes.
2620 4524 2845 4562 numero
2895 4511 3113 4578 triginta
3164 4526 3282 4576 sex,
3341 4517 3408 4566 ad

1843 4600 2075 4654 tribunal
2115 4601 2379 4654 adduetos
2427 4600 2508 4654 sic
2550 4599 2884 4670 alloquitur:
2923 4600 3067 4656 Cum
3113 4619 3177 4657 ex
3241 4607 3407 4673 priori

1841 4705 2017 4748 vestra
2071 4694 2418 4748 contentione
2450 4693 2583 4745 nihil
2634 4695 2881 4748 utilitatis
2913 4695 3281 4764 perceperitis,
3316 4713 3412 4765 pa-

1842 4795 1954 4838 rete
1986 4784 2140 4845 mihi,
2173 4792 2228 4835 et
2261 4797 2454 4852 magno
2485 4785 2584 4836 deo
2619 4781 2834 4841 Herculi
2867 4785 3163 4839 imntolsite.
3185 4790 3252 4840 At
3286 4790 3358 4842 illi
3393 4807 3408 4843 :

1841 4874 2214 4944 Saepius‘jam,
2241 4876 2510 4943 inquiunt,
2545 4874 2802 4937 diximus,
2834 4891 2932 4929 nos
2965 4891 3086 4932 esse
3137 4878 3409 4932 Christia-

1841 4984 1962 5031 nos,
1998 4971 2049 5023 id
2083 4968 2229 5038 quod
2269 4981 2332 5019 ex
2363 4968 2736 5034 superioribus
2784 4966 3172 5032 quaestionibus
3212 4970 3412 5022 intelli-

1840 5080 1967 5134 gere
2002 5063 2225 5131 potuisti
2274 5075 2288 5114 :
2329 5076 2427 5115 nec
2463 5070 2519 5113 ttt
2562 5059 2718 5112 nobis
2751 5074 2991 5126 unquam
3031 5065 3404 5126 persuadebis,

1843 5169 1900 5209 ut
1926 5154 2064 5208 idola
2101 5156 2308 5217 impura
2339 5150 2584 5206 colamus
2617 5160 2672 5205 et
2709 5154 3018 5206 adoremus.
3053 5151 3233 5206 Facile
3263 5160 3410 5208 enim

1842 5262 2150 5318 possumus,
2195 5248 2452 5317 quidquid
2507 5249 2561 5301 in
2611 5248 2748 5301 hanc
2802 5245 3128 5301 sententiam
3184 5243 3408 5312 dixeris,

1843 5345 2144 5398 confutare.
2175 5340 2289 5393 Non
2324 5341 2509 5404 vultis,
2543 5340 2718 5410 inquit
2744 5338 3050 5407 przefectus,
3079 5339 3414 5394 Cohortatio-

1843 5451 1941 5489 nes
1979 5449 2124 5489 meas
2148 5432 2377 5487 audire?
2415 5432 2581 5502 Atqui
2632 5432 2959 5487 invictarum
3021 5431 3412 5500 imperatorum

1837 5525 1991 5595 jussa
2019 5525 2201 5580 facere
2244 5525 2532 5593 cogemini.
2569 5523 2638 5579 Et
2681 5524 2847 5592 jussit
2885 5540 2978 5580 eos
3010 5527 3217 5593 asperis
3250 5527 3413 5594 virgis

1842 5627 1897 5673 et
1921 5619 2101 5672 nervis
2129 5617 2406 5687 vapulare.
2435 5622 2502 5670 At
2531 5617 2629 5682 illi,
2660 5615 2889 5672 sublatis
2921 5617 2973 5672 in
3014 5617 3208 5673 celum
3236 5618 3413 5673 mani-
