4208 6300
830 352 931 415 1οἹ

2118 344 2402 404 MENSIS
2442 344 2772 403 APRILIS.

3972 334 4074 398 108

824 464 1111 522 multitudo
1144 460 1263 514 ideo
1289 457 1612 520 conﬂuebat,
1644 463 1696 510 et
1720 468 1904 509 eorum
1924 453 2109 509 fruens
2126 453 2393 517 doctrina,
2425 459 2453 514 Α

2503 452 2706 522 πλῆθος
2746 454 2899 524 παρὰ
2924 450 3083 506 τοῦτο
3127 449 3415 521 συνέρῤεον
3462 452 3555 505 καὶ
3604 450 3699 521 τῆς
3732 447 3859 521 παρ’
3893 445 4072 503 αὐτῶν

825 556 1055 611 libenter
1099 550 1392 606 accedebat
1453 546 1518 602 ad
1571 545 1846 613 pietatem.
1887 541 1992 597 Sed
2030 541 2143 597 ﬁeri
2174 542 2394 597 omnino

827 661 934 701 non
986 652 1215 716 poterat,
1246 648 1303 695 ut
1335 638 1428 707 qui
1484 636 1583 689 fuit
1633 635 1699 688 ab
1728 634 1881 687 initio
1913 633 2175 689 bonorum
2203 633 2401 687 advero

826 739 1023 801 sarius,
1065 750 1185 791 cum
1234 735 1344 790 bmc
1379 730 1457 785 sic
1500 728 1709 790 ﬁerent,
1750 724 1986 794 quietem
2022 732 2222 794 ageret.
2276 722 2391 779 Non

827 827 1032 898 quievit
1056 826 1260 893 itaque,
1299 822 1391 877 sed
1418 834 1537 875 cum
1568 816 1866 871 invenisset
1898 817 2141 885 egregios
2167 814 2393 869 admini-

823 932 971 974 stros
1002 932 1113 972 sua:
1143 915 1377 976 malitiae,
1399 912 1476 965 eis
1501 908 1787 980 persuadet
1805 919 1863 961 ut
1893 917 2111 962 sanctos
2137 914 2393 962 accusent

826 1012 967 1080 apud
1026 1008 1267 1069 Decium,
1299 1005 1440 1073 quod
1472 1004 1581 1057 sint
1607 1014 1661 1056 et
1693 1002 1747 1055 in
1805 1001 1933 1054 deos
1957 998 2105 1066 impii
2137 1014 2232 1054 eos
2265 1000 2396 1054 abo-

831 1103 1117 1163 minantes,
1149 1108 1203 1152 et
1239 1104 1536 1165 sequantur
1586 1106 1777 1145 vanam
1817 1089 2244 1145 Christianorum
2274 1091 2393 1159 opi-

828 1192 1066 1246 nionem.
1097 1188 1186 1243 llle
1210 1196 1386 1239 autem
1415 1182 1594 1237 liac're
1617 1181 1933 1251 gravissime
1959 1179 2203 1247 allectus,
2233 1178 2394 1235 Vale-

827 1282 968 1336 rium
1018 1278 1303 1349 quemdam
1355 1288 1707 1337 assessorem,
1762 1286 1881 1327 cum
1923 1286 2032 1341 quo
2087 1286 2172 1324 res
2206 1286 2393 1327 omnes

828 1388 956 1428 suas
977 1367 1409 1426 communicabat
1438 1366 1778 1436 (eratantem
1823 1378 2012 1416 amans
2065 1363 2389 1425 (lannonum,

828 1470 878 1515 et
898 1461 977 1513 vir
1008 1457 1254 1528 agrestis)
1282 1455 1477 1508 emittit
1506 1456 1556 1505 in
1581 1454 1787 1517 Asiam,
1816 1467 1934 1519 qum
1970 1451 2072 1506 sibi
2098 1452 2163 1506 de
2188 1451 2394 1510 sanctis

831 1551 1079 1606 nuntiata
1132 1548 1370 1610 fuerant,
1398 1546 1444 1600 ei
1473 1544 1802 1613 signiﬁcans,
1840 1552 1894 1597 et
1930 1545 1975 1598 ei
2010 1545 2062 1598 in
2091 1545 2210 1598 illos
2239 1552 2391 1613 pote-

828 1652 1020 1696 statem
1072 1638 1409 1709 permittens.
1444 1634 1635 1691 Statim
1659 1650 1785 1705 ergo
1818 1635 2063 1690 Valerius
2091 1637 2229 1689 viam
2263 1650 2393 1689 con-

830 1735 940 1789 iicit
972 1748 1131 1805 quam
1166 1731 1450 1786 celerrime
1481 1749 1493 1783 :
1520 1740 1573 1783 et
1598 1737 1884 1798 postquam
1915 1728 2014 1779 l‘nit
2038 1728 2091 1781 in
2122 1727 2259 1791 loco,
2297 1727 2391 1781 ubi

834 1827 866 1879 ii
916 1826 1201 1893 degebant,
1263 1822 1348 1875 ille
1387 1821 1605 1890 quidem
1685 1821 1865 1873 statim
1922 1819 2039 1873 deis
2069 1819 2223 1873 vanis
2263 1835 2394 1874 con-

828 1925 980 1971 sueta
1031 1915 1197 1967 voluit
1238 1911 1436 1966 oﬂ‘erre
1479 1910 1772 1972 sacrificia,
1804 1911 2030 1979 ejusque
2057 1909 2240 1978 jussus
2272 1926 2395 1964 mox

827 2006 1068 2079 pervasit
1112 2020 1299 2060 omnes
1337 2005 1595 2057 terminos
1625 2002 1864 2073 regionis
1905 2001 2308 2070 Tbyatirorum,
2341 2012 2398 2057 ut

828 2097 1138 2167 quicunque
1174 2096 1224 2148 in
1253 2109 1315 2148 ea
1350 2103 1524 2159 erant,
1553 2093 1689 2147 nihil
1714 2092 2033 2148 cunctantes
2065 2095 2313 2147 venirent
2343 2093 2394 2146 in

828 2203 952 2243 eum
1002 2188 1179 2243 locum
1233 2186 1324 2240 ubi
1354 2186 1501 2239 ﬂeret
1527 2184 1873 2249 sacrificium,
1908 2185 2200 2251 gratiarum
2226 2184 2397 2238 actio-

829 2294 925 2334 nes
947 2278 1050 2348 ipsi
1089 2289 1302 2347 quoque
1337 2274 1439 2327 diis
1464 2273 1603 2326 illius
1624 2271 1905 2335 reddituri,
1930 2280 1979 2323 nt
2008 2270 2097 2340 qui
2128 2269 2289 2324 nollet
2309 2286 2397 2324 so-

829 2371 937 2423 lum
976 2378 1261 2439 aegrotare,
1298 2365 1389 2419 scd
1420 2396 1421 2403 ι
1451 2364 1585 2419 alios
1638 2378 1851 2435 quoque
1886 2363 2045 2418 vellet
2075 2362 2181 2416 l'rui
2210 2364 2395 2417 eodem

832 2459 1037 2515 morbo.
1071 2459 1183 2511 Hoc
1224 2468 1401 2510 autem
1430 2454 1660 2508 ducebat
1683 2453 2088 2507 essesulliciens
2109 2467 2397 2521 argumen-

831 2562 945 2604 tum
977 2547 1258 2604 sententiaa
1306 2555 1621 2615 marlyrurn.
1662 2543 1881 2598 Dicebat
1934 2545 2076 2598 enim
2137 2546 2273 2598 intra
2316 2559 2394 2609 se,

827 2641 971 2710 quod
1001 2639 1043 2691 si
1073 2639 1216 2707 ipsos
1242 2636 1456 2705 quidem
1477 2634 1668 2690 viderit
1693 2634 2055 2690 communiter
2077 2637 2399 2691 convenien-

830 2746 910 2785 tes
941 2746 1060 2785 cum
1102 2728 1440 2783 multitudine
1468 2728 1534 2781 ad
1568 2728 2000 2791 sacriﬁcandum,
2050 2728 2185 2783 falsa
2236 2744 2401 2798 appa-

832 2823 1027 2876 rebunt
1056 2819 1296 2882 omnino,
1326 2832 1445 2887 qum
1466 2818 1716 2871 dixerunt
1742 2818 1917 2872 Decio.
1942 2819 2037 2873 Sin
2070 2822 2266 2886 minus,
2294 2836 2397 2874 non

830 2922 911 2968 est
933 2913 1035 2967 alia
1065 2912 1237 2984 major
1277 2910 1634 2980 exspectanda
1678 2909 1941 2979 probatio.

2496 543 2865 607 ἀπολαύοντες
2899 543 3274 607 διδασκαλίας,
3301 542 3527 612 ἄσμενοι
3583 541 3973 611 προσεχώρουν

2496 632 2769 705 εὐσεϐείᾳ.
2829 633 2970 687 Ἀλλ’
3001 634 3102 687 οὐκ
3153 629 3222 704 ἦν
3253 632 3470 694 πάντως
3505 632 3597 685 τὸν
3629 632 3688 696 ἐξ
3720 632 3895 701 ἀρχῆς
3922 632 4075 685 ἀντι-

2496 726 2748 797 κείμενον
2777 727 2889 790 τοῖς
2912 726 3137 795 ἀγαθοῖς
3170 726 3374 778 τούτων
3420 723 3564 777 οῦτω
3606 723 3911 793 γινομένων
3939 724 4074 791 ησυ-

2496 820 2619 890 χίαν
2647 821 2801 890 ἄγειν
2832 834 2848 849 ·
2875 818 3071 872 οὐκοῦν
3102 818 3223 871 ούδέ
3251 817 3519 887 ἡσύχαζεν
3546 856 3561 881 ,
3604 814 3741 869 ἀλλὰ
3771 815 3872 883 τῆς
3906 811 4073 868 αὑτοῦ

2497 912 2693 974 κακίας
2726 911 3035 981 ὑπουργοὺς
3066 911 3166 963 ούκ
3188 912 3443 979 ἀγεννεῖς
3483 906 3754 980 εὑρηκὼς,
3784 905 4075 960 ἐνδιαϐάλ-

2496 1004 2607 1055 λειν
2634 1003 2915 1056 ἀναπείθει
2938 1003 3113 1072 Δεκίῳ
3139 1004 3266 1065 τοὺς
3298 1002 3609 1072 μάρτυρας,
3640 1002 3722 1054 ὅτι
3753 1016 3813 1052 τε
3852 998 4074 1061 ἀσεϐεῖς

2496 1095 2565 1146 τὰ
2584 1094 2716 1162 πρὸς
2746 1093 2900 1156 θεούς
2936 1095 3065 1155 είσι,
3087 1094 3181 1146 καὶ
3206 1094 3288 1146 ὅτι
3320 1092 3419 1162 τὴν
3448 1093 3641 1160 καινὴν
3671 1092 3779 1143 τῶν
3805 1092 4073 1161 Χριστια-

2497 1186 2601 1239 νῶν
2643 1185 3006 1254 πρεσϐεύουσι
3038 1186 3219 1251 δόξαν.
3291 1185 3349 1237 'O
3401 1185 3457 1237 δὲ
3511 1183 3881 1254 χαλεπώτατα
3937 1184 4075 1253 πρὸς

2496 1276 2653 1330 τοῦτο
2682 1276 2971 1339 διατεθεὶς,
3006 1276 3303 1345 Οὐαλέριόν
3332 1293 3455 1329 τινα
3485 1275 3872 1344 συγκάθεδρον,
3897 1273 3955 1337 ὃς
3982 1272 4076 1326 καὶ⁵

2497 1370 2604 1421 τῶν
2636 1370 2770 1423 ὅλων
2811 1370 2958 1439 αύτῷ
2986 1368 3287 1433 ἐκοινώνει,
3319 1368 3684 1437 φιλοδαίμονα
3739 1368 3836 1421 καὶ
3877 1368 4073 1439 ἄγριον

2497 1460 2684 1531 ἄνδρα,
2727 1461 2859 1531 πρὸς
2908 1461 3008 1531 τὴν
3074 1462 3260 1514 Ἀσίαν
3321 1462 3624 1528 ἐκπέμπει,
3680 1461 3777 1512 ἅτε
3808 1460 4075 1528 περὶτῶν

2496 1554 2667 1622 ἁγίων
2699 1553 2847 1623 αύτῴ
2870 1553 3155 1623 ἀνηγγέλη
3188 1552 3455 1621 γνωρίσας
3489 1553 3583 1604 καὶ
3626 1550 3723 1620 τὴν
3777 1549 3894 1603 κατ’
3928 1548 4075 1602 ἐκεί-

2496 1664 2602 1700 νων
2635 1645 2881 1709 ἐξουσίαν
2928 1645 3230 1715 ἐπιτρέψας
3266 1644 3437 1713 αὐτῷ.
3490 1641 3700 1695 Αὐτίκα
3736 1636 3827 1695 οῦν
3872 1639 4076 1692 Οὐαλέ-

2503 1756 2615 1808 ριος
2655 1743 2753 1807 τὴν
2800 1738 2919 1790 ὁδὸν
2946 1738 3024 1801 είς
3053 1739 3189 1807 ταχὺ
3222 1734 3395 1795 ἀνύει,
3423 1734 3517 1787 καὶ
3545 1733 3736 1802 ἐπειδὴ
3760 1733 3817 1784 ἐν
3842 1723 3887 1800 ᾧ
3923 1725 4072 1785 οῦτοι

2499 1831 2683 1899 διῆγον
2718 1812 2909 1896 γέγονε
2956 1829 3129 1896 τόπῳ,
3166 1829 3194 1879 ὀ
3228 1826 3325 1895 μὲν
3352 1824 3511 1887 εὐθὺς
3546 1826 3656 1886 τοῖς
3698 1821 3949 1893 ματαίοις
3979 1820 4078 1882 τὰς

2501 1922 2754 1991 συνήθεις
2787 1921 3034 1989 προσῆγε
3066 1919 3289 1981 θυσίας’
3344 1917 3751 1987 προστάγματα
3806 1916 3864 1970 δὲ
3901 1913 4076 1968 αὑτοῦ

2500 2015 2679 2067 πᾶσαν
2703 2014 2834 2082 ὅσην
2854 2015 2899 2065 οί
2926 2012 3239 2080 Θυατείρων
3268 2012 3487 2080 ἐπεῖχον
3510 2010 3647 2079 ὅροι,
3680 2006 3819 2061 κατά
3838 2004 4078 2077 σπουδὴν

2497 2104 2877 2173 διελάμϐανεν,
2911 2104 3051 2157 ὥστε
3077 2103 3203 2163 τοὺς
3232 2101 3369 2170 αὐτῇ
3411 2101 3643 2164 πάντας,
3684 2098 3812 2152 ἔνθα
3845 2100 3879 2168 ἡ
3914 2097 4078 2151 θυσία

2498 2197 2717 2264 γίνοιτο,
2747 2195 2911 2264 μηδὲν
2940 2193 3237 2262 μέλλοντας
3263 2191 3509 2259 ἀπαντᾷν
3542 2189 3638 2251 τὰς
3682 2188 4077 2257 χαριστηρίους

2498 2286 2661 2353 εὐχὰς
2694 2283 2791 2337 καὶ
2836 2282 3035 2344 αὐτοὺς
3088 2283 3201 2344 τοῖς
3237 2280 3448 2333 ἐκείνου
3500 2277 3643 2341 θεοῖς
3707 2278 4075 2339 συνοίσοντας,

2499 2374 2685 2444 ὥσπερ
2741 2373 2842 2426 οὐκ
2881 2372 3156 2436 ἐθέλοντος
3199 2372 3359 2441 μόνον
3403 2372 3602 2434 νοσεῖν,
3652 2368 3789 2423 ἀλλά
3821 2368 4079 2433 καὶτοὺς

2498 2466 2690 2528 ἄλλους
2714 2464 3125 2535 παραπολαύειν
3151 2462 3302 2534 αύτῷ
3324 2461 3419 2517 τοῦ
3456 2462 3781 2531 νοσήματος.
3814 2460 3989 2513 Τοῦτο
4020 2460 4078 2513 δέ

2500 2556 2607 2628 ἀρα
2642 2557 2942 2626 τεκμήριον
2968 2555 3152 2609 ἱκανὸν
3185 2554 3286 2623 τῆς
3327 2554 3438 2607 τῶν
3475 2552 3774 2623 μαρτύρων
3840 2552 4079 2604 ἐποιεῖτο

2501 2648 2751 2716 γνώμηςσ
2792 2646 2946 2714 ἐλεγε
2983 2647 3090 2717 γὰρ
3123 2647 3217 2711 ὼς,
3247 2648 3294 2699 εί
3330 2646 3428 2715 μέν
3462 2646 3557 2698 καὶ
3583 2644 3781 2706 αὐτοὺς
3818 2645 4079 2713 συνερχο-

2503 2737 2695 2805 μένους
2731 2736 2808 2805 τῷ
2844 2737 3039 2806 πλήθει
3070 2737 3344 2804 καὶκοινῇ
3377 2736 3473 2797 τάς
3505 2735 3698 2797 θυσίας
3736 2734 4078 2803 προσφέρον-

2500 2845 2595 2890 τας
2626 2828 2748 2891 ίδοι,
2777 2826 2946 2898 ψευδῆ
2980 2826 3198 2888 πάντως
3235 2825 3270 2879 ἃ
3302 2824 3437 2893 πρὸς
3469 2825 3560 2878 τὸν
3593 2824 3783 2876 Δέκιον
3814 2826 4079 2877 κατεῖπον

2500 2921 2679 2975 αὐτῶν
2711 2914 2878 2974 εῖναιο
2908 2921 2956 2973 εί
2985 2919 3041 2972 δέ
3077 2920 3175 2990 μὴ,
3216 2917 3290 2988 μὴ
3326 2915 3509 2970 πίστιν
3559 2917 3753 2987 ἑτέραν
3785 2916 4079 2986 ἀναμένειν

2503 3012 2748 3083 μείζονα.

906 3089 993 3144 Ill.
1025 3088 1160 3145 Cum
1204 3101 1333 3158 ergo
1363 3102 1552 3142 omnes
1585 3087 1802 3158 quidem
1831 3089 1884 3143 in
1908 3090 2083 3144 locum
2113 3090 2395 3144 convenis-
2424 3129 2453 3190 ί

2573 3103 2646 3158 Γ’.
2698 3103 2848 3156 Ἐπεὶ
2906 3098 3001 3157 οῦν
3051 3103 3253 3166 πάντες
3300 3103 3399 3171 μέν
3451 3100 3851 3171 συνδραμόντες
3906 3092 4074 3170 ἦσαν,

829 3188 971 3246 sent,
1004 3188 1062 3234 ut
1120 3187 1449 3249 peragerent
1479 3178 1767 3244 sacrificia,
1800 3179 1897 3235 soli
1932 3190 2110 3234 autem
2146 3180 2397 3237 abessent

833 3271 1181 3326 admirabiles
1229 3270 1335 3325 duo
1363 3278 1627 3341 martyres
1669 3270 1821 3341 (alibi
1852 3270 1997 3327 enim
2027 3272 2261 3338 stabant,
2287 3273 2398 3326 Deo

833 3375 1045 3431 preces,
1098 3373 1288 3430 nempe
1350 3374 1536 3414 verum
1603 3362 1889 3416 reddentes
1916 3361 2294 3430 sacrificium),
2334 3361 2398 3415 iis

837 3453 957 3508 sisti
991 3450 1183 3521 jussis,
1211 3451 1299 3506 ille
1350 3450 1641 3519 superbius
1704 3464 1768 3505 ac
1826 3450 2019 3505 elatius
2052 3466 2144 3507 eos
2196 3452 2401 3521 rogavit

834 3558 1075 3606 causam,
1108 3556 1204 3595 cur
1232 3542 1331 3609 ipsi
1376 3541 1676 3595 abl‘uisseut
1709 3558 1722 3595 :
1756 3540 1951 3597 deinde
1975 3543 2136 3598 etiam
2162 3544 2395 3613 adjecit:

833 3637 901 3687 At
938 3632 1127 3686 saltent
1152 3640 1278 3686 ante
1314 3644 1461 3686 meos
1498 3632 1688 3687 oculos
1722 3633 1946 3701 pulchre
1976 3634 2280 3703 corrigatur
2309 3636 2401 3689 de-

840 3723 1025 3777 lictum
1091 3731 1149 3776 ut
1203 3721 1612 3776 accusatoribus
1665 3720 1865 3775 invidia
1924 3719 1978 3774 in
2019 3730 2180 3791 caput
2213 3735 2397 3775 eorum

833 3821 1204 3876 convertatur,
1251 3820 1305 3865 et
1355 3810 1509 3863 vobis
1560 3809 1779 3875 clarior,
1828 3824 1988 3880 quam
2023 3813 2193 3881 prius,
2231 3813 2398 3881 gloria

832 3905 1059 3960 oriatur.
1095 3904 1176 3958 Ad
1226 3903 1338 3957 haec
1367 3901 1560 3968 sancti,
1590 3901 1682 3972 qui
1712 3911 1767 3956 et
1795 3913 1941 3957 metu
1978 3912 2031 3956 ct
2060 3903 2207 3957 omni
2240 3902 2401 3958 clari-

834 4001 943 4047 tate
1004 3992 1237 4044 humana
1295 3998 1453 4043 erant
1515 3990 2400 4058 superiores:Essetdedecus,o

831 4080 1018 4148 judex,
1072 4079 1324 4131 dixerunt
1398 4085 1661 4145 apertum,
1721 4079 1963 4147 inquam,
2007 4079 2266 4146 dedecus,
2308 4084 2402 4134 lia-

838 4173 965 4225 bere
993 4171 1181 4224 bovem
1214 4178 1269 4223 et
1300 4167 1514 4223 asinum
1545 4168 1627 4239 (ut
1662 4183 1783 4223 cum
1815 4185 2007 4240 magno
2030 4172 2206 4227 dicam
2240 4171 2398 4244 Isaia)
2438 4208 2446 4216 -

836 4260 926 4327 qui
974 4272 1071 4314 nos
1135 4266 1425 4326 arguerent
1485 4259 1664 4327 magni
1703 4258 1951 4314 criminis
1992 4261 2184 4329 ingrati
2211 4264 2399 4331 animi,

836 4348 1100 4415 siquidem
1146 4346 1219 4400 illi
1277 4346 1495 4415 quidem
1562 4356 1929 4416 cognoverunt
1960 4363 2331 4419 possessorem
2358 4356 2398 4422 ‘,

2499 3197 2640 3250 ὥστε
2692 3196 2788 3259 τάς
2828 3196 3020 3257 θυσίας
3052 3193 3389 3255 ἐπιτελέσαι,
3454 3193 3589 3262 μόνη
3621 3193 3677 3245 δὲ
3724 3193 3757 3261 ὴ
3785 3188 4078 3259 θαυμαστὴ

2498 3288 2605 3340 τῶν
2636 3285 2928 3356 μαρτύρων
2961 3282 3268 3352 ἀπελείφθη
3317 3280 3450 3345 δυὰς
3483 3281 3743 3349 (ἵσταντο
3793 3279 3903 3349 γάρ
3944 3276 4072 3343 ἔξω,

2499 3375 2574 3445 τῷ
2603 3372 2721 3444 Θεῷ
2754 3372 2852 3436 τάς
2877 3371 3067 3442 εὐχὰς,
3093 3371 3191 3442 τὴν
3223 3370 3401 3441 ἀληθῆ
3446 3368 3637 3422 θυσίαν
3686 3366 4077 3439 ἀποδιδόντες),

2502 3465 2996 3537 παραστησάμενος
3027 3464 3225 3527 αὐτοὺς
3259 3465 3505 3535 σχήματι
3571 3459 3938 3534 σοϐαρωτέρῳ
3975 3460 4076 3531 τὴν

2499 3564 2677 3617 αἰτίαν
2707 3561 2894 3634 ἠρώτα
2917 3563 3016 3631 τῆς
3044 3560 3274 3629 ἀπολείψ
3311 3578 3383 3623 ως
3403 3577 3417 3591 ο
3449 3554 3570 3611 εἶτα
3598 3559 3692 3611 καὶ
3724 3555 4037 3629 προσετίθει
4059 3571 4073 3587 '

2500 3657 2628 3708 Ὀτι
2674 3656 2780 3709 κᾶν
2837 3653 2967 3723 γοῦν
3017 3652 3105 3707 ἐπ’
3134 3652 3294 3723 ὄψεσι
3325 3654 3448 3716 ταῖς
3480 3652 3642 3722 ἐμαῖς
3694 3650 3755 3704 τὸ
3790 3650 4079 3720 ὑστέρημα

2501 3746 2680 3811 καλῶς
2708 3745 3178 3817 ἀναπληρωθήτω,
3233 3744 3321 3797 ἵνα
3370 3745 3462 3797 καὶ
3492 3745 3605 3805 τοῖς
3639 3741 3972 3810 κατηγόροις
3999 3740 4079 3803 είς

2501 3837 2743 3905 κεφαλὰς
2760 3838 2787 3887 ὁ
2808 3836 2997 3903 φθόνος
3023 3836 3413 3905 μεταχωρήσῃ,
3438 3834 3532 3885 καὶ
3551 3834 3677 3902 ὑμῖν
3696 3829 4079 3901 λαμπρότερον

2501 3926 2628 3998 ῆτδ
2659 3926 2895 3997 πρόσθεν
2953 3925 3015 3978 τὸ
3068 3925 3225 3988 κλέος
3283 3925 3559 3994 ἀναφανῇ.
3621 3921 3767 3993 Πρὸς
3813 3920 3988 3975 ταῦτα
4028 3921 4078 3973 οί

2502 4020 2644 4088 ἅγιοι
2666 4018 2760 4072 καὶ
2796 4019 2963 4086 φόϐου
2993 4020 3085 4071 καὶ
3116 4018 3479 4088 περιφανείας
3515 4017 3696 4085 πάσης
3723 4015 4076 4083 ἀνθρωπίνης

2501 4106 2761 4177 ἀνώτεροι
2792 4108 3076 4175 γεγονότες
3097 4122 3112 4138 ο
3159 4107 3303 4161 Ἀλλ’
3332 4106 3585 4176 αἰσχύνη,
3620 4104 3863 4176 βασιλεῦ,
3900 4101 4076 4166 εἷπον,

2502 4196 2731 4271 αἰσχύνη
2765 4201 2961 4269 σαφὴς,
2993 4196 3118 4269 βοῦν
3146 4197 3291 4268 ἔχειν
3324 4198 3420 4252 καὶ
3448 4197 3590 4261 όνον,
3614 4196 3754 4250 κατά
3779 4193 3873 4249 τὸν
3902 4195 4079 4265 μέγαν

2512 4289 2743 4343 Ἡσαΐαν
2793 4291 2990 4354 είπεῖν,
3057 4290 3303 4360 μεγάλης
3382 4287 3778 4357 ἀγνωμοσύνης
3832 4284 4077 4353 ἔλεγχον,

2503 4378 2620 4430 εῐπε
2630 4394 2660 4447 ρ
2678 4379 2861 4429 ἐκεῖνα
2888 4377 2988 4445 μὲν
3010 4376 3151 4443 ἔγνω
3172 4378 3263 4430 τὸν
3290 4376 3631 4448 κεκτημένον
3664 4376 3757 4428 καὶ
3778 4375 4077 4444 τρέφοντα..

836 4446 891 4491 et
927 4451 1070 4503 eum,
1101 4436 1193 4509 qui
1238 4439 1380 4507 ipsos
1407 4437 1583 4492 alebat
1616 4454 1629 4492 :
1661 4454 1759 4495 nos
1792 4450 1992 4508 autem,
2027 4445 2168 4511 quod
2192 4444 2398 4500 alamur
2430 4450 2453 4513 ι

2505 4436 2648 4536 ἡμᾶς
2686 4465 2742 4520 δέ
2776 4436 3064 4537 φαίνεσθαι
3096 4436 3594 4536 ἀγνοοῦντας,ἐί’γε
3626 4465 3719 4519 τὸν
3754 4436 3930 4535 ἀληθῆ
3982 4467 4078 4520 Δε-

841 4529 910 4581 ab
932 4527 1071 4595 ipso,
1098 4527 1349 4595 ignorare
1374 4527 1701 4593 videremur,
1730 4527 1776 4581 si
1793 4541 1920 4583 vero
1944 4530 2131 4585 relicto
2153 4529 2401 4601 Domino,

837 4619 928 4689 qui
956 4618 1091 4672 falso
1124 4626 1406 4682 vocantur,
1440 4616 1568 4672 deos
1606 4617 1931 4675 coleremus.
1962 4618 2087 4677 llaac
2108 4622 2399 4679 dixerunt:
2440 4641 2460 4665 ο

836 4720 887 4764 et
940 4709 1082 4764 Deus
1115 4710 1275 4764 simul
1328 4710 1419 4774 iis,
1479 4723 1605 4779 quae
1658 4709 1799 4764 dicta
1846 4721 1991 4783 sunt,
2016 4724 2097 4769 est
2125 4730 2401 4774 assensus.

837 4804 969 4858 Nam
1005 4817 1234 4876 magnus
1270 4802 1483 4859 irruens
1513 4811 1672 4859 terra:
1696 4813 1894 4868 motus,
1920 4807 2187 4862 convertit
2208 4807 2261 4862 in
2285 4808 2404 4877 pul-

837 4910 1018 4951 verem
1048 4911 1133 4963 ea,
1156 4911 1274 4966 qua:
1297 4897 1366 4951 ab
1404 4894 1783 4965 insipientibus
1815 4897 2151 4962 colebantur,
2182 4899 2403 4953 simula-

835 5003 948 5043 cra.
989 4988 1053 5041 Et
1075 4988 1309 5040 inanima
1342 4988 1556 5054 quidem
1586 4987 1664 5041 sic
1691 5002 1747 5042 se
1780 4986 2069 5056 habebant,
2097 5000 2149 5045 et
2180 4990 2249 5043 ita
2285 4990 2397 5045 fue-

837 5097 894 5134 re
924 5077 1207 5133 dissoluta.

905 5167 995 5222 IV.
1038 5165 1252 5221 Valerio
1306 5176 1487 5223 autem
1519 5166 1671 5221 ﬁrma
1694 5176 1809 5223 erat
1835 5183 1898 5224 ac
1924 5169 2132 5225 stabilis
2170 5172 2396 5239 tristitia,

835 5266 889 5308 et
929 5272 1048 5323 quae
1084 5269 1189 5308 non
1224 5265 1434 5324 poterat
1460 5258 1725 5311 amoveri.
1785 5258 1921 5312 Nam
1961 5276 2081 5313 cum
2143 5262 2399 5318 admirari

830 5353 1107 5410 Oporteret
1138 5345 1430 5411 potentiam
1456 5343 1546 5399 Dei
1570 5345 1916 5414 ineffabilem,
1943 5359 1996 5403 et
2022 5350 2244 5405 deorum
2274 5365 2395 5407 suo-

837 5448 955 5491 rum
990 5450 1238 5504 magnam
1273 5437 1498 5492 irridere
1530 5438 1956 5494 imbecillitatem
1989 5442 2150 5511 (quod
2183 5443 2398 5511 quidem

837 5526 1053 5581 fecisset
1076 5527 1155 5580 vir
1191 5526 1426 5595 prudens
1454 5537 1509 5583 et
1555 5528 1901 5600 intelligens),
1953 5531 2040 5587 ille
2076 5536 2245 5589 evasit
2287 5552 2399 5590 ma-

910 5713 925 5743 ⁸
956 5713 1056 5767 lsa.
1081 5729 1116 5775 ι,
1143 5713 1193 5767 '5.

2504 4556 2710 4626 σπότην
2764 4559 3181 4623 καταλιπόντες,
3236 4557 3615 4628 ψευδωνύμοις
3682 4556 4078 4627 προστιθῶμεν

2501 4647 2666 4712 θεοῖς.
2716 4648 2904 4702 Ταῦτα
2942 4643 3097 4702 εἷπον
3142 4650 3237 4702 καὶ
3273 4650 3391 4718 ἃμα
3426 4648 3561 4711 Θεὸς
3591 4649 3704 4712 τοῖς
3759 4648 4079 4719 είρημένοις

2500 4738 2897 4810 ἐπεψηφίζετο,
2932 4739 3027 4792 καὶ
3055 4737 3282 4810 σεισμοῦ
3313 4756 3365 4793 τι
3394 4738 3536 4809 μέγα
3565 4740 3754 4810 χρῆμα
3784 4736 4078 4807 ἐπενεχθεν

2499 4830 2579 4892 είς
2604 4830 2752 4883 κόνιν
2780 4829 3045 4885 ἐλέπτυνε
3072 4832 3141 4885 τὰ
3166 4831 3275 4884 τῶν
3321 4832 3577 4901 ἀφρόνων
3602 4830 3951 4897 σεϐάσματα,
3988 4829 4078 4880 καὶ

2501 4922 2569 4975 τὰ
2604 4921 2700 4991 μέν
2726 4921 2907 4993 ἀψυχα
2922 4922 3096 4985 οὕτως
3126 4918 3237 4991 εἶχε
3275 4924 3370 4975 καὶ
3401 4919 3696 4975 διελέλυτο.

2558 5180 2630 5234 Δ’.
2650 5176 2929 5253 Οὐαλερίῳ
2945 5182 3000 5237 δὲ
3014 5186 3208 5252 πάγιος
3227 5185 3441 5255 ἡκακία
3458 5184 3554 5237 καὶ
3572 5183 3604 5236 ἀ
3613 5181 3908 5253 μετάθετικ
3927 5198 3941 5211 ·
3961 5182 4076 5236 δέον

2503 5270 2613 5338 γὰρ
2644 5270 2924 5339 θαυμάσαι
2950 5274 3049 5345 τὴν
3076 5275 3280 5343 ἀφατον
3311 5275 3402 5327 τοῦ
3434 5275 3570 5328 Θεοῦ
3601 5274 3833 5343 δύναμιν
3861 5275 3955 5326 καὶ
3980 5274 4076 5340 τῆς

2505 5361 2703 5429 πολλῆς
2722 5362 2831 5413 τῶν
2849 5364 3014 5416 αὐτοῦ
3034 5365 3172 5418 θεῶν
3198 5367 3484 5428 ἀσθενείας
3516 5366 3888 5433 καταγελάσαι
3921 5364 4075 5433 (ὅπερ

2505 5453 2571 5505 ἂν
2607 5453 2830 5524 ἐποίησε
2862 5457 2985 5508 νοῦν
3038 5456 3177 5528 ἔχων
3208 5459 3303 5511 καὶ
3338 5459 3535 5511 συνιὼν
3564 5459 3917 5528 ἀνθρωπος)·
3959 5459 3988 5510 ό
4020 5456 4074 5506 δὲ

2508 5542 2838 5616 θρασύτερος
2860 5546 3130 5601 ἐδείκνυτο
3156 5548 3358 5617 μᾶλλον
3381 5551 3470 5602 καὶ
3498 5549 3686 5618 αὐτὴν,
3713 5546 3789 5611 ὠς
3822 5543 3959 5619 εἶχε,
3982 5545 4074 5614 τὴν
