4208 6300
182 332 274 395 109

1213 330 1391 390 VITA
1434 329 1494 387 S.
1539 329 1758 387 CARPI
1807 329 1901 387 ΕΤ
1941 328 2349 393 SOCIORUM.

3293 337 3394 400 tto

178 441 366 513 μανίαν
411 440 675 508 ἐγύμνου.
721 438 860 493 Ἀλλ’
885 439 1005 491 ἐπεὶ
1045 439 1107 492 τὸ
1148 439 1366 506 εὐγενὲς
1396 441 1488 490 καὶ
1513 439 1735 508 κόσμιον
1763 446 1807 500 Α

1730 446 1807 500 Ἀ
1841 441 1920 507 gis
1961 443 2299 505 temerarius,
2325 451 2378 494 et
2436 458 2586 494 suam
2626 443 2778 507 plane
2835 444 3068 498 ostendit
3108 445 3392 504 insaniam.

171 532 273 586 τῶν
302 531 518 598 ἀνδρῶν
573 531 910 600 αἰδούμενος,
969 531 1275 601 βαρυτέρας
1312 533 1449 593 τέως
1479 531 1736 598 ἀπείχετο

173 623 471 691 τ,ιμωρίας’
506 624 720 676 κελεύει
754 624 948 684 κλοιοῖς
991 622 1228 691 σιδηροῖς
1257 624 1736 692 περιαυχενισθέν-

173 731 263 776 τας
316 717 561 784 γυμνοὺς
612 718 713 768 ἀνά
771 715 942 784 μέσην
978 715 1074 786 τὴν
1099 716 1303 784 ἀγορὰν
1346 716 1733 784 περιάγεσθαι’

172 806 362 874 ἧγοντο
379 807 562 858 τοίνυν
601 809 648 858 ol
688 806 914 874 ἀθληταὶ
937 806 1136 873 γυμνοὶ
1166 809 1531 877 περιαυχενίῳ
1555 807 1736 875 δεσμῷ

174 895 553 966 βαρυνόμενοι,
605 899 698 950 καὶ
750 900 1047 968 περιῄεσαν
1089 899 1301 968 ἀτίμως
1329 901 1426 968 τὴν
1459 902 1663 969 ἀγορὰν
1687 907 1734 954 ot

171 986 385 1054 ἀληθῶς
440 988 633 1056 τίμιοι,
694 990 1072 1057 μυκτηρισμὸς
1123 997 1216 1041 καὶ
1249 991 1420 1058 γέλως
1449 993 1495 1043 οί
1532 994 1736 1064 μυρίων

171 1075 317 1137 ὀντες
342 1079 585 1129 ἐπαίνων
608 1078 769 1142 ἄξιοι.
800 1081 857 1132 Ὀ
880 1081 1138 1149 δικαστὴς
1160 1080 1251 1136 οὖν
1292 1083 1389 1150 τὴν
1418 1084 1609 1152 ἄτιμον
1639 1103 1736 1137 πε-

175 1170 448 1239 ριαγωγὴν
473 1171 678 1242 ταύτην
707 1175 972 1244 αἰσχύνην
994 1178 1279 1229 ὑπολαϐὼν
1301 1181 1597 1249 ἐμποιῆσαι
1623 1186 1737 1246 τοῖς

172 1259 342 1326 ἁγίοις
360 1265 456 1314 καὶ
479 1262 622 1316 οὕτω
646 1266 1064 1336 μαλακωτέρους
1099 1271 1292 1332 αὐτοὺς
1319 1273 1736 1340 παρασκευάσαι

171 1351 291 1420 περὶ
310 1351 413 1419 τὴν
441 1353 712 1420 ἔνστασιν,
733 1357 1102 1428 ἀπαλωτέροις
1124 1361 1306 1431 ἔκρινε
1334 1363 1511 1430 λόγοις
1544 1365 1739 1428 αὐτοὺς

171 1439 422 1494 ὑπελθεῖν
459 1445 744 1517 καὶταύτῃ
773 1447 967 1516 κλέψαι
996 1451 1093 1518 τῆς
1146 1454 1518 1522 προαιρέσεως
1558 1455 1738 1507 αὐτῶν

170 1532 259 1600 τὴν
287 1534 599 1601 εὐγένειαν,
633 1529 761 1591 καί·
798 1542 859 1592 El
893 1541 991 1610 μὲν
1025 1543 1209 1611 ἐώρων
1242 1545 1408 1612 ὑμᾶς,
1463 1545 1617 1614 φησὶ,
1665 1546 1739 1616 μὴ

167 1627 518 1694 φρονήματος
572 1630 760 1696 ὑγιοῦς
817 1635 958 1700 σαφῆ
1035 1635 1394 1701 γνωρίσματα
1455 1637 1736 1703 φέροντας,

167 1715 486 1782 ἀπεσχόμην
511 1719 576 1769 ἂν
601 1718 700 1785 τῆς
729 1721 864 1786 πρὸς
889 1722 1032 1788 ὑμᾶς
1053 1722 1359 1788 συμϐουλῆς
1380 1738 1392 1751 ⁸
1428 1725 1603 1787 ἔξεστι
1627 1725 1733 1795 γὰρ

1842 531 1946 583 Sed
1979 547 2097 583 cum
2122 532 2357 584 virorum
2409 533 2734 586 nobilitatem
2770 543 2823 586 et
2847 537 3162 589 modestiam
3199 542 3401 593 reveri-

1841 632 1946 685 tus,
2002 635 2126 674 tunc
2169 637 2197 673 a
2240 622 2484 689 graviore
2540 624 2779 676 cruciatu
2842 626 3208 691 abStinuisSet,
3248 632 3398 696 jubet

1836 726 1950 772 eos,
2022 711 2213 765 ferreis
2257 713 2542 766 collaribus
2581 715 2735 766 collis
2765 731 2948 768 eorum
2985 717 3268 783 impositis,
3304 737 3398 788 per

1841 803 2074 856 medium
2113 802 2286 856 lorum
2343 804 2512 858 nudos
2564 807 2880 875 circumagi.
2917 807 3052 862 Nudi
3087 810 3266 878 itaque
3299 816 3396 866 du-

1839 894 2100 946 rebantur
2145 893 2380 956 athlette,
2425 895 2543 948 colli
2593 897 2804 948 vinculo
2858 902 3061 966 gravati
3095 917 3108 953 :
3139 912 3191 955 et
3223 901 3394 956 forum

1839 987 2058 1040 obibant
2088 1001 2206 1037 cum
2238 986 2478 1051 infantia,
2506 988 2594 1055 qui
2624 1003 2747 1041 vere
2783 1001 2934 1041 erant
2962 989 3169 1045 honesti
3202 1012 3214 1045 :
3257 995 3398 1048 irrisi

1837 1089 1891 1130 et
1924 1077 2154 1130 ludibrio
2197 1076 2384 1138 habiti,
2418 1079 2507 1146 qui
2555 1079 3034 1134 innumerabilibus
3070 1083 3210 1150 digni
3241 1089 3402 1138 erant

1838 1166 2102 1220 laudibus.
2127 1166 2294 1221 Judex
2323 1183 2471 1236 ergo,
2499 1169 2588 1236 qui
2649 1179 2855 1236 turpem
2891 1170 3028 1224 hanc
3059 1185 3111 1226 et
3143 1175 3394 1229 infamem

1840 1258 2232 1310 traductionem
2262 1260 2483 1325 putabat
2513 1269 2732 1314 sanctos
2765 1259 3079 1314 all'ecturam
3115 1265 3398 1329 dedecore,

1839 1358 1893 1403 et
1922 1349 2000 1404 sic
2032 1365 2216 1404 eorum
2250 1353 2608 1405 constantiam
2634 1367 2754 1406 esse
2800 1352 3178 1417 entollituram,
3217 1360 3402 1412 statuit

1842 1440 2094 1494 mollibus
2123 1455 2215 1494 eos
2242 1444 2417 1496 verbis
2441 1444 2676 1511 aggredi,
2704 1456 2756 1498 et
2787 1444 2867 1498 sic
2913 1447 3194 1502 cuniculos
3245 1465 3403 1518 agere

1842 1527 1893 1580 in
1931 1543 2246 1596 generosum
2293 1547 2476 1583 eorum
2535 1532 2888 1600 praposituui,
2942 1544 2996 1588 et
3028 1554 3041 1588 :
3073 1536 3127 1589 Si
3164 1552 3254 1590 vos
3284 1541 3403 1607 qui-

1839 1620 1980 1683 dem,
2021 1620 2214 1687 inquit,
2249 1621 2482 1674 viderem
2521 1638 2622 1675 non
2661 1621 2802 1677 terre
2844 1635 3028 1694 aperta
3090 1627 3283 1680 indicia
3312 1645 3404 1698 ge-

1841 1710 2016 1764 nerosi
2045 1711 2288 1778 spiritus,
2319 1727 2653 1780 nequaquam
2691 1715 2838 1768 vobis
2880 1717 3062 1770 darem
3095 1719 3400 1775 consilium.

168 1805 252 1854 καὶ
292 1805 380 1856 διὰ.
410 1784 666 1875 βασάνων
693 1784 836 1878 ὐμάς
859 1784 1017 1876 ἑλεῖν,
1052 1815 1098 1864 εί
1124 1784 1483 1884 θελήσάιμεν,
1519 1818 1610 1868 καὶ
1768 1784 1805 1836 Β

1768 1784 1805 1836 Β
1837 1798 1987 1854 Licet
2009 1801 2174 1864 enim,
2214 1801 2257 1854 si
2288 1801 2466 1866 velim,
2505 1818 2595 1858 vos
2640 1819 2734 1872 per
2779 1815 3042 1860 tormenta
3073 1823 3400 1877 espugnare,

168 1895 439 1965 ἡμετέραν
459 1897 714 1965 ἄκοντας,
757 1904 845 1954 καὶ
879 1905 952 1972 μὴ
1003 1904 1355 1973 βουλομένους
1384 1908 1732 1976 μεταδιδάξαι

164 1986 498 2054 θρησκείαν·
533 1992 653 2040 ἐπεὶ
677 1993 732 2042 δὲ
765 1997 859 2044 καὶ
889 1994 1009 2061 ὄψις
1043 1997 1133 2046 καὶ
1161 1997 1192 2063 ἡ
1240 1997 1348 2047 τῶν
1397 1997 1542 2065 ἠθῶν
1578 2000 1733 2051 εὐκο-

167 2079 294 2146 σμία
325 2081 426 2149 τὴν
455 2082 550 2148 τῆς
589 2083 813 2151 γνώμης
843 2085 1156 2155 ἐλευθερίαν
1185 2086 1422 2154 δηλοῦσι,
1476 2089 1734 2159 πείθομαι

167 2168 469 2239 σύμϐουλος
505 2173 705 2240 ἀγαθὸς
731 2177 860 2244 ὑμῖν
891 2178 1226 2246 καταστῆναι
1249 2197 1261 2209 ·
1292 2181 1412 2231 οὐδὲ
1449 2180 1554 2250 γάρ
1581 2176 1734 2249 οἶμαι

161 2262 537 2316 διαλανθάνειν
573 2267 738 2335 ὑμᾶς,
787 2268 861 2330 ὡς
892 2269 956 2320 ὲκ
989 2270 1203 2339 μακροῦ
1259 2271 1352 2323 τοῦ
1382 2273 1573 2340 χρόνου
1601 2273 1734 2340 τάγε

163 2357 258 2425 τῆς
282 2360 416 2426 πρὸς
452 2361 578 2423 τοὺς
611 2362 915 2426 ἀθανάτους
969 2364 1128 2425 θεοὺς
1162 2363 1444 2434 ἀρξάμενα
1474 2366 1631 2434 δόξης
1675 2383 1733 2418 τε

166 2452 254 2501 καὶ
277 2452 448 2520 τιμῆς
467 2453 560 2505 καὶ
590 2455 670 2516 είς
701 2455 862 2525 δεῦρο
903 2459 994 2507 καὶ
1026 2456 1104 2507 ἔτι
1147 2457 1319 2524 μένει,
1353 2456 1412 2506 οὐ
1451 2457 1580 2526 παρ’
1607 2461 1736 2525 ἡμῖν

163 2557 220 2607 γε
260 2543 448 2607 μόνοις
480 2545 594 2606 τοῖς
636 2546 732 2613 τὴν
777 2545 1006 2598 Ἐλλάδα
1045 2545 1297 2612 γλῶσσαν
1347 2547 1564 2612 εἰδόσιν,
1601 2549 1736 2602 ἀλλά

164 2634 402 2693 καὶτοῖς
469 2635 774 2702 Βαρϐἀροις
815 2637 1028 2699 αὐτοῖς’
1073 2635 1280 2701 ἔξεστιν
1337 2634 1429 2690 οὖν
1459 2637 1524 2689 δι’
1570 2640 1738 2706 αὐτῆς

162 2722 288 2791 δρᾷν
317 2723 509 2785 πόλεις
551 2723 808 2793 εὐνομίαν
840 2725 1106 2791 ἀγούσας,
1139 2726 1415 2789 πολεμίων
1443 2727 1615 2795 ὀφρῦν
1647 2729 1736 2779 πί-

163 2829 403 2866 πτουσαν
448 2815 542 2867 καὶ
568 2816 792 2885 είρήνην
825 2815 1148 2886 ἰθυνομένην
1169 2831 1183 2846 °
1232 2818 1264 2887 ἢ
1309 2817 1471 2869 πόθεν
1501 2818 1737 2886 βασιλεῖς

163 2903 255 2954 καὶ
291 2902 556 2957 δυνάσται
590 2905 772 2957 πολλοὶ
801 2906 898 2974 μὲν
931 2907 1026 2958 καὶ
1056 2908 1346 2978 πρότερον,
1371 2905 1654 2982 Ῥωμαίων
1682 2907 1739 2960 δὲ

163 2991 252 3042 νῦν
276 2995 356 3052 είς
388 2994 642 3046 τοσοῦτον
665 2995 820 3063 δόξης
847 2999 1136 3066 προῆλθον,
1163 3000 1238 3059 ὡς
1260 2999 1738 3068 καταστρέψασθαι

1839 1891 2135 1959 invitosque
2153 1903 2205 1944 et
2228 1893 2468 1946 nolentes
2481 1895 2544 1946 ad
2574 1906 2811 1949 nostrain
2835 1911 3150 1953 convertere
3181 1901 3400 1972 religio-

1839 1997 1980 2035 nem.
2016 1981 2119 2036 Sed
2152 1997 2272 2036 cuin
2291 1986 2558 2048 ett-ultus,
2586 1998 2637 2040 et
2671 2003 2876 2042 morum
2915 1993 3211 2047 moderatio
3238 1994 3404 2064 signi-

1839 2072 1997 2124 ﬁcent
2027 2076 2188 2128 vestri
2218 2075 2384 2129 animi
2417 2077 2742 2144 libertatein,
2770 2083 2929 2134 sratui
2969 2081 3114 2152 longi
3136 2089 3273 2152 apud
3307 2103 3402 2142 vos

1836 2161 2011 2216 ollicio
2035 2163 2160 2217 boni
2199 2167 2514 2221 consiliarii.
2547 2167 2731 2238 Neque
2761 2172 2902 2225 enim
2947 2173 3184 2228 arbitror
3210 2192 3301 2230 vos
3324 2179 3403 2230 la-

1839 2263 1973 2317 tere,
2000 2257 2141 2323 quod
2173 2257 2330 2326 longo
2371 2260 2436 2312 ab
2465 2262 2590 2316 hinc
2628 2267 3116 2335 temporeincepta,
3153 2285 3268 2338 qua:
3299 2271 3402 2325 diis

1839 2346 2232 2403 immortalibus
2295 2352 2599 2418 exhibetur,
2655 2355 2823 2422 gloria
2864 2367 2918 2410 et
2971 2359 3163 2422 honor,
3223 2373 3403 2416 manet

1839 2454 2009 2506 usque
2039 2439 2090 2493 in
2135 2442 2448 2496 hodiernum
2479 2444 2639 2510 diem,
2672 2461 2776 2499 non
2807 2449 2944 2516 apud
2987 2464 3086 2503 "03
3120 2453 3282 2516 solos,
3310 2455 3400 2520 qui

1841 2527 2080 2582 Graecam
2141 2532 2374 2597 linguam
2445 2540 2714 2598 novimus,
2765 2540 2857 2590 Sed
2899 2540 3060 2592 etiam
3087 2543 3224 2606 apud
3259 2544 3404 2610 ipsos

1841 2618 2126 2675 Barbaros.
2167 2621 2269 2676 Per
2302 2625 2438 2678 hanc
2471 2641 2598 2694 ergo
2629 2629 2936 2694 religionem
2964 2633 3142 2685 videre
3173 2633 3296 2687 licet
3321 2637 3401 2688 ci-

1842 2711 2038 2766 vitales
2068 2714 2220 2767 bouis
2277 2716 2386 2784 regi
2427 2715 2652 2784 legibus,
2693 2718 2922 2771 hostium
2955 2721 3179 2789 deprimi
3212 2739 3403 2791 super-

1842 2802 2046 2865 cilium,
2091 2819 2383 2872 pacemque
2431 2811 2629 2876 vigere.
2670 2806 2950 2863 Undenum
3006 2825 3183 2866 autem
3248 2832 3404 2882 reges

1839 2905 1892 2944 et
1922 2896 2213 2961 principes,
2248 2901 2396 2952 multi
2432 2902 2642 2968 quidem
2679 2904 2839 2955 etiam
2865 2906 3037 2971 prius,
3057 2922 3197 2962 nunc
3219 2918 3396 2963 autem

1844 2983 2228 3051 Romanorum,
2290 2991 2354 3041 ad
2434 3001 2634 3044 tantam
2697 2993 2920 3061 gloriam
2985 3012 3296 3063 pervenere,
3343 3011 3401 3054 ut

163 3079 259 3147 μὲν
289 3080 448 3148 ἔθνη,
511 3084 994 3153 καταστρέψασθαι
1033 3087 1090 3138 δὲ
1126 3087 1332 3151 πόλεις,
1389 3089 1733 3158 ὑποχειρὲους
1766 3109 1807 3164 C

1766 3109 1807 3164 ρ
1843 3087 2027 3146 gentes
2054 3081 2264 3147 quidem
2322 3091 2375 3136 et
2434 3083 2678 3136 civitates
2721 3094 3046 3149 everterent,
3084 3087 3136 3139 in
3171 3098 3401 3155 potesta-

157 3166 212 3219 δὲ
249 3171 591 3240 ποιήσασθαι
619 3175 726 3225 πᾶν
760 3174 821 3226 τὸ
841 3175 1135 3228 ἀντίπαλον
1163 3192 1179 3241 ;
1220 3176 1281 3227 Εί
1307 3177 1483 3229 τοίνυν
1511 3179 1738 3246 ἀμαθῶν

157 3259 336 3328 λόγοις
393 3265 538 3332 πρὸς
594 3265 691 3333 τὴν
719 3265 913 3334 ἄλογον
958 3267 1162 3339 ταύτην
1197 3269 1289 3321 καὶ
1332 3271 1602 3339 ἁρτιφανῆ
1631 3272 1738 3322 τῶν

156 3351 509 3420 Χριστιανῶν
553 3356 710 3421 δόξαν
761 3359 1088 3428 ὑπήχθητε,
1151 3362 1212 3412 οὐ
1266 3361 1592 3430 μέμφομαιο
1643 3364 1736 3430 τῆς

159 3445 469 3509 ἁπλότητος
524 3447 634 3515 γὰρ
685 3442 823 3502 εἶναι
879 3450 1036 3503 τοῦτό
1087 3468 1228 3520 φημι
1273 3467 1287 3481 ·
1327 3452 1483 3517 ὑμεῖς
1534 3451 1588 3502 δὲ
1621 3454 1736 3504 ἀ)λ’

157 3535 527 3598 ἀναλαϐόντες
560 3539 781 3601 ἑαυτοὺς
816 3541 1081 3607 μετάθετε
1118 3543 1253 3609 πρὸς
1301 3542 1360 3593 τὸ
1395 3542 1621 3610 βέλτιον,
1661 3545 1734 3604 ὡς

156 3626 220 3678 ἀν
248 3629 302 3680 οῖ
330 3644 392 3680 τε
436 3627 550 3680 θεοὶ
575 3628 703 3696 ὑμῖν
733 3630 861 3697 ἵλεῳ
893 3631 1182 3696 γένωνται,
1212 3635 1476 3684 πλειόνων
1515 3651 1571 3685 τε
1604 3637 1735 3686 ἁπο-

153 3716 391 3789 λαύσητε
423 3721 535 3774 τῶν
563 3721 693 3790 παρ’
728 3723 858 3792 ἡμῖν
891 3721 1112 3788 ἀγαθῶν
1136 3724 1230 3774 καὶ
1253 3723 1311 3774 τὸ
1338 3723 1432 3777 τοῦ
1473 3724 1732 3793 βασιλέως

152 3809 293 3863 οὕτω
321 3812 618 3882 φιλότιμον
653 3813 782 3884 περὶ
805 3813 906 3876 τὰς
939 3813 1186 3876 εὐποιίας
1231 3815 1535 3886 κερδήσητε
1560 3833 1573 3846 ·
1606 3818 1652 3870 εἰ
1677 3817 1732 3868 δὲ

151 3900 262 3960 τοῖς
286 3902 590 3970 προτέροις
622 3903 782 3970 μέχρι
823 3903 1027 3962 παντὸς
1061 3904 1406 3972 ὲπιμείνητε,
1434 3907 1499 3956 τὰ
1531 3906 1731 3956 τ)ύτ‹-,ν

149 3993 371 4043 ιναντία
396 3991 531 4058 ὑμῖν
550 3993 908 4060 συμϐήσεται,
934 3994 1070 4046 ἀλλὰ
1103 3995 1194 4046 καὶ
1218 3995 1372 4064 ἡμῶν
1397 3996 1724 4065 αὐστηροτά-

153 4096 260 4149 ρων
300 4084 485 4152 (ὅπερ
516 4081 858 4152 ἀπεύχομαι)
891 4085 1063 4154 πολλὴ
1097 4087 1307 4156 ἀνάγκη
1339 4088 1550 4148 πάντως
1586 4089 1730 4156 ὑμᾶς

149 4174 518 4243 πειραθῆναι.

214 4265 293 4318 E'.
332 4265 534 4319 Ταῦτα
587 4267 772 4337 ίπειδὴ
823 4267 873 4320 οἱ
925 4268 1201 4337 μάρτυρες
1233 4267 1492 4336 ἤκουσαν,
1525 4267 1593 4320 τε
1622 4269 1725 4336 δμ-

147 4369 288 4418 ματα
322 4357 408 4415 εἰς
441 4358 706 4424 οὐρανοὺς
736 4359 1058 4428 ἀνασχόντες
1089 4358 1181 4411 καὶ
1211 4359 1362 4418 ὅλους
1406 4359 1632 4422 ἑαυτοὺς
1658 4362 1723 4430 τῇ

1843 3181 1944 3222 tem
1979 3183 2156 3223 autem
2189 3187 2376 3226 omnes
2411 3175 2711 3241 redigerent
2761 3180 3141 3232 adversarios?
3179 3180 3233 3234 Si
3270 3197 3400 3250 ergo

1841 3259 2174 3313 indoctorum
2209 3263 2549 3316 sermonibus
2579 3265 2782 3318 indueti
2834 3269 2964 3320 estis
2994 3269 3057 3322 ad
3087 3271 3224 3324 hanc
3247 3287 3274 3323 a
3312 3287 3399 3326 ra-

1841 3351 1985 3403 tione
2016 3351 2269 3416 alienam,
2308 3363 2360 3405 et
2399 3368 2520 3422 qua:
2571 3369 2738 3423 nuper
2760 3358 3030 3426 apparuit,
3063 3359 3398 3418 Christiano-

1843 3457 1957 3494 rum
1981 3442 2311 3509 Opinionem,
2343 3457 2444 3495 non
2471 3444 2618 3498 valde
2669 3446 3022 3514 reprehendo.
3061 3449 3168 3504 Hoc
3189 3461 3394 3505 tantum

1841 3534 1960 3586 dico
1995 3549 2111 3587 esse
2148 3535 2528 3602 simplicitatis.
2561 3538 2627 3590 At
2679 3553 2771 3592 vos
2817 3557 2953 3594 nunc
3000 3541 3209 3597 tandem
3267 3546 3400 3598 resi-

1837 3623 2124 3687 piscentes,
2164 3635 2216 3676 et
2252 3628 2315 3676 ad
2349 3642 2439 3678 vos
2471 3631 2776 3691 redeuntes,
2811 3632 3187 3686 ednvertimini
3221 3636 3286 3687 ad
3320 3636 3394 3697 id.

1835 3711 1974 3776 quod
2007 3721 2088 3764 est
2117 3711 2325 3776 melius,
2353 3725 2410 3767 ut
2435 3725 2484 3768 et
2521 3714 2590 3768 dii
2615 3716 2723 3770 sint
2751 3719 2913 3774 vobis‘
2934 3723 3170 3790 propitii,
3197 3733 3251 3776 et
3283 3724 3397 3790 plu-

1837 3801 1986 3857 ribus
2040 3804 2214 3868 bonis,
2249 3821 2367 3874 qua:
2404 3816 2525 3861 sunt
2555 3809 2694 3877 apud
2732 3824 2848 3875 nos,
2884 3810 3159 3876 fruamini,
3195 3823 3246 3868 et
3295 3815 3395 3868 itu-

1835 3893 2099 3956 peratoris
2145 3895 2196 3945 in
2246 3894 2627 3948 benefaciendo
2685 3899 3104 3955 muniﬁcentiam
3134 3903 3212 3958 sic
3241 3907 3394 3960 vobis

1832 3982 2148 4037 concilietis.
2186 3981 2277 4037 Sin
2303 3997 2480 4039 autem
2504 3988 2557 4040 in
2586 3989 2856 4056 prioribus
2897 3995 3116 4048 omnino
3139 3997 3394 4065 perstite-

1833 4073 1970 4136 ritis,
1987 4088 2014 4128 a
2037 4085 2111 4129 tot
2131 4077 2282 4130 bonis
2302 4079 2560 4132 excidctis
2594 4097 2607 4132 :
2628 4082 2719 4135 sed
2737 4090 2789 4134 et
2807 4097 2904 4137 nos
2917 4097 3128 4153 quoque
3149 4088 3395 4157 asperio-

1832 4180 1916 4217 res
1936 4167 2099 4234 (quod
2129 4169 2291 4233 absit)
2315 4170 2465 4221 vobis
2493 4183 2713 4222 necesse
2765 4174 2870 4224 crit
2891 4176 3112 4228 omnino
3134 4181 3389 4245 experiri.

1899 4256 1962 4312 V.
2001 4257 2123 4313 Haec
2160 4270 2436 4330 postquam
2469 4262 2787 4316 audiverunt
2811 4276 3094 4337 martyres,
3137 4268 3308 4323 oculis
3338 4271 3390 4324 in

1834 4351 2024 4405 malum
2042 4353 2418 4420 sublatis,cum
2440 4371 2493 4409 se
2506 4354 2703 4409 Christi
2722 4357 2993 4426 signaculo
3012 4362 3386 4416 muniisssent:

142 4442 230 4496 τοῦ
299 4445 552 4514 σταυροῦ
624 4451 880 4516 σφραγῖδι
931 4449 1408 4518 σημειωσάμενοι·
1477 4447 1802 4513 Ἐοικας,Ῑ)

1754 4447 1802 4504 D
1833 4441 2062 4505 Videris,
2088 4444 2361 4508 dixerunt,
2389 4461 2504 4510 nos,
2530 4457 2776 4513 tanquam
2804 4448 3014 4513 aliquos
3037 4451 3390 4516 simpliciores

141 4531 316 4600 εἶπον,
349 4535 554 4605 ὥσπερ
585 4536 736 4598 τινάς
791 4539 900 4590 τῶν
955 4537 1354 4608 ἀφελεστέρων,
1403 4539 1534 4607 μηδὲ
1587 4541 1720 4609 βραο

140 4625 293 4690 δέως,
333 4626 458 4680 ἀλλ’
492 4627 731 4690 εὐκόλως
760 4626 904 4680 οὕτω
931 4627 1140 4680 πείσειν
1172 4629 1316 4698 ἡμᾶς
1345 4627 1594 4697 οίηθῆναι
1626 4644 1720 4695 με·

139 4717 412 4786 ταμαθεῖν
436 4719 544 4786 τὴν
563 4717 844 4773 εὐσέϐειαν
865 4735 878 4749 '
903 4720 1019 4772 ἀλλ’
1040 4719 1140 4771 οὐκ
1160 4719 1415 4788 ἀνδράσιν
1435 4719 1718 4785 ἀγεννέσιν

140 4807 245 4861 ίσθι
301 4808 652 4880 περιτυχὼν,
707 4811 768 4862 οὑ
831 4810 908 4880 μά
958 4812 1048 4863 τὸν
1101 4811 1238 4879 ὑπὲρ
1270 4810 1504 4880 Χρίστοῦ
1534 4811 1720 4863 τοῦτον

137 4900 323 4965 ἀγῶνα
365 4903 470 4955 καὶ
505 4903 607 4971 τὴν
643 4902 923 4971 ἡμετέραν
944 4903 1006 4954 ὲκ
1050 4902 1257 4954 παίδων
1289 4904 1414 4973 περὶ
1441 4903 1538 4970 τὴν
1567 4903 1720 4955 εὐσέ-

137 4990 288 5043 ϐειαν
324 4990 580 5060 ἄσκησιν
608 5007 621 5021 ⁸
671 4992 792 5046 οὐδὲ
825 4992 933 5064 γάρ
960 4995 1013 5046 εἴ
1043 5012 1094 5048 τι
1138 4996 1382 5064 ἀρχαῖον,
1423 4991 1582 5046 τοῦτο
1625 4995 1719 5046 καὶ

136 5081 297 5150 τιμῆς
324 5081 490 5144 ἀξιον
514 5095 530 5107 ⁸
576 5083 763 5153 ἐπειδὴ
791 5083 994 5138 παλαιά
1031 5085 1130 5153 μὲν
1175 5085 1391 5146 πάντως
1421 5084 1515 5136 καὶ
1562 5085 1593 5152 ἡ
1621 5101 1719 5136 κα-

135 5171 259 5222 κία’
294 5173 420 5224 ἀλλ’
475 5171 601 5240 οὐχὶ
660 5174 752 5224 καὶ
788 5175 1053 5243 τιμᾶσθαι
1094 5175 1180 5228 διὰ
1220 5176 1308 5227 τὸν
1339 5177 1529 5245 χρόνον
1573 5175 1714 5240 ἀξία.

137 5264 208 5314 οὐ
232 5266 422 5317 τοίνυν
457 5267 514 5317 εἰ
547 5266 749 5335 αρχαία
794 5265 875 5316 δεῖ
902 5270 1122 5320 σκοπεῖν
1169 5270 1200 5337 ἡ
1239 5268 1504 5338 θρησκεία
1539 5268 1715 5338 ὑμῶν,

133 5354 244 5406 ἀλλ’
265 5358 406 5408 αὐτὸ
433 5355 624 5420 τοῦτο,
656 5358 703 5409 εί
745 5356 863 5409 δέον
910 5359 1077 5428 αὐτὴν
1103 5360 1440 5431 προσίεσθαι,
1487 5361 1552 5430 ἢν
1581 5378 1716 5430 συμ-

131 5445 547 5516 ϐουλεύσαιμεν
571 5449 637 5500 ἂν
670 5450 829 5518 ἡμεῖς
854 5449 1126 5503 ἐκκλίνειν
1162 5452 1334 5522 ὁπόση
1364 5453 1591 5521 δύναμις
1621 5455 1714 5506 καὶ.

132 5539 192 5590 ix
219 5538 317 5592 τοῦ
371 5540 556 5609 μέσου
608 5543 806 5606 ποιεῖν,
838 5541 979 5596 οὕτω
1026 5543 1262 5612 φρικτὴν
1297 5543 1463 5611 πυρὸς
1487 5527 1714 5610 γέενναν

129 5633 234 5692 τοῖς
273 5631 588 5699 ἀγαπῶσιν
642 5634 813 5702 αὐτὴν
859 5633 1315 5705 θησαυρίζουσαν.
1353 5635 1526 5697 Ὄλως
1550 5637 1625 5700 δὲ,
1664 5639 1711 5688 εἰ

129 5725 232 5796 χρὴ
265 5725 392 5799 μετ’
421 5723 723 5796 ἀκριϐείας
754 5727 1057 5798 προσέχειν,
1097 5727 1347 5798 εὑρήσεις
1371 5731 1587 5793 πάντως
1619 5731 1710 5782 καὶ

1831 4550 1933 4584 non
1962 4538 2132 4598 tarde,
2159 4537 2249 4587 sed
2273 4536 2422 4589 facile
2454 4548 2638 4604 putare
2659 4551 2816 4607 posse
2843 4551 3157 4592 coovertere
3189 4543 3253 4592 ad
3285 4545 3391 4595 dis-

1827 4625 2047 4678 cendam
2083 4626 2426 4696 impietatem.
2455 4629 2557 4682 Sed
2591 4631 2730 4683 scias
2755 4640 2806 4682 te
2834 4645 2937 4682 non
2959 4630 3211 4686 incidisse
3237 4634 3287 4686 in
3314 4635 3391 4689 vi-

1831 4731 1916 4769 ros
1944 4717 2116 4787 pusilli
2146 4729 2199 4772 et
2222 4719 2410 4786 abjecti
2439 4721 2598 4775 animi
2627 4741 2640 4775 :
2669 4738 2803 4786 non,
2829 4739 2922 4790 per
2953 4723 3073 4785 hoc,
3107 4727 3247 4792 quod
3294 4743 3390 4795 pro

1828 4809 2042 4861 Christo
2084 4811 2679 4876 suscipitnrcertamen,
2716 4820 2768 4865 ct
2799 4823 3036 4865 nostram
3071 4816 3136 4866 ab
3173 4816 3388 4869 ineunte

1827 4912 1985 4956 :etate
2044 4901 2092 4954 in
2128 4903 2322 4970 pietate
2359 4902 2828 4957 exercitationem.
2861 4902 2976 4958 Non
2997 4907 3138 4959 enim
3167 4917 3383 4975 prepter

1831 4994 2084 5062 temporis
2107 4995 2500 5063 antiquitatem,
2537 4995 2738 5047 honore
2762 4995 2975 5062 dignam
3010 4995 3236 5049 dixerim
3263 5011 3381 5048 ves-

1827 5098 1961 5142 tram
1980 5083 2441 5156 religionem.Non
2463 5085 2602 5140 enim
2618 5085 2659 5138 si
2680 5086 2803 5152 quid
2819 5095 2900 5138 est
2916 5086 3192 5152 antiquum
3207 5097 3312 5146 est,
3332 5087 3382 5140 id

1826 5181 1986 5236 etiam
2019 5181 2218 5233 honore
2248 5177 2464 5245 dignum
2491 5194 2505 5229 :
2528 5177 2952 5245 quandoquidem
2990 5188 3142 5230 vetns
3164 5179 3378 5248 quidem

1827 5283 1908 5326 est
1929 5272 2144 5323 omnino
2175 5268 2335 5320 etiam
2358 5269 2564 5329 vitium,
2592 5269 2682 5320 sed
2705 5282 2806 5318 non
2831 5265 2990 5319 ctiam
3013 5279 3229 5336 propter
3248 5281 3382 5322 tent-

1828 5379 1925 5433 pus
1948 5363 2165 5431 dignum
2198 5370 2278 5412 est
2307 5359 2446 5426 quod
2476 5359 2786 5410 ltouoretur.
2819 5355 2932 5409 Non
2965 5367 3048 5409 est
3081 5373 3206 5424 ergo
3251 5373 3381 5410 con-

1827 5454 2195 5516 siderandum,
2227 5468 2290 5502 an
2331 5451 2548 5516 antiqua
2584 5449 2651 5503 sit
2683 5461 2856 5502 vestra
2899 5449 3085 5516 religio
3120 5465 3133 5502 :
3164 5451 3379 5503 sedhoe

1826 5546 2017 5613 ipsum,
2044 5558 2109 5596 an
2136 5558 2254 5596 eam
2286 5551 2527 5610 oporteat
2574 5541 2873 5605 admittere,
2919 5557 3077 5610 quam
3121 5557 3218 5593 nos
3268 5543 3383 5609 qui-

1823 5639 1940 5689 dent
1965 5635 2390 5689 consuluerimus
2429 5634 2720 5692 declinare,
2747 5643 2798 5684 et
2841 5635 2904 5686 de
2961 5634 3132 5686 medio
3196 5634 3380 5686 tollere

1823 5745 1917 5798 pro
1971 5729 2191 5796 viribus,
2253 5740 2374 5797 qua:
2434 5735 2536 5779 tam
2582 5725 2885 5780 horribilem
2923 5726 3056 5790 ignis
3080 5726 3376 5796 gehennam
